1951 3077
227 103 278 134 327

736 101 768 132 S.
788 100 999 131 NICEPHORI
1019 99 1272 131 PATRIARCHAE
1292 101 1346 131 ΟΡ.

1806 100 1862 131 328

229 167 261 186 ac
273 157 367 186 salvos
388 159 444 186 fieri
457 177 465 190 ,
481 161 508 185 et
522 156 727 185 conversionem
745 157 900 191 peccatoris
919 155 1018 189 excipit

1071 155 1174 189 ἀγαθόν
1188 163 1194 169 ·
1210 155 1254 182 ἀεὶ
1271 155 1326 190 γὰρ
1340 156 1353 181 ό
1365 154 1432 186 Θεὸς
1446 154 1518 182 θέλει
1535 155 1608 190 ἡμᾶς
1621 155 1670 182 καὶ
1682 153 1715 182 εὖ
1727 152 1797 182 εἶναι
1811 156 1862 183 καὶ

228 207 311 238 atque
326 202 523 238 paenitentiam.
538 202 665 229 Nostrum
683 205 773 228 autem
790 201 925 236 ingenium
943 200 1016 227 volu-

230 249 283 277 hile
299 254 386 276 est’ac
404 249 546 276 limitatum
562 258 569 276 :
592 255 645 275 non
665 248 738 275 enim
762 247 832 274 idem
847 253 956 280 semper
969 253 1018 272 vo-

229 295 335 328 lumus,
351 296 398 322 sed
414 295 494 322 modo
511 295 560 326 sic,
576 295 656 322 modo
669 294 765 327 aliter,-
783 293 864 320 modo
877 291 1018 319 ambulare

230 340 375 371 volumus,
401 340 479 366 modo
501 340 661 374 quiescere;
685 339 768 366 modo
791 337 968 372 contemplari
992 341 1019 363 ct

229 385 363 420 speculari
374 405 381 417 ,
398 385 476 412 modo
488 393 586 417 secus;
600 386 678 412 modo
694 384 822 419 operari,
835 383 915 410 modo
925 382 1017 410 otiari.

229 430 261 457 Et
281 431 344 456 hum
366 430 470 460 nitatis.
484 437 544 463 qua:
558 430 584 456 in
597 429 709 455 Christo
721 432 793 459 erat,
810 427 936 455 voluntas
947 426 1017 453 haud

228 477 327 504 divimc
348 476 486 503 contraria
504 479 578 507 erat,
602 475 664 509 quia
688 479 743 502 tota
769 474 905 501 deificata.
932 472 1018 500 Sectis

227 528 317 550 autem
333 530 377 550 res
393 526 497 549 natura),
515 526 614 548 nostra:
627 521 751 548 volubilis
769 526 850 555 atque
863 520 952 552 ﬂuxa),
969 519 1018 545 ali-

230 573 270 595 ter
285 573 366 603 atque
379 568 459 594 aliter
473 568 578 594 variant
592 575 623 594 ac
645 572 848 602 pervertuntur,
862 565 1018 593 firmitatem

229 613 332 641 nullam
345 620 377 639 ac
400 613 575 640 stabilitatem
588 613 732 640 trahentes.

267 750 312 778 50.
334 750 421 783 Quid?
432 749 526 776 Nonne
543 754 570 776 et
587 749 700 776 scientia
726 749 823 784 duplex
849 749 876 777 in
905 749 1015 777 Christo

1070 199 1226 233 σώζεσθαι,
1252 201 1298 227 καὶ
1328 200 1376 227 τοῦ
1408 201 1573 236 ἀμαρτωλοῦ
1610 201 1660 236 τὴν
1689 202 1864 238 ἐπιστροφὴν

1070 245 1210 280 ἐκδέχεται
1221 247 1269 273 καὶ
1281 246 1331 281 τὴν
1345 246 1501 281 μετάνοιαν.
1523 247 1559 273 Τὸ
1567 247 1595 273 δὲ
1612 247 1674 274 καθ’
1694 247 1780 282 ἡμᾶς,
1794 256 1861 283 τρε-

1069 291 1135 318 πτὸν
1150 292 1195 319 καὶ
1211 292 1421 327 πεπερασμένον
1434 301 1439 308 ·
1457 293 1487 318 οὔ
1497 292 1551 328 γὰρ
1560 292 1605 319 ἀεὶ
1618 293 1716 320 ταύτόν
1732 293 1860 328 θέλομεν,

1069 338 1137 364 ἀλλὰ
1151 338 1198 364 νῦν
1213 338 1263 373 μὲν
1277 338 1374 371 οὕτως,
1389 338 1437 365 νῦν
1449 338 1477 365 δὲ
1493 339 1595 374 ἑτέρως
1607 347 1614 354 ⁸
1631 339 1698 365 ποτὲ
1721 339 1771 374 μὲν
1786 339 1864 374 βαδί-

1069 383 1136 416 ζειν,
1152 384 1218 410 ποτὲ
1233 384 1263 411 δὲ
1287 385 1420 420 ὴρεμείνο
1439 384 1487 411 καὶ
1509 384 1573 410 ποτὲ
1592 385 1643 419 μὲν
1671 384 1786 420 θεωρεῖν
1812 386 1864 411 καὶ

1070 429 1248 462 σκέπτεσθαι,
1267 430 1334 457 ποτὲ
1356 430 1385 456 δὲ
1407 429 1438 456 οὖ
1453 437 1460 445 '
1484 430 1532 457 καὶ
1557 431 1622 457 ποτὲ
1647 431 1696 465 μὲν
1722 431 1861 466 ἐνεργεῖν,

1070 476 1136 502 ποτὲ
1152 476 1180 502 δὲ
1193 476 1347 511 σχολάζειν.
1364 476 1419 503 Καὶ
1433 476 1480 503 τοῦ
1492 477 1565 503 κατὰ
1586 476 1633 503 τὸν
1652 477 1768 512 Σωτῆρα
1781 485 1863 503 νοου⁹

1071 521 1154 555 μένου
1171 521 1316 556 ἀνθρώπου
1334 520 1366 547 τὸ
1376 521 1482 556 θέλημα
1495 521 1545 547 οὐκ
1558 518 1592 556 ἦν
1606 520 1645 556 τῷ
1663 521 1728 556 θείῳ
1742 521 1864 547 ὑπεναν-

1068 566 1127 592 τίον
1142 566 1288 601 θελήματι,
1307 566 1410 593 οεωθὲν
1427 567 1497 594 ὅλον.
1515 567 1565 593 υἷα
1581 565 1614 601 δὴ
1629 566 1664 593 τὰ
1672 567 1721 602 τῆς
1735 566 1862 602 τρεπτῆς

1069 611 1117 638 καὶ
1130 611 1280 647 ἁλλοιωτῆς
1299 612 1346 638 καὶ
1369 611 1487 646 ῥευστῆς
1501 610 1621 646 φύσεως.
1649 611 1744 638 ἄλλοτε
1768 611 1862 642 ἄλλως

1071 657 1297 692 μεταὸαλλόμενα
1312 657 1359 685 καὶ¹
1370 658 1589 692 μεταπίπτοντα,
1604 657 1650 684 καὶ
1664 657 1696 684 τὸ
1722 657 1859 693 σταθερὸν

1070 703 1118 730 καὶ
1131 703 1239 739 ἑδραῖον
1249 703 1300 730 οὐκ
1309 703 1414 738 ἔχοντα.

1105 752 1136 777 ν’.
1159 749 1191 775 Τί
1202 749 1249 782 δέ;
1267 749 1335 784 Οὐχὶ
1348 749 1395 775 καὶ
1410 749 1427 784 ή
1451 748 1554 783 γνῶσις
1572 748 1650 784 διττὴ
1663 748 1710 775 επὶ
1730 747 1861 784 Χριστῷς

230 797 309 825 erat?
321 797 425 824 Etenim
437 800 530 831 utpote
546 795 615 823 Deus
626 796 714 822 omnia
732 801 843 823 noverat
859 800 921 823 ante
934 797 1015 824 etiam

1077 795 1121 827 Ὠς
1146 796 1195 831 μὲν
1214 795 1269 832 γὰρ
1287 795 1354 827 Θεὸς
1384 795 1473 822 πάντα
1500 793 1555 823 οἶδε
1570 794 1617 821 καὶ
1641 795 1696 830 πρὸ
1714 794 1862 829 γενέσεως,

230 850 311 877 quam
327 843 434 869 fierent.
450 840 496 869 Sic
519 841 612 876 prOcul
633 841 770 873 habitans,
795 841 875 868 amici
902 847 1016 869 mortem

231 888 372 923 discipulis
395 893 522 923 tanquam
552 887 623 914 Deus
640 887 897 921 praemonstrahat”
916 897 922 914 :
944 896 1017 923 pra:-

234 942 299 962 sens
317 938 407 961 autem
425 933 674 968 ,propinquansque
696 933 822 967 sepulcro
847 933 1017 968 interrogat:

233 979 347 1008 Ubinam
365 980 488 1011 rosuislis
507 979 617 1006 eum”?
642 985 747 1006 naturae
765 984 866 1006 nostra:
881 980 1017 1007 modulum

233 1027 270 1052 ita
298 1026 464 1060 significans.
496 1024 676 1052 Memmium
712 1031 818 1053 noreral
848 1026 1019 1060 cogitationes

231 1080 321 1099 eorum
333 1072 367 1104 ν’,
386 1072 457 1106 quod
473 1076 563 1098 essent
579 1079 609 1098 se
627 1071 830 1106 interrogaturi.
855 1071 921 1098 Nam
937 1071 1018 1099 etiam

231 1123 366 1151 quatenus
381 1118 472 1149 homo,
488 1117 610 1144 omnium
627 1124 718 1144 rerum
742 1117 895 1151 potiebatur
911 1116 1018 1149 notitia,

231 1167 324 1197 utpote
341 1162 394 1189 Deo
422 1163 589 1197 hypnstatiee
615 1162 720 1193 unitos,
749 1169 802 1189 non
830 1169 908 1190 secus
939 1166 1020 1196 atque

186 1216 190 1219 '
231 1208 292 1235 aliis
322 1208 451 1242 prmditus
489 1212 550 1234 erat
579 1207 775 1242 przcrngativis.
802 1207 869 1234 Item
900 1208 1018 1242 speciem

232 1253 369 1287 praebebat
394 1253 532 1280 nesciendi
559 1253 632 1280 diem
659 1258 685 1281 et
710 1253 804 1280 horam
821 1253 856 1285 η,
880 1261 931 1288 qua
957 1254 1019 1280 hnie

233 1300 361 1327 universo
380 1299 442 1326 linis
454 1299 563 1330 aderit;
582 1299 617 1325 ita
633 1299 738 1326 scilicet
754 1303 899 1333 assumpta:
915 1304 1019 1326 natura:

232 1346 304 1379 quod
321 1346 378 1379 ejus
392 1346 529 1380 proprium
546 1349 602 1372 erat
621 1345 753 1372 tribuens.
773 1345 878 1378 Quibus
893 1345 1019 1372 omnibus

235 1392 260 1417 in
277 1399 359 1425 opere
375 1391 572 1417 incarnationis
590 1391 744 1425 assumptis.
762 1390 899 1425 perfectus
909 1391 1019 1418 omnino

194 1454 198 1457 -
235 1437 317 1463 homo
329 1437 448 1470 itemque
463 1436 598 1470 perfectus
615 1436 684 1463 Deus
695 1437 839 1469 exsislens,
852 1444 866 1463 a
884 1437 961 1463 nobis
971 1437 1020 1465 ho-

234 1488 347 1510 noralur
359 1487 386 1510 et
402 1483 596 1518 proclamatur.
606 1481 705 1509 Eodem
719 1483 797 1510 modo
813 1489 840 1510 et
859 1487 979 1511 creatum
993 1488 1020 1510 et
1033 1487 1055 1518 ί]

234 1529 386 1556 increatum
403 1531 527 1557 eumdem
544 1530 718 1562 confitemur,
733 1534 760 1557 et
780 1530 919 1557 mortalem
937 1536 1018 1564 atque

235 1574 430 1607 immortalem,
463 1580 491 1602 ct
505 1583 672 1610 quaecunque
683 1576 734 1602 alia
749 1576 773 1602 in
799 1583 853 1603 uno
869 1577 1019 1610 codemqne

234 1619 356 1654 subjecto
385 1622 520 1647 contraria
544 1626 692 1648 cernuntur
718 1626 827 1656 propter
859 1627 1017 1648 naturarum

235 1666 431 1700 duplicitatem.
453 1666 500 1693 llis
521 1667 563 1706 ita
579 1667 735 1698 declaratis.
761 1668 822 1702 quis
845 1668 966 1702 prohibet
982 1667 1018 1702 pii

236 1713 372 1747 dogmatis
387 1713 516 1745 asscclas.
535 1713 680 1748 quominus
700 1713 830 1748 reliquam
847 1721 934 1741 rerum
952 1715 1018 1741 dna-

235 1757 350 1791 litateni,
375 1760 432 1793 pari
460 1759 538 1786 modo
554 1759 581 1785 in
606 1767 727 1794 persona:
744 1767 850 1794 quoque
881 1760 1020 1787 attributis

234 1804 387 1838 usurpem?
401 1805 471 1838 quod
486 1805 529 1831 isti
545 1804 742 1832 Christomaclii
761 1806 842 1840 impie
854 1811 954 1841 negant
968 1813 975 1832 :
993 1811 1020 1833 ct

234 1855 369 1881 quatenus
396 1850 504 1883 quidem
535 1850 660 1878 Christus
682 1852 715 1877 ad
743 1850 860 1878 Verbum
891 1852 1018 1884 refertur,

234 1895 325 1920 dicant
342 1895 629 1930 inrircnmscriptnm;
649 1903 783 1930 quatenus
810 1905 874 1925 vero
898 1899 930 1925 ad
947 1899 1018 1926 servi

235 1939 349 1965 formam
373 1940 499 1974 pertinet,
521 1941 800 1975 circumscriptionem
817 1943 841 1969 ei
869 1944 1019 1976 assignent.

235 1985 301 2017 Quis
327 1985 394 2012 adeo
415 1987 510 2014 brutus
532 1987 686 2021 stolidoqne
708 1987 799 2014 animo
825 1992 913 2022 atque.
923 1995 1020 2016 excors

234 2031 280 2061 sit,
297 2036 326 2057 ut
350 2037 447 2058 (Ὤιετο
476 2033 584 2066 quidem
609 2033 700 2059 omnia
726 2033 842 2068 duplicia
867 2034 893 2060 in
919 2034 1019 2068 duplici

237 2076 378 2103 nativitate
396 2082 442 2104 aut
458 2083 553 2105 natura
570 2077 714 2110 conﬁtens.
730 2079 756 2105 in
777 2079 829 2106 hoc
845 2085 948 2108 tantum
964 2082 1019 2109 cir-

235 2122 455 2156 cumscriptionis
482 2126 591 2160 negotio
614 2124 735 2152 rixetnr?
752 2125 830 2153 Certe
847 2127 892 2160 qui
916 2128 1018 2161 prima-

238 2168 292 2194 rias
321 2172 348 2194 et
365 2168 475 2196 intimas
504 2176 661 2196 naturarum
689 2171 814 2198 notiones
841 2171 958 2204 auferat,
987 2180 1020 2200 ne

234 2219 357 2240 naturain
383 2215 490 2249 quidem
515 2216 646 2250 reliquam
679 2216 770 2244 faciet.
797 2216 868 2250 Quid
885 2219 957 2244 enim
975 2219 1019 2245 hie

236 2260 439 2287 lormidolosnm
466 2267 507 2288 est
530 2267 578 2288 aut
600 2270 763 2297 magnopere
786 2263 916 2290 noxium?
942 2263 1019 2291 Sicut

236 2305 307 2331 enim
331 2306 437 2339 operati
462 2312 489 2332 et
510 2306 587 2339 velle,
615 2308 719 2334 nescire
748 2308 828 2334 etiam
856 2311 937 2343 atque
961 2310 1016 2343 pati

237 2351 393 2379 htnnanitns
412 2351 566 2385 Dominum,
582 2354 655 2381 nullo
671 2354 750 2381 modo
767 2354 888 2388 eiusdem
912 2355 1022 2384 deitatis

236 2399 368 2425 rationem
397 2398 477 2432 kcsit,
493 2406 582 2434 neque
605 2400 765 2428 divisionem
786 2399 868 2427 ullam
885 2401 912 2427 in
938 2409 1020 2428 unam

232 2445 410 2479 eznndemque
435 2445 603 2480 hypostasim
631 2445 742 2479 intulit;
761 2446 796 2473 ita
825 2454 860 2474 ne
886 2447 912 2473 in
939 2455 1021 2475 carne

232 2490 341 2524 quidem
358 2497 419 2517 eum
434 2491 518 2526 pingi,
532 2491 651 2526 qualiter
667 2492 736 2519 inter
753 2491 878 2520 homines
894 2493 968 2520 visus
980 2498 1020 2521 est

232 2540 260 2562 et
289 2542 477 2569 conversatus,
506 2537 587 2564 ullam
615 2537 640 2564 ei
670 2537 846 2572 ignominiam
873 2545 1016 2574 asperget;

234 2590 321 2616 neque
337 2583 363 2609 in
378 2583 457 2611 unica
483 2584 620 2619 hypostasi
637 2584 777 2612 distractio
799 2584 850 2611 nlla
867 2586 1017 2620 apparebit.

233 2627 382 2656 Facessant
414 2629 495 2664 igitur
525 2629 571 2664 qui
598 2636 665 2655 vana
690 2633 835 2664 nugantur,
853 2631 898 2665 qni
924 2631 1021 2657 divina:

232 2676 391 2703 «conuiuia:
418 2676 518 2704 rationi
542 2676 675 2710 invident,
701 2684 783 2711 seque
809 2685 823 2704 a
855 2683 948 2705 sancta
967 2677 1019 2704 ﬁde

232 2726 324 2749 nostra
343 2721 507 2749 abalienarit.
844 2721 848 2726 “

1069 841 1141 869 οὕτω
1156 843 1251 878 πόρρω
1262 850 1313 868 που
1329 841 1550 877 διεσκηνωμένος
1563 842 1613 877 τὴν
1636 841 1684 869 τοῦ
1701 841 1780 876 φίλου
1800 842 1861 872 τοῖς

1071 888 1208 924 μαθηταῖς
1222 888 1262 920 ὡς
1285 887 1352 920 Θεὸς
1374 888 1523 924 προεδήλου
1549 888 1698 924 κοίμησιν·
1719 887 1818 924 παρὼν
1833 888 1863 914 δὲ

1069 935 1117 960 καὶ
1129 933 1255 966 πελάζων
1271 933 1310 968 τῷ
1324 933 1404 968 τάφῳ
1424 933 1591 961 πυνθάνεται
1609 942 1617 949 ·
1629 933 1692 960 Ποῦ
1707 934 1864 960 τεθείκατε

1069 972 1181 1012 aliud};
1193 978 1229 1005 τὰ
1244 979 1294 1014 τῆς
1309 979 1417 1014 φύσεως
1438 978 1518 1014 ἡμῶν
1535 979 1744 1014 ἐνδεικνύμενος
1757 979 1860 1014 μέτρα.

1070 1025 1134 1051 Καί·
1154 1024 1184 1051 ’0
1200 1024 1319 1058 Ἰησοῦς
1328 1024 1393 1059 ᾔδει
1405 1024 1458 1057 τὰς
1465 1024 1600 1057 διανοίας
1608 1023 1716 1057 αὐτῶν,
1727 1024 1769 1051 ὅτι
1776 1024 1861 1059 ἐμελ-

1070 1070 1115 1097 λον
1127 1070 1211 1098 αὑτὸν
1226 1071 1342 1106 ἐρωτᾷν.
1378 1070 1455 1097 Ἐπεὶ
1478 1070 1546 1097 καθὸ
1571 1070 1726 1106 ἄνθρωπος,
1747 1070 1863 1097 πάντων

1070 1114 1127 1151 εἶχε
1143 1116 1193 1152 τὴν
1206 1116 1318 1150 γνῶσιν,
1332 1115 1372 1151 τῷ
1384 1115 1506 1151 ἡνῶσθαι
1515 1115 1554 1151 τῷ
1566 1116 1647 1151 Λόγῳ
1663 1115 1725 1142 καθ’
1739 1115 1863 1141 ὑπόστα-

1071 1162 1234 1198 σιν,ὥσπερ
1260 1162 1307 1188 καὶ
1330 1162 1384 1188 τῶν
1407 1161 1510 1188 λοιπῶν
1537 1161 1735 1197 πεπλουτηκὼς
1755 1161 1860 1189 καλῶν.

1071 1209 1127 1236 Καὶ
1153 1208 1235 1235 πάλιν
1259 1209 1450 1244 προσεποιεῖτο
1474 1209 1583 1241 ἀγνοεῖν
1610 1208 1660 1243 τὴν
1680 1207 1788 1243 ἡμέραν
1813 1208 1863 1234 καὶ

1069 1254 1155 1290 ὥραν,
1171 1253 1233 1281 καθ’
1250 1254 1283 1290 ἣν
1299 1253 1376 1281 τοῦδε
1398 1253 1445 1281 τοῦ
1467 1254 1568 1286 παντὸς
1592 1254 1652 1288 ἡξει
1668 1254 1699 1281 τὺ
1715 1254 1814 1289 πέρας,
1831 1255 1864 1280 τὸ

1069 1301 1169 1328 οἰκεῖον
1186 1300 1225 1335 τῷ
1238 1300 1436 1336 προσλὴμματι
1462 1299 1563 1335 νέμων.
1581 1301 1671 1335 Ἀπερ
1687 1300 1798 1327 ἅπαντα
1814 1301 1861 1326 διὰ

1070 1348 1120 1382 τὴν
1139 1346 1296 1381 οἰκονομίαν
1312 1346 1352 1378 εἰς
1363 1346 1460 1372 ἑαυτὸν
1471 1345 1626 1379 ἀναλαϐὼν,
1639 1345 1742 1378 τέλειος
1756 1345 1865 1381 ἄνθρω-

1071 1401 1121 1425 πος
1148 1393 1219 1419 κατὰ
1234 1393 1322 1419 πάντα
1340 1392 1434 1428 ὥσπερ
1449 1392 1495 1419 καὶ
1509 1392 1575 1424 Θεὸς
1598 1393 1701 1424 τέλειος
1723 1393 1864 1428 χρηματὶ-

1071 1435 1125 1469 ζων
1140 1436 1204 1469 παρ’
1216 1436 1294 1471 ἡμῶν
1305 1434 1446 1468 δοξάζεται
1461 1435 1509 1462 καὶ
1529 1436 1709 1471 κηρύσσεται.
1729 1437 1811 1463 Κατα
1832 1436 1863 1463 δὲ

1070 1482 1117 1508 τὸν
1132 1482 1214 1509 αὑτὸν
1228 1481 1329 1517 τρόπον
1345 1482 1392 1508 καὶ
1405 1481 1514 1513 κτιστδς
1536 1482 1584 1508 καὶ
1599 1482 1726 1514 ἄκτιστος
1742 1483 1757 1509 ὁ
1779 1482 1863 1512 αὐτος

1069 1529 1256 1564 ὁμολογεῖται,
1278 1529 1326 1556 καὶ
1354 1527 1451 1564 θνητὸς
1468 1528 1515 1556 καὶ
1535 1528 1681 1560 ἀθάνατος,
1705 1529 1753 1556 καὶ
1777 1529 1866 1557 τᾶλλα

1069 1575 1119 1601 ὅσα
1130 1574 1194 1609 περὶ
1204 1574 1250 1600 τὴν
1263 1574 1311 1601 ἕνα
1321 1574 1369 1600 καὶ
1382 1574 1428 1601 τὸν
1444 1574 1525 1601 αὑτὸν
1537 1575 1734 1610 ἀντικειμένως
1748 1575 1864 1610 θεωρεῖ.

1070 1627 1115 1646 ται
1131 1619 1176 1646 διὰ
1202 1619 1253 1654 τὴν
1279 1619 1395 1654 διπλόην
1419 1619 1473 1646 τῶν
1502 1620 1622 1654 φύσεων.
1649 1619 1731 1646 ’Δλλὰ
1756 1621 1866 1646 τούτων

1071 1663 1158 1696 οὕτως
1176 1664 1402 1699 κηρυσσομένων,
1418 1665 1461 1696 τίς
1479 1665 1492 1691 ὀ
1508 1664 1638 1691 κωλύσων
1649 1664 1727 1698 λόγος
1740 1665 1862 1698 εὐσεΐῐῶς

1070 1709 1294 1745 δογματίζοντας,
1317 1711 1354 1745 μὴ
1366 1710 1414 1737 καὶ
1433 1710 1481 1745 τὴν
1503 1710 1601 1745 λοιπὴν
1623 1711 1753 1745 συζυγίαν
1770 1712 1863 1746 ὁμοιο-

1070 1757 1179 1792 τρόπως
1195 1756 1232 1791 τῷ
1244 1757 1318 1791 αὐτῷ
1331 1756 1424 1791 νέμειν
1437 1756 1587 1792 προσώπῳ,
1600 1757 1614 1783 ὃ
1627 1756 1658 1791 δὴ
1675 1759 1731 1789 τοῖς
1744 1758 1861 1793 Χριστο-

1073 1802 1170 1836 μάχοις
1186 1802 1334 1837 ἀπείρηται
1353 1801 1512 1834 δυσσεϐῶς
1540 1802 1589 1828 καὶ
1605 1801 1668 1828 ὅσον
1687 1802 1736 1837 μὲν
1754 1804 1795 1834 εἰς
1812 1803 1861 1838 τὴν

1070 1847 1118 1874 τοῦ
1131 1847 1218 1881 Λόγου
1248 1847 1329 1881 φύσιν
1346 1848 1460 1881 ἀνῆκεν,
1489 1847 1645 1875 ἀποδιδόναι
1661 1849 1691 1875 τὸ
1706 1848 1862 1884 ἀπερίγρα-

1071 1902 1137 1920 πτον
1147 1901 1153 1908 ”
1170 1893 1232 1919 ὅσον
1244 1893 1272 1920 at
1289 1894 1329 1925 εἰς
1343 1894 1392 1928 τὴν
1402 1893 1449 1920 τοῦ
1471 1893 1566 1920 δούλου
1591 1895 1709 1929 μορφὴν,
1735 1895 1765 1921 τὸ
1779 1905 1860 1930 περι-

1070 1938 1193 1973 γραπτὸν
1210 1939 1394 1966 ἀνατίθεσθαι.
1411 1939 1459 1971 Τίς
1481 1939 1568 1971 οὕτως
1585 1940 1727 1976 κτηνώδης
1737 1941 1785 1968 καὶ
1797 1941 1860 1967 ἄλο-

1070 1992 1119 2018 γος
1133 1984 1182 2019 τὴν
1195 1984 1297 2020 ψυχὴν,
1315 1986 1361 2011 καὶ
1383 1985 1489 2020 φρενῶν
1511 1985 1563 2018 ἔξω
1581 1985 1733 2018 καθεστὼς,
1760 1987 1794 2013 τὰ
1811 1988 1861 2021 μὲν

1072 2030 1140 2057 ἄλλα
1155 2031 1253 2062 πάντα,
1269 2031 1346 2057 διττὰ
1362 2032 1408 2057 ἐπὶ
1421 2031 1524 2063 διτταῖς
1541 2033 1601 2063 ταῖς
1622 2033 1784 2068 γεννήσεσιν
1797 2034 1861 2067 ὁμο-

1070 2077 1185 2114 λογείνῆ
1200 2078 1324 2113 φύσεσιν,
1341 2087 1373 2105 πε
1379 2079 1405 2113 pi.
1415 2078 1443 2104 δὲ
1454 2078 1484 2105 τὸ
1496 2078 1525 2104 ἓν
1540 2079 1619 2113 μόνον
1629 2078 1796 2114 ζυγομαχεῖν
1807 2088 1814 2111 ;
1829 2080 1861 2106 Εἰ

1071 2123 1126 2158 γάρ
1139 2132 1180 2155 τις
1196 2123 1230 2149 τὰ
1245 2123 1402 2150 οἰκειότατα
1418 2124 1465 2150 καὶ
1479 2124 1582 2158 ἀκριϐῆ
1606 2123 1660 2150 τῶν
1678 2124 1788 2157 φύσεων
1811 2126 1861 2160 ἅφ-

1073 2170 1127 2196 έ).οι
1144 2168 1344 2205 γνωρίσματαζ,
1365 2169 1432 2204 μηδὲ
1455 2169 1537 2204 φύσιν
1553 2167 1623 2196 εἶναι
1638 2170 1802 2197 ἀπολίποιτο
1816 2172 1859 2198 ἀν.

1072 2216 1105 2242 Τί
1122 2215 1177 2251 γὰρ
1191 2214 1318 2242 ἐντεῦθεν
1339 2215 1370 2241 τὸ
1388 2215 1509 2242 ὕποπτον
1524 2215 1540 2251 ἢ
1564 2215 1793 2251 βλαϐερώτατονς
1815 2217 1860 2250 '0;

1071 2262 1126 2297 γὰρ
1141 2262 1171 2288 τὸ
1186 2262 1308 2298 ἐνεργεῖν
1326 2262 1373 2288 καὶ
1385 2261 1484 2295 θέλειν,
1503 2262 1550 2288 καὶ
1566 2263 1674 2296 ἀγνοεῖν
1688 2263 1729 2289 ἔτι
1743 2264 1791 2290 καὶ
1807 2265 1859 2291 πά-

1071 2316 1146 2343 σχειν
1164 2307 1345 2343 ἀνθρωπίνως
1367 2307 1412 2333 τὸν
1427 2307 1539 2343 Κύριον,
1567 2309 1626 2334 κατ’
1640 2309 1735 2335 οὐδένα
1756 2310 1860 2344 τρόπον

1069 2354 1116 2380 τὸν
1129 2354 1179 2389 τῆς
1196 2352 1257 2380 κατ’
1271 2353 1351 2379 αὑτὸν
1366 2352 1496 2387 θεότητος
1508 2353 1681 2389 ἐλωϐήσαντο
1693 2353 1785 2388 λόγον,
1798 2356 1859 2382 eo?)

1069 2399 1203 2435 διαίρεσιν
1219 2398 1291 2425 κατὰ
1301 2399 1351 2434 τὴν
1369 2398 1454 2434 αὐτὴν
1477 2399 1523 2426 καὶ
1545 2399 1610 2433 μίαν
1626 2400 1776 2427 ὑπόστασιν
1794 2410 1859 2428 συν-

1070 2447 1277 2482 εἱσηνέγκαντο,
1296 2445 1383 2476 οὕτως
1402 2445 1463 2472 οὐδὲ
1480 2446 1510 2471 τὸ
1533 2445 1616 2480 σαρκὶ
1643 2446 1725 2472 αὐτὸν
1755 2448 1860 2482 γραφε-

1071 2492 1143 2524 σθαι,
1160 2492 1227 2519 καθὸ
1240 2493 1296 2523 τοῖς
1309 2490 1464 2526 ἀνθρώποις
1476 2490 1554 2526 ὤφθη
1573 2493 1620 2518 καὶ
1636 2493 1858 2528 συνανεστράφη,

1072 2536 1134 2563 καθ’
1150 2535 1287 2563 ὁντιναοῦν
1312 2535 1413 2571 τρόπον
1437 2535 1518 2570 ὓϐριν
1537 2536 1745 2571 προστρίψαιτο,
1761 2537 1777 2571 ἢ
1795 2538 1860 2572 περὶ

1072 2584 1121 2618 τὴν
1144 2583 1208 2617 μίαν
1225 2582 1373 2608 ὑπόστασιν
1389 2581 1460 2608 κατά
1486 2589 1512 2606 τι
1537 2581 1602 2616 γοῦν
1616 2582 1758 2614 διάστασις
1773 2583 1860 2618 ὀφθή-

1071 2636 1157 2655 σεται.
1179 2627 1352 2662 Ἑρρέτωσαν
1367 2625 1414 2654 οὖν
1424 2626 1488 2662 εικῆ
1500 2627 1687 2663 φλυαροῦντες
1700 2629 1726 2655 οι
1739 2629 1780 2664 τῷ
1789 2629 1862 2664 λόγῳ

1069 2674 1120 2709 τῆς
1137 2673 1211 2705 θείας
1242 2673 1399 2708 οἰκονομίας
1426 2673 1632 2710 βασκαίνοντες,
1649 2675 1697 2701 καὶ
1726 2675 1776 2711 τῆς
1798 2677 1860 2704 καθ’

1070 2722 1143 2757 ἡμᾶς
1162 2720 1279 2755 εὐαγοῦς
1294 2721 1512 2756 ἁλλοτριούμενοι
1523 2721 1651 2752 πίστεω;.

273 2792 386 2828 "han.
407 2807 444 2834 xl,
462 2801 503 2829 ιι.
542 2801 565 2818 ι·
583 2801 646 2828 ibid.
664 2802 709 2829 at.
749 2803 769 2818 ι·
796 2801 890 2828 Matth.
917 2810 953 2833 ιν,
976 2801 1002 2828 ι.

1084 2800 1176 2826 Matth.
1194 2806 1268 2831 X‘JV,
1287 2796 1332 2823 δύ.
