1951 3077
461 148 775 180 ANTIRRHETICUS
796 149 826 178 ll
848 149 930 179 ADV.
952 148 1247 178 CONSTANTINUM
1268 147 1373 178 COPB.

623 298 940 342 ΑΝΤΙΡΡΗΣΙΣ
980 298 1240 341 ΔΕΥΤΕΡΑ.
1273 291 1277 295 ’

491 399 585 426 ΑΡΧΗ
605 398 673 425 ΤΗΣ
693 398 870 425 ΔΕΥΤΕΡᾹΣ
890 397 1087 426 ΕΡΩΤΗΣΕΩΣ
1105 397 1174 424 ΤΟΥ
1194 397 1354 426 ΜΔΜΩΝᾹ.

503 559 991 605 ANTIBRHETICUS
1027 526 1354 605 SECUNDUS.
1394 531 1398 534 ’

467 665 613 695 INCIPIT
637 665 818 696 SECUNDA
842 664 1031 696 MAMONE
1054 666 1372 698 INTERROGATIO.

911 759 948 766 ..-

140 824 178 852 α’.
202 823 371 859 Ἀπαρτίσας
387 824 401 849 ὁ
418 823 561 857 Μαμωνᾶς
576 822 650 853 ὅπως
664 821 738 856 αὺτῷ
759 822 846 850 ἐδόκει
866 823 900 850 τὰ

986 824 1042 861 66
1056 826 1080 853 l.
1100 814 1246 861 Postquam
1262 826 1403 853 ltlamonas
1419 825 1548 860 absolvit,
1577 831 1606 854 ut
1633 826 1683 862 ipsi
1699 827 1738 855 r3-

102 871 156 906 τῆς
171 870 310 906 προτέρας
322 869 454 900 πεύσεως,
472 867 573 903 μᾶλλον
590 867 618 894 δὲ
628 867 819 902 προστάξεως,
835 868 896 895 καθ’

104 917 139 952 ἣν
157 917 192 943 τὰ
217 917 259 942 ἐπ’
276 913 401 948 ἐξουσίας
424 914 509 945 ὅντως
533 913 710 947 ἀπεφαίνετο,
730 913 772 948 ἐφ’
801 914 898 949 ἑτέραν

104 962 207 988 πεῦσιν
222 961 338 996 μετάγει
352 959 399 986 τὸν
413 958 503 992 λόγον.
525 958 666 989 Ὡσαύτως
685 958 713 984 δὲ
723 959 779 989 τοῖς
795 958 898 993 προλα-

105 1007 185 1034 ὃοῦσι
202 1005 375 1041 βατταρίζων
402 1004 449 1031 καὶ
476 1003 664 1038 παρατρύζων
688 1004 734 1030 καὶ
760 1004 826 1039 περὶ
844 1004 899 1031 τῶν

103 1053 197 1079 αὔτῶν
218 1050 371 1086 ἀδολεσχῶν
394 1050 585 1085 ματαιοπονεί,
600 1046 638 1076 ὧν
656 1058 715 1076 τινα
737 1050 777 1081 είς
800 1049 900 1084 μέσους

104 1101 227 1134 ἀγαγεῖν
250 1098 356 1125 δίκαιον
381 1097 451 1124 εἶναι
470 1097 612 1132 ᾠήθημεν,
642 1097 838 1133 ὥστε-ἐμφανῆ
853 1097 900 1125 καὶ

104 1148 133 1173 ὲν
161 1145 270 1176 τοὺτοις
287 1144 414 1178 γενέσθαι
433 1143 482 1178 τὴν
503 1143 622 1175 ἀλαζόνα
652 1144 700 1169 καὶ
723 1144 900 1179 ὑπερήφανον

104 1191 190 1218 αὖτοῦ
202 1192 340 1217 διάνοιαν·
358 1190 459 1223 φάσκει
486 1188 515 1215 δὲ
528 1186 578 1215 ὦδε
593 1194 599 1203 ·
618 1199 627 1214 ε
653 1188 841 1224 ⁸Υπε).άϐομεν
860 1189 900 1221 δὲ,

105 1237 153 1262 καὶ
169 1236 265 1270 ἕτερον
278 1234 426 1268 κεφάλαιον
441 1233 579 1269 ἐρωτῆσαι
600 1234 683 1268 ὑμᾶς,
705 1235 900 1269 ἑννοησάμενοι

103 1282 146 1308 ὃτι
160 1282 175 1308 ὁ
186 1282 304 1316 ποιήσας
317 1281 366 1316 τὴν
381 1280 476 1307 εἰκόνα
493 1280 540 1306 τοῦ
556 1280 676 1315 Χριστοῦ
700 1279 815 1315 ταύτην,
835 1289 868 1307 πε
875 1281 900 1316 pi

102 1326 139 1363 ἧς
153 1327 201 1352 τὸν
220 1326 300 1360 λόγον
316 1327 494 1361 ὲκινήσαμεν,
523 1326 560 1361 μὴ
576 1325 705 1352 εἰσελθὼν
719 1326 759 1357 εις
775 1326 805 1351 τὸ
818 1325 901 1360 βάθος

103 1373 154 1399 τοῦ
171 1371 310 1406 δόγματος
325 1372 375 1406 τῆς
396 1371 552 1405 ἀσυγχύτου
572 1371 696 1402 ἑνώσεως
716 1370 770 1397 τῶν
783 1369 830 1397 δύο
849 1370 900 1405 φύ-

104 1428 178 1447 σεων
201 1418 249 1446 τοῦ
275 1417 408 1454 Χριστοῦ.
426 1426 435 1442 ι
456 1417 550 1443 Ταῦτα
574 1417 655 1448 ποίας
675 1415 835 1449 ἀλαζονείας
855 1417 902 1443 καὶ

104 1465 281 1500 φυσιώσεως,
302 1463 403 1499 μᾶλλον
417 1463 446 1490 δὲ
460 1462 539 1493 ποίας
555 1462 649 1494 ἀνοίας
675 1463 723 1488 καὶ
747 1461 901 1498 ἐμπληξίας

951 873 1074 905 dehatnr,
1093 873 1208 906 primam
1234 873 1486 906 interrogationem,
1514 874 1555 901 vel
1580 874 1738 901 mandatum

951 918 1051 952 potius.
1067 925 1120 952 quo
1139 919 1274 953 propriam
1296 926 1390 946 revera
1414 920 1621 954 pra-potentiam
1645 925 1738 947 osten-

950 963 1009 996 dit,
1040 970 1101 990 mox
1129 971 1282 991 sermonem
1310 972 1388 992 suum
1413 965 1446 992 ad
1471 965 1582 992 alteram
1611 966 1740 993 transfert

951 1008 1202 1042 interrogationem.
1225 1007 1314 1043 Eque
1337 1009 1417 1043 igitur
1430 1017 1462 1036 ac
1477 1009 1503 1036 in
1519 1001 1739 1044 prmcedcntibus

950 1053 1103 1081 balbutiens
1128 1060 1156 1081 et
1180 1055 1353 1089 obstrepens,
1382 1059 1465 1090 atque
1490 1056 1517 1082 in
1543 1055 1638 1083 eodem
1656 1063 1738 1090 argn-

951 1103 1042 1126 mento
1068 1107 1183 1135 nugans.
1223 1100 1318 1127 insane
1343 1100 1468 1133 laborat;
1496 1100 1574 1135 cujus
1610 1101 1738 1128 nonnulla

951 1145 1034 1172 verba
1050 1145 1077 1172 in
1107 1144 1224 1172 medium
1251 1146 1375 1180 proferre
1400 1153 1507 1181 aequum
1535 1146 1737 1181 indicavimus;

951 1196 980 1217 ut
996 1191 1059 1218 hinc
1076 1198 1183 1226 quoque
1199 1199 1331 1226 arrogans
1356 1191 1415 1225 ers
1433 1192 1635 1226 superbumque
1658 1192 1736 1227 inge-

951 1237 1024 1263 nium
1040 1241 1170 1272 patescat.
1184 1237 1230 1265 Sic
1244 1245 1309 1272 ergo
1323 1237 1458 1272 loquitur:
1476 1246 1484 1263 ε
1503 1235 1632 1265 Volumus
1646 1242 1737 1265 autem

951 1286 974 1308 et
995 1282 1068 1309 aliud
1085 1282 1233 1318 capitulum
1263 1290 1278 1310 a
1295 1283 1372 1310 vobis
1385 1283 1517 1310 sciscitari
1533 1291 1540 1316 ;
1564 1283 1626 1318 quia
1645 1283 1741 1311 existi-

952 1335 1071 1361 mamus,
1093 1336 1155 1356 eum
1182 1328 1228 1364 qui
1246 1329 1316 1356 hanc
1332 1328 1433 1356 Christi
1451 1326 1595 1364 imaginem
1610 1329 1684 1360 fecit.
1705 1329 1740 1356 de

951 1381 1004 1408 qua
1019 1381 1172 1402 sermonem
1204 1374 1411 1406 commovimus,
1434 1373 1504 1401 haud
1525 1379 1685 1408 penetrasse
1711 1374 1739 1400 in

952 1419 1124 1447 altitudinem
1151 1420 1286 1455 dogmatis
1315 1419 1464 1447 inconfusa:
1483 1419 1597 1446 duarum
1635 1419 1740 1446 Christi

951 1471 1110 1493 naturarum
1136 1465 1256 1494 unionis.
1282 1474 1292 1492 ι
1311 1465 1459 1500 Cujusnam
1487 1465 1546 1492 haec
1576 1464 1740 1499 arrogantia:

105 1511 266 1547 ὺπερΰολὴν
286 1510 464 1541 καταλείπεις
497 1508 544 1535 Ἐκ
567 1507 670 1543 πολλῆς
692 1508 747 1543 γὰρ
771 1509 900 1540 ἀπονοίας

952 1512 1130 1548 iactantiteve,
1150 1511 1204 1538 imo
1221 1519 1286 1539 vero
1301 1511 1412 1539 insania:
1428 1516 1509 1546 atque
1535 1511 1654 1545 stuporis
1672 1509 1742 1538 ﬁncs

104 1557 194 1584 οῐεται
206 1556 289 1588 αὑτός
301 1564 332 1590 γε
347 1555 440 1590 μόνος,
456 1555 493 1590 μὴ
502 1555 545 1581 ὅτι
558 1555 598 1586 εἰς
609 1554 699 1590 τρίτον
708 1554 833 1590 οὐρανὸν,
844 1553 902 1581 ἀλλ’

105 1605 158 1639 ἤδη
171 1604 221 1630 καὶ
237 1603 279 1634 είς
292 1603 422 1637 τέταρτον
439 1600 628 1636 ἀνηρπάσθαι,
644 1601 693 1627 καὶ
717 1599 902 1636 ἀπορῤητοτέ-

107 1659 163 1685 ρων
174 1649 192 1685 ἢ
206 1648 312 1679 Παῦλος
325 1647 474 1682 ἀκηκοέναι
489 1646 632 1681 ῥημάτων,
647 1645 696 1672 καὶ
721 1646 750 1672 ὲν
771 1645 898 1680 περινοίᾳ

105 1695 176 1722 Θεοῦ
193 1693 334 1728 γενέσθαι,
345 1694 392 1719 καὶ
404 1693 493 1728 πᾶσαν
504 1692 554 1726 τὴν
565 1691 654 1718 κτίσιν
671 1692 786 1718 κατόπιν
797 1691 902 1725 διαφεὶς

109 1740 252 1777 μυηθῆναι
266 1739 284 1766 ἃ.
304 1738 398 1774 μηδεὶς
414 1737 559 1773 μεμάθηκε
575 1736 697 1763 πώποτε.
716 1736 764 1768 Τίς
779 1736 809 1762 οὺ
832 1735 900 1762 θαυ-

109 1787 230 1820 μάσεται
243 1784 295 1819 τῆς
310 1783 446 1818 τοσαύτης
469 1782 661 1817 ἀναισχυντίας
684 1781 715 1808 τδ
729 1781 901 1817 ὑπέρογκον;

113 1831 288 1860 Ἀποστόλων
302 1830 349 1857 νῦν
367 1831 415 1857 καὶ
442 1830 496 1856 τῶν
510 1829 598 1856 ἄλλων
609 1828 660 1864 τῆς
676 1828 841 1864 Ἐκκλησίας
863 1829 902 1855 δι-

107 1878 253 1905 δασκάλων
269 1878 300 1904 οὑ
314 1877 396 1911 λέγω,
410 1876 457 1906 οὓς
469 1875 581 1906 πολλαῖς
595 1875 692 1910 ὖδρεσι
720 1874 836 1910 βάλλων,
855 1875 902 1902 καὶ

107 1925 142 1950 τὰ
150 1924 256 1950 τούτων
269 1923 393 1956 δόγματα
407 1921 515 1948 πλύνων
528 1921 575 1947 καὶ
587 1920 806 1956 διαγραφόμενος
817 1919 904 1946 διετέ-

107 1971 159 2002 λει,
176 1970 225 2002 οὓς
238 1969 288 2005 μὲν
305 1970 337 1995 ὲκ
352 1968 406 1995 τῶν
428 1968 494 2003 περὶ
515 1967 547 1994 τὸ
562 1967 643 2001 σῶμα
673 1965 900 2001 συμϐεϐηκότων,

107 2017 154 2048 οὓς
170 2017 199 2043 δὲ
217 2017 250 2042 ἔκ
267 2015 321 2042 τῶν
341 2014 459 2049 νοσερῶν
473 2013 632 2044 διαθέσεων,
648 2012 840 2039 ἀποσκώπτων
854 2011 903 2039 καλ⁵

107 2061 372 2096 διαλοιδοροὺμενος,
396 2060 458 2086 Τῶν
488 2060 528 2090 εἰς
567 2058 614 2085 τὸν
641 2058 777 2093 βασίλειον
806 2057 902 2093 θρόνον

108 2107 321 2143 ἐμπρεψάντων,
336 2106 384 2132 καὶ
407 2105 451 2131 ἐπ’
479 2103 604 2139 εὺσεὸείᾳ
618 2104 665 2131 καὶ
676 2103 834 2139 δικαιοσύνῃ
852 2111 898 2130 κε-

108 2150 300 2188 κοσμημένων
309 2150 367 2182 πῶς
388 2150 419 2177 οὐ
439 2149 630 2185 δεδυσώπηται
655 2150 701 2176 τὸν
721 2149 832 2184 τρόπον,
853 2149 901 2175 καὶ

106 2201 158 2234 τὴν
173 2198 238 2234 περὶ
253 2197 288 2224 τὰ
307 2197 366 2223 θεῖα
385 2196 505 2230 σπουδήν
518 2203 525 2228 ;
541 2195 596 2222 Καὶ
606 2195 660 2230 γὰρ
685 2194 842 2230 ἀναθήμασι
855 2195 902 2221 καὶ

109 2245 193 2279 ἱεροῐς
207 2243 365 2279 περιϐόλοις
379 2243 557 2278 γεραίροντες
569 2241 600 2268 τὸ
621 2241 700 2268 Θεῖον
720 2240 900 2276 ἐθεράπευον,

107 2291 132 2316 οἳ
148 2291 231 2325 μόνον
246 2289 277 2316 οὐ
301 2289 426 2315 καθεῖλον
451 2289 501 2323 τῆς
519 2287 702 2323 ίερογραφίας
722 2287 769 2313 τὸν
786 2286 901 2321 κόσμον,

108 2335 177 2362 ἀλλὰ
190 2335 239 2361 καὶ
252 2334 432 2369 ᾠκοδόμησαν
459 2334 506 2360 καὶ
526 2333 772 2368 ὲφιλοτεχνήσαντο
791 2332 826 2359 τὰ
842 2332 903 2368 ἱερὰ

108 2381 197 2408 ταῦτα
215 2381 380 2415 ἀναθήματα
396 2379 557 2414 φιλοτίμως,
575 2379 605 2405 ἐν
630 2387 659 2405 τε
677 2379 751 2410 ναοῖς
765 2377 858 2411 θείοις,
874 2377 903 2404 ἐν

108 2435 137 2452 τε
151 2427 236 2461 ἱεροῖς
253 2425 362 2451 σκεύεσι
379 2425 425 2451 καὶ
436 2425 589 2459 ὑφάσμασι,
600 2423 661 2450 κατ’
678 2424 752 2458 τχνος
764 2423 902 2458 βαίνοντες

108 2472 158 2506 τῆς
175 2470 362 2506 άποστολικῆς
387 2470 435 2496 καὶ
464 2470 603 2505 Πατρικῆς
626 2469 814 2505 παραδόσεως,
830 2466 867 2496 ὧν
884 2470 902 2504 ἡ

109 2515 225 2552 ἄπειρος
243 2515 348 2551 πληθὺς
372 2516 454 2552 μέχρι
470 2516 529 2543 ’καὶ
549 2517 669 2551 σήμερον
695 2515 724 2542 ἐν
738 2517 797 2547 ταῖς
812 2515 900 2542 ἁπάν-

108 2570 163 2588 των
176 2562 257 2596 ὂψεσι
276 2561 430 2596 πρόκειται,
441 2561 556 2593 ἐκείνοις
570 2561 620 2596 μὲν
632 2560 775 2592 εὐσεϐείας
794 2561 900 2596 μαρτύ-

110 2616 177 2642 ριον.
190 2607 303 2641 ἐλεγχος
318 2606 346 2633 δὲ
362 2607 408 2634 καὶ
430 2607 564 2642 θρίαμὸος
587 2606 674 2642 τούτῳ
699 2607 747 2642 τῆς
774 2606 902 2637 ἀϐουλίας

109 2654 157 2680 καὶ
165 2652 336 2684 δυσσεϐείας.
348 2649 397 2678 Ὧν
411 2654 465 2688 γὰρ
477 2652 531 2679 ἔδει
545 2652 666 2688 ζηλῶσαι
679 2653 724 2679 τὸν
739 2653 840 2688 τρόπον
855 2651 902 2679 καὶ

145 2744 203 2779 (Ἡ)
215 2743 284 2770 Puta
297 2743 471 2771 Constantini
482 2743 570 2779 Magni
587 2747 625 2771 tot
640 2751 717 2771 sacra
732 2744 847 2771 aediﬁcia
866 2752 898 2771 ac

110 2778 223 2806 donaria
244 2778 387 2806 innumera
401 2786 461 2813 quae
473 2778 584 2813 copiose
600 2780 696 2806 scribit
711 2783 808 2806 auctor
822 2778 898 2805 Vita-

109 2821 168 2840 rnm
178 2814 342 2841 Pontiﬁcum
359 2813 449 2846 Rom;
467 2821 500 2841 ne
512 2820 550 2842 tot
561 2814 732 2848 sequentium
745 2813 900 2841 Occidentis

111 2848 286 2883 Orientisque
309 2848 447 2876 Casurum
463 2849 682 2878 Christianorum
708 2849 809 2877 mentio
836 2849 899 2883 ﬁat;

253 2898 389 2928 PATBOL.
407 2895 467 2927 Gn.
487 2896 520 2926 C.

953 1565 1005 1584 non
1024 1556 1173 1590 superant?
1189 1555 1311 1592 Namque
1327 1557 1361 1584 oh
1375 1556 1489 1583 multam
1505 1555 1648 1584 stultitiam
1663 1563 1739 1582 suam

952 1601 1026 1630 solus
1051 1602 1109 1637 ipse
1133 1602 1273 1637 opinatur,
1299 1609 1353 1629 non
1368 1601 1396 1629 in
1412 1601 1521 1628 tertium
1538 1600 1739 1632 tantummodo,

953 1655 1047 1676 verum
1075 1648 1156 1676 etiam
1187 1647 1213 1675 in
1233 1653 1360 1682 quartum
1389 1646 1490 1674 coelum
1519 1653 1549 1673 se
1575 1651 1694 1681 raptum,
1715 1651 1743 1672 et

953 1695 1134 1722 ineﬁ‘abiliora
1160 1701 1241 1729 quam
1271 1692 1385 1721 Paulum
1416 1692 1498 1720 verba
1527 1692 1685 1725 audivisse,
1708 1698 1742 1719 et

954 1743 1071 1766 mentem
1099 1739 1146 1766 Dei
1174 1739 1311 1773 attigisse.
1342 1743 1422 1773 atque
1450 1745 1557 1765 omnem
1582 1742 1736 1764 creaturam

954 1789 1181 1819 praatervectum,
1211 1785 1245 1812 iis
1273 1783 1354 1811 rebus
1381 1782 1465 1811 fuisse
1494 1783 1641 1816 initiatum,
1670 1791 1739 1818 quas

953 1837 1034 1858 nemo
1066 1838 1185 1866 unquam
1215 1829 1321 1857 didicit.
1353 1829 1419 1862 Quis
1447 1833 1529 1857 tanta:
1567 1829 1741 1864 impudentiae

953 1874 1091 1902 cumulum
1107 1882 1160 1902 non
1175 1873 1350 1908 mirabitur‘l,
1367 1873 1440 1901 Sileo
1471 1881 1543 1901 nunc
1559 1873 1592 1901 de
1609 1873 1740 1908 apostolis

954 1919 1068 1954 aliisque
1093 1918 1222 1946 Ecclesia:
1255 1918 1406 1954 magistris,
1437 1925 1506 1953 quos
1534 1917 1578 1946 hic
1608 1918 1742 1946 conviciis

954 1964 1047 1992 multis
1066 1966 1177 2000 appetit,
1199 1971 1348 1999 eorumque
1361 1964 1487 1999 dogmata
1511 1964 1686 1998 proscindere
1709 1972 1741 1991 ac

953 2010 1045 2038 delere
1062 2018 1115 2038 non
1136 2010 1244 2043 desinit,
1271 2009 1367 2045 partim
1383 2009 1417 2037 ob
1434 2016 1577 2044 corporum
1594 2016 1653 2044 qua:
1668 2010 1740 2043 passi

953 2061 1016 2084 sunt
1032 2056 1207 2089 detrimenta,
1221 2056 1318 2091 partim
1328 2055 1410 2082 etiam
1427 2055 1461 2083 ob
1477 2048 1651 2084 inﬁrmitates
1669 2055 1741 2083 deri-

954 2103 1020 2131 dens
1035 2110 1066 2130 ac
1084 2103 1260 2130 maledicens.
1276 2102 1311 2129 At
1324 2102 1431 2130 illorum
1445 2101 1538 2129 saltem
1556 2102 1602 2137 qui
1618 2102 1643 2128 in
1657 2101 1740 2137 regali

954 2151 1052 2177 throno
1067 2148 1212 2181 fulserunt,
1228 2153 1254 2175 et
1272 2148 1372 2184 pietate
1392 2156 1424 2175 ac
1443 2147 1550 2182 iustitia
1573 2147 1663 2175 ornati
1683 2147 1740 2175 fue-

954 2199 1028 2228 runt,
1046 2195 1184 2230 quomodo
1201 2202 1291 2222 mores
1307 2202 1359 2222 non
1378 2200 1517 2222 reveretur
1534 2195 1740 2229 divinarumque

955 2249 1046 2268 rerum
1072 2240 1212 2269 studium?
1241 2240 1366 2275 Namque
1391 2241 1419 2268 hi
1453 2240 1572 2268 donariis
1599 2241 1742 2275 sacrisque

952 2287 1074 2315 delubris
1100 2285 1186 2315 Deum
1209 2287 1389 2319 honorabant,
1421 2290 1449 2314 et
1470 2286 1567 2314 nedum
1599 2293 1739 2313 sacrarum

953 2333 1162 2368 inscriptionum
1193 2337 1320 2360 ornatum
1347 2332 1497 2365 auferrent,
1523 2333 1569 2360 sed
1596 2332 1738 2359 struebant

951 2379 1046 2412 etiam,
1070 2384 1098 2407 et
1132 2384 1260 2407 accurato
1287 2384 1501 2414 sumptuosoque
1533 2378 1651 2406 artiﬁcio
1679 2378 1739 2405 ﬁeri

956 2426 1087 2454 curabant
1119 2426 1233 2453 donaria
1258 2426 1410 2460 hnjusmodi
1427 2425 1453 2452 in
1482 2425 1605 2460 angustis
1633 2425 1740 2459 templis

955 2472 1096 2506 sacrisque
1121 2471 1193 2499 vasis
1215 2476 1296 2506 atque
1321 2471 1436 2499 texturis
1455 2469 1530 2506 (74),
1556 2470 1741 2505 apostolorum

955 2514 1122 2550 Patrumque
1135 2515 1310 2543 traditionem
1325 2522 1417 2550 presse
1437 2520 1601 2550 sequentes;
1623 2523 1741 2550 quarum

954 2568 1047 2589 rerum
1077 2560 1183 2588 inﬁnita
1210 2561 1356 2589 multitudo
1386 2561 1420 2589 ad
1454 2562 1527 2589 hunc
1555 2570 1639 2598 usque
1670 2562 1740 2589 diem

954 2607 1075 2635 omnium
1091 2607 1177 2635 oculis
1191 2612 1234 2635 est
1255 2608 1396 2642 exposita;
1421 2607 1477 2635 illis
1501 2609 1609 2643 quidem
1631 2609 1740 2643 pietatis

956 2654 1152 2687 testimonium,
1162 2654 1225 2682 huic
1234 2658 1322 2681 autem
1336 2654 1499 2690 vituperatio
1510 2658 1536 2683 et
1545 2655 1650 2689 publica
1662 2660 1742 2682 teme-

952 2752 1020 2778 quos
1047 2745 1116 2780 inter
1134 2749 1222 2771 tamen
1242 2745 1349 2772 reticeri
1375 2743 1469 2779 nequit
1489 2744 1669 2779 Justinianns,
1693 2747 1739 2780 qui

956 2780 1066 2807 Sanctae
1082 2779 1189 2814 Sophia?
1203 2780 1332 2815 templum
1357 2782 1438 2808 totius
1457 2781 1575 2808 Orientis
1595 2779 1741 2809 maximum

954 2815 1097 2852 aediﬁcavit
1110 2814 1167 2852 _vel
1197 2815 1287 2849 potius
1305 2816 1478 2847 instauravit,
1492 2818 1525 2852 et
1548 2816 1634 2844 sacris
1647 2815 1743 2852 imagi-

957 2849 1034 2878 nibus
1047 2850 1152 2878 nmsivo
1168 2857 1251 2886 opere
1272 2855 1357 2879 totum
1378 2851 1549 2879 convestivit.

1506 2899 1538 2930 11
