1951 3077
172 160 285 200 ,επ

722 158 753 188 S.
772 154 982 188 NICEPHORI
1003 150 1258 184 PATRIARCH/E
1277 149 1332 180 CP.

1786 143 1841 175 332

191 223 293 253 nritatis
304 227 385 256 atque
394 213 675 253 impietatisitii'amia.
690 212 810 246 Quorum
824 211 895 239 enim
908 216 996 237 mores

1064 209 1097 244 ὴν
1113 207 1199 242 εὐαγῆ
1215 207 1306 233 πίστιν
1320 213 1350 231 τε
1364 203 1411 231 καὶ
1426 202 1581 235 εὐλάϐειαν,
1594 201 1704 229 πάντων
1722 201 1842 234 σοφώτε-

1147 252 1152 256 .
1264 250 1269 256 ο
1277 250 1280 254 λ
1373 250 1380 256 ι
1440 249 1446 256 ι
1486 249 1492 256 1
1553 248 1560 256 Ι
1606 246 1619 256 Ι·
1666 255 1671 256 γ
1680 247 1716 256 ,0,
1739 246 1748 256 ι
1756 254 1768 256 ..
1790 254 1803 256 -
1810 245 1838 256 Af

189 275 230 298 «et
243 255 435 304 puramifident
452 268 533 298 atque
541 261 670 296 pietatem
681 257 783 285 imitari
799 257 940 288 debuerat,
954 255 997 282 his

190 301 331 345 rom-nibus
362 309 555 346 sapientiorem
574 313 614 334 ‘se
646 301 996 339 magisqueperspicacem

193 368 267 390 esse
287 357 419 394 gloriatus
431 360 482 386 est,
507 352 566 381 suis
583 358 691 385 semper
718 350 875 382 obsequens
889 346 996 380 cupidi-

196 407 319 435 tatibus.
339 403 445 438 Ergone
476 399 514 427 illi
540 399 566 425 in
588 395 724 432 dogmatis
743 394 915 421 altitudinem
944 399 998 418 non

207 437 402 488 penetrarunt,
420 446 467 482 qui
498 444 573 472 omni
600 447 664 470 actu
685 448 735 468 suo
756 439 887 467 Ecclesiae
912 437 998 472 magi-

207 483 289 529 stros,
320 500 378 523 tum
402 492 572 527 antiquiores
601 493 657 516 tum
673 488 756 515 etiam
783 483 1001 519 contemporales

180 550 186 551 ’
208 543 397 572 sectabantur,
421 539 496 566 hunc
522 541 613 564 autem
637 533 728 562 solum
740 540 795 560 sua:
823 530 998 566 purissimum

201 593 388 621 sanctumque
404 585 465 612 vita:
482 590 567 618 genus
578 581 611 607 ad
628 578 767 616 penetrale
783 575 1000 604 inscrutabilium

211 635 259 663 Dei
288 631 481 668 mysteriorum
510 627 642 656 accedere
657 623 744 653 fecit?
772 623 829 651 lmo
846 629 910 649 vero
922 621 946 648 is
972 627 1001 648 se

212 682 300 716 ipsum
318 666 375 706 illic
400 683 509 712 quoque
524 673 624 710 prodit,
654 674 714 698 tum
741 669 796 698 iliis
815 673 871 696 tum
893 666 1001 694 veritati

213 725 355 755 manifeste
373 724 399 751 in
416 721 520 750 cunctis
538 718 688 748 adversari.

248 773 276 800 2.
294 771 347 798 Sed
356 770 401 805 qui
419 769 444 795 in
463 766 598 795 infinitum
626 764 749 798 sejactat
761 767 788 790 et
799 763 934 790 humanos
948 759 1005 787 vult

212 817 345 847 excedere
357 814 500 845 terminos,
517 816 573 838 tum
590 809 716 845 loquendi
727 814 782 836 tum
793 807 875 834 etiam
888 805 1002 837 sciendi,

215 863 285 891 idem
301 862 328 889 in
343 861 378 888 iis
392 866 454 895 quae
471 857 597 885 omnibus
618 854 754 883 evidentia
773 858 847 886 sunt,
864 851 1006 879 addubitat

214 909 308 937 dicens
325 916 333 934 :
352 905 407 942 6']
435 914 444 931 ι
473 903 541 931 Nam
561 903 605 930 ille
623 909 694 929 unus
711 900 755 934 qui
787 907 820 925 ex
842 898 945 925 duobus
968 897 1002 922 'in

215 962 295 982 unam
308 951 447 980 concurrit
462 956 617 986 personam,
628 946 763 982 quomodo
781 944 891 979 figurari
903 947 1002 978 potest,

215 999 344 1035 quoniam
361 997 445 1024 altera
470 1003 504 1022 ex
518 995 577 1029 ejus
591 992 695 1020 naturis
710 999 763 1018 non
777 995 819 1017 est
833 988 1005 1016 circumscri-

217 1044 280 1080 pta?
303 1053 312 1070 ι
333 1043 413 1077 Ergo,
429 1041 551 1076 inquam,
568 1046 621 1066 una
633 1045 666 1065 cx
691 1037 735 1064 his
757 1033 1003 1063 circumscribitur.

217 1092 275 1119 Huc
288 1090 360 1118 enim
385 1088 458 1116 illum
477 1085 612 1114 sermonis
634 1083 675 1111 sui
697 1082 845 1111 curiositas
865 1080 1002 1116 provexit,

217 1142 246 1164 ut
261 1136 375 1163 invitum
400 1133 482 1161 etiam
513 1134 611 1166 praeter
636 1136 714 1156 suam
742 1126 906 1155 sententiam
931 1123 1005 1159 loqui

171 1201 178 1206 -
217 1183 348 1217 adigeret.
364 1179 411 1207 Sic
431 1177 544 1206 veritate
559 1174 732 1211 priefocatus,
744 1172 845 1206 aliquid
868 1175 949 1198 recta:
967 1169 1005 1196 rei

218 1227 318 1254 nmtire
346 1230 374 1252 et
401 1223 537 1258 crepitare
554 1225 665 1248 coactus
693 1221 745 1249 est,
771 1217 843 1252 quod
874 1217 1007 1243 hactenus

219 1278 358 1306 nunquam
388 1269 491 1296 dixisse
511 1267 587 1293 visus
609 1268 679 1292 erat.
707 1263 806 1290 Deficit
829 1263 920 1296 itaque
935 1260 961 1286 in
980 1266 1008 1286 re

219 1305 375 1353 principali,
392 1315 506 1348 ejusque
517 1312 613 1346 dogma
626 1308 766 1337 dilabitur.
785 1306 853 1334 Nam
870 1313 931 1333 cum
942 1305 1009 1331 duas

220 1368 332 1392 naturas
352 1361 408 1396 jam
434 1355 660 1394 pronuntiaverit,
685 1359 766 1389 atque
792 1361 825 1381 ex
855 1353 897 1380 his
928 1359 1009 1378 unam

219 1413 314 1445 aperte
331 1405 430 1433 dixerit
447 1402 725 1436 incircumscriptam,
750 1399 872 1436 sequitur
895 1403 924 1425 ιιι
945 1397 1011 1424 alte-

222 1462 291 1485 ram,
307 1444 415 1479 etiamsi
437 1450 533 1482 nollet,
547 1447 782 1482 circumscriptam
810 1444 1009 1479 praedicaverit.

222 1500 288 1527 Nam
305 1498 365 1533 quis
381 1499 517 1527 sensatus,
534 1494 556 1521 si
573 1493 673 1521 dixerit
703 1499 735 1519 ex
764 1490 869 1518 duobus
891 1488 1010 1517 homini-

222 1546 272 1572 bus
287 1549 369 1570 unum
384 1548 444 1568 esse
458 1539 591 1575 ignotum,
610 1545 663 1564 non
677 1536 757 1564 simul
773 1542 885 1571 prorsus
910 1535 1011 1560 fatetur

223 1590 338 1618 alterum
356 1594 418 1615 esse
440 1585 600 1620 cognitum?
629 1583 704 1611 Risui
727 1587 791 1610 sunt
809 1590 874 1617 ergo
891 1580 1011 1616 pueriles

224 1637 282 1672 cjus
295 1633 430 1669 cogitatus
443 1636 470 1659 et
482 1630 669 1667 gloriationes.
689 1631 724 1655 At
748 1628 821 1655 enim
849 1628 919 1654 hanc
949 1625 1013 1652 reli-

223 1670 304 1716 quam
315 1682 417 1713 partem
429 1677 547 1709 reticuit,
557 1682 637 1711 quam
647 1679 737 1701 tamen
751 1673 852 1700 addere
862 1670 1011 1699 debuisset.

225 1726 276 1754 Sed
293 1732 344 1752 non
361 1723 452 1757 audet,
472 1730 506 1750 ne
529 1721 658 1756 cogitatio
675 1727 722 1748 sua
736 1719 776 1747 vel
798 1720 887 1754 potius
912 1716 1013 1752 incogi-

226 1770 310 1797 tantia
325 1772 503 1803 coarguatur.
532 1766 637 1793 Stravit
653 1765 736 1792 etiam
763 1764 808 1795 iis.
825 1763 871 1798 qui
900 1767 1014 1789 natura-

226 1825 284 1843 rum
303 1814 487 1843 diﬂerentiant
515 1820 569 1840 non
597 1815 759 1846 agnoscunt,
789 1810 859 1836 viam
879 1807 1013 1836 inferendi

227 1868 350 1889 naturam
384 1859 499 1886 alteram
525 1865 586 1886 esse
610 1856 864 1891 circumscriptam;
893 1858 920 1881 et
942 1853 1014 1887 quod

227 1915 298 1941 satpe
315 1906 459 1935 vitaverat.
479 1911 550 1931 nunc
565 1903 773 1931 involuntariam
790 1901 943 1929 subindicat
956 1899 1014 1933 ejus

227 1954 266 1980 rei
280 1950 491 1980 confessionem.
512 1949 535 1976 Ο
555 1948 698 1976 stultitiam
728 1952 809 1982 atque
829 1944 1012 1973 dementiam!

228 1997 369 2033 Quomodo
386 1997 497 2032 grandis
513 1995 556 2023 illa
571 1995 703 2030 sapientia
718 1993 818 2021 decidit
830 1993 856 2019 in
867 1991 1014 2022 inscitiam,

226 2050 254 2072 et
270 2044 313 2071 hic
329 2051 344 2070 a
365 2049 478 2070 suorum
503 2048 661 2069 sermonum
690 2039 793 2066 malitia
814 2039 1016 2065 circumventus

227 2092 334 2128 publice
362 2088 508 2124 apparuit?
546 2092 575 2115 ut
611 2087 652 2114 sic
691 2084 818 2112 nimirum
847 2090 936 2118 prava:
958 2081 1017 2116 ejus

228 2136 370 2166 sententia:
384 2135 488 2162 falsitas
503 2133 582 2161 facile
600 2131 827 2166 deprehendatur,
843 2134 869 2155 et
894 2128 1018 2154 veritatis

229 2184 274 2211 lnx
291 2183 434 2210 reveletur.
453 2181 506 2208 Cur
519 2180 544 2207 in
562 2187 610 2207 sua
630 2177 798 2205 dubitatione
819 2183 870 2202 nun
891 2173 1016 2201 addidit:

1022 885 1042 912 Β

1024 1555 1045 1583 C

1050 262 1095 289 pov
1111 252 1159 280 καὶ
1172 250 1357 285 συνετώτερον
1371 249 1467 275 ἑαυτὸν
1480 246 1645 283 ἀνεκήρυξε,
1661 247 1718 278 τοῖς
1737 245 1841 273 ἑαυτοῦ

1049 297 1188 333 πανταχοῦ
1209 295 1396 330 ὲξακολουθῶν
1409 295 1532 322 πάθεσιν.
1554 294 1668 320 Ἐκεῖνοι
1682 293 1733 320 οὐκ
1749 293 1843 327 εἰσῆλ-

1050 346 1095 373 θον
1112 346 1150 376 είς
1164 345 1193 371 τὸ
1210 343 1291 380 βάθος
1305 341 1353 369 τοῦ
1368 341 1516 375 δόγματος,
1530 341 1554 367 οἱ
1579 340 1652 367 κατὰ
1675 339 1765 366 πάντα
1784 340 1842 370 τοῖς

1048 391 1219 421 διδασκάλοις
1235 391 1284 424 τῆς
1309 387 1475 423 Ἐκκλησίας
1502 386 1643 421 ἑπόμενοι,
1667 387 1726 416 τοῖς
1743 393 1773 411 τε
1789 385 1844 419 πρὸ

1050 437 1152 469 αὐτῶν,
1173 437 1229 468 τοῖς
1243 444 1272 462 τε
1287 434 1358 461 κατὰ
1374 434 1437 464 τοὺς
1454 433 1568 468 χρόνους
1587 432 1651 463 τοὺς
1662 431 1728 466 περὶ
1742 431 1845 462 αὐτοὺς

1051 482 1254 518 συνακμάσασι,
1278 480 1374 506 τοῦτον
1397 479 1425 505 δὲ
1451 479 1533 513 μόνον
1546 478 1560 504 ὀ
1578 476 1775 512 καθαρώτατος
1796 476 1845 502 καὶ

1051 529 1217 566 ἡγνισμένος
1235 527 1292 563 βίος
1308 528 1348 558 είς
1361 526 1394 552 τὰ
1406 525 1476 561 βάθη
1494 525 1549 551 τῶν
1570 524 1783 559 ἀνεξιχνιάστων
1796 522 1845 549 τοῦ

1051 575 1120 603 Θεοῦ
1133 574 1292 610 μυστηρίων
1307 573 1446 606 ἐξικέσθαι
1457 571 1681 607 παρεσκεύασενς
1702 569 1784 596 Ἀλλὰ
1793 579 1847 604 φα-

1052 621 1131 658 νερὸν
1144 621 1241 648 ἑαυτὸν
1255 620 1302 646 καὶ
1317 618 1435 645 ἐνταῦθα
1460 618 1639 652 κατέστησεν,
1655 616 1692 648 ὼς
1716 615 1761 642 διὰ
1774 615 1845 642 πάν-

1053 651 1107 696 των
1133 667 1180 694 καὶ
1204 667 1296 697 αὐτοῖς
1317 665 1366 692 καὶ
1396 666 1429 700 τῇ
1456 651 1578 700 ἀληθεία
1593 662 1686 698 σαφῶς
1714 651 1847 689 ἀντικαθέ

1057 716 1174 743 ίσταται.

1091 763 1123 797 β’.
1138 761 1209 788 Ἀλλ’
1227 761 1241 787 ὁ
1255 758 1467 793 ὲγκαυχώμενος
1478 757 1519 788 εἰς
1535 755 1570 782 τὰ
1586 755 1706 791 ἄμετρα,
1726 755 1774 781 καὶ
1791 753 1848 780 τῶν

1055 807 1235 843 ἀνθρωπίνων
1260 804 1405 840 ὑπερπτὰς
1430 803 1460 830 τὸ
1483 803 1581 838 μέτρον
1607 802 1656 828 καὶ
1686 801 1774 834 λόγων
1797 800 1848 827 καὶ

1057 853 1195 888 γνώσεων,
1212 852 1277 886 περὶ
1292 850 1325 876 τὰ
1345 851 1430 876 πᾶσιν
1457 848 1553 882 ἔνδηλα
1576 847 1712 882 διαπορεῖ,
1732 846 1823 879 λέγων
1838 865 1846 877 ,

1056 898 1097 924 ὅτι
1116 907 1124 923 ι
1145 897 1173 923 Ὀ
1188 893 1228 928 εἷς
1254 896 1355 926 ἐκεῖνος
1371 895 1384 920 6
1401 893 1432 926 ἐξ
1449 893 1550 927 ἀμφοῖν
1576 893 1614 923 εἰς
1642 891 1671 917 ἓν
1699 891 1849 926 πρόσωπον

1056 942 1149 978 λήξας,
1165 941 1222 973 πῶς
1237 940 1292 976 ἔχει
1306 938 1502 973 εἰκονισθῆναι,
1522 937 1572 972 τῆς
1598 937 1662 971 μιᾶς
1678 935 1787 971 φύσεως
1806 935 1848 969 μὴ

1056 988 1320 1024 περιγραφομένης;
1345 995 1354 1011 ι
1373 984 1479 1012 Οὐκοῦν
1494 984 1511 1019 ἡ
1528 984 1610 1018 ἑτέρα
1631 981 1848 1017 περιγράφεται.

1057 1036 1104 1066 Εἰς
1136 1034 1217 1060 τοῦτο
1251 1033 1305 1068 γὰρ
1336 1032 1418 1058 αὐτὸν
1455 1031 1471 1065 ή
1507 1028 1761 1065 πολυπραγμοσύνη
1800 1026 1850 1053 τοῦ

1056 1081 1138 1115 λόγου
1154 1077 1375 1114 περιαείαγοῦσα,
1394 1077 1442 1104 καὶ
1473 1076 1511 1111 μὴ
1529 1075 1692 1111 βουλόμενον
1715 1074 1750 1100 τὰ
1774 1073 1852 1105 παρὰ

1057 1126 1169 1162 γνώμην
1187 1125 1356 1160 φθέγξασθαι
1371 1122 1594 1158 κατηνάγκασεν.
1616 1120 1709 1152 Οὕτως
1729 1119 1783 1146 ὑπὸ
1793 1119 1846 1153 τῆς

1058 1173 1186 1207 ἀληθείας
1203 1172 1288 1206 αὐτῆς
1301 1170 1464 1204 ἀγχόμενος,
1487 1167 1586 1203 μικρόν
1604 1175 1631 1193 τι
1647 1166 1702 1194 τῶν
1727 1165 1844 1192 δεόντων

1058 1218 1156 1255 γρύξαι
1168 1217 1215 1244 καὶ
1229 1217 1371 1252 ἀπηχῆσαι
1384 1214 1565 1249 κατεῦιάσθη,
1577 1214 1646 1249 ὅπερ
1659 1213 1710 1243 ἕως
1725 1211 1774 1238 τοῦ
1786 1211 1849 1241 νῦν.

1059 1264 1178 1298 οὐδαμοῦ
1206 1262 1394 1297 φθεγξάμενος
1419 1259 1509 1296 ὤφθη.
1541 1259 1761 1293 Ἀποσφάλλεται
1785 1256 1853 1291 γοῦν

1060 1311 1099 1342 είς
1113 1309 1147 1336 τὰ
1164 1309 1269 1343 καίρια,
1295 1308 1342 1334 καὶ
1371 1307 1562 1333 διαπέπτωκεν
1580 1305 1663 1332 αὑτοῦ
1695 1303 1724 1330 τὸ
1747 1304 1850 1337 δὸγμα.

1061 1355 1113 1382 Δΰο
1130 1355 1184 1390 γὰρ
1201 1353 1276 1389 αὐτῷ
1295 1353 1404 1388 φύσεων
1420 1352 1611 1388 προκειμένων
1627 1350 1666 1386 τῷ
1691 1350 1774 1384 λόγῳ,
1789 1348 1855 1375 τοὺ-

1060 1409 1114 1428 των
1137 1400 1166 1427 δὲ
1182 1399 1232 1435 τὴν
1258 1399 1324 1434 μίαν
1346 1399 1505 1433 ἀπεφήνατο
1533 1396 1629 1431 σαφῶς
1650 1395 1688 1431 μὴ
1717 1403 1855 1430 περιγρα-

1062 1446 1182 1482 φομένην
1193 1453 1199 1459 ·
1214 1445 1339 1472 λείπεται
1354 1444 1408 1480 ἀρα
1431 1443 1480 1478 τὴν
1497 1442 1594 1477 ἑτέραν
1609 1440 1856 1476 περιγραφομένην

1063 1493 1109 1519 καὶ
1118 1493 1167 1518 οὐκ
1181 1491 1282 1522 ἐθέλων
1296 1489 1469 1526 διακηρύξαι.
1486 1488 1534 1519 Τίς
1548 1487 1601 1522 γὰρ
1612 1487 1666 1513 τῶν
1683 1484 1857 1519 σωφρονούν-

1063 1546 1116 1564 των
1129 1537 1200 1564 δυοῖν
1216 1535 1372 1572 ἁνθρώποιν
1391 1535 1437 1562 τδν
1453 1534 1548 1569 ἕτερον
1567 1531 1678 1566 ἀγνῶτα
1696 1530 1791 1561 εἰπὼν,
1817 1529 1855 1564 μὴ

1065 1585 1179 1620 θάτερον
1203 1582 1285 1614 εὐθὺς
1309 1581 1481 1616 ἐγνωσμένον
1499 1581 1531 1606 ἐκ
1561 1578 1662 1610 παντὸς
1686 1576 1854 1611 ὸνομάσειε;

1063 1630 1179 1657 ratam
1209 1629 1255 1656 οὖν
1277 1628 1359 1655 αὑτοῦ
1384 1627 1419 1654 τὰ
1447 1624 1617 1662 μειρακιώδη
1647 1624 1772 1659 νοήματα
1809 1623 1858 1649 καὶ

1065 1676 1265 1712 κομπάσματα.
1312 1673 1393 1700 Ἀλλὰ
1432 1672 1512 1699 τοῦτο
1553 1671 1602 1706 μὲν
1638 1668 1856 1703 ἀπεσιώπησεν·

1065 1724 1118 1750 ἔδει
1132 1723 1186 1758 γὰρ
1202 1722 1284 1748 αὑτὸν
1303 1719 1462 1756 προσθεῖναι
1480 1718 1526 1744 καὶ
1541 1717 1571 1744 τὸ
1593 1715 1766 1750 λειπόμενον.
1783 1713 1857 1740 Ἀλλ’

1064 1770 1094 1796 οὺ
1110 1769 1208 1804 τολμᾷ,
1224 1768 1268 1794 ἵνα
1286 1766 1323 1802 μὴ
1339 1765 1454 1801 ἐλεγχθῇ
1471 1764 1555 1791 αὐτοῦ
1583 1764 1600 1799 ἡ
1616 1762 1733 1793 ἐπίνοια,
1753 1760 1858 1796 μᾶλλον

1064 1815 1092 1841 δὲ
1110 1815 1127 1849 ἡ
1143 1813 1289 1848 παράνοια.
1307 1811 1412 1838 Δέδωκε
1430 1812 1477 1836 καὶ
1498 1811 1554 1840 τοῖς
1572 1809 1609 1844 μὴ
1624 1808 1706 1835 εἰδόσι
1732 1808 1784 1843 τὴν
1797 1807 1855 1833 δια-

1066 1860 1152 1895 φορὰν
1164 1859 1218 1886 τῶν
1233 1859 1351 1893 φύσεων,
1370 1857 1488 1893 πάροδον
1506 1855 1577 1882 ὥστε
1597 1855 1646 1890 τὴν
1664 1855 1762 1889 ἑτέραν
1779 1861 1860 1888 περι-

1066 1906 1243 1942 γραφομένην
1256 1903 1430 1938 εἰσάγεσθαιο
1451 1903 1499 1929 καὶ
1523 1902 1537 1929 ὃ
1562 1901 1692 1932 πολλάκις
1715 1900 1859 1933 διέφυγεν,

1066 1954 1192 1982 ἀκούσιον
1207 1952 1325 1980 ἐνταῦθα
1341 1951 1436 1978 τούτου
1453 1950 1501 1986 τὴν
1517 1949 1664 1984 ὁμολογίαν
1688 1947 1853 1984 ὑπῃνίξατο.

1069 2001 1102 2028 ’Ὠ
1120 2000 1170 2035 τῆς
1202 1997 1441 2035 ματαιοφροσύνης
1456 1997 1503 2023 καὶ
1524 1994 1692 2030 παρανοίας-ί
1706 1993 1767 2025 Πῶς
1780 2001 1862 2027 περι-

1067 2046 1220 2082 τέτραπται
1239 2043 1275 2070 τά
1288 2043 1338 2078 τῆς
1355 2041 1455 2072 πολλῆς
1471 2041 1568 2074 σοφίας
1581 2040 1620 2072 εἰς
1636 2039 1666 2066 τὸ
1676 2038 1793 2074 ⁴ὴλίοιον,
1813 2038 1863 2064 καὶ

1069 2094 1098 2119 ὲν
1115 2093 1150 2127 τῇ
1172 2090 1327 2126 πανουργία
1351 2088 1405 2115 τῶν
1431 2087 1538 2114 οἰκείων
1556 2087 1642 2120 λόγων
1670 2083 1864 2119 συμπεριελή-

1070 2139 1124 2172 φθη
1142 2134 1483 2173 παραδειγματιζόμενος;
1501 2133 1545 2160 ἴνα
1567 2132 1597 2158 τὸ
1617 2131 1715 2166 ψεῦδος
1731 2129 1864 2165 εὐφώρα-

1070 2192 1116 2210 τον
1148 2183 1261 2217 γένηται
1284 2181 1334 2215 τῆς
1360 2181 1467 2207 ἐκείνου
1484 2177 1654 2210 κακοδοξίας,
1672 2177 1719 2203 καὶ
1748 2176 1780 2202 τὸ
1804 2175 1865 2209 φῶς

229 2229 370 2263 Quomodo
384 2227 511 2255 Christus
531 2226 585 2260 pati
600 2225 696 2259 potuit.
718 2230 778 2250 cum
800 2222 825 2249 in
841 2230 893 2248 una
910 2229 943 2248 ex
959 2219 1010 2254 ejus

1069 2230 1117 2264 τῆς
1130 2228 1261 2263 ἀληθείας
1278 2225 1475 2260 ἐκκαλυφθείη.
1492 2225 1524 2251 Τί
1541 2224 1573 2259 δή
1590 2232 1656 2250 ποτε
1669 2223 1698 2249 δὲ
1717 2222 1756 2257 μὴ
1777 2229 1866 2257 προσ-

231 2276 334 2304 naturis
347 2283 399 2302 non
426 2273 461 2301 sit
484 2270 640 2306 passibilis?
666 2269 706 2296 vel
733 2269 868 2302 quomodo
893 2270 1016 2293 tnortuns

229 2323 289 2350 est?
309 2319 444 2356 quotnodo
461 2318 487 2345 in
502 2315 626 2351 sepulcro
647 2315 762 2350 positus,
781 2321 841 2341 cum
855 2320 907 2339 una
922 2319 954 2339 ex
978 2312 1019 2338 his

231 2369 335 2396 naturis
354 2374 405 2394 non
417 2365 452 2392 sit
471 2362 593 2391 mortalis
614 2369 702 2396 neque
723 2359 951 2400 circumscripta?

270 2459 367 2487 Verum
384 2457 437 2490 ille,
451 2456 493 2484 his
503 2454 622 2486 omissis,
640 2454 672 2480 ad
684 2453 762 2480 aliam
773 2452 904 2479 orationis
918 2456 1020 2486 partem

233 2506 332 2541 pergit,
351 2503 531 2538 producitque
554 2501 580 2528 in
606 2500 723 2527 tnedium
740 2506 835 2534 panem
865 2506 897 2525 ac
917 2498 1020 2531 vinum,

234 2559 293 2586 quzu
307 2550 406 2577 divinis
422 2548 586 2576 adhibentur
600 2547 746 2582 mysteriis,
773 2546 865 2578 aitque
884 2553 890 2571 :
913 2554 922 2570 ο
942 2543 1022 2571 Chri-

234 2603 292 2625 stus
307 2595 458 2623 divinitatis
477 2601 533 2622 suae
547 2594 572 2621 vi
588 2597 702 2620 tnortem
715 2591 852 2626 propriam
870 2590 1023 2626 przcvideus

235 2651 266 2670 ac
282 2641 507 2669 resurrectiOnem
539 2644 566 2667 et
594 2639 621 2666 in
646 2638 730 2666 cmlos
750 2637 878 2670 reditum,
898 2641 980 2672 atque
996 2642 1024 2664 ut

237 2686 395 2715 metnoriale
411 2684 607 2712 incarnationis
634 2691 690 2710 sua:
707 2682 751 2709 diu
782 2687 916 2716 noctuque
940 2682 1023 2709 habe-

237 2741 327 2760 remus
340 2732 385 2766 qui
403 2732 430 2758 in
448 2738 509 2758 cutn
526 2729 704 2757 credidimus.
737 2736 746 2753 ι
766 2727 862 2753 Nonne
888 2734 951 2753 vero
969 2728 1024 2754 lucc

237 2779 373 2815 prioribus
412 2783 475 2806 sunt
505 2774 712 2811 insipientium?
738 2773 870 2806 siquidem
903 2778 1024 2799 nontam

237 2826 309 2852 iltius
336 2825 503 2859 impietatem
530 2821 701 2856 pen‘nlganl,
718 2827 798 2852 quam
825 2820 960 2846 vesaniam
982 2824 1025 2846 at-

237 2879 289 2907 que
301 2871 484 2898 dementiam:
503 2877 563 2896 natu
580 2875 628 2894 nec
644 2874 704 2901 qum
715 2866 790 2899 dicit,
808 2873 858 2893 nec
875 2867 907 2893 de
927 2867 1024 2901 quibus

1071 2275 1176 2302 τέθεικε
1204 2273 1352 2309 διαπορῶν,
1384 2273 1425 2298 ὅτι
1452 2272 1511 2302 πῶς
1540 2270 1638 2297 παθεῖν
1660 2269 1733 2304 ἅπερ
1759 2267 1866 2294 ἔπαθεν

1070 2321 1182 2357 ήμελλε,
1197 2320 1248 2354 τῆς
1267 2318 1356 2355 [μιᾶς]
1374 2318 1482 2352 φύσεως
1501 2318 1538 2353 μὴ
1568 2316 1652 2350 οὔσης
1678 2314 1828 2349 natent-71;;
1846 2313 1865 2348 ἢ

1070 2367 1110 2393 ὅτι
1130 2366 1189 2397 πῶς
1201 2365 1325 2400 τέθνηκε.
1343 2363 1402 2395 πῶς
1416 2364 1444 2389 ἐν
1468 2361 1594 2397 μνημείῳ
1608 2361 1796 2396 περιεῐρκται,
1814 2359 1867 2393 τῆς

1073 2413 1136 2447 μιᾶς
1148 2411 1253 2445 φύσεως
1270 2411 1338 2445 μήτε
1352 2408 1522 2444 θνησκούσης
1535 2408 1603 2443 μήτε
1617 2405 1866 2441 περιειργομένης;

1109 2458 1182 2492 Πλὴν
1196 2456 1284 2482 ταῦτα
1299 2455 1386 2482 λιπὼν
1403 2454 1538 2486 ἐντεῦθεν,
1553 2454 1596 2488 ἐφ’
1618 2452 1712 2486 ἕτερον
1731 2451 1868 2486 μετέρχε-

1072 2512 1116 2530 ται
1126 2504 1216 2537 λόγον,
1233 2503 1279 2529 καὶ
1306 2502 1367 2536 ἄγει
1387 2502 1427 2532 είς
1456 2500 1538 2535 μέσον
1563 2499 1609 2525 τὸν
1633 2498 1715 2533 ἄρτον
1746 2498 1795 2523 x1".
1820 2497 1867 2522 τὸν

1073 2548 1155 2580 οἶνον,
1171 2549 1242 2584 ἅπερ
1260 2549 1298 2580 εἰς
1313 2548 1347 2574 τὰ
1362 2547 1423 2573 θεῖα
1443 2545 1690 2581 παραλαμῆάνεται
1712 2544 1869 2578 μυστήρια,

1074 2594 1119 2621 καί
1148 2602 1242 2627 φησιν,
1259 2593 1300 2619 ὅτι
1322 2601 1331 2617 ί
1360 2591 1439 2618 Κατὰ
1464 2591 1513 2626 τὴν
1539 2590 1655 2625 θεότητα
1678 2589 1772 2622 αὑτοῦ,
1801 2597 1870 2624 προ-

1074 2637 1155 2670 γνοὺς
1170 2638 1214 2664 τὸν
1245 2637 1358 2663 θάνατον
1382 2635 1430 2662 καὶ
1455 2635 1504 2670 τὴν
1521 2635 1672 2661 ἀνάστασιν
1700 2634 1798 2664 αὑτοῦ,
1816 2634 1867 2660 καὶ

1074 2683 1124 2718 τὴν
1141 2684 1181 2714 είς
1192 2682 1325 2718 οὐρανοὺς
1340 2682 1446 2713 ἄνοδον,
1459 2681 1507 2707 καὶ
1519 2681 1563 2707 ἵνα
1583 2681 1611 2706 τὸ
1626 2681 1803 2715 μνημόσυνον
1817 2680 1870 2713 τῆς

1076 2728 1310 2763 ὲνανθρωπήσεως
1321 2727 1402 2755 αὑτοῦ
1427 2727 1558 2763 διηνεκῶς
1573 2726 1680 2762 ἔχωμεν
1705 2727 1729 2752 οἱ
1753 2725 1870 2752 πιστεύο

1078 2784 1174 2807 σαντες
1188 2776 1228 2806 είς
1246 2775 1338 2806 αὑτὸν,
1361 2774 1448 2801 νύκτα
1466 2774 1514 2801 καὶ
1528 2773 1646 2809 ἡμέραν.
1667 2783 1675 2798 ι
1691 2769 1764 2806 Ἀρα
1780 2771 1871 2804 ταῦτα

1077 2820 1137 2855 οὐχὶ
1153 2821 1209 2846 τῶν
1224 2820 1320 2855 πρώην
1340 2819 1550 2855 ἁσυνετώτερη
1571 2820 1601 2846 οὺ
1614 2819 1668 2854 γὰρ
1691 2818 1723 2853 δὴ
1741 2817 1871 2844 τοσοῦτον

1077 2865 1126 2900 τὴν
1150 2865 1279 2892 ἀσέϐειαν
1307 2865 1461 2901 στηλιτεύει
1500 2866 1548 2900 τὴν
1581 2865 1697 2896 ἐκείνου,
1726 2863 1790 2890 ὅσον
1821 2862 1872 2896 τὴν
