1951 3077
108 145 159 177 333

462 142 777 173 ANTIRRHETICUS
796 141 826 171 Il
844 142 929 172 ADV.
951 141 1247 172 CONSTANTINUM
1271 141 1379 172 COPR.

1683 141 1736 174 334

107 199 302 236 πλραπληξίαν
317 200 363 227 καὶ
385 199 496 227 ἄνοιαν·
513 199 576 226 οὔτε
594 200 649 234 γὰρ
676 199 694 227 ἃ
719 200 806 232 λέγει,
833 198 896 225 οὔτε

951 198 1174 230 atlirmat,‘scit.
1205 199 1274 232 Quid
1301 206 1368 234 ergo
1398 198 1542 226 dicendum
1571 203 1614 225 est
1637 199 1737 226 Hiluri-

108 246 171 280 περὶ
195 242 234 272 ὧν
264 244 470 273 διαϐεϐαιοῦται
495 245 650 272 ἐπίσταται.
681 244 714 271 Τί
740 243 786 271 οὖν
811 245 899 271 εἰπεῖν

107 289 201 322 Εστιν;
222 289 255 316 Ἣ
281 289 328 316 τοῦ
357 289 477 325 Χριστοῦ
499 288 593 322 εἰκὼν,
618 289 692 320 τινος
723 288 899 322 μνημόσυνον

107 336 197 371 φέρει,
213 335 231 370 ἢ
247 335 325 370 υὺχί;
349 335 448 368 Σαφῶς
464 334 545 366 εἰδὼς
558 336 600 361 ὅτι
613 334 709 361 τοῦτον
725 335 792 369 ἡμῖν
811 335 898 369 ἐμφα-

106 382 187 414 νίζει,
211 380 318 416 μέμηνε
343 381 405 407 κατ’
435 380 532 415 αὐτῆς,
558 380 694 407 καὶκατὰ
709 379 828 415 Χριστοῦ
848 380 900 406 -καὶ

104 427 154 462 τῆς
184 426 304 461 Χριστοῦ
332 426 518 461 κληρονομίας
546 426 768 461 ὲπιῖιελύττηκεν.
789 425 899 461 Ἐπειδὴ

105 473 159 507 γὰρ
177 472 264 508 βαρὺς
276 473 352 507 αὑτῴ
371 471 406 508 ἦν
427 475 473 500 καὶ
494 474 523 499 ἐν
547 473 631 500 εικόνι
657 472 833 508 βλεπόμενος,
848 472 899 498 οὐκ

105 519 205 554 ἐνῆγεν
228 519 312 546 αὑτὸν
335 519 375 551 εἰς
402 519 558 554 ὑπόμνησιν
586 518 634 545 τοῦ
657 518 778 554 Χριστοῦ
850 517 898 544 τοῦ

104 565 239 600 ὀνόματος
261 566 413 600 ἐπιγραφή.
428 565 489 592 Τίνι
509 565 564 601 γὰρ
587 566 682 601 τρόπῳ
696 565 832 600 ὠργίζετο
849 565 899 592 καὶ

103 612 225 646 ἠμύνετο
238 620 245 644 ;
262 611 298 638 Ἦ
315 612 356 638 ὅτι
369 611 488 647 Χριστὸς
503 611 588 646 ὖνομα
603 611 689 647 ταύτῃ
703 611 872 638 ἐπιτέθειται
887 620 895 644 ;

107 658 176 692 Οὐχὶ
190 658 242 692 τὴν
267 657 408 692 σάρκωσιν
434 657 517 684 αὑτοῦ
535 657 582 683 καὶ
603 657 637 684 τὰ
654 657 741 692 πάθη,
765 658 837 692 ἅπερ
860 657 898 688 ὼς

107 703 259 738 ἄνθρωπος
280 704 349 738 ὑπὲρ
363 703 442 738 ἡμῶν
469 703 643 735 κατεδέξατο,
677 704 705 729 αι
725 703 898 738 ἱερογραφίαι

108 745 192 774 αὗται
204 748 423 782 ὑπαγορεύσωσιν
435 756 442 780 ;
455 748 492 774 Οὐ
508 748 555 774 τὸν
568 747 683 782 σταυρὸν
698 748 746 773 καὶ
760 747 806 773 τὸν
821 746 899 774 θάνα-

103 802 150 819 τον
177 795 225 820 καὶ
252 794 301 828 τὴν
333 794 499 826 ἀνάσπα-ιη
523 794 553 820 οὗ
578 793 613 820 τὰ.
638 793 765 828 θαύματα.
793 794 839 820 καὶ
861 794 898 820 τὰ

103 839 248 873 τεράστια,
263 839 336 875 ἅπερ
357 839 396 871 ὡς
419 840 486 871 Θεὸς
512 839 636 874 ἔδρασεν,
662 840 727 874 ἡμῖν
752 839 899 874 διασημαί-

950 243 985 269 sti
1015 243 1096 276 icon,
1137 244 1266 278 inquam,
1295 243 1446 278 alicujusne
1476 244 1635 272 memoriule
1669 252 1737 277 εει.

950 295 984 315 an
1022 289 1119 316 secus?
1149 289 1247 325 Utique
1276 291 1320 318 hic
1354 291 1437 325 probe
1474 291 1564 318 sciens
1596 291 1737 319 Christum

951 335 1028 362 nobis
1045 336 1079 363 ab
1101 336 1178 367 icone
1195 337 1389 369 demonstrari,
1427 337 1530 365 insanit
1558 337 1584 364 in
1604 337 1688 370 illam,
1713 343 1740 365 et

950 381 1079 409 adversus
1094 382 1231 409 Christum
1246 382 1359 417 ejusque
1374 382 1561 410 hereditatem
1578 383 1654 411 furit.
1670 383 1738 417 Quia

950 427 1023 454 enim
1044 428 1136 462 gravis
1161 432 1203 455 est
1229 427 1268 454 illi
1295 428 1377 455 etiam
1403 428 1430 455 in
1461 429 1578 463 imagine
1601 426 1739 464 spectatus

950 471 1087 505 CltriStus,
1104 479 1157 499 non
1193 472 1297 500 excitat
1327 473 1351 500 ei
1371 472 1474 501 Christi
1503 475 1660 501 memoriam
1689 483 1739 502 no-

951 518 1032 546 minis
1053 519 1210 554 epigraphe.
1235 518 1303 546 Nam
1333 527 1384 547 cur
1411 520 1539 547 irascitur
1561 525 1589 547 et
1614 521 1740 548 resistit?

950 563 1018 591 Num
1031 565 1092 599 quia
1107 564 1209 592 Christi
1221 573 1319 594 nomen
1334 566 1403 593 iconi
1416 567 1612 602 superponitur
1621 569 1632 595 τ
1641 568 1739 596 Nonne

951 610 1168 638 incarnationem
1194 612 1253 647 ejus
1281 616 1310 639 et
1329 613 1478 646 cruciatus,
1492 620 1561 648 quos
1588 614 1626 640 uti
1656 614 1738 642 homo

951 656 1038 683 nOstri
1073 657 1160 692 gratia
1186 657 1315 692 pertulit,
1349 666 1434 686 sacrae
1467 658 1509 686 hac
1546 658 1739 694 inscriptiones

950 703 1096 730 enarrant?
1112 702 1207 730 Nonne
1222 711 1341 737 crucem,
1361 712 1465 737 necem,
1484 705 1714 735 resurrectionem
1727 706 1740 732 ?

951 755 1041 775 nonne
1057 749 1188 776 miracula
1202 755 1228 777 et
1242 750 1375 784 prodigia,
1395 758 1456 785 qua:
1467 755 1559 785 utpote
1574 750 1647 778 Deus
1662 751 1738 783 fecit,

951 792 1028 819 nobis
1053 793 1231 827 signiﬁcant?
1248 794 1346 822 Verum
1364 794 1423 822 [nec
1439 795 1560 822 refutare
1584 795 1660 823 futile
1676 803 1738 830 est;

950 843 977 864 et
993 843 1083 866 tamen
1111 840 1237 873 reticere,
1253 846 1364 876 propter
1377 836 1474 869 stultos
1489 841 1588 868 nullius
1605 843 1738 870 momenti

103 872 213 916 νοιδσινς
235 872 326 912 Ἀλλὰ⁷
336 885 405 921 πρὸς
432 885 519 913 ταῦτα
535 872 583 912 διαὶ
607 872 761 919 ἀντιλεγειν
783 872 896 919 εἰκαῖον,

951 891 1004 912 non
1020 889 1072 912 est.
1091 885 1193 913 Deinde
1208 872 1283 914 addit

104 930 153 956 καὶ
174 931 282 966 σιωπᾷ-ι
294 931 338 957 διὰ
354 932 417 962 τοὺς
427 931 558 966 ἀνοήτους
569 930 620 957 οὐκ
647 931 897 967 εὐκαταφρόνητον.

110 976 229 1011 Ἐεξεξῆς
247 977 275 1003 δὲ
291 977 401 1011 ἐπάγει·

144 1031 154 1047 ι
194 1022 338 1049 Ἐκέλευσε
365 1024 422 1054 τοῖς
451 1023 539 1057 ἁγίοις
574 1023 658 1051 αὑτοῦ
689 1024 827 1059 μαθηταῖς
849 1024 898 1050 καὶ

104 1068 451 1104 ἀποστόλοιςπαραδοῦναι
466 1070 504 1096 ’δι’
521 1067 553 1097 οὗ
579 1070 688 1106 ἠράσθη
717 1071 895 1106 πράγματος,

104 1113 190 1140 τύπον
205 1114 245 1146 εις
262 1114 343 1149 σῶμα.
357 1115 442 1141 αὐτοῦ
453 1123 460 1130 ·
477 1115 521 1142 ἵνα
539 1115 584 1143 διὰ
598 1116 648 1152 τῆς
668 1116 810 1151 ἱερατικῆς
829 1115 897 1143 ἀναὲ

104 1159 209 1194 γωγῆς,
221 1159 273 1186 κᾶν
288 1160 312 1186 εἰ
330 1161 362 1187 ὲκ
379 1161 497 1196 μετοχῆς
514 1161 562 1188 καὶ
577 1162 652 1188 θέσει
666 1162 787 1198 γίνηται,
805 1161 897 1188 λάὗωο

106 1213 157 1238 ,ιεν
191 1204 258 1231 αὐτὸ
284 1205 322 1236 ὡς
347 1207 451 1241 κυρίως
475 1207 523 1232 καὶ
551 1207 659 1242 ἀληθῶς
679 1207 758 1242 σῶμα
775 1207 869 1235 αὑτοῦ.
885 1216 894 1232 ι

106 1249 203 1281 Ὅπως
233 1251 284 1285 μὲν
304 1251 372 1286 περὶ
399 1251 447 1278 τοῦ
475 1253 618 1288 Κυριακοῦ
633 1253 743 1293 ἐδόξαζε
760 1252 896 1288 σώματος,

105 1295 188 1327 αὐτός
209 1297 233 1322 τ’
251 1296 284 1323 ἂν
305 1297 388 1332 εἰδείη
414 1298 461 1325 καὶ
490 1300 515 1325 οἱ
539 1299 637 1334 ἐκείνῳ
670 1298 896 1334 μαθητευθέντες.

107 1341 205 1374 Ὅμως
219 1341 242 1368 δ’
255 1339 301 1368 οὖν
314 1343 383 1378 πρὸς
405 1343 440 1371 τὰ
459 1343 596 1379 λεγόμενα
611 1343 685 1371 οὕτω
699 1345 782 1380 ἡμεῖς
807 1345 897 1371 ἁπαν-

105 1388 269 1423 τησέμεθα-
291 1389 400 1425 Ἐπειδὴ
431 1390 513 1418 τοῦτο
536 1391 550 1417 ὃ
569 1391 622 1426 ἔφη
650 1391 684 1418 ὲκ
710 1391 829 1426 μετοχῆς
849 1391 898 1418 καὶ

106 1433 181 1460 θέσει
209 1434 384 1469 τελούμενον,
412 1435 461 1462 διὰ
484 1435 540 1471 τῆς
565 1435 713 1470 ἱερατικῆς
740 1435 897 1470 ἀναγωγῆς

105 1480 218 1513 κυρίως
232 1480 282 1506 καὶ
303 1481 423 1514 ἀληθῶς
446 1481 500 1508 τοῦ
525 1481 654 1515 Χριστοῦ
670 1480 756 1515 σῶμα
772 1481 896 1516 γίνεται,

105 1525 182 1560 αὑτῷ
197 1525 237 1561 τῷ
255 1526 335 1561 Λόγῳ
351 1526 549 1562 οἰκειούμενον,
562 1527 672 1559 πάντως
692 1536 745 1554 που
762 1527 895 1562 διωμολό-
911 1540 933 1570 c

106 1579 148 1605 γει
164 1571 265 1598 ταυτὸν
276 1571 375 1607 ἐκείνῳ
388 1572 578 1600 ἀποτελεῖσθαι
592 1573 632 1608 τῷ
649 1572 767 1608 σώματι,
784 1573 852 1608 ὅπερ
866 1573 898 1599 ἐκ

106 1617 156 1652 τῆς
180 1617 265 1651 ἁγίας
282 1617 422 1653 Παρθένου
446 1618 594 1653 πεφόρεκε.
617 1619 649 1646 Τί
673 1619 732 1644 ποτ’
760 1618 807 1644 οὗν
837 1619 897 1645 ἑστι

107 1662 186 1688 τοῦτο
204 1662 235 1688 τὸ
259 1662 339 1698 σῶμα
356 1663 425 1697 μετὰ
441 1663 490 1698 τὴν
504 1664 645 1690 τελείωσιν
669 1664 716 1690 καὶ
741 1663 788 1690 τὸν
816 1664 896 1697 ἁγια-

109 1707 176 1741 σμὺν
207 1708 370 1742 γινόμενον,
399 1707 491 1743 ζητεῖν
514 1709 680 1743 ἐπάναγκες.
703 1709 897 1745 Περι-γραπτὸν

108 1750 163 1787 ἆρὰ
190 1754 315 1788 ὲστιν,ῆ
342 1753 569 1788 ἀπερίγρατττον;
602 1754 822 1791 Ἀπερίγραπτον
847 1755 897 1790 μὲν

108 1797 154 1825 οὖν
176 1798 266 1830 οὐδεὶς
286 1798 357 1826 οὕτω
376 1800 482 1835 φρενῶν
504 1800 556 1834 ἔξω
586 1801 632 1827 καὶ
656 1800 833 1833 ἀνούστατος,
868 1800 897 1832 ὃς

108 1845 243 1880 ὀνομάσαι
259 1845 423 1880 θαρῤήσειεν
434 1854 440 1861 ·
469 1844 546 1881 οἶμαι
560 1846 589 1873 δὲ
611 1846 673 1881 μηδ’
695 1847 776 1874 αὐτὸν
794 1847 898 1873 ἐκεῖνόν

109 1898 173 1916 ποτε
191 1890 285 1923 φάναι.
303 1889 365 1921 Πῶς
379 1889 434 1925 γὰρ
449 1890 479 1916 τό
501 1898 533 1924 γε
547 1890 607 1917 κατ’
620 1890 777 1925 ὀφθαλμοὺς
791 1890 897 1925 ἀνθρὼ-

109 1944 166 1960 πων
188 1934 327 1969 αἰσθητῶς
360 1935 566 1970 προτιθέμενον,
591 1936 637 1963 καὶ
673 1936 766 1971 χερσὶν
793 1935 898 1970 ἀνθρω-

109 1981 200 2012 πίναις
221 1981 442 2015 περιισχόμενον,
460 1981 507 2008 καὶ
521 1981 636 2008 ὀδόντων
651 1981 718 2008 εἴσω
733 1982 898 2009 κατακλειό-

110 2034 200 2059 μενον,
215 2026 322 2052 ὲδεστόν
335 2034 364 2052 τε
379 2027 540 2061 γινόμενονς
555 2026 649 2054 Ταῦτα
668 2027 720 2062 γὰρ
738 2027 764 2053 τί
789 2027 864 2060 ἄλλο,
880 2027 896 2062 ἢ

109 2071 299 2107 περιγραπτὸν
314 2071 379 2098 αὐτὸ
392 2072 424 2098 ὲκ
440 2071 538 2103 παντὸς
554 2069 624 2098 εἶναι
638 2072 744 2107 βεϐαιοῖ
768 2073 814 2098 καὶ
831 2081 898 2107 παρ-

110 2117 237 2151 ίστησιν;
257 2117 289 2143 El
305 2116 394 2143 τοίνυν
412 2117 598 2153 περιγραπτδν
617 2117 696 2144 τοῦτό
715 2119 785 2150 ἐστι,
798 2118 897 2144 ταυτὸν

108 2162 135 2189 δὲ
157 2155 258 2198 ἐκείνω
275 2162 313 2198 τῷ
335 2162 442 2198 σώματι
469 2163 585 2198 γίνεται,
608 2163 622 2190 ὃ
645 2164 721 2200 παρὰ
742 2164 792 2199 τὴν
808 2164 897 2199 ἀρχὴν

990 1029 999 1046 ι
1019 1019 1149 1055 Ρηιεςορὶι
1170 1022 1272 1049 sanctis
1292 1021 1431 1057 discipulis
1450 1023 1507 1050 suis
1526 1027 1734 1063 atquc_aposto-

949 1066 992 1098 lis,
1009 1072 1038 1093 ut
1065 1067 1098 1093 de
1124 1074 1207 1100 opere
1226 1068 1363 1102 praecipuo
1377 1068 1479 1096 amoris
1506 1069 1558 1101 sui,
1589 1074 1680 1104 typum
1709 1070 1735 1096 in

948 1120 998 1139 suo
1022 1120 1136 1146 corpore
1159 1113 1307 1146 traderent,
1332 1119 1360 1140 ut
1391 1121 1438 1148 per
1464 1115 1635 1142 sacerdotale
1651 1116 1736 1143 mini-

948 1159 1073 1191 sterium,
1097 1159 1203 1186 etiamsi
1233 1160 1441 1194 participatione
1457 1166 1486 1188 et
1510 1162 1657 1196 adoptione
1693 1162 1734 1194 ﬁt,

949 1204 1129 1238 suscipiamus
1139 1204 1225 1239 ipsum
1238 1209 1367 1240 tanquam
1382 1206 1490 1240 proprie
1502 1214 1618 1241 vereque
1636 1215 1735 1242 corpus

948 1249 1016 1284 ejus.
1039 1259 1048 1276 ι
1071 1250 1140 1283 Quid
1161 1251 1193 1277 de
1212 1251 1352 1278 Dominico
1369 1252 1479 1286 quidem
1498 1260 1612 1287 corpore
1637 1254 1734 1281 existi-

949 1300 1013 1327 met,
1031 1296 1088 1330 ipse
1105 1295 1195 1323 videat
1220 1300 1247 1323 et
1271 1296 1331 1331 ejus
1350 1296 1485 1332 discipuli.
1509 1298 1636 1326 Altamen
1653 1299 1736 1327 dictis

949 1348 999 1367 nos
1021 1341 1057 1367 ita
1086 1348 1271 1369 occurremus.
1293 1341 1515 1378 Quandoquidem
1534 1344 1585 1371 hoc
1602 1345 1674 1378 quod
1698 1346 1737 1372 ait

949 1386 1158 1421 participatione
1173 1391 1201 1414 et
1216 1387 1362 1422 adoptione
1381 1388 1484 1422 perﬁci,
1504 1397 1550 1423 per
1570 1390 1736 1417 sacerdotale

949 1432 1122 1458 ministerium
1134 1440 1191 1459 vere
1207 1432 1376 1467 absoluteque
1387 1433 1488 1461 Cltristi
1504 1443 1599 1469 corpus
1612 1436 1734 1470 efficitur,

949 1476 1035 1510 ipsius
1049 1477 1129 1503 Verbi
1146 1477 1285 1511 proprium
1300 1486 1307 1510 ;
1319 1479 1428 1505 omnino
1440 1479 1580 1507 confessus
1594 1486 1636 1508 est
1647 1481 1734 1515 ipsum
1752 1484 1756 1489 '

950 1521 1014 1549 illud
1029 1522 1085 1558 68
1104 1522 1199 1557 perﬁci
1224 1530 1323 1556 corpus
1347 1525 1419 1558 quod
1440 1532 1473 1551 ex
1507 1531 1602 1553 sancta
1627 1525 1736 1561 Virgine

949 1570 1072 1603 sumpsit.
1094 1568 1162 1602 Quid
1183 1576 1249 1604 ergo
1265 1570 1301 1597 sit
1323 1577 1422 1604 corpus
1452 1571 1504 1598 hoc
1536 1577 1596 1606 post
1626 1580 1734 1599 sacrum

950 1614 1132 1642 ministerium
1148 1618 1175 1642 et
1197 1615 1441 1644 sanetiticalionem
1457 1617 1592 1649 ell'ectum,
1612 1625 1735 1652 quaerere

950 1668 1062 1688 necesse
1094 1666 1148 1694 est,
1173 1661 1444 1696 circuuzscriptnmne
1473 1662 1508 1690 sit
1535 1670 1569 1689 au
1588 1663 1734 1690 incircum-

949 1706 1102 1740 scriplum?
1136 1706 1405 1741 lncircumscriptum
1439 1707 1547 1741 quidem
1588 1703 1733 1735 nento'itn

950 1757 1040 1779 mente
1067 1751 1189 1786 dejectus
1212 1752 1397 1787 attonitusque
1422 1752 1488 1784 erit,
1514 1753 1559 1787 qui
1593 1754 1735 1780 nominare

949 1797 1039 1829 ausit;
1068 1804 1118 1825 nec
1149 1797 1235 1832 ipsum
1252 1797 1361 1832 quidem
1384 1797 1533 1825 Mamonam
1557 1799 1581 1825 id
1616 1807 1733 1833 unquam

949 1844 1086 1871 dicturum
1113 1848 1187 1878 puto.
1214 1843 1264 1877 Qui
1290 1843 1361 1871 enim
1392 1843 1446 1872 tale
1459 1851 1520 1872 esse
1536 1849 1635 1879 potest,
1660 1846 1732 1880 quod

949 1888 1033 1915 oeulis
1050 1887 1188 1914 hominum
1206 1888 1371 1915 sensibiliter
1393 1889 1546 1924 obiectum,
1562 1893 1589 1916 et
1606 1890 1732 1916 humanis

949 1934 1072 1961 manibus
1097 1939 1261 1968 porrectum,
1285 1938 1313 1961 et
1338 1934 1411 1961 intra
1440 1935 1535 1962 dentes
1562 1934 1732 1966 conclusum.

947 1984 974 2007 et
989 1979 1067 2006 edule
1083 1979 1183 2006 factum
1196 1971 1255 2006 est?
1267 1978 1340 2012 Haec,
1352 1979 1474 2014 inquam,
1490 1979 1554 2014 quid
1569 1979 1641 2007 aliud
1652 1988 1734 2014 quant

949 2026 1035 2060 ipsum
1050 2033 1110 2053 esse
1125 2025 1361 2060 circumscriptum
1378 2026 1489 2053 omnino
1500 2024 1637 2053 allirmant
1653 2032 1735 2060 atque

947 2072 1114 2100 ostendunt?
1131 2072 1159 2099 Si
1182 2079 1247 2106 ergo
1259 2073 1310 2099 hoc
1325 2072 1560 2106 circumscriptum
1581 2077 1634 2105 εει,
1653 2072 1736 2100 idern-

948 2123 1001 2149 que
1016 2119 1057 2142 est
1073 2115 1107 2142 ad
1134 2116 1199 2142 illud
1223 2116 1296 2150 quod
1325 2116 1403 2143 initio
1429 2117 1599 2143 incarnatnm
1618 2117 1734 2144 Verbum

948 2160 1104 2196 assumpsit.
1131 2161 1259 2195 quoniam
1286 2165 1313 2188 et
1336 2161 1370 2188 ad
1397 2161 1462 2188 illud
1487 2162 1615 2196 refertur,
1642 2163 1735 2197 utique

110 2208 297 2243 σαρκούμενος
320 2209 334 2234 ὁ
359 2208 446 2242 Λόγος
476 2208 670 2245 προσείληφεν,
693 2209 754 2235 ἐπεὶ
783 2210 830 2236 καὶ
853 2209 896 2235 ἐπ’

951 2206 1014 2234 illud
1031 2214 1140 2242 quoque
1152 2207 1389 2242 circumscriptum
1406 2207 1455 2235 fuit
1469 2217 1476 2241 ;
1494 2213 1523 2237 et
1538 2216 1736 2244 usquequaque

109 2254 175 2280 αὖτὸ
190 2253 243 2287 τὴν
253 2253 394 2288 ἀναφορὰν
411 2253 479 2289 ἔχει,
494 2254 685 2289 περιγραπτὸν
699 2255 754 2289 ἄρα
771 2255 895 2282 κάκεῖνο·

109 2299 154 2324 καὶ
182 2299 326 2326 ἁλίσκεται
354 2300 426 2327 κατά
445 2301 534 2327 πάντα
559 2300 648 2336 ἐαυτῷ
679 2300 896 2336 ἐναντιούμενος.

112 2344 144 2370 Ἥ
162 2344 220 2378 γὰρ
235 2345 283 2370 καὶ
300 2343 379 2370 τοῦτο
392 2344 598 2380 ἁπερίγραπτον
620 2345 742 2377 δοξάζειν
763 2345 825 2377 ἔδει,
855 2346 898 2372 ἵνα

111 2391 147 2424 μὴ
164 2390 249 2424 μόνον
264 2389 299 2416 τὰ
312 2391 361 2424 τῆς
373 2390 501 2422 ἀπιστίας
521 2392 568 2418 καὶ
586 2390 681 2422 ἁθεῖας
698 2391 780 2418 αὑτοῦ
807 2391 898 2418 τέλεον

109 2435 279 2470 δεικνύηται,
305 2435 373 2462 ἀλλὰ
388 2436 435 2462 καὶ
461 2435 547 2470 γέλως
569 2437 617 2463 καὶ
636 2436 717 2473 λῆρος
738 2437 772 2464 τὰ
794 2437 898 2464 ἐκείνου

110 2483 176 2508 πᾶσι
186 2481 331 2516 νομισθείη
347 2482 520 2517 φρονήματα,
537 2482 675 2518 ἢχάκεῖνο
694 2483 802 2514 πάντως
822 2491 896 2519 περι-

109 2526 244 2560 γραπτόν.

143 2575 178 2605 γ’.
199 2571 255 2597 Καὶ
267 2571 355 2598 ταῦτα
371 2571 421 2606 μὲν
429 2572 501 2598 οὔτω
521 2571 658 2607 δεδείχθω.
676 2572 709 2598 Τί
724 2571 751 2598 δὲ
763 2572 838 2607 αὐτῷ
852 2573 899 2599 καὶ

109 2617 203 2651 ἓτερον
230 2617 285 2643 τῶν
313 2617 423 2644 ἀτόπων
451 2617 577 2656 ἐντεῦθεν
605 2618 722 2652 ὑπήντα..
752 2618 899 2645 Βεῦίασται

110 2663 171 2690 ὅσον
191 2665 225 2690 ὲκ
244 2663 300 2689 τῶν
322 2664 430 2690 οἰκείων
453 2664 551 2698 λόγων,
578 2663 594 2699 ἢ
622 2663 899 2699 συμπεριγράφεσθαι

111 2709 155 2735 τὸν
170 2708 245 2735 θεῖον
267 2708 354 2742 Λόγον
378 2708 466 2744 τούτῳ
493 2708 533 2743 τῷ
563 2710 595 2735 ὲκ
623 2709 740 2744 μετοχῆς
764 2709 900 2744 γινομένῳ

111 2753 219 2788 σώματι
232 2753 335 2788 λέγειν,
355 2755 370 2789 ἦ
387 2754 533 2790 διῃρῆσθαι
548 2755 596 2781 ἄπ’
610 2754 693 2781 αὑτοῦ
706 2754 750 2781 διὰ
764 2755 814 2790 τὴν
836 2755 900 2790 μίαν

113 2800 278 2827 ὑπόστασιν·
298 2799 368 2827 ὥστε
383 2802 443 2832 ταῖς
457 2800 598 2836 ἀληθείαις
612 2801 672 2836 μηδ’
684 2800 810 2828 ὁπωσοῦν
825 2801 900 2835 αὐτῷ

113 2845 218 2872 ἐκεῖθεν
235 2845 374 2881 ἁγιασμοῦ
393 2846 575 2882 μετεῖναικαὶ
590 2847 711 2882 χάριτος,
729 2847 762 2872 Τί
784 2846 812 2873 δὲ
826 2846 900 2882 αὐτῷ

949 2252 1000 2279 sibi
1026 2252 1181 2279 contrarius
1207 2252 1346 2281 Mantonas
1374 2255 1595 2288 deprehenditur.
1615 2255 1663 2283 Vel
1683 2255 1735 2283 hoc

951 2298 1014 2325 item
1042 2297 1310 2333 ineircumscriptum
1339 2300 1517 2335 repntandum
1541 2306 1600 2334 est;
1623 2306 1651 2328 et
1674 2305 1730 2328 tum

948 2342 1079 2370 Mamonte
1089 2351 1141 2370 non
1160 2343 1247 2371 solum
1262 2345 1439 2373 incredulitas
1450 2350 1532 2379 atque
1546 2345 1735 2381 irreligiositas

949 2388 1070 2423 apprime
1088 2389 1240 2423 apparebit,
1257 2396 1351 2416 verum
1369 2389 1452 2417 etiam
1472 2391 1540 2418 risui
1562 2398 1593 2418 ac
1616 2390 1735 2418 ludibrio

950 2434 1054 2462 cunctis
1069 2439 1149 2461 erunt
1165 2434 1224 2468 ejus
1244 2436 1386 2470 opiniones
1403 2445 1409 2463 :
1427 2437 1469 2463 vel
1484 2442 1560 2464 certe
1580 2437 1644 2465 illud
1659 2445 1736 2473 reque

950 2479 1186 2514 circumscriptum
1201 2480 1263 2508 fuit.

985 2573 1012 2600 5,
1031 2572 1118 2608 Atque
1128 2573 1186 2600 haec
1203 2573 1239 2600 ita
1252 2573 1434 2601 demonstrata
1448 2579 1540 2602 sunto.
1554 2574 1606 2603 Sed
1621 2581 1649 2603 et
1663 2576 1734 2603 aliud

951 2620 1098 2647 absurdum
1116 2619 1180 2646 hinc
1197 2619 1220 2646 ei
1234 2619 1353 2647 obvenit.
1367 2619 1477 2654 Cogitur
1491 2621 1630 2655 nimirum,
1648 2630 1736 2656 quan-

951 2669 1007 2691 tum
1025 2665 1084 2699 ejus
1103 2665 1185 2692 verba
1205 2665 1307 2697 valent,
1326 2670 1373 2692 aut
1394 2666 1474 2693 simul
1495 2668 1734 2702 circumscriptum

951 2709 1042 2737 dicere
1057 2710 1178 2737 divinum
1197 2709 1314 2738 Verbum
1333 2719 1395 2739 cum
1412 2712 1462 2740 hoc
1475 2720 1507 2740 ex
1524 2713 1735 2748 participatione

951 2756 1023 2783 facto
1038 2763 1164 2791 corpore,
1181 2756 1225 2782 vel
1238 2757 1271 2784 ab
1286 2756 1330 2784 illo
1345 2763 1456 2793 propter
1478 2766 1558 2785 unam
1583 2759 1735 2794 hypotasim

951 2801 1093 2833 dividere;
1114 2802 1149 2828 ita
1164 2807 1193 2828 ut
1209 2809 1306 2837 reapse
1332 2803 1399 2830 nihil
1415 2811 1529 2838 prorsus
1556 2804 1608 2831 hoc
1624 2804 1737 2839 partici-

952 2850 997 2879 pet
1010 2846 1237 2875 sanctiﬁcationis
1248 2851 1275 2876 et
1299 2848 1403 2883 gratiae.
1429 2847 1498 2881 Quid
1520 2855 1601 2883 porro
1620 2848 1645 2876 ei
1665 2848 1738 2876 acci-
