1951 3077
84 135 139 169 353
442 132 757 166 ANTIRRHETICUS
780 135 811 165 II
836 135 919 166 ADV.
939 134 1235 167 CONSTANTINUM
1255 136 1361 167 COPR.
1661 135 1714 167 354

83 191 290 228 προσήδρευον,
306 191 335 218 ἒν
350 187 373 225 ᾧ
387 190 417 218 τὸ
428 190 583 226 ζωαρχικδν
599 192 649 226 τῆς
663 192 794 227 θεαρχίας
802 191 882 227 σῶμα

934 192 1016 225 rexit,
1043 199 1096 219 una
1112 199 1206 220 secum
1222 193 1362 220 suscitatis
1379 191 1412 219 iis
1435 190 1480 225 qui
1500 191 1595 218 mortis
1610 195 1713 219 eatenus

84 238 303 274 ὲτεθησαύριστο
315 247 322 271 ;
336 235 373 265 ὦν
387 238 418 265 τὺ
441 239 556 274 φαιδρὸν
570 239 620 273 τῆς
635 239 732 273 στολῆς
750 239 797 265 καὶ
813 248 879 266 κατ-

934 237 1100 264 tenebantur.
1118 236 1189 264 Mors
1203 238 1303 272 quippe
1317 238 1455 264 destructa
1472 241 1525 270 est,
1536 237 1594 264 orci
1608 237 1712 264 vincula

83 284 285 319 ηγλαῐσμένον,
306 283 424 319 ἐπείπερ
442 283 579 319 σύμϐολον
594 281 627 319 ἦν
639 284 689 319 τῆς
714 283 807 318 κοινῆς
830 282 878 310 τοῦ

934 283 1049 317 dirupta,
1066 283 1223 311 exstinctus
1237 284 1370 316 diabolus,
1388 289 1528 317 peccatqu
1541 288 1714 310 evacuatum.

84 330 180 364 γένους
197 329 368 364 εὐφροσύνης
382 337 413 356 τε
423 330 470 356 καὶ
482 328 711 364 ἀπολυτρώσεως,
722 329 775 364 πρὸ
788 328 878 356 αὐτῶν

934 328 979 356 llic
1008 329 1080 356 enim
1105 333 1166 356 eral
1195 319 1306 356 nuntius
1334 329 1501 361 laetissimus.
1527 328 1714 363 prodigiorum

87 375 230 410 μονονουχὶ
245 375 428 411 φωνὴνὴφίει
441 384 448 392 ·
463 377 560 410 ὅτιπερ
588 377 602 402 ὁ
622 375 719 410 ταφεὶς
733 375 880 411 ὲξεγήγερ-

934 375 1056 402 videlicet
1071 376 1279 410 praedicatorum
1298 376 1466 410 magnitudo.

86 431 144 455 ται,
157 423 324 449 συνανιστῶν
335 423 399 455 τοὺς
424 423 508 450 πάλαι
534 424 594 454 ταῖς
608 422 655 450 τοῦ
668 422 784 449 θανάτου
803 424 907 457 σειραῖς
926 423 1131 458 ἐνισχημένους.
1162 422 1282 454 Θάνατος
1312 423 1366 458 γὰρ
1391 422 1582 454 καταλέλυται,
1609 423 1658 449 καὶ
1680 423 1715 448 τὰ

87 468 176 503 δεσμὰ
192 468 239 494 τοῦ
264 467 329 503 ᾷδου
356 468 534 504 διέρρηκται,
568 469 616 496 καὶ
652 469 818 504 νενέκρωται
850 469 985 501 διάϐολος,
1011 468 1060 495 καὶ
1083 468 1206 504 ἁμαρτία
1231 469 1418 504 κατήργηται.
1445 468 1530 495 Τοῦτο
1547 469 1603 504 γὰρ
1628 467 1662 503 ἦν
1685 470 1714 495 τδ

87 514 336 550 εὐαγγελιζόμενον
358 515 413 542 τῶν
434 516 647 552 κηρυσσομένων
665 516 825 552 παραδόξων
839 517 874 544 τὰ
893 517 1034 552 μεγαλεῖα.

126 564 171 588 ια’.
196 561 274 587 Ἐπεὶ
288 561 334 588 οὖν
350 561 500 597 ὀφθαλμοῖς
523 563 664 598 σαρκίνοις
683 563 795 590 casm:
810 564 879 590 είσιν

87 607 114 633 cl
144 606 218 639 ᾰγιοι
249 605 375 640 ἄγγελοι,
400 606 534 642 ὥᾳοησαν
557 607 586 633 δὲ
602 607 740 643 διαφόρως
757 608 828 634 κατὰ
846 608 881 635 τὰ

89 650 215 685 σύμϐολα
235 650 289 676 τῶν
316 651 534 686 ἑγχειρισμένων
548 652 641 683 αὐτοῖς
653 652 800 680 διακονιῶν
814 662 881 688 σχη-

89 696 282 731 ματιζόμενοι,
298 696 370 723 οὕτω
386 697 433 723 καὶ
463 697 642 732 είκοίσῡησαν
668 698 883 736 [είκονίσθησαν]

88 743 135 769 καὶ
155 742 329 777 ἐγράφησαν,
346 742 428 777 μέχρι
440 742 505 776 γοῦν
519 743 570 777 τῆς
591 744 712 779 σήμερον
725 745 800 780 παρά
815 745 882 780 Χρι-

88 789 222 818 στιανοῖς.
241 788 322 814 Κατᾶ
339 787 425 814 ταῦτα
444 789 492 815 καὶ
509 788 664 824 πράσσεται
683 791 729 816 καὶ
744 790 882 825 κηρύσσει

965 563 1008 590 Η.
1026 563 1093 596 Quia
1121 563 1204 598 igitur
1228 563 1336 590 carneis
1364 563 1450 590 oculis
1478 563 1626 590 invisibiles
1651 567 1714 589 Sunt

930 609 1020 636 sancti
1033 609 1134 644 angeli,
1150 614 1336 644 apparuerunt
1359 613 1447 636 autem
1465 609 1632 636 multimodis
1648 609 1714 643 lign-

930 655 981 681 rati
995 663 1003 687 ;
1025 648 1104 688 prout
1118 655 1241 690 sytubola
1258 655 1482 683 demandalorum
1501 655 1712 682 ministeriormu

930 698 1066 731 ferebant,
1081 699 1118 726 ita
1131 699 1213 726 etiam
1229 700 1335 733 ligurati
1352 700 1462 726 luerunt
1472 704 1499 726 et
1517 699 1580 733 pieti
1595 699 1628 725 ad
1643 699 1715 726 hunc

931 751 1016 778 usque
1030 744 1102 771 diem
1118 744 1188 778 apud
1199 743 1380 771 Christianos.
1401 743 1458 776 Sic,
1476 743 1598 778 inquam,
1614 744 1714 779 agitur,

927 789 968 817 sic
983 790 1156 824 prtedicatnr.
1176 790 1207 816 Et
1220 790 1281 824 qttia
1303 790 1390 817 sancti
1404 795 1479 822 sunt,
1492 790 1643 824 divinaeque
1658 798 1713 816 tua-

87 842 144 860 ται.
163 834 218 860 Καὶ
233 833 327 869 ἐπειδὴ
342 834 414 867 ἅγιοι
429 834 476 860 καὶ
489 834 615 866 Θεοειδείς
627 836 690 869 είσι,
701 836 748 863 καὶ
759 835 880 872 λειτουρ-

934 834 1036 867 iestatis
1059 835 1188 868 ministri,
1206 841 1234 862 et
1254 835 1372 863 secunda
1402 835 1504 862 lumina
1526 842 1541 861 a
1556 835 1641 869 prima
1656 834 1715 862 luce

87 881 132 914 γοὶ
147 881 197 914 τῆς
210 879 287 911 Θείας
304 879 525 915 μεγαλειότητος.
544 881 592 907 καὶ
607 880 684 915 φῶτα
700 881 814 916 δεύτερα
831 881 878 908 τοῦ

87 926 200 960 πρώτου
217 925 306 960 ςωτδς
318 925 534 960 ἁπαυγάσματα,
550 927 597 952 κα¹ι
613 927 663 962 τῆς
678 927 815 962 σωτηρίας
828 927 879 962 τῆς

87 971 231 1006 ἡμετέρας
250 971 382 1004 διάκονοι,
395 971 430 998 δι’
444 971 462 998 ἃ
477 971 508 1006 δὴ
521 972 570 998 καὶ
581 972 616 998 τὰ
626 972 729 999 τούτων
744 973 880 1007 ἀφομοιώ-

89 1025 163 1052 ματα
179 1017 259 1051 τίμια
278 1017 327 1043 καὶ
343 1016 409 1051 ἆγιά
433 1017 502 1050 ἐστι,
519 1017 569 1051 τὴν
585 1018 776 1052 προσήκουσαν
796 1018 879 1053 τιμὴν

88 1062 284 1096 προσφέρομεν
296 1061 398 1093 αὑτοῖς.
414 1061 462 1088 καὶ
474 1062 523 1093 τὰς
539 1061 614 1097 ἱερὰς
626 1070 677 1097 πρε
684 1061 775 1093 σΰεξας
790 1062 880 1088 αὐτῶν

88 1107 268 1142 ἐξαιτοῦμεν·
284 1107 353 1133 διότι
373 1106 548 1141 γινώσκομεν
575 1107 622 1133 καὶ
636 1107 813 1142 πιστεύομεν,
831 1107 880 1138 τάς

87 1161 119 1178 τε
133 1151 292 1185 δοξολογίας
301 1151 389 1187 ήμῶν,
404 1152 451 1178 καὶ
468 1151 516 1183 τὰς
537 1152 606 1186 πρὸς
623 1152 690 1179 Θεὸν
704 1152 880 1187 εὐχαριστίας

88 1208 118 1225 τε
140 1199 189 1225 καὶ
213 1199 321 1233 δεήσεις
346 1198 394 1225 καὶ
418 1198 606 1234 παρακλήσεις
632 1198 667 1225 δι’
683 1199 776 1225 αὐτῶν
796 1207 876 1234 προσ-

88 1244 206 1278 ἂγεσϐαι
219 1253 226 1259 ’
240 1245 321 1280 εἴπερ
331 1244 405 1270 ἐστὶν
415 1243 515 1279 ἀληθὲς
527 1244 559 1270 τὸ
572 1245 601 1270 ὲν
613 1243 790 1278 Εὑαγγελίοις
805 1244 880 1280 παρὰ

88 1290 137 1315 τοῦ
151 1289 280 1324 Σωτῆρος
297 1288 376 1324 ἡμῶν
386 1288 532 1324 εἰρημένον
546 1296 553 1304 ·
571 1288 632 1315 ’Ότι
651 1290 677 1316 οι
693 1288 814 1323 ἄγγελοι
828 1290 882 1316 αὑ-

88 1334 150 1361 τῶν
161 1335 196 1361 ἐν
211 1334 351 1368 οἰψανοῖς
366 1333 415 1361 διὰ
430 1334 543 1366 παντὸς
566 1333 657 1368 ὁρῶσι
672 1334 706 1361 τὸ
720 1335 882 1368 πρόσωπον

89 1381 143 1408 τοῦ
161 1381 279 1415 Πατρός
291 1389 351 1415 μου
363 1379 416 1406 τοῦ
431 1380 466 1407 ἐν
491 1379 639 1414 οἰῳανοῖς.
663 1380 696 1406 Τί
711 1381 882 1415 πράσσοντες

67 1433 74 1438 ·
88 1427 106 1462 ἦ
119 1427 145 1454 τί
161 1426 358 1461 ἐργαζόμενοι,
375 1425 392 1461 ἢ
411 1425 522 1457 πάντως
540 1433 571 1459 γε
587 1425 638 1456 τὰς
665 1425 789 1460 αἰτήσεις
803 1425 881 1460 ήμῶν

89 1475 131 1504 εἱς
151 1474 185 1499 τὰ
195 1469 253 1499 ὦτα
269 1471 372 1507 Κυρίου
389 1471 503 1498 Σαϐαὼθ
521 1471 645 1505 ἄγοντες,
660 1471 708 1497 καὶ
721 1471 800 1497 ἵλεων
816 1471 881 1506 ἡμῖν

930 880 1098 916 elIngentia,
1124 886 1280 915 nostraeque
1307 880 1404 908 salutis
1433 879 1580 913 adjutores,
1610 879 1671 906 ideo
1689 884 1716 906 (ιι

930 927 1051 961 ipsorum
1064 926 1197 960 imagines
1209 926 1368 953 veneranda:
1376 929 1532 959 sanctaque
1544 928 1618 955 sunt.
1630 925 1715 958 iisque

930 972 1060 999 honorem
1076 979 1226 1006 congruum
1252 971 1411 1004 deferimus,
1430 970 1484 1005 76
1498 977 1647 1004 sacrasque
1659 969 1716 996 illo-

930 1025 988 1045 rum
1005 1017 1217 1045 intercessiones
1232 1017 1414 1051 exposcimus,
1432 1016 1495 1050 quia
1505 1022 1602 1050 nempe
1614 1015 1715 1042 scimus

929 1067 956 1090 et
970 1063 1107 1090 credimus
1119 1063 1188 1098 (δι),
1204 1062 1374 1089 laudationes
1390 1067 1506 1095 nostras,
1524 1066 1552 1088 et
1565 1061 1713 1094 gratiarum

930 1108 1061 1139 actiones,
1078 1112 1106 1134 et
1128 1115 1234 1142 preces,
1260 1114 1292 1134 ac
1308 1106 1520 1142 supplicationes
1536 1106 1571 1133 ab
1593 1105 1636 1133 his
1661 1106 1715 1132 Deo

930 1153 1038 1186 offerri;
1059 1153 1080 1180 si
1108 1159 1181 1180 certe
1199 1160 1294 1180 verum
1317 1158 1372 1185 est,
1394 1152 1466 1187 quod
1492 1152 1517 1178 in
1532 1151 1684 1184 Evangeliis
1700 1159 1714 1178 ιι

931 1200 1076 1227 Servatore
1091 1204 1185 1226 nostro
1207 1199 1308 1226 dictum
1337 1198 1388 1226 fuit
1403 1207 1410 1225 :
1427 1199 1497 1231 Quia
1522 1198 1609 1232 angeli
1625 1200 1729 1224 eornm‘

930 1245 958 1272 in
970 1245 1041 1271 cwlia
1055 1253 1156 1277 semper
1167 1244 1254 1271 viden!
1270 1244 1365 1279 faciem
1380 1243 1469 1270 Patris
1485 1244 1535 1270 mei
1545 1243 1592 1278 qui
1606 1243 1633 1269 in
1645 1243 1715 1269 caelis

930 1296 967 1318 ut
984 1291 1004 1318 ⁷.
1024 1290 1092 1324 Quid
1112 1298 1207 1318 revera
1233 1290 1306 1317 aliud
1334 1295 1433 1317 curant
1458 1294 1504 1316 aut
1531 1289 1646 1321 faciunt,
1664 1289 1714 1315 nisi

931 1345 1025 1371 preces
1040 1342 1147 1364 nostras
1171 1337 1204 1364 ad
1222 1344 1302 1364 aures
1314 1336 1420 1363 Domini
1442 1335 1561 1363 Sabaoth
1579 1335 1716 1366 delerunt,

932 1383 1063 1418 nobisque
1079 1391 1110 1409 ac
1129 1382 1208 1410 rebus
1226 1383 1328 1410 nostris
1352 1383 1496 1416 propitium
1517 1382 1675 1412 conciliant,
1690 1386 1718 1416 e_t

932 1437 980 1463 pro
1002 1430 1090 1456 salute
1107 1434 1201 1456 nostra
1228 1429 1419 1456 intercedunt?
1443 1428 1491 1455 llic
1505 1427 1596 1461 itaque
1617 1426 1651 1454 de
1669 1425 1721 1453 hoc

932 1480 1092 1509 argumento
1107 1475 1196 1502 oratio
1219 1475 1299 1502 liuent
1318 1468 1426 1506 habent,
1439 1480 1466 1501 et
1481 1473 1639 1508 irreligiosaa
1650 1472 1717 1500 ειμι-

89 1519 174 1546 αὐτδν
192 1519 240 1544 ἐπὶ
253 1520 310 1550 τοις
322 1517 532 1553 πεπραγμένοις
549 1516 817 1551 παρασκευάζοντες,
835 1516 882 1542 καὶ

935 1521 1000 1548 tiliae
1013 1521 1137 1548 delirium
1153 1521 1208 1556 jam
1232 1522 1386 1549 omittatur.
1409 1520 1450 1548 0b
1472 1520 1598 1554 superius
1624 1525 1715 1546 autem

88 1565 108 1592 ἃ.
121 1564 190 1599 πρὶς
205 1564 343 1599 σωτηρίαν
361 1564 429 1598 ἡμῖν
444 1563 503 1589 ἐστι
519 1561 729 1596 μεσιτεύοντεςς
751 1561 883 1588 Ἐνταῦθα

89 1608 138 1638 οὖν
165 1611 180 1637 ό
208 1609 274 1645 περὶ
299 1608 404 1636 τούτων
425 1607 504 1642 λόγος
529 1607 651 1641 ὡρίσθω,
672 1607 720 1634 καὶ
742 1607 757 1633 ὁ
772 1606 821 1641 τῆς
835 1605 882 1632 τοῦ

89 1655 239 1685 δυσσεὸοὗς
256 1654 440 1688 ματαιότητος
460 1653 544 1688 λῆρος
572 1652 701 1679 ἀνείσοω.
726 1653 788 1679 Ἐπὶ
808 1653 836 1680 δὲ
850 1653 883 1680 τὰ

93 1699 190 1734 πρώην
212 1697 402 1733 ὑπεσχημένα,
429 1697 479 1732 τῆς
509 1696 556 1723 τοῦ
572 1697 698 1732 γραπτοῦ
720 1698 767 1724 καὶ
787 1698 884 1733 ἀπερι-

90 1745 219 1780 γραπτου
230 1743 445 1778 φωνῆς’ἒνεκεν,
457 1740 496 1770 ὧν
513 1742 544 1769 τὸ
568 1742 696 1778 διάφορον
711 1743 740 1776 ἐξ
751 1743 882 1770 ἀπαιδευ-

91 1792 154 1822 σίας
170 1790 219 1817 καὶ
236 1788 358 1824 ἀμαθίας
371 1789 527 1824 ὴγνοηκότα
547 1789 651 1815 κατίδοι
667 1789 698 1816 ἄν
724 1797 776 1822 τις,
799 1789 884 1816 καθά-

91 1844 145 1870 περ
163 1835 196 1870 δὴ
213 1835 263 1861 καὶ
277 1834 342 1865 τοὺς
357 1833 464 1860 ἐκείνου
481 1833 622 1868 φοιτητὰς,
646 1834 693 1860 καὶ
714 1834 763 1868 τῆς
779 1833 883 1869 πλάνης

91 1881 240 1917 ἐκροατὰς,
259 1881 322 1912 τοὺς
337 1880 385 1907 νῦν
398 1880 508 1911 ἀσεϐεῖς
524 1880 571 1907 καὶ
583 1879 763 1911 ἀπαιδεύτους
780 1879 883 1915 δογμα-

91 1927 261 1962 τιστᾶς,ήδη
278 1926 318 1961 τῷ
344 1925 417 1961 λόγῳ
446 1925 622 1960 τρεψώμεοα,
639 1925 674 1951 τὰ
699 1925 765 1960 παρ’
791 1925 882 1952 αὐτῶν

92 1973 324 2006 ἑπισκεπτόμενοι
347 1971 547 2006 ληρῳδήματαο
575 1971 633 1997 ἀλλ’
663 1971 758 2007 ἐπειδὴ
788 1968 882 2007 ὥσπερ

92 2019 204 2053 φύσεων
225 2018 273 2044 καὶ
288 2017 442 2051 ἰδιωμάτων
456 2016 589 2052 διαφορὰν
603 2016 653 2044 οὐκ
668 2016 800 2050 ἔγνωσαν,
821 2017 882 2043 οὐδὲ

92 2063 232 2098 ἁναμέσον
244 2062 323 2096 ἁγίου
342 2063 388 2089 καὶ
403 2062 518 2097 βεϐήλου
542 2061 689 2089 διαστείλαι
707 2063 882 2097 ἀνοηταίνον-

92 2117 137 2140 τες
150 2109 315 2143 διέγνωσαν,
331 2109 420 2141 οὓτως
434 2109 495 2136 οὐδὲ
509 2110 523 2136 ὃ
533 2109 559 2135 τί
575 2109 642 2136 ποτέ
658 2110 715 2136 ἐστι
726 2108 820 2145 γραφὴ
835 2109 883 2136 καὶ

93 2154 266 2189 περιγραφὴ,
279 2154 296 2189 ἢ
308 2154 430 2191 γραπτὸν
439 2155 486 2181 καὶ
497 2154 697 2190 περιγραπτδν,
711 2154 880 2188 ἐπέγνωσαν·

934 1567 1077 1601 promissa,
1102 1566 1212 1601 propter
1236 1567 1365 1594 vocabula
1394 1557 1552 1601 inde-scripti
1580 1571 1607 1593 et
1633 1566 1718 1593 incir-

933 1613 1091 1647 cumscripti
1110 1612 1177 1648 (88),
1204 1620 1317 1647 quorum
1344 1612 1525 1639 dilrerentiam
1549 1619 1582 1639 es
1602 1611 1719 1638 ruditale

933 1664 962 1685 et
973 1658 1081 1685 inscitia
1098 1657 1251 1684 Mamonam
1270 1658 1397 1691 ignorare
1416 1661 1536 1686 ecustat,
1551 1658 1621 1683 sicut
1635 1656 1718 1682 etiam

933 1704 993 1738 ejus
1007 1704 1128 1732 asscclas
1142 1708 1169 1731 et
1184 1704 1287 1731 erroris
1302 1703 1460 1737 discipulos,
1477 1702 1576 1737 impios
1593 1702 1717 1729 videlicet

934 1750 1013 1784 hujus
1031 1750 1119 1777 aetatis
1134 1754 1161 1777 et
1177 1749 1287 1784 ignaros
1302 1749 1492 1784 dogmatistas.
1508 1748 1572 1780 huc,
1597 1747 1719 1781 inquam,

934 1803 1086 1824 sermonem
1099 1800 1301 1827 convertamus,
1317 1798 1345 1821 ut
1362 1794 1481 1828 ipsorum
1494 1801 1579 1828 nugas
1590 1792 1719 1828 dispicia-

934 1850 994 1868 mus
1013 1842 1095 1876 :quia
1110 1841 1180 1868 sient
1197 1844 1356 1867 naturarum
1373 1846 1405 1867 ac
1420 1839 1616 1874 proprietatum
1644 1837 1719 1865 diffe-

934 1888 1048 1915 rentiam
1064 1888 1198 1920 ignorant,
1219 1893 1306 1920 neque
1323 1886 1394 1912 inter
1407 1888 1532 1913 sanctum
1546 1889 1573 1912 et
1587 1884 1718 1919 pollutum

934 1934 1101 1967 distinguere
1128 1932 1155 1959 hi
1185 1931 1263 1960 stulti
1283 1931 1391 1964 valent;
1417 1931 1453 1958 ita
1482 1938 1572 1965 neque
1599 1929 1663 1964 quid
1684 1930 1720 1956 sit

934 1979 1039 2013 pictura
1068 1982 1095 2005 et
1126 1971 1351 2012 circumscriptio,
1370 1984 1458 2011 neque
1482 1976 1546 2011 quid
1561 1977 1662 2011 pictum
1693 1979 1721 2002 et

933 2022 1167 2057 circumscriptum
1182 2022 1281 2055 sciunt,
1291 2029 1350 2056 qua:
1360 2021 1438 2048 valde
1452 2020 1567 2048 invicem
1582 2019 1720 2051 diﬂ‘eruut,

935 2069 1036 2096 nullam
1055 2068 1080 2095 in
1097 2067 1139 2095 his
1154 2074 1241 2102 neque
1250 2071 1428 2102 agnoscentes
1443 2073 1529 2101 neque
1545 2066 1721 2100 interponen-

936 2120 976 2142 tes
991 2113 1194 2141 discretionem.
1217 2112 1337 2146 Quorum
1361 2112 1483 2139 stultitia:
1507 2118 1652 2146 parumper
1678 2112 1721 2137 ln-

935 2160 1079 2195 dulgentes
1100 2159 1128 2186 in
1148 2159 1273 2193 superius
1290 2158 1381 2191 dictis.
1412 2166 1446 2186 ne
1470 2157 1604 2185 orationis
1626 2165 1723 2185 cursus

94 2202 184 2228 πάντα
193 2201 247 2236 γὰρ
258 2201 418 2235 συγχέοντες
428 2201 475 2227 καὶ
488 2209 520 2226 συ
526 2201 678 2236 μιρύροντες
687 2201 734 2227 καὶ
741 2200 882 2236 ἀδιάκριτα

938 2207 1156 2240 abrumperetur,
1175 2212 1224 2231 nos
1236 2211 1343 2239 quoque
1359 2205 1401 2231 his
1422 2203 1559 2231 vocabulis
1577 2208 1657 2238 prout
1681 2211 1724 2230 res

95 2247 287 2281 λογισάμενοι,
304 2247 345 2278 εἰς
370 2247 469 2273 ταυτὸν
496 2246 622 2281 ἄγουσιν,
639 2247 657 2274 ἃ.
671 2247 739 2273 πολὺ
763 2246 885 2281 ἀλλήλων

94 2293 234 2327 διέστηκε,
251 2293 302 2327 τὴν
324 2292 448 2319 ὁπωσοῦν
463 2293 492 2318 ἐν
507 2293 601 2324 αὐτοῖς
617 2291 681 2319 οὔτε
706 2293 810 2323 εἰδότες
824 2291 891 2325 οὔτε

95 2338 214 2370 διδόντες
226 2337 375 2374 διάκρισιν.
392 2335 444 2364 Ὧν
458 2339 491 2373 τῇ
513 2337 591 2373 ἀνοίᾳ
611 2337 848 2372 συγκαταστάντες
859 2338 888 2363 ἐν

95 2385 151 2414 τοῖς
163 2384 262 2410 ἁνόπιν
273 2384 334 2418 είρη
339 2383 441 2418 μένοις,
449 2383 486 2414 ὡς
496 2383 530 2410 ἂν
538 2383 585 2409 τοῦ
592 2383 673 2417 λόγου
680 2383 711 2409 τὸ
725 2385 835 2418 συνεχὲς
851 2382 888 2418 μὴ

96 2429 282 2462 διαχόπτοιτο,
297 2429 335 2460 ὡς
346 2429 425 2464 ἔτυχε
435 2430 495 2461 ταῖς
503 2430 607 2464 φωναῖς
614 2429 661 2456 καὶ
668 2430 745 2456 αὐτοὶ
754 2437 890 2465 κατεχρη-

98 2475 208 2509 σὰμεθα
221 2483 228 2490 ⁸
246 2475 310 2502 ἔνθα
326 2476 376 2510 μὲν
390 2475 504 2510 κυρίως,
518 2475 566 2502 καὶ
586 2475 617 2501 τὸ
636 2475 701 2501 ἴδιον
711 2475 760 2510 τῆς
787 2475 886 2508 λέξεως

96 2522 272 2557 τηρήσαντες
294 2521 505 2557 σημαινόμενον,
525 2521 590 2548 ἔνθα
602 2521 631 2547 δὲ
645 2521 714 2556 πρὸς
728 2522 758 2549 τὸ
774 2521 887 2557 ἀδιάφο-

133 2613 143 2628 ⁷
156 2612 254 2640 Matth.
270 2619 345 2645 mn,
363 2612 406 2640 10.

136 2688 194 2724 (87)
213 2689 408 2717 Animadverte
419 2689 516 2724 dogma
533 2689 696 2717 catholicum
715 2690 748 2717 de
768 2690 886 2717 invoca-

103 2725 177 2751 tione
205 2729 233 2750 et
270 2725 461 2751 communione
492 2730 672 2757 sanctorum;
698 2729 793 2752 contra
823 2725 886 2753 illos

101 2759 246 2794 ham-uicos
260 2759 306 2793 qui
324 2759 391 2786 nihil
406 2759 559 2794 bujnsmodi
579 2760 693 2786 credere
711 2760 814 2786 volunt.

140 2794 196 2826 (88)
214 2793 270 2821 Hoc
284 2794 343 2821 loco
356 2795 442 2821 codex
460 2794 491 2829 (l.
514 2793 566 2821 219
581 2794 590 2827 )
615 2794 669 2820 Τοῦ
689 2795 814 2828 γραπτοῦ
839 2796 887 2822 καὶ

101 2829 330 2864 ἀτςεριγράπτου’
359 2829 485 2864 superius
521 2834 613 2857 autent
647 2829 772 2857 Antirrh.
793 2829 817 2863 Ι,
859 2831 886 2866 7,

939 2251 1042 2279 ferebat
1062 2250 1143 2278 abusi
1154 2257 1268 2283 sumus;
1292 2249 1390 2277 alicubi
1413 2249 1522 2283 proprie
1544 2249 1686 2283 loquentes
1697 2255 1724 2276 ct

937 2297 1088 2327 secundum
1109 2295 1285 2331 principalem
1312 2295 1435 2322 vocabuli
1455 2295 1640 2331 signiﬁcatum
1653 2303 1660 2329 ;
1673 2295 1724 2322 ali-

937 2343 998 2370 cubi
1043 2349 1107 2369 vero
1140 2341 1351 2368 indill'ercutiam
1380 2342 1524 2376 quamdam
1553 2341 1580 2368 in
1610 2341 1726 2368 dicendo

937 2388 1128 2415 servavimus:
1147 2388 1324 2422 promisimus
1341 2392 1429 2414 tamen
1443 2387 1500 2414 fore
1517 2391 1546 2414 ut
1561 2386 1658 2414 horum
1679 2394 1725 2413 vo-

938 2433 1095 2460 cabulorum
1115 2433 1285 2461 enucleatum
1306 2434 1442 2461 notionem
1469 2433 1727 2468 distiuctionemque

939 2479 1139 2510 exhiberemus,
1157 2479 1221 2506 etin
1250 2487 1303 2514 quo
1322 2480 1437 2507 invicem
1461 2479 1596 2513 dill‘erant,
1619 2485 1648 2507 ut
1668 2481 1726 2507 evi-

941 2523 1049 2550 dentior
1076 2523 1182 2551 illorum
1216 2524 1407 2560 interpretatio
1437 2529 1589 2560 settsusque
1624 2525 1726 2560 ignar's

1469 2567 1478 2577 ο

986 2692 1058 2731 lita.)
1138 2693 1273 2731 ἁγράπτῳ
1288 2693 1333 2720 καὶ
1356 2694 1570 2731 απεριγράπτῳ.
1598 2695 1726 2721 Attamen
1777 2688 1788 2698 ’

942 2728 985 2754 hic
1001 2727 1217 2762 Nicephorus'ad
1236 2727 1310 2755 illum
1327 2727 1560 2764 priorem—ducum
1586 2735 1727 2763 prmocal,

941 2770 995 2797 quo
1012 2764 1040 2789 lit
1066 2769 1094 2790 nt
1111 2764 1189 2790 lectio
1218 2765 1352 2799 γραπτός,
1381 2766 1423 2792 vel
1452 2765 1604 2799 ἄγραπτος,
1631 2765 1728 2791 eadem

941 2805 1000 2825 esse
1016 2799 1113 2826 (lt-beat
1132 2799 1283 2834 utrobique.
1301 2799 1408 2835 Eligant
1430 2808 1495 2835 ergo
1509 2799 1655 2834 philologi.

1120 2863 1139 2881 κ
