1951 3077
240 91 292 123 359

242 147 402 181 scriptione,
413 152 493 180 quam
507 143 570 170 facit
583 143 669 175 locus,
683 150 741 176 qua:
752 142 1032 176 terminosutriusque
1048 146 1066 173 Α

242 194 367 227 corporis
386 191 511 227 (scilicet
527 189 696 216 continentis
716 193 743 214 et
767 189 888 214 conti-uti
902 188 910 222 )
926 188 958 214 ad
983 196 1027 213 su-

243 239 379 272 perficiem
390 237 529 263 amboruut
544 235 666 270 adiungit
681 242 687 260 :
704 234 748 260 ubi
764 233 836 260 enim
853 240 893 260 cst
904 233 989 259 moles
1003 237 1031 259 ct

245 283 407 317 magnitudo,
416 288 527 308 necesse
538 286 579 307 est
590 281 725 314 cogitetur
735 279 815 305 simul
827 279 912 305 locus.
922 278 1029 305 Pictura

244 333 332 354 autem
351 327 429 362 longe
452 326 575 353 dissidet.
600 324 666 351 Nam
690 325 795 358 pictttra
821 323 930 357 quidem
948 331 1032 356 quan-

244 381 323 407 quam
341 372 457 399 diversis
478 372 504 398 in
524 371 608 403 locis,
631 370 810 397 nihilominus
826 370 935 397 delinite
953 369 1030 395 ciliu-

243 420 326 453 gitnr.
343 418 568 452 Circumscriptio
587 424 651 443 vero
666 435 674 448 ,
693 415 854 450 simpliciter
876 419 904 442 et
926 414 1031 442 induite

244 464 387 496 definiens,
396 471 457 490 cum
468 462 501 489 iis
511 462 649 493 omnibus,
661 468 829 495 timeumque
842 459 1030 487 circumscribi

244 513 341 535 natura
354 515 401 534 sua
420 513 542 542 possunt,
559 507 760 533 circumfertur.
775 506 832 532 Non
847 506 918 532 enim
935 506 960 532 in
979 505 1032 532 hoc

243 554 351 588 quidem
368 553 590 585 circumscribit,
610 553 635 579 in
651 552 697 579 illo
719 557 920 578 antcmsccus.
942 551 1032 585 Atque

245 599 332 635 imago
348 600 456 635 quidem
468 599 494 626 in
508 606 589 626 sensu
605 604 631 625 et
645 599 803 625 Ostensiono
815 602 871 624 tota
889 597 1029 631 consistit,

245 644 464 680 circumscriptio
487 653 552 672 vero
579 652 675 680 magna
691 652 723 671 ex
741 649 817 678 parte
843 643 869 670 in
889 643 1000 670 notione
1023 653 1030 671 :

246 692 363 718 fortasse
376 691 447 718 enim
471 691 557 718 solum
575 690 662 717 locum
679 689 950 717 circumscribcntem
970 695 1033 715 sen-

246 738 338 765 timus.
360 736 392 763 Et
415 742 444 762 ut
470 736 625 764 summatim
644 737 752 766 dicam,
768 743 819 762 nec
843 735 948 768 pictura
975 733 1031 761 cir-

245 783 405 810 cumscribit
422 783 574 813 hominem,
595 782 655 808 licet
672 782 706 808 sit
728 782 970 815 circumscriptus;
986 787 1032 806 ne-

245 838 298 864 que
311 829 528 862 circumscriptio
543 829 629 863 pingit
642 848 649 859 ,
662 828 769 854 etiamsi
782 827 827 854 ille
838 827 910 862 pingi
924 831 1011 861 potest
1025 845 1033 858 ,

247 881 392 909 utrumque
407 876 479 902 enim
507 876 643 902 rationem
665 883 742 902 suam
763 875 884 902 habebit.
901 875 1034 901 Prtetcrea

247 922 352 954 pictura
390 920 548 947 continetur
572 928 585 945 a
611 920 886 954 circumscriptione,
916 920 1035 946 circum-

246 965 359 999 acriptio
379 969 467 992 autem
484 972 536 991 non
554 965 709 992 continetur
727 972 740 991 a
756 965 927 997 pictura,scd
945 966 1033 992 conti-

248 1016 293 1037 net
310 1017 383 1043 eam;
397 1010 457 1037 ideo
475 1017 526 1036 nec
546 1009 573 1036 ﬁt
593 1009 784 1043 reciprocatio.
803 1008 896 1036 Latius
919 1017 1036 1044 namque

247 1061 322 1090 patet
340 1055 562 1089 circumscriptio
579 1063 586 1081 :
603 1063 664 1081 nam
685 1055 708 1082 si
724 1055 787 1089 quid
806 1059 848 1082 est
864 1055 965 1088 pictum
981 1075 988 1086 ,
1008 1055 1034 1082 id

246 1106 288 1128 cst
303 1101 457 1135 ﬁguratum.
475 1100 572 1132 homo,
594 1100 716 1135 inquam,
731 1105 758 1127 et
777 1101 834 1134 ipsa
851 1100 967 1134 pictura,
983 1107 1031 1128 seu

247 1146 381 1180 efﬁgiatus
407 1145 570 1177 character,
589 1145 657 1176 hmc,
688 1144 811 1179 inquam,
831 1144 883 1171 dici
911 1149 1037 1178 poterunt

753 87 783 117 S.
805 85 1015 117 NICEPHORI
1034 84 1290 116 'PATRIARCl-I/E
1310 84 1364 114 CP.

1821 83 1873 115 3ΰῦ

1084 141 1187 175 ἀμφοῖν
1216 140 1284 175 πρὸς
1314 141 1347 175 τῇ
1368 139 1515 174 ἑπιφανεῖᾳ
1531 139 1655 175 ἀλλήλων
1683 140 1719 166 τὰ
1747 140 1869 176 πέρατα·

1055 203 1059 207 ›
1081 187 1145 213 ἔνθα
1161 187 1215 222 γὰρ
1232 187 1313 221 ὄγκος
1332 186 1378 213 καὶ
1398 186 1523 221 μέγεθος,
1541 186 1570 217 ἐξ
1588 186 1713 221 ἀνάγκης
1729 186 1777 213 καὶ
1792 186 1873 217 τὸπνις

1083 233 1354 267 συνεπινοηΘήσεται.
1379 233 1410 258 'H
1426 232 1519 267 γραςὴ
1535 232 1562 258 δὲ
1574 232 1751 268 ὲκκεχιῗιρηκε
1769 233 1871 266 πολλῴ⁶

1082 279 1160 313 καὶὴ
1188 279 1280 314 γραφὴ
1297 286 1355 313 μεν,
1389 279 1413 304 εἰ
1440 278 1486 305 καὶ
1508 278 1647 313 διαφόροις
1665 278 1769 310 τόποις,
1801 279 1873 313 ὅμως

1081 323 1243 358 ὡρισμένως
1264 322 1406 350 τυποῦται.
1434 323 1466 349 Ἡ
1495 323 1655 358 περιγραφὴ
1681 323 1709 349 δὲ
1731 322 1873 359 ὸρῖζουσα,

1085 369 1179 400 ἁπλῶς
1202 369 1249 395 καὶ
1281 369 1415 403 ἀορίστως
1435 369 1520 394 πᾶσιν
1537 368 1555 395 ἃ
1578 368 1683 403 πέφυκε
1705 370 1876 404 περιγράφε-

1087 414 1149 441 σΟαι
1165 414 1380 450 συμπεριῆκται.
1408 415 1445 440 Οὐ
1466 414 1520 450 γὰρ
1540 416 1568 441 ἐν
1584 415 1652 450 τῷδε
1671 415 1720 449 μὲν
1738 421 1875 450 περιγρα-

1084 470 1139 495 φει,
1156 462 1184 486 ἐν
1201 460 1269 495 τῷδε
1284 461 1312 486 δὲ
1326 460 1367 486 οὗ.
1392 461 1447 486 Καὶ
1468 461 1484 495 ἡ
1502 461 1551 494 μὲν
1565 461 1593 487 ἐν
1615 460 1743 495 αἰσθήσει
1764 461 1810 487 καὶ
1824 461 1879 486 δεί-

1084 506 1123 538 ξει
1132 506 1163 532 τὸ
1175 507 1227 532 πᾶν
1237 506 1304 541 ἔχει,
1320 507 1336 540 ἠ
1347 506 1374 532 δὲ
1385 506 1415 532 τὸ
1428 506 1509 532 πλέον
1519 507 1641 541 ὲννοήσει
1652 515 1658 522 ·
1675 507 1746 541 τάχα
1764 506 1820 542 γὰρ
1830 507 1875 532 τὸν

1083 552 1289 587 περιγράφοντα
1310 553 1392 578 τόπον
1409 561 1453 583 τις
1473 552 1592 579 αἴσθοιτο
1605 551 1693 587 μένον.
1714 552 1767 578 Καὶ
1781 552 1876 582 ἁπλῶς

1083 599 1181 630 εἰπεῖν,
1196 598 1258 624 οὔτε
1272 599 1289 632 ἡ
1302 598 1394 633 γραφὴ
1412 598 1580 633 περιγράφει
1603 598 1647 624 τὸν
1664 598 1807 633 ἄνθρωπον
1824 599 1876 624 κᾶν

1085 644 1273 680 περιγραπτός
1298 645 1381 675 ἐστιν,
1397 643 1459 670 οὔτε
1481 645 1497 679 ἡ
1524 644 1683 679 περιγραφὴ
1699 645 1800 678 γρέιςει
1825 645 1877 670 κᾶν

1084 690 1208 724 γραπτός
1223 690 1298 717 ἐστιν
1308 697 1314 704 ·
1332 689 1462 724 ἑκάτερον
1479 689 1532 723 γὰρ
1548 689 1593 715 τὸν
1605 689 1701 716 ἑαυτοῦ
1716 689 1794 723 λόγον
1808 689 1876 722 ἔξει.

1083 736 1138 762 Καὶ
1155 735 1193 762 ἔτι
1209 736 1225 770 ἡ
1246 735 1294 770 μὲν
1307 735 1401 770 γραφὴ
1422 735 1580 770 περιέχεται
1599 735 1652 761 ὑπὸ
1668 735 1718 769 τῆς
1738 743 1878 770 περιγραυ

1085 782 1147 816 φῆς,
1160 782 1177 816 ὴ
1187 781 1215 808 δὲ
1227 781 1385 816 περιγραφὴ
1408 781 1438 807 ού
1455 781 1613 816 περιέχεται
1627 781 1673 807 ὑπ’
1691 781 1788 815 αὐτῆς,
1807 781 1879 807 ἀλλὰ

1086 827 1208 862 περιέχει
1224 826 1307 861 αὑτήν
1317 835 1323 841 ·
1334 826 1374 852 διδ
1384 825 1445 852 οὐδὲ
1457 826 1641 860 ἀντιστρέφει.
1660 825 1722 852 Ἐπὶ
1732 825 1815 852 πλέον
1824 827 1880 861 γὰρ

1086 872 1102 907 ἡ
1114 872 1272 907 περιγραφή
1285 878 1292 885 ·
1306 871 1365 898 εἴτι
1379 871 1429 906 μὲν
1441 871 1493 906 γὰρ
1511 871 1641 906 γραπτὸν,
1664 871 1762 906 ἧτοιτο
1780 872 1881 898 εἰκονι-

1087 917 1211 953 ζόμενον,
1227 918 1241 943 6
1252 917 1396 952 ἅνθρωπος
1409 917 1490 951 λέγω,
1501 917 1548 943 καὶ
1564 917 1633 952 αὐτὴ
1645 918 1662 952 ἡ
1675 917 1778 953 γραφὴ,
1792 918 1882 953 ἤγουν

1085 963 1099 988 6
1116 962 1309 997 τετυπωμένος
1335 962 1490 997 χαρακτὴρ,
1509 962 1622 997 φήσειεν
1638 962 1670 988 ἄν
1683 971 1722 994 τις
1739 963 1811 998 τάχα
1825 972 1880 989 που

1087 1008 1134 1034 καὶ
1148 1007 1348 1042 περιγραπτὸν,
1363 1007 1427 1042 περὶ
1441 1003 1472 1032 οὗ
1485 1007 1532 1034 νῦν
1545 1008 1613 1042 ἡμῖν
1626 1007 1718 1041 λέγειν
1731 1009 1881 1043 πάρεστιν,

1087 1053 1101 1079 ὃ
1124 1052 1263 1088 πανταχοῦ
1278 1053 1511 1088 ἐπισημαίνεσθαι
1531 1055 1595 1088 χρή.
1615 1055 1652 1080 Οὺ
1670 1055 1724 1089 γὰρ
1745 1055 1810 1091 περὶ
1831 1055 1882 1082 τοῦ

1089 1099 1183 1135 ἑτέρου
1198 1099 1300 1134 τρόπον
1324 1098 1446 1134 διέξιμεν
1457 1107 1463 1114 ’
1480 1099 1509 1126 οὐ
1527 1099 1580 1135 μὴν
1595 1099 1714 1135 ἔμπαλιν
1727 1100 1754 1126 εἴ
1763 1109 1789 1127 τι
1803 1109 1885 1137 περι-

1089 1144 1225 1179 γραπτὸν,
1242 1144 1321 1171 τοῦτο
1337 1145 1386 1170 καὶ
1404 1145 1538 1180 γραπτόν.

247 1195 328 1221 ctiam
344 1193 562 1226 circumscripta,
580 1193 611 1220 de
629 1193 727 1228 quibus
743 1199 816 1219 nunc
835 1199 925 1219 sermo
951 1192 1031 1219 nobis
1050 1196 1105 1225 est,
1119 1192 1190 1227 quod
1225 1191 1324 1227 ubique
1361 1197 1459 1220 notare
1475 1197 1601 1227 oportet,
1619 1201 1673 1220 non
1690 1194 1762 1221 enim
1781 1195 1813 1219 dc
1829 1195 1885 1221 alio

250 1241 330 1268 modo
345 1241 458 1275 agimus.
476 1238 533 1266 Non
553 1244 642 1265 tamen
659 1245 773 1271 remeat,
797 1244 824 1265 ut
844 1239 866 1265 si
891 1239 954 1274 quid
968 1245 1010 1267 est
1033 1240 1285 1275 circumscriptum,
1304 1241 1374 1268 idem
1403 1241 1484 1268 etiam
1498 1241 1533 1268 sit
1551 1241 1653 1276 pictum
1682 1241 1751 1276 (siVe
1768 1242 1884 1277 imago).

284 1285 413 1319 Exemplo
426 1285 540 1318 quodam
556 1290 625 1310 utar.
636 1284 749 1311 Annuus
759 1286 804 1318 qui
817 1286 917 1312 dicitur
929 1286 1033 1321 cyclus,

249 1336 279 1358 ιιι
304 1338 382 1365 atque
405 1337 496 1358 sermo
521 1330 603 1356 etiam
622 1334 714 1356 noster
729 1331 877 1364 procedat,
898 1332 1035 1360 mensuris

249 1377 352 1410 aliquot
366 1395 373 1407 .
391 1376 417 1402 id
439 1379 481 1402 est
505 1374 655 1402 intervallis
677 1375 815 1402 chronicis
831 1381 959 1410 quatuor,
979 1377 1037 1404 eir.

249 1420 430 1448 cumvolvitur
447 1428 455 1446 :
473 1419 534 1446 ideo
555 1424 583 1446 et
603 1419 792 1447 circumscribi
812 1420 920 1453 dicitur,
949 1429 1037 1456 quan-
1052 1431 1073 1459 ε

249 1474 330 1502 quam
353 1472 442 1500 neque
466 1464 597 1500 pingitur,
616 1473 705 1500 neque
725 1465 868 1501 figuratur.
894 1467 1037 1500 Quomodo

250 1513 323 1539 enim
336 1511 498 1546 figurarelur
509 1512 581 1545 quod
595 1512 686 1545 specie
698 1510 840 1546 lorum-pie
863 1518 947 1544 caret.
964 1513 1037 1541 ideo-

252 1565 305 1592 que
323 1564 411 1591 neque
428 1557 477 1584 sub
502 1557 588 1584 visunt
609 1557 682 1584 cadit
703 1564 792 1592 neque
815 1559 957 1585 subsistit?
972 1559 1036 1586 Nam

250 1603 395 1631 continuus
415 1609 476 1629 cunt
494 1602 547 1634 sit,
569 1603 700 1630 terminos
717 1611 777 1630 cum
801 1604 943 1639 principiis
966 1612 1037 1632 sent-

252 1656 301 1684 per
317 1649 464 1676 connectit.
479 1648 546 1681 Quia
560 1656 625 1683 ergo
639 1649 672 1676 ab
683 1649 781 1676 eodem
798 1649 831 1675 ad
843 1649 912 1676 idem
929 1650 1037 1685 signum

252 1695 466 1724 circumvolutus
489 1695 529 1722 sol
561 1694 735 1728 transfertur,
761 1695 959 1730 quodammodo
985 1697 1038 1724 cir-

251 1740 397 1768 cumscribi
416 1739 527 1766 dicitur.
544 1739 633 1773 Atque
649 1739 783 1774 principia
808 1742 836 1765 et
854 1740 962 1766 termini
979 1747 1039 1766 mu-

252 1792 313 1814 tuas
323 1787 512 1813 successiones
523 1792 576 1812 uno
592 1789 730 1813 momento
741 1789 897 1819 punctoque
909 1785 1038 1820 temporis

251 1841 284 1861 ac
307 1840 376 1867 pene
398 1830 596 1858 inst-.nsibiliter
618 1829 773 1858 absolvunt.
796 1830 836 1858 Ne
859 1831 931 1858 enim
950 1830 1037 1859 ﬂuens

253 1884 357 1912 tempus
379 1877 527 1904 humanam
543 1877 624 1903 vitam
649 1883 721 1903 caeco
737 1876 764 1903 in
784 1883 866 1904 cursu
886 1876 1037 1909 retineret,

253 1923 409 1957 nostrisque
425 1923 505 1950 rebus
520 1927 547 1948 et
569 1922 675 1948 actibus
691 1921 816 1948 confusio
828 1926 854 1948 el
872 1921 1039 1956 perturbatio

252 1975 336 2003 atque
351 1968 488 1995 anomalia
511 1967 709 2000 dominaretur,
729 1967 802 1994 nullo
818 1966 947 1993 chronico
963 1967 1040 2001 signo

254 2017 287 2042 iis
304 2015 478 2049 interposito,
491 2017 597 2048 tempus
617 2013 679 2045 hoc,
694 2013 814 2047 inquam,
831 2012 936 2044 diebus,
953 2012 1038 2044 horis,

254 2061 442 2093 hebdomadis,
462 2060 612 2091 mensibus,
625 2058 767 2093 annisque,
781 2059 907 2085 metimur
923 2063 967 2086 :et
975 2059 1038 2085 olim

254 2107 363 2141 quidem
376 2098 575 2141 olympiadibus
586 2109 612 2132 et
621 2104 809 2132 conSulatibus
816 2104 931 2139 aliisque
940 2105 1039 2132 tlimen-
1054 2110 1076 2137 Ι)

254 2152 377 2179 sionibus
392 2151 490 2178 tlccore
504 2150 731 2184 distinguebatur,
746 2154 776 2176 ut
792 2149 935 2184 perspicua
951 2153 978 2177 et
995 2157 1040 2176 ac-

254 2201 348 2222 curata
366 2203 456 2223 rcrum
472 2200 611 2230 gestarum
632 2194 762 2222 memoria
777 2199 996 2229 conservaretur,
1013 2200 1041 2222 οι

254 2243 316 2269 vitae
344 2246 420 2268 actus
445 2246 518 2268 recte
552 2241 771 2274 disponerentur.
797 2240 842 2268 Sic
868 2248 932 2275 ergo
958 2241 1039 2268 etiam

255 2286 356 2321 lloysis
372 2286 414 2312 lex
431 2292 517 2319 usque
528 2285 561 2311 ad
577 2284 764 2320 evangelicam
781 2285 930 2313 salutarent
942 2286 1041 2320 praedi-

253 2332 388 2357 catioriem
405 2329 553 2364 producta,
576 2333 701 2363 tempore
725 2330 847 2356 constitit
875 2335 902 2357 et
923 2331 1041 2358 circum-

255 2378 356 2411 scripta
380 2375 440 2402 fuit.
459 2375 612 2402 ldololatria
630 2382 709 2407 vero,
730 2382 876 2412 apparcnte
895 2376 1041 2410 Servatore

255 2429 348 2449 nostro
361 2421 424 2452 Deo,
442 2428 517 2455 teque
529 2420 877 2455 cessavitcircumscripta,
898 2429 985 2456 neque
999 2422 1040 2449 ul-

255 2467 340 2494 terius
356 2465 545 2501 progrcdieus,
559 2474 648 2500 neque
667 2466 770 2494 diutius
788 2474 853 2494 suos
874 2471 951 2494 actus
963 2475 1041 2495 exse-

254 2519 328 2538 rens.
343 2511 395 2538 Sed
409 2518 495 2545 neque
511 2511 553 2538 lex
566 2511 692 2546 quamvis
703 2511 922 2546 circumscripta,
938 2510 993 2548 79
1009 2513 1042 2540 fl—

253 2565 346 2593 gnratn
366 2557 481 2589 habuit,
500 2565 561 2584 cuiu
582 2566 630 2592 per
652 2565 682 2584 se
710 2558 776 2584 nihil
795 2557 830 2584 sit
853 2558 904 2585 nisi
923 2567 1040 2590 nomen,

254 2610 409 2636 quanquam
425 2603 483 2636 ejus
509 2602 635 2629 mandata
653 2602 807 2637 syllabatim
833 2603 999 2636 scribuntur,
1015 2609 1042 2631 et

255 2648 281 2675 in
305 2647 392 2674 sacris
406 2647 494 2675 Libris
511 2652 643 2682 perpetuo
660 2651 779 2682 manent.
796 2647 888 2683 Neque
901 2648 964 2675 item
981 2651 1041 2676 ido-

255 2693 360 2721 lolatria
377 2694 507 2729 pingitur,
523 2702 585 2721 cum
602 2693 672 2720 circa
689 2701 731 2721 res
747 2694 956 2723 insubsistentes
974 2704 1042 2724 vane

255 2738 371 2774 laboret,
386 2745 413 2767 et
427 2740 530 2774 absque
546 2740 636 2774 specie
652 2739 705 2766 ulla
721 2739 839 2775 figurave
852 2741 897 2768 sit.

1123 1284 1187 1313 Οἴόν
1196 1287 1222 1313 τί
1233 1295 1304 1322 φημι
1314 1293 1320 1301 ·
1340 1287 1368 1313 '0
1380 1287 1514 1318 ἐνιαύσιος
1530 1287 1696 1323 καλούμενος
1713 1288 1826 1323 κύκλος,
1839 1290 1885 1316 ἵνα

1089 1331 1136 1358 καὶ
1148 1331 1234 1370 οὕτως
1247 1333 1261 1358 6
1275 1332 1353 1366 λόγος
1367 1332 1433 1367 ἡμῖν
1449 1333 1494 1365 ἴοι,
1510 1333 1621 1368 μέτροις
1636 1334 1692 1360 τισὶ
1706 1335 1754 1360 καὶ
1769 1334 1885 1369 διαστή-

1092 1387 1158 1414 μασι
1170 1380 1308 1414 χρονικοῖς
1315 1379 1428 1414 τέτρασι
1441 1379 1654 1415 περιστρέφεται
1666 1388 1672 1395 ·
1685 1380 1780 1416 διόπερ
1794 1381 1885 1415 δὴχαὶ

1091 1425 1245 1460 περιγρίφε
1252 1425 1311 1451 ποιει
1321 1424 1442 1458 λέγεται,
1450 1425 1481 1451 ού
1490 1425 1628 1460 γράφεται
1636 1425 1674 1457 δὲ,
1683 1426 1742 1461 ἦτοι
1751 1426 1887 1458 εἰκονίζε-

1087 1477 1143 1494 ται.
1158 1468 1220 1500 [Ιῶς
1231 1469 1284 1503 γὰρ
1294 1468 1328 1495 ἂν
1342 1469 1389 1495 καὶ
1400 1469 1564 1505 εἰκονισθείη
1577 1470 1591 1496 ὅ
1602 1478 1633 1504 γε
1649 1470 1718 1506 μήτε
1731 1471 1887 1497 εἰδοποιοῦ-

1089 1522 1178 1549 μενος,
1188 1515 1255 1549 μήτε
1267 1514 1516 1549 σχηματιζόμενος,
1527 1517 1573 1542 καὶ
1584 1516 1629 1542 διὰ
1656 1516 1737 1543 τοῦτο
1752 1517 1820 1552 μηδὲ
1838 1517 1887 1544 ὑπ’

1088 1558 1148 1593 ὄψιν
1156 1560 1313 1594 ἐρχόμενος,
1327 1559 1384 1585 ἀλλ’
1393 1560 1453 1586 οὐδὲ
1464 1559 1607 1595 ὑπομένων
1617 1569 1625 1594 ς
1637 1561 1756 1597 Συνεχὴς
1767 1561 1824 1596 γὰρ
1835 1561 1886 1594 ὣν,

1087 1601 1221 1633 ’τὰ-οἰκεῖα
1233 1605 1341 1641 πέρατα
1350 1607 1406 1638 τοῖς
1422 1606 1468 1632 τοῦ
1482 1606 1581 1641 ἑφεξῆς
1596 1607 1684 1642 ἀρχὰς
1699 1608 1743 1634 ἀεὶ
1756 1608 1889 1643 ποιούμε-

1088 1659 1133 1682 νος
1146 1651 1336 1678 ὲπισυνάπτει.
1364 1651 1471 1683 ’Δπλῶς
1485 1651 1551 1686 γοῦν
1566 1652 1606 1687 τῷ
1621 1652 1676 1679 ἀπὸ
1690 1651 1737 1679 τοῦ
1748 1650 1834 1679 αι’)τοῦ
1848 1653 1889 1684 εἰς

1088 1697 1119 1723 τὸ
1133 1696 1198 1723 αὐτὸ
1216 1698 1331 1732 σημεῖον
1351 1697 1491 1729 κυκλικῶς
1508 1697 1731 1734 περιδινούμενον
1743 1699 1789 1725 τὸν
1809 1699 1889 1734 ἥλιον

1088 1740 1334 1774 ἀποκαθίστασθαι,
1359 1742 1485 1769 ὁπωσοῦν
1511 1743 1736 1778 περιγράφεσθαι
1762 1743 1888 1778 λέγεται.

1089 1787 1145 1814 Καὶ
1157 1786 1244 1818 οὕτως
1257 1786 1379 1822 ἀλλήλων
1400 1788 1450 1819 τὰς
1471 1787 1609 1824 διαδοχὰς,
1625 1787 1719 1824 ὥσπερ
1737 1789 1766 1815 ἐν
1790 1791 1890 1826 ἀτόμῳ

1089 1833 1137 1860 καὶ
1151 1834 1252 1869 ἀκαρεί
1277 1834 1325 1860 καὶ
1357 1833 1451 1868 σχεδὸν
1476 1833 1690 1869 ἁνεπαισθήτως
1715 1835 1888 1863 διανύουσιν.

1090 1881 1148 1907 Ἵνα
1163 1881 1217 1916 γὰρ
1235 1881 1273 1916 μὴ
1291 1881 1361 1917 ῥέων
1378 1881 1392 1907 6
1409 1881 1504 1917 χρόνος
1522 1882 1566 1907 ἐπ’
1581 1882 1672 1918 ἀδήλῳ
1687 1882 1720 1909 τὰ
1740 1884 1791 1917 τῆς
1811 1883 1889 1918 ζωῆς

1089 1927 1138 1962 τῆς
1150 1926 1328 1962 ἀνθρωπίνης
1343 1927 1530 1961 περιστήσειε,
1548 1926 1680 1962 σύγχυσίς
1703 1935 1734 1953 τε
1749 1927 1805 1955 τῶν
1824 1928 1889 1954 καθ’

1090 1973 1163 2007 ἡμᾶς
1184 1971 1357 2007 πραγμάτων
1373 1973 1420 1998 καὶ
1433 1972 1532 2005 ἀταξία
1549 1973 1596 1999 καὶ
1611 1973 1756 2007 ἀνωμαλία
1770 1974 1890 2009 ἐπικρα-

1090 2017 1160 2052 τοῖη,
1181 2017 1296 2052 μηδενὸς
1306 2017 1435 2051 χρονικοῦ
1449 2016 1563 2052 σημείου
1584 2016 1690 2049 τούτοις
1711 2019 1888 2054 ἐμφαινομέε

1092 2071 1149 2095 νου,
1166 2062 1286 2098 ἡμέραις
1301 2063 1347 2089 καὶ
1364 2062 1450 2098 ὥραις
1475 2063 1522 2090 καὶ
1542 2062 1675 2098 ἑϐδομάσι
1689 2064 1737 2091 καὶ
1755 2065 1825 2100 μησὶ
1839 2067 1889 2092 καὶ

1091 2108 1224 2138 ἐνιαυτοῖς
1247 2102 1400 2142 μετρεῖται,
1418 2108 1568 2143 ὀλυμπιάσι
1583 2117 1614 2135 τε
1642 2109 1672 2136 τὸ
1697 2110 1814 2136 παλαιὸν
1840 2112 1889 2138 καὶ

1092 2153 1247 2184 ὑπατείαις,
1273 2154 1320 2180 καὶ
1339 2153 1445 2189 ἑτέροις
1468 2153 1582 2190 μέτροις
1612 2155 1815 2190 κοσμούμενος,
1843 2158 1889 2184 ἵνα.

1093 2198 1180 2233 σαφὴς
1199 2198 1245 2224 καὶ
1263 2199 1456 2234 τετρανωμένη
1470 2199 1525 2226 τῶν
1546 2200 1743 2236 πραττομένων
1757 2202 1775 2237 ἡ
1790 2204 1888 2238 μνήμη

1091 2244 1267 2278 διασώζηται,
1280 2245 1327 2270 καὶ
1337 2245 1370 2270 τὰ
1381 2245 1409 2270 ὲν
1421 2245 1460 2280 τῷ
1473 2245 1523 2280 βίῳ
1535 2245 1706 2281 διευοετῆται
1722 2248 1890 2283 πράγματα.

1093 2289 1186 2321 Οὕτως
1204 2287 1250 2316 οὖν
1262 2290 1308 2316 καὶ
1323 2291 1336 2316 6
1352 2290 1421 2317 κατὰ
1437 2291 1538 2318 Μιοσέα
1550 2292 1633 2327 νόμος
1644 2293 1725 2327 μέχρι
1743 2293 1791 2320 τοῦ
1804 2295 1889 2329 εὐαγ-

1092 2334 1203 2368 γελικοῦ
1231 2335 1279 2361 καὶ
1294 2335 1431 2371 σωτηρίου
1453 2335 1634 2371 κηρύγματος
1655 2337 1770 2373 προῖὼν,
1795 2339 1890 2375 χρόνῳ

1091 2380 1156 2415 ἔστη
1174 2381 1222 2406 καὶ
1239 2380 1426 2416 περιεγράφη.
1452 2381 1537 2417 Kal!)
1561 2382 1766 2419 εἰδωλολατρία,
1784 2385 1888 2419 ἐπιφα-

1091 2425 1183 2458 νέντος
1197 2426 1244 2453 τοῦ
1262 2426 1388 2461 Σωτῆρος
1404 2427 1484 2462 ἡμῶν
1499 2427 1579 2460 Θεοῦ,
1591 2428 1722 2461 ὡσαύτως
1739 2431 1888 2466 κατήργη-

1091 2480 1135 2498 ται
1153 2471 1199 2497 καὶ
1215 2471 1448 2507 περιγέγραπται,
1465 2473 1505 2504 εἰς
1520 2473 1549 2499 τὸ
1557 2474 1651 2501 λοιπὸν
1663 2475 1732 2511 μήτε
1751 2477 1888 2511 προῖοὖσα

1093 2516 1162 2550 μήτε
1176 2516 1329 2551 ὲνεργοῦσα
1346 2517 1470 2544 πώποτε.
1494 2517 1563 2544 Ἀλλ’
1589 2518 1650 2546 οὔτε
1668 2521 1682 2546 6
1699 2521 1781 2556 νόμος
1796 2522 1889 2550 καίτοι

1092 2562 1281 2596 περιγραπτὸς
1306 2561 1354 2595 ὢν,
1383 2563 1559 2595 εῐκονῑζεται,
1586 2564 1652 2591 αὐτό
1675 2573 1706 2598 γε
1731 2565 1794 2592 καθ’
1820 2567 1888 2593 αὐτὸ

1091 2606 1210 2641 τοῦνομα
1230 2607 1318 2641 ψιλὸν,
1348 2609 1371 2634 εἱ
1398 2610 1445 2635 καὶ
1471 2610 1505 2636 τὰ
1523 2609 1691 2646 νομιξὸμενα
1713 2610 1888 2645 συλλαϐικῶς

1092 2651 1238 2686 γράφεται,
1256 2653 1303 2679 καὶ
1318 2653 1346 2679 ἐν
1364 2653 1472 2686 Βίϐλοις
1491 2654 1576 2688 ἱεραῖς
1593 2656 1637 2681 ἀεὶ
1649 2655 1890 2695 διαφέρεταικοῦι

1091 2705 1121 2723 τε
1138 2698 1153 2732 ή
1171 2698 1365 2734 εἰδωλολατρία
1381 2700 1529 2734 γράφεται,
1556 2702 1675 2737 πρᾶγμα
1701 2702 1767 2738 περὶ
1781 2703 1888 2731 ἀνυπό-

1093 2751 1178 2769 στατα
1204 2746 1481 2782 ματαιοπονούμενον,
1502 2748 1622 2776 ἀνεζδεόν
1643 2758 1672 2776 τε
1690 2749 1719 2777 ὂν
1736 2750 1783 2777 καὶ
1799 2750 1887 2787 ἀσχη-

1095 2797 1235 2824 ματιστον.
