1951 3077
250 159 302 192 367

766 161 796 190 S.
819 160 1029 192 NICEPHORI
1050 161 1302 192 PATRIARCHE
1321 161 1374 193 (ΖΡ.

1830 164 1880 196 368

250 216 398 243 clamitatis
412 236 418 249 ,
435 221 462 243 et
474 215 610 251 opinionis
622 216 797 250 lnopinabilis
813 216 938 244 hrresim
955 221 1024 244 secta

1076 239 1079 247 λ
1094 225 1149 249 τες,
1167 217 1214 243 καὶ
1230 217 1281 252 τῆς
1310 218 1447 252 δοκήσεως
1462 218 1619 251 δοξάζοντες
1631 220 1661 246 τὺ
1676 219 1808 255 ἀδόκιμον
1822 232 1830 254 ;
1852 222 1880 248 ’0

250 263 336 290 mini?
355 262 406 296 Qui
420 262 511 290 fasciis
526 262 682 295 involvitur,
699 263 725 290 in
745 263 861 297 prarsepi
879 263 1036 296 reclinatur,

250 315 275 336 et
294 310 362 336 intra
384 316 493 344 specum
510 308 680 341 continetur,
696 308 757 341 hic,
774 309 884 343 inquam
895 329 903 342 ,
918 309 1036 336 circum-

249 355 388 387 scribitur.
416 355 521 382 necne?
538 355 607 388 Quid
635 355 737 390 porro?
757 355 925 389 baptizatus,
945 355 1034 383 cruci-

248 401 336 433 fixus,
362 401 394 427 ad
420 406 574 428 extremum
596 406 773 428 monumento
794 401 949 435 conclusus,
967 402 1034 429 dell-

248 445 359 473 nimrue
375 447 418 473 his
441 451 524 481 atque
545 447 722 480 continetur,
746 447 859 475 necne?
878 446 946 474 Nam
963 447 1035 482 quod

246 500 298 519 non
319 497 360 519 est
384 493 643 528 circumscriptum,
662 500 694 520 ne
712 493 739 519 in
763 493 822 521 loco
836 494 944 528 quidem
968 499 1032 520 est:

246 539 316 572 quod
333 539 356 566 si
375 546 428 566 non
447 543 488 566 est
505 539 532 565 in
554 539 625 570 loco,
649 546 682 566 ne
697 546 796 574 corpus
812 540 919 574 quidem
936 549 943 566 :
962 540 1034 573 quod

244 585 266 613 si
291 592 344 612 non
365 590 407 613 est
434 593 545 620 corpus,
566 585 651 612 multo
674 586 764 612 minus
789 585 870 613 homo
894 591 946 614 cst.
964 587 1034 620 Ergo

245 639 334 667 neque
351 631 515 658 humanams
531 637 582 664 est,
607 640 694 666 neque
718 632 820 666 lapsam
843 638 968 660 naturam
988 641 1033 661 as-

244 677 372 712 sumpsit.
392 685 480 712 neque
497 686 572 704 more
596 677 682 704 nostri
702 678 782 712 hujus
806 680 941 713 corporis,
969 679 1032 706 talia

243 724 296 757 ιιιιιί
317 723 407 757 εοίίιίζ,
432 723 525 751 iisdem
545 724 684 758 suhjacuit
706 724 889 759 passionihus.
914 725 991 759 Quod
1009 726 1031 753 si

242 778 302 796 l‘ttlll
318 770 436 799 ruditate
451 777 482 797 ac
499 770 665 805 impudentia
677 775 768 797 vestra
785 779 931 805 parumper
944 771 1030 805 jncari

241 817 315 848 licet,
340 815 385 851 qui
415 816 654 843 circumscribitur
694 822 786 849 estne,
829 817 951 851 inquam,
979 816 1032 843 cir-

240 862 422 896 cumscriptus
444 860 550 888 necne?
567 860 632 887 Nam
651 861 703 888 hoc
731 861 850 896 denique
875 868 889 888 a
915 862 1032 896 stupidi-

241 912 293 934 tate
318 911 411 934 vestra
436 912 461 933 ct
485 907 598 934 vesania
624 907 677 934 dici
703 907 813 941 dignum
835 911 886 934 est.
904 907 1030 935 Attamen

240 961 274 979 ne
290 952 354 979 huic
371 952 480 987 quidem
503 951 682 987 propositioni
699 952 815 979 fortasse
830 952 1030 981 asscnticmini.

239 1000 274 1025 At
290 1006 354 1026 vero
373 999 430 1026 Inec
443 999 513 1033 apud
529 998 700 1026 Christianos
715 1006 802 1033 neque
818 1006 870 1026 non
885 999 1032 1027 credentur

240 1051 328 1078 neque
353 1043 470 1070 ludibrio
496 1048 587 1071 erunt.
614 1042 757 1078 Siquidem
774 1043 856 1070 etiam
881 1048 942 1078 post
958 1043 1030 1071 divi-

242 1097 303 1116 nam
330 1089 577 1122 resurrectionem,
593 1090 688 1116 eodem
713 1097 774 1116 cum
791 1097 916 1124 corpore,
944 1098 1030 1125 quan-

239 1144 320 1171 quam
368 1135 654 1170 incorruptibilitatem
690 1135 746 1171 jam
781 1137 898 1169 adepto,
937 1135 1030 1171 januis

238 1183 341 1210 rlausis
358 1182 477 1214 introiit,
494 1187 519 1209 et
538 1181 680 1216 diseipulis
696 1181 859 1217 palpandnm
875 1190 905 1210 se
918 1183 1027 1216 obtulit,

237 1228 376 1262 divinique
408 1228 502 1254 lateris
530 1227 673 1254 cicatrices
699 1235 803 1255 necnon
835 1228 974 1256 clarorum
1001 1229 1028 1256 in

238 1274 366 1300 manibus
383 1273 481 1308 quibus
500 1272 589 1299 fuerat
607 1271 771 1308 perloratus.
787 1273 920 1300 ostendit.
936 1273 1028 1307 Neque

236 1320 377 1347 attenditis
390 1329 395 1346 :
417 1319 539 1351 Quicum
556 1318 602 1345 illo
616 1319 832 1347 mundumriruus
847 1324 871 1346 ct
887 1319 1026 1346 bibimus’.

235 1365 368 1400 Quodque
392 1365 436 1392 his
454 1365 543 1392 adhuc
569 1365 721 1392 mirabilius
747 1370 805 1398 est,
823 1370 984 1400 corporatus
999 1366 1025 1393 in

236 1411 321 1439 rwlos
337 1411 507 1443 conscendit,
523 1418 676 1446 corpusque
689 1418 781 1439 secum
797 1419 893 1446 gerere
910 1419 1026 1446 conspe-

222 1462 296 1490 ctus
311 1461 363 1484 est.
391 1456 473 1491 idque
489 1457 571 1484 etiam
588 1461 694 1484 constat
716 1464 748 1484 ex
765 1457 924 1492 angelorum
941 1458 1025 1484 comi-

207 1494 211 1498 ’
237 1503 352 1530 tantitnn
372 1503 599 1538 dictorliscipulis
622 1503 751 1531 exaudito
771 1503 1023 1535 :Quemadmodum

234 1548 336 1575 vidistis
360 1557 418 1575 eum
444 1549 627 1576 ascendentem
649 1549 676 1576 t'n
699 1549 808 1581 callum,
832 1549 870 1576 sic
897 1549 1020 1576 veniet“.
1037 1568 1057 1596 ο

235 1594 336 1629 Nempe
361 1595 408 1629 qui
435 1596 467 1622 ad
490 1595 545 1630 82
559 1595 698 1622 dexteram
721 1593 767 1622 Del
791 1595 877 1628 sedet,
892 1600 1023 1622 venturus

233 1643 322 1668 denuo
335 1647 376 1668 est
390 1645 501 1676 paterna
521 1641 607 1676 gloria
631 1641 760 1676 stipatus.
774 1641 869 1668 eodem
885 1649 946 1669 cum
962 1648 1024 1669 cor-

234 1696 310 1722 pore,
328 1692 355 1715 ut
372 1689 453 1716 etiam
470 1696 484 1715 a
504 1687 712 1716 transﬁxoribus
728 1687 925 1722 conspiciatur,
944 1694 972 1715 et
988 1688 1023 1715 ab

234 1733 382 1762 incredulis
397 1733 535 1761 credatur.
559 1734 685 1765 Prorsus,
705 1738 734 1760 ut
749 1734 830 1761 verba
846 1734 878 1760 ad
893 1740 1023 1768 compen-

203 1773 206 1778 ’
232 1781 307 1807 dium
337 1779 499 1812 conferam,
527 1780 652 1807 ascensio
681 1779 741 1814 ejus
765 1779 874 1806 nonnisi
899 1778 1022 1813 corporis

232 1825 340 1860 propria
356 1830 415 1858 est,
436 1825 565 1853 nimirum
590 1825 625 1852 de
648 1825 708 1852 loco
724 1825 751 1852 in
776 1824 864 1852 locum
883 1824 1020 1852 transitio.

231 1871 301 1899 Sunt
333 1879 400 1906 ergo
432 1871 491 1899 haec
529 1868 731 1904 circumscripti
759 1869 883 1904 corporis
914 1868 1019 1902 ollicia,

230 1918 371 1953 corporis,
396 1917 525 1952 inquam,
545 1916 623 1943 nobis
642 1915 749 1945 similis.
768 1922 923 1950 quanquam
942 1913 1021 1941 nobis

230 1960 398 2000 Superioris,
430 1963 540 1991 etiamsi
571 1963 596 1990 hi
625 1962 734 1990 scelesti
757 1961 853 1989 nolint.
882 1961 942 1988 Etsi
960 1961 1020 1995 jam

229 2010 330 2037 diutius
349 2009 485 2037 Christum
501 2009 528 2036 in
543 2016 624 2035 carne
636 2017 688 2035 non
709 2007 890 2042 cognoscimus
901 2006 933 2034 ¹³.
953 2007 1019 2040 Qni-

230 2057 279 2082 bus
295 2054 386 2082 verbis
400 2053 586 2090 signiﬁcatur,
608 2052 748 2080 laboribus
765 2059 826 2079 eum
842 2051 899 2086 jam
924 2058 1018 2079 exelu-

227 2105 319 2135 ptum,
339 2100 428 2132 fame,
446 2099 509 2132 siti,
525 2103 552 2126 et
569 2097 736 2133 quibuslibet
758 2096 850 2125 carnis
872 2097 1017 2124 inﬁrmita-

228 2146 328 2179 Iisque,
341 2150 455 2177 excepto
467 2151 575 2178 semper
583 2147 707 2178 peccato,
718 2142 892 2177 passiouibus
903 2142 1015 2168 nostris.

228 2191 286 2217 Non
313 2191 385 2217 enim
413 2190 527 2217 ulterius
550 2189 576 2216 in
597 2189 706 2215 easdem
730 2188 873 2223 passiones
897 2186 1015 2220 incidet.

227 2241 372 2271 postquam
387 2235 438 2263 sibi
455 2234 543 2262 induit
558 2233 853 2269 incorruptibilitatem.

261 2325 305 2352 18.
332 2325 415 2352 Certe
443 2323 469 2350 lu
500 2327 571 2349 terra
608 2322 721 2357 degens,
751 2323 832 2349 etab
861 2321 1017 2351 hominibus

225 2375 400 2405 conspectus,
424 2376 484 2395 cum
506 2368 594 2402 iisque
622 2374 800 2399 conversaris,
816 2375 871 2403 quo
894 2373 1017 2404 tempore

226 2417 298 2443 intra
328 2414 459 2450 templum
492 2413 674 2448 corporaliter
711 2414 846 2442 cxsistcns
881 2414 1015 2448 docebat,

224 2469 299 2490 certe
315 2466 379 2488 tunc
391 2480 398 2493 ,
414 2461 524 2495 inquam
538 2481 546 2493 ,
565 2460 855 2488 circumscribehatur.
872 2460 931 2488 1am
951 2461 1015 2488 dum

225 2508 259 2535 ibi
284 2513 368 2540 esset,
397 2513 568 2541 nequaquam
590 2506 685 2533 eodem
703 2511 825 2540 tempore
851 2507 876 2533 in
903 2506 1016 2534 Galilaea

223 2561 331 2588 quoque
353 2551 531 2586 corporaliter
555 2555 632 2584 erat;
647 2559 804 2586 quanquam
826 2552 907 2579 simul
925 2553 1015 2580 omnia

224 2597 380 2633 (‘Olllplcbtll
396 2618 404 2630 ,
421 2603 449 2625 et
474 2597 574 2633 ubique
596 2603 623 2625 ct
644 2605 726 2633 super
741 2599 831 2625 omnia
849 2598 919 2626 Deus
939 2599 1012 2626 exsi-

224 2651 312 2677 atcnl,
335 2651 427 2680 atque,
445 2649 474 2671 ut
491 2644 535 2671 hic
551 2643 613 2671 licet
628 2643 731 2676 dicere,
746 2644 1009 2680 incircumscriptus.

223 2691 326 2719 Deinde
354 2689 493 2726 quomodo
517 2695 544 2717 et
563 2691 635 2718 unde
654 2691 680 2718 iu
705 2691 864 2718 Bethaniam
890 2692 1012 2726 transiit,

220 2739 267 2773 qui
283 2737 350 2765 dixit
366 2737 528 2771 discipulis:
544 2736 654 2764 Gaudeo
666 2743 773 2772 propter
791 2746 833 2765 vos
847 2742 874 2765 nl
886 2739 1009 2770 credatis.

221 2784 347 2819 quoniam
361 2783 396 2810 ibi
413 2791 464 2810 mm
478 2791 549 2810 eram
562 2783 594 2810 ".
606 2783 657 2817 Qui
680 2791 809 2819 maguum
831 2784 896 2811 illud
920 2790 1010 2819 patra—

254 2877 335 2903 Ἀρι.
353 2876 436 2910 ι,ιι.
477 2875 566 2903 "Act.
587 2883 607 2908 ι,
629 2874 672 2902 ll.

1089 263 1117 290 ὲν
1138 263 1307 298 σπαργάνοις
1334 263 1531 300 ἑνειλούμενος,
1553 265 1570 300 ἢ
1585 266 1614 292 ὲν
1639 266 1730 303 φάτνῃ
1746 267 1882 293 κατακλι-

1088 309 1212 344 νόμενος,
1228 310 1275 336 καὶ
1290 310 1357 336 εἴσω
1371 310 1504 346 σπηλαίου
1513 311 1655 346 γινόμενος
1666 311 1880 347 περιγράφεται,

1087 354 1103 390 ἦ
1115 355 1161 389 οΰ;
1173 356 1206 383 Τί
1217 356 1261 389 ae;
1276 356 1289 382 ὁ
1301 357 1543 392 περιτεμνόμενος,
1553 357 1600 384 καὶ
1614 357 1827 394 βαπτιζόμενος,
1836 360 1882 385 καὶ

1087 402 1301 436 σταυρούμενος,
1317 402 1367 429 καὶ
1383 402 1414 429 τὸ
1439 403 1550 430 πάντων
1573 403 1689 439 ἔσχατον
1705 405 1733 430 ὲν
1751 405 1881 440 μνημείῳ

1087 441 1330 482 κατακλειόμενοξ,
1350 448 1542 484 περιορίζεται
1566 449 1596 475 ὲν
1611 449 1719 481 τούτοις
1734 450 1782 476 καὶ
1806 459 1881 485 περι·

1089 492 1193 527 έχεται,
1213 493 1229 528 ἢ
1246 493 1295 526 ob;
1311 493 1347 520 Τὸ
1365 494 1420 529 γὰρ
1442 495 1479 529 μὴ
1506 495 1756 530 περιγραφόμενον,
1775 495 1837 522 οὐδὲ
1852 497 1879 521 ἐν

1086 538 1162 573 τόπῳ
1178 539 1252 566 ἐστίν
1266 548 1272 555 ⁸
1290 539 1315 565 εί
1335 538 1364 566 δὲ
1379 540 1430 566 οὐκ
1450 541 1478 566 ὲν
1495 540 1581 576 τόπῳ,
1598 541 1659 568 οὐδὲ
1688 541 1770 576 σῶμα
1782 549 1789 557 ο
1811 543 1836 568 εἰ
1850 541 1878 568 ει

1084 583 1115 610 οὐ
1134 583 1226 618 σῶμα,
1254 584 1346 620 πολλῷ
1365 585 1499 622 πρότερον
1518 586 1579 613 οὐδὲ
1598 587 1754 622 ἄνθρωπος.
1770 587 1877 614 Οὐκοῦν

1083 627 1145 654 οὐδὲ
1163 628 1385 664 ὲνηνθρώπησεν,
1418 630 1481 657 οὐδὲ
1511 630 1642 667 ἀνείληφε
1658 632 1709 667 τὴν
1735 633 1876 659 πεσοῦσαν

1086 672 1177 707 φύσιν,
1204 674 1251 701 καὶ
1277 672 1333 702 οἷον
1363 675 1393 702 τὸ
1420 676 1481 703 καθ’
1511 676 1586 712 ἡμᾶς
1613 677 1704 712 σῶμα,
1737 677 1751 704 ὅ
1788 678 1876 704 ταῦτα

1084 719 1200 754 πάσχειν
1229 721 1346 755 πέφυκε,
1375 722 1422 748 καὶ
1452 723 1508 753 τοῖς
1535 722 1668 755 τοιούτοις
1688 723 1873 750 ὑποπέπτωκε

1084 764 1208 791 πάθεσιν.
1238 764 1269 791 Εἰ
1294 765 1323 806 δὲ
1347 765 1401 802 χρὴ
1421 767 1490 801 πρὸς
1518 766 1568 802 τὴν
1591 767 1668 803 ὑμῶν
1689 768 1874 795 ἀπαιδευσίαν

1083 810 1131 836 καὶ
1149 811 1342 846 ἀναισχυντίαν
1368 812 1467 847 μικρόν
1482 820 1509 839 τι
1533 812 1743 848 προσπαίξαντα
1775 815 1873 844 εἰπεῖν,

1083 855 1289 891 περιγράφεται
1324 857 1339 883 ὁ
1369 858 1619 893 περιγραφόμενος,
1655 859 1671 894 ἢ
1706 859 1755 893 οὓς
1787 859 1874 887 Τοῦτο

1048 889 1133 937 Βτῆς
1170 889 1308 938 υμετέρας
1336 889 1541 940 ἐμϐροντησίας
1655 889 1874 946 ςέρενοέλαϐείας

1081 948 1171 975 εἰπεῖν
1198 949 1284 982 ἄξιον.
1313 950 1393 981 Ἴσως
1416 949 1470 985 γὰρ
1497 950 1557 976 οὐδὲ
1586 950 1673 986 τούτῳ
1691 951 1870 987 συνθήσεσθε.

1081 996 1118 1022 Οὐ
1142 995 1197 1031 γὰρ
1230 997 1305 1031 παρὰ
1333 996 1507 1031 Χριστιανοῐς
1533 997 1620 1024 ταῦτα
1647 999 1870 1034 ἀπιστηθήσεται

1080 1040 1096 1075 ἢ
1123 1040 1319 1076 παιχθήσεται.
1363 1042 1450 1068 Ὅπου
1478 1051 1510 1077 γε
1539 1042 1588 1070 καὶ
1615 1044 1684 1078 μετά
1713 1044 1764 1080 τὴν
1795 1045 1872 1072 θείαν

1082 1087 1242 1120 ἀνάστασιν,
1270 1087 1310 1123 τῷ
1330 1089 1403 1123 αὑτῷ
1428 1088 1545 1124 σώματι,
1580 1090 1669 1117 καίτοι
1698 1090 1747 1126 τὴν
1764 1091 1871 1128 ἀφθαρ-

1080 1131 1143 1158 σίαν
1162 1133 1445 1168 καταπεπλουτηκότι,
1473 1134 1563 1169 θυρῶν
1585 1134 1789 1169 κεκλεισμένων
1806 1137 1871 1163 τίσω

1079 1178 1196 1211 γίνεται,
1224 1179 1272 1206 καὶ
1300 1179 1358 1210 τοῖς
1388 1180 1525 1215 μαθηταῖς
1564 1180 1747 1216 ἐμφανίζεται
1780 1182 1870 1218 ψηλα-

1080 1225 1215 1259 φώμενος,
1231 1225 1278 1251 καὶ
1290 1225 1340 1256 τὰς
1349 1225 1465 1258 ὠτειλὰς
1476 1226 1526 1260 τῆς
1541 1226 1617 1258 θείας
1628 1226 1750 1262 πλευρᾶς
1758 1227 1870 1254 καὶτῶν

1078 1269 1151 1304 ἥλων
1171 1270 1227 1297 τῶν
1238 1272 1267 1297 ὲν
1285 1272 1390 1306 χερσὶν,
1413 1269 1455 1305 οἷς
1475 1272 1718 1309 διαπεπερόνηται,
1738 1274 1870 1309 παραδεί-

1078 1316 1269 1342 κνυσινεούδὲ
1292 1316 1440 1350 προσέξετε
1466 1319 1523 1350 τοῖς
1547 1317 1687 1352 λέγουσιν.
1719 1328 1727 1344 ι
1753 1319 1870 1352 ultu-ec

1078 1361 1289 1396 συνεφάγομεν
1311 1363 1367 1389 καὶ·
1386 1363 1573 1398 συνεπίομεν
1594 1363 1684 1396 αὐτῷ.
1711 1365 1768 1391 Καὶ
1787 1366 1819 1392 τὸ
1830 1366 1870 1392 ἔτι

1077 1408 1180 1433 τούτων
1208 1408 1436 1445 παραδοξότερον,
1461 1410 1509 1436 καὶ
1524 1410 1564 1442 είς
1589 1410 1721 1445 οὐρανοὺς
1741 1419 1868 1446 σεσωμαε

1075 1453 1199 1487 τωμένος
1213 1453 1311 1486 ἄνεισι,
1333 1455 1381 1481 καὶ
1391 1455 1430 1486 ὡς
1446 1455 1526 1490 σῶμα
1540 1455 1630 1490 φέρων
1642 1455 1795 1491 ὁρώμενος.
1815 1457 1868 1484 Καὶ

1075 1498 1187 1534 δηλοῦσι
1201 1501 1235 1527 τὰ
1252 1501 1310 1532 τοῖς
1330 1502 1565 1537 παραπέμπουσιν
1579 1502 1707 1536 ἀγγέλοις
1718 1503 1866 1538 λεγόμενα,

1075 1545 1124 1572 καὶ
1135 1545 1211 1582 παρὰ
1226 1548 1282 1578 τοῖς
1297 1547 1434 1582 μαθηταῖς
1444 1547 1612 1582 ἀκουόμενα,
1631 1549 1673 1575 ὅτι
1689 1550 1743 1576 Ὃν
1755 1551 1868 1583 τρόπον

1075 1590 1243 1620 ἐθεάσασθε
1256 1592 1350 1619 αὐτὸν
1371 1593 1577 1628 ἀνερχόμενον
1590 1595 1631 1627 εἷς
1652 1595 1704 1622 τὸν
1724 1595 1868 1629 oi'purtir,

1074 1637 1170 1671 οὕτως
1197 1638 1367 1675 ἐλεύσεται·
1389 1640 1435 1666 καὶ
1448 1639 1524 1672 ,κῈν
1551 1639 1627 1676 δεξιᾷ
1641 1640 1688 1667 τοῦ
1710 1640 1779 1667 Θεοῦ
1799 1641 1869 1668 καθ·

1074 1683 1215 1718 εζόμενον,
1226 1684 1275 1711 καὶ
1289 1685 1372 1712 πάλιν
1383 1685 1482 1720 ἥξοντα
1493 1685 1562 1721 μετὰ
1572 1686 1621 1721 τῆς
1637 1686 1776 1722 πατρικῆς
1786 1687 1869 1723 δόξης

1073 1730 1310 1767 δορυφορούμενον
1324 1731 1364 1767 τῷ
1388 1731 1465 1767 αὐτῷ
1480 1733 1654 1768 κεχρημένον
1672 1732 1791 1768 σώματι,
1824 1734 1870 1761 ἵνα

1073 1776 1120 1803 καὶ
1134 1776 1204 1812 ὀφθῇ
1231 1777 1285 1803 ὑπὸ
1310 1777 1366 1804 τῶν
1388 1768 1633 1813 ὲκκεντησάντων,
1660 1779 1707 1805 καὶ
1733 1780 1868 1816 πιστευθῇ

1073 1820 1125 1847 ὑπὸ
1146 1821 1200 1848 τῶν
1212 1822 1432 1857 ἀπειθησάντων.
1451 1823 1507 1849 Καὶ
1520 1823 1588 1854 ὅλως
1607 1823 1649 1850 ἵνα
1665 1825 1869 1852 συνοπτικώτε-

1072 1874 1120 1901 ρον
1137 1867 1270 1902 εἴπωμεν,
1283 1867 1314 1894 τὸ
1330 1867 1535 1902 ἀναϐεϐηκέναι
1547 1867 1639 1899 αὑτὸν,
1657 1868 1684 1894 τί
1697 1868 1763 1896 ἀλλο
1779 1869 1796 1905 ἢ
1816 1871 1869 1896 σῶ-

1073 1921 1158 1947 ματος
1175 1913 1251 1945 ἴδιον,
1265 1913 1315 1940 καὶ
1329 1913 1413 1940 τόπου
1429 1914 1458 1948 ἐξ
1470 1911 1501 1941 οὗ
1517 1915 1565 1941 καὶ
1575 1915 1615 1946 είς
1630 1914 1660 1941 δν
1675 1915 1866 1952 μεταδέὃηκε;

1071 1956 1203 1993 Σὼματος
1228 1955 1274 1985 οὖν
1304 1958 1392 1987 ταῦτα
1418 1959 1622 1995 περιγραπτοῦ,
1649 1962 1697 1988 καὶ
1721 1961 1770 1988 τοῦ
1803 1963 1867 1990 καθ’

1070 2003 1155 2039 ἡμᾶς,
1173 2004 1197 2030 εἰ
1211 2005 1259 2031 καὶ
1276 2004 1345 2040 ὑπὲρ
1359 2005 1444 2040 ἡμᾶς,
1462 2005 1513 2032 κᾶν
1526 2006 1564 2041 μὴ
1579 2006 1718 2042 βούλοιντο
1736 2008 1760 2034 οί
1774 2009 1866 2044 παρά-

1069 2058 1157 2084 νομοι.
1176 2051 1211 2077 El
1228 2050 1277 2077 καί
1293 2051 1402 2085 μηκέτι
1428 2052 1557 2085 Χριστὸν
1574 2053 1650 2080 κατὰ
1662 2053 1763 2088 σάρκα
1773 2055 1863 2089 γιγώ-

1071 2093 1236 2132 σκομεν.ᾯ
1249 2096 1378 2132 δηλοῦται
1397 2097 1492 2124 κόπων
1513 2098 1596 2124 αὑτὸν
1614 2099 1801 2136 ἀπηλλάχθαι,
1818 2102 1865 2128 καὶ

1068 2142 1166 2177 πείνης
1188 2145 1235 2170 καὶ
1249 2142 1340 2178 δίψης,
1354 2143 1403 2171 καὶ
1420 2143 1471 2170 ὃσα
1496 2143 1598 2178 σαρκὸς
1625 2145 1700 2180 πάθη
1717 2145 1764 2172 καὶ
1779 2147 1863 2173 ἀσθε-

1067 2188 1152 2221 νείας,
1176 2189 1224 2215 καὶ
1252 2188 1323 2224 πλὴν
1341 2188 1493 2224 ἁμαρτίας,
1523 2189 1660 2224 ἡμέτερα.
1680 2191 1717 2216 Οὐ
1744 2191 1800 2226 γὰρ
1820 2191 1861 2218 ἔτι

1031 2236 1124 2266 υτοῐς
1137 2235 1231 2266 αὐτοῖς
1261 2236 1453 2271 περιπεσεῖται
1482 2235 1593 2268 πάθεσι,
1622 2235 1672 2271 τὴν
1704 2236 1861 2272 ἀφθαρσίαν

1066 2280 1140 2314 ἅπαξ
1152 2279 1310 2312 ἐνδεδυκώς.

1104 2330 1149 2362 t‘q'.
1178 2327 1286 2362 Ἀμέλει
1305 2327 1352 2353 ἐπὶ
1366 2327 1415 2362 τῆς
1428 2327 1481 2362 γῆς
1496 2326 1544 2361 ὢν,
1562 2328 1611 2355 καὶ
1627 2330 1685 2359 τοῖς
1701 2322 1860 2364 ἀνθρώποις

1067 2372 1258 2407 ὀπτανόμενος
1277 2372 1326 2399 καὶ
1347 2373 1640 2408 συναναστρεφόμενος
1658 2393 1665 2405 ,
1682 2374 1767 2409 ἡνίκα
1783 2374 1860 2405 ἐντὸς

1067 2417 1115 2445 τοῦ
1137 2417 1212 2453 ιεροῦ
1234 2417 1403 2454 σωματικῶς
1425 2418 1559 2454 ὑπάρχων
1574 2419 1712 2451 ἐδίδασκε,
1727 2420 1858 2454 περιεγέ-

1065 2471 1185 2499 γραπτο.
1209 2462 1345 2490 Ἐνταῦθα
1364 2463 1392 2490 δὲ
1409 2463 1525 2499 παρὼν,
1540 2464 1592 2490 οὐκ
1611 2461 1646 2499 ἦν
1665 2464 1738 2490 κατά
1758 2466 1859 2491 ταυτὸν

1064 2509 1113 2536 καὶ
1126 2510 1154 2536 ἐν
1173 2511 1206 2545 τῇ
1224 2509 1356 2546 Γαλιλαίᾳ
1376 2513 1561 2544 σωματικῶς·
1577 2509 1667 2536 καίτοι
1683 2511 1774 2537 πάντα
1787 2510 1858 2546 πλη-

1065 2556 1132 2589 ρῶν,
1151 2557 1199 2583 καὶ
1215 2556 1369 2592 πανταχοῦ,
1385 2557 1434 2584 καὶ
1454 2557 1526 2593 ὑπὲρ
1542 2557 1573 2583 τὸ
1593 2557 1649 2583 πᾶν
1663 2557 1702 2588 ὡς
1719 2556 1789 2589 Θεὸς
1809 2558 1858 2590 ὼν,

1067 2603 1115 2630 καὶ
1130 2603 1168 2634 ὡς
1188 2603 1248 2636 ἐξὸν
1271 2600 1322 2630 ὦδε
1341 2604 1430 2630 εἰπεῖν
1451 2603 1675 2638 ἀπερίγραπτος.
1699 2603 1779 2630 Ἐπεὶ
1800 2605 1860 2636 πῶς

1067 2649 1115 2675 καὶ
1140 2649 1224 2676 πόθεν
1241 2649 1288 2676 ἐπὶ
1307 2649 1358 2685 τὴν
1388 2649 1526 2684 Βηθανίαν
1547 2648 1710 2683 μετάγεται,
1734 2650 1749 2676 ὁ
1773 2650 1860 2682 λέγων

1065 2696 1122 2726 τοῖς
1138 2694 1286 2730 μαθηταῖς,
1301 2696 1396 2730 Χαίρω
1409 2695 1446 2722 δι’
1456 2695 1537 2730 ὑμᾶς
1547 2696 1597 2722 ἵνα
1608 2695 1807 2730 πιστεύσητε,
1816 2699 1860 2725 ἔτι

1066 2742 1122 2768 οὐκ
1137 2741 1219 2775 ἥμην
1230 2741 1312 2773 ἐκεῖ;
1325 2742 1355 2768 τδ
1373 2742 1447 2777 μέγα
1463 2741 1630 2768 έπιτελέσων
1646 2742 1738 2768 ἐκεῖνο
1754 2743 1860 2777 μυστή-

1067 2794 1136 2821 ριον,
1150 2786 1185 2812 τὰ
1197 2787 1246 2822 τῆς
1261 2788 1353 2823 κοινῆς
1363 2787 1411 2815 καὶ
1427 2786 1578 2822 καθολικῆς
1593 2786 1772 2819 ἀναστάσεως
1790 2795 1860 2824 πέο-

713 2874 733 2890 "
749 2874 769 2901 ll
784 2874 846 2902 Cor.
863 2882 887 2907 ν,
911 2874 953 2904 l6.
993 2874 1104 2904 "Joau.
1116 2884 1154 2910 ιι,
1169 2876 1211 2903 15.
