1945 3078
227 107 261 138 75
598 138 601 141 ,
720 112 752 142 S.
774 111 985 143 NICEPHORI
1005 114 1260 145 PATRIARCH/E
1278 116 1333 146 CP.

1791 117 1843 149 376

221 186 1835 206 _______.______________________________

765 263 1084 310 ΑΝΤΙΡΡΗΣΙΣ
1120 268 1304 310 ΤΡΙΤΗ.

999 372 1036 380 -—

607 443 748 488 ΑΝἸῚ
761 445 1100 492 RRHETICUS
1156 447 1436 494 TERTIUS.

245 616 300 651 85
309 616 362 643 Sed
371 616 442 643 cnim
456 615 653 645 incredulitatis
661 617 831 652 defensores,
843 619 890 654 qui
903 626 994 647 rerum
1011 621 1034 650 Α

210 663 293 690 etiam
309 663 416 690 cunctis
428 663 633 698 perspicttarum
647 664 901 700 etpervulgatarum
921 672 1001 692 accn-

212 714 286 737 ratas
328 710 577 737 demonstrationes
607 710 761 745 requirunt,
784 710 829 744 qui
862 711 1000 744 negotium

213 753 362 788 impietatis
378 761 435 781 suae
462 753 575 786 iaciunt,
593 759 729 781 rectorum
748 754 878 782 Ecclesia:
891 755 1002 788 dogma—

213 803 268 825 tnm
280 799 504 832 subversionem;
523 804 605 834 atque
618 799 655 826 ita
667 807 716 827 ceu
731 799 917 834 eloquentium
933 799 1000 826 vali-

213 845 363 879 dorumque
381 844 607 878 dogvnatistarum
629 844 744 880 gloriam
764 845 835 880 apud
851 852 908 878 eos,
933 853 1003 880 quos

213 891 361 924 decipiunt,
389 895 532 923 venantes,
567 891 658 917 statim
679 898 711 919 ac
742 892 777 918 ab
801 892 861 926 ipsa
887 891 1003 919 veritate

214 939 401 970 coarguuntur
433 940 517 971 atque
550 941 723 971 premuntur,
763 935 798 963 ad
827 934 1001 963 inordinatas

215 982 429 1016 disceptationes
453 987 480 1010 et
499 983 687 1016 intempestiva
715 987 874 1018 argumenta
895 985 1005 1009 vertun-

213 1033 270 1058 tur.
283 1027 466 1063 proianasque
479 1027 673 1055 vocabulorum
684 1028 818 1056 novitates
829 1027 1003 1060 concinnant,

214 1073 366 1108 stnltasque
393 1078 420 1101 et
452 1073 556 1109 ineptas
585 1072 676 1101 hostili
706 1073 839 1101 adversus
864 1072 1003 1100 Christum

214 1119 306 1154 lingua
337 1120 499 1155 quaestiones
525 1123 710 1151 commovent,
727 1119 801 1147 circa
828 1119 908 1146 ﬁdem
936 1126 951 1146 a
974 1125 1004 1146 se

214 1166 347 1200 alnjectam
373 1165 609 1200 naul‘ragantes“,
635 1165 702 1193 nihil
728 1165 847 1193 scientes
872 1165 919 1192 sed
945 1164 1005 1191 lan-

214 1217 337 1246 guentes.
351 1217 380 1239 ut
394 1219 478 1239 sacrm
495 1211 605 1239 Littera:
613 1211 689 1239 aittnt
700 1211 733 1244 “’,
747 1211 827 1238 circa
840 1210 1004 1245 quaestiones

215 1261 242 1284 et
258 1265 361 1293 pugnas
377 1257 532 1284 verborum.
548 1257 729 1290 Quamobrem
746 1256 824 1284 nobis
839 1264 868 1284 se
883 1255 1006 1283 addubi-

217 1308 305 1330 tantes
317 1303 464 1337 exhibent;
480 1307 562 1338 atque
576 1303 648 1330 unde
670 1302 748 1330 nobis
768 1302 915 1337 imaginum
932 1302 1001 1331 ratio
1021 1297 1041 1324 Β

198 1351 294 1382 'capta
320 1348 405 1376 fuerit
420 1349 602 1384 interrogant,
619 1352 646 1375 et
660 1348 731 1375 unde
746 1349 866 1383 ipsarum
888 1355 1005 1375 vertera-

216 1394 256 1421 tio
267 1395 368 1421 tradita
379 1395 390 1421 ?
405 1400 548 1430 sperantes
556 1395 663 1422 scilicet
676 1394 754 1422 nobis
766 1394 799 1422 ad
810 1394 910 1422 incitas
927 1395 1005 1422 reda-

217 1439 268 1466 ctis
286 1439 412 1467 ﬁduciam
431 1439 597 1468 defuturam.

253 1485 278 1512 Ι.
293 1486 358 1521 Age,
369 1493 445 1518 vero,
464 1486 621 1519 huiusmodi
641 1486 797 1522 quaestioni.
814 1491 1001 1515 consentaneo

219 1539 268 1560 nos
283 1540 391 1567 quoque
408 1540 535 1560 sermone
552 1528 758 1568 respondemus.
777 1532 918 1562 Uudenam
931 1533 1007 1560 vobis

219 1578 438 1613 evangelicorum
455 1578 587 1606 librorunt
607 1578 742 1610 inventio.
761 1584 789 1606 et
807 1579 851 1606 illa
867 1586 947 1613 qnam
964 1579 1006 1606 his

219 1623 355 1651 adhibetis
367 1624 505 1652 veneratio
516 1624 703 1652 demonstrata
719 1624 781 1657 fuit,
798 1625 919 1659 itemque
935 1632 1002 1651 crux
1026 1626 1031 1630 '

218 1673 246 1696 et
274 1677 442 1704 quaecunque
473 1670 527 1697 alia
566 1670 592 1697 in
619 1670 838 1698 Christianorum
883 1670 1004 1698 Ecclesia

219 1716 352 1751 obsequio
381 1712 516 1751 cultuque
543 1713 680 1751 gaudent?
705 1716 770 1749 Qua:
794 1723 857 1744 cum
883 1716 1007 1748 audiunt.

219 1767 418 1797 exasperentur
430 1763 589 1798 plurimum,
609 1767 713 1790 etcum
739 1762 779 1790 ira
801 1762 934 1790 delinittnt
952 1769 1006 1790 non

219 1815 280 1835 esse
295 1810 328 1835 de
344 1807 386 1835 his
405 1807 612 1841 sciscitandum,
629 1812 782 1836 ntetuentes
796 1807 902 1835 scilicet
926 1815 960 1835 ne
982 1808 1008 1834 in

221 1855 347 1881 eamdem
365 1854 504 1882 nobiscum
523 1854 739 1882 controversiam
757 1854 889 1882 incidant.
907 1853 1010 1881 Deinde

219 1901 298 1937 quasi
309 1901 420 1928 aliunde
439 1908 491 1928 non
513 1900 620 1935 possint
632 1901 749 1928 evadere
765 1902 839 1935 (nam
857 1900 922 1937 quid
935 1899 1009 1927 aliud

220 1948 313 1975 dicere
338 1947 467 1983 queant?)
485 1947 519 1974 ad
537 1946 710 1974 traditionem
727 1946 907 1981 confugiunt;
928 1950 1010 1981 prout

221 1993 344 2020 homines
358 1993 446 2020 solent
469 1999 581 2020 carcere
596 1992 689 2020 emissi
716 1992 761 2027 qui
788 1991 821 2019 ad
840 1992 958 2026 spatiosa
982 1995 1010 2019 et

222 2039 306 2066 libera
325 2038 384 2065 loca
404 2038 563 2069 decurrunt.
583 2041 665 2072 atqtte
675 2036 828 2064 Ecclesiam
841 2036 897 2071 jam
918 2037 982 2064 inde
996 2044 1011 2063 a

222 2084 382 2120 primordiis
409 2083 566 2120 suscepisse
591 2083 722 2119 scriptam
751 2083 778 2110 in
805 2082 859 2110 illis
877 2082 956 2109 libris
980 2089 1012 2109 ac

223 2130 426 2158 manifestatum
445 2130 572 2164 gratiam,
600 2129 778 2164 respondent.
802 2128 889 2156 Porro
913 2129 936 2156 si
951 2129 1013 2164 quis

221 2177 338 2205 istorum
353 2175 572 2203 incredulitatem
588 2180 672 2210 atque
695 2175 882 2209 insipientiam
894 2179 1011 2209 spectet,
1024 2206 1027 2208 μ

221 2229 288 2250 sane
309 2222 381 2250 dicet
401 2229 470 2256 opus
496 2228 556 2249 esse
570 2220 636 2256 ipsis
665 2221 802 2256 scriptura
818 2221 882 2253 alia,
904 2221 1013 2255 aliaque

221 2274 359 2303 utcunque
375 2267 621 2301 demonstratione,
644 2275 704 2304 qua;
721 2268 909 2303 consignatam
924 2267 1012 2294 Evan-

221 2314 300 2351 geliis
314 2315 457 2342 veritatem
472 2317 620 2342 attestetur
633 2314 883 2349 atquecontirmet:
901 2321 1012 2342 rursus-

221 2369 275 2396 que
291 2362 355 2389 huic
369 2361 498 2388 secundae
521 2360 666 2395 scripturae
682 2367 750 2395 opus
763 2367 826 2388 esse
841 2360 908 2393 alia,
926 2365 1009 2395 atque

222 2409 260 2435 ita
279 2408 306 2434 in
327 2407 461 2434 inﬁnitum
482 2407 641 2442 procedere.

257 2452 311 2480 Sed
325 2453 378 2480 hoc
394 2460 460 2479 sane
476 2452 598 2486 ipsorum
611 2452 720 2488 ineptiis
734 2453 929 2481 concedamus.
944 2453 1013 2480 Tra-

222 2499 353 2527 ditionem
366 2499 550 2535 prmtendunt,
572 2507 653 2535 quam
673 2500 699 2527 in
716 2500 797 2528 rebus
813 2500 865 2528 sibi
882 2499 1014 2535 iucundis

223 2547 276 2573 vim
300 2546 402 2574 habere
422 2545 528 2578 volunt,
548 2545 575 2573 in
609 2546 733 2574 molestis
760 2551 852 2574 autctn
871 2545 1016 2581 repudiare

222 2597 360 2628 satagunt.
376 2593 459 2627 Atqui
477 2593 503 2620 iu
517 2593 625 2621 cunctis
638 2592 709 2620 idem
725 2592 879 2628 subjectum
893 2596 946 2624 est,
967 2599 1016 2627 par

1089 619 1160 645 Ἀλλ’
1173 618 1197 645 οἱ
1208 618 1258 654 τῆς
1270 617 1401 650 ἀπιστίας
1412 618 1611 654 προασπισταὶ,
1626 618 1673 645 καὶ
1686 618 1741 645 τῶν
1767 620 1844 654 παρὰ

1053 665 1121 690 πᾶσι
1139 664 1370 699 κατειλημμένων
1383 665 1430 691 καὶ
1444 665 1701 700 δεδημοσιευμένων
1717 665 1844 701 ἀκριϐεῖς

1052 709 1234 742 ἀπαιτοῦντες
1254 709 1306 742 τὰς
1328 709 1502 743 ἀποδείξεις,
1530 711 1624 746 ἐπειδὴ
1651 711 1769 746 μελέτην
1793 711 1846 747 τῆς

1052 755 1180 787 ἀσεϐείας
1194 755 1286 782 αὐτῶν
1305 754 1456 788 ποιοῦνται,
1474 756 1508 782 τὰ
1524 755 1593 791 ὀρθὰ
1607 756 1657 791 τῆς
1678 756 1844 791 Ἐκκλησίας

1052 801 1235 837 παρευθύνειν
1249 801 1385 837 δόγματα,
1396 801 1445 838 τὴν
1459 803 1491 829 ὲκ
1500 802 1547 829 τοῦ
1562 802 1636 836 δόξαι
1648 802 1753 835 δεινούς
1764 811 1843 834 τινας

1036 879 1039 881 _
1053 848 1101 875 καὶ
1117 848 1225 884 δριμεῖς
1248 845 1319 874 εἶναι
1333 847 1518 883 δογματιστὰς
1533 849 1610 884 παρὰ
1627 849 1680 875 τῶν
1699 848 1844 882 ἐξαπατω-

1055 895 1144 929 μένων
1152 893 1232 926 δόξαν
1245 893 1411 929 Θηρώμενοι,
1421 895 1485 922 ὅταν
1498 894 1544 921 ὑπ’
1557 894 1642 929 αὐτῆς
1651 895 1701 930 τῆς
1714 894 1845 929 ἀληθείας

1053 939 1219 975 ἐλέγχωνται
1236 940 1283 967 καὶ
1299 939 1449 972 πιέζωνται
1460 961 1468 973 ,
1489 940 1558 976 πρὸς
1575 940 1690 977 ὲρεύνας
1706 940 1845 972 ἀτάκτους

1054 986 1101 1013 καὶ
1111 986 1263 1020 ἀποδείξεις
1277 986 1411 1022 ἀκαίρους
1425 987 1648 1022 περιτρέπονται,
1666 986 1799 1021 βεϐήλους
1814 995 1845 1013 τε

1054 1033 1221 1067 κενοφωνίας
1231 1032 1396 1065 συντιθέασι,
1411 1027 1457 1059 και
1469 1032 1536 1068 πρὸς
1549 1032 1679 1068 ζητήσεις
1690 1032 1786 1068 μωρὰς
1797 1033 1846 1058 καὶ

1054 1078 1236 1110 ἀπαιδεύτους
1260 1079 1311 1113 τὴν
1325 1078 1519 1114 Χριστομάχον
1539 1078 1666 1113 γλῶσσαν
1688 1078 1843 1114 προΐενται,

1055 1125 1120 1161 περὶ
1134 1125 1185 1161 τὴν
1207 1125 1298 1152 πίστιν
1313 1125 1482 1160 ἀπωσμένην
1508 1125 1600 1154 αὐτοῖς
1624 1127 1843 1160 ναυαγήσαντες,

1056 1170 1139 1206 μηδὲν
1159 1170 1347 1205 ἐπιστάμενοι,
1366 1169 1508 1200 νοσοῦντες
1522 1170 1572 1202 δὲ,
1589 1169 1661 1197 κατὰ
1677 1171 1707 1196 τὸ
1724 1169 1848 1205 Γρᾰμμα

1054 1217 1084 1243 τὸ
1101 1216 1184 1252 ἱερὸν,
1200 1215 1397 1252 περιζητήσεις
1414 1215 1491 1252 [περὶ
1502 1215 1643 1251 ζητήσεις]
1662 1215 1709 1242 καὶ
1725 1215 1847 1250 λογομα-

1056 1262 1129 1297 χίας.
1146 1261 1192 1293 Ἐξ
1206 1258 1243 1288 ὧν
1258 1261 1436 1297 διαποροῦσιν
1452 1262 1530 1297 ἡμῖν,
1549 1261 1636 1288 Πόθεν
1657 1261 1721 1296 ὑμῖν
1736 1261 1848 1287 ἀνιστο-

1056 1307 1161 1343 ρεῑσοαι
1188 1307 1237 1339 τὰς
1261 1307 1370 1340 εἰκόνας
1392 1307 1603 1344 παρείληπται,
1634 1307 1683 1334 καὶ
1706 1308 1722 1342 ἡ
1741 1307 1849 1334 τούτων

1055 1351 1242 1388 προσκύνησις
1254 1351 1453 1387 παραδέδοται;
1468 1351 1558 1377 ἑλπίδι
1570 1349 1633 1383 τοῦ,
1647 1350 1716 1386 πρὸς
1734 1350 1765 1376 τὸ
1776 1349 1850 1384 ἀμή-

1055 1405 1138 1433 χανον
1152 1397 1279 1424 ἐντεῦθεν
1296 1396 1496 1432 περιωσμένων
1513 1397 1529 1432 ή
1535 1396 1603 1432 μῶν,
1617 1395 1667 1431 τὴν
1684 1394 1846 1431 παρρησίαν

1057 1444 1260 1479 περιαιρήσειν.

1091 1493 1127 1517 α’.
1154 1489 1198 1523 Ἐξ
1206 1487 1263 1517 ὀὖν
1274 1489 1326 1523 τῆς
1348 1489 1551 1525 ὲπαπορήσεως
1571 1487 1618 1515 τοῦ
1642 1487 1724 1521 λόγου
1738 1486 1769 1512 τὸ
1782 1485 1848 1512 ἀκό-

1056 1535 1152 1562 λουθον
1168 1536 1234 1571 ἡμῖν
1248 1535 1396 1567 ἐνδιδόντος
1410 1534 1645 1570 ἀνθυποφέρομεν
1656 1541 1663 1547 ·
1681 1531 1768 1559 Πόθεν
1782 1531 1849 1566 ὑμῖν

1058 1582 1112 1609 τῶν
1132 1580 1322 1616 εὐαγγελικῶν
1350 1580 1450 1616 βίὸλων
1470 1581 1487 1616 ή
1505 1579 1651 1616 ὲφεὺρεσις
1663 1598 1671 1609 ,
1687 1577 1737 1604 καὶ
1751 1577 1769 1612 ή
1781 1576 1849 1611 περὶ

1059 1627 1162 1658 ταύτας
1176 1627 1209 1663 ἦν
1219 1627 1340 1654 ποιεῖσθε
1358 1626 1546 1662 προσκύνησις
1557 1624 1780 1661 παραδέδεικται,
1794 1622 1810 1649 ὃ
1818 1630 1849 1649 τε

1060 1673 1197 1708 σταυρὸς,
1222 1673 1270 1699 καὶ
1292 1671 1377 1699 τᾶλλα
1398 1672 1485 1699 ὁπόσα
1504 1672 1532 1698 ὲν
1549 1672 1584 1706 τῇ
1602 1670 1656 1697 τῶν
1672 1667 1849 1704 Χριστιανῶν

1065 1718 1217 1754 Ἐκκλησία
1229 1718 1260 1745 τὸ
1274 1718 1357 1750 σέσας
1370 1718 1418 1745 καὶ
1437 1717 1486 1753 τὴν
1506 1716 1694 1753 προσκύνησιν
1713 1714 1850 1750 ἀποφέρε-

1060 1773 1105 1792 ται
1117 1773 1124 1798 ;
1138 1764 1198 1799 Ἐφ’
1209 1761 1250 1796 οἷς
1262 1764 1301 1795 ὡς
1318 1763 1434 1790 πλεῖστα
1452 1761 1651 1799 τραχυνόμενοι
1667 1769 1697 1788 τε
1709 1761 1758 1788 καὶ
1768 1761 1850 1796 χαλε-

1060 1810 1203 1841 παὶνοντες
1216 1809 1423 1845 νομοθετοῦσιν,
1439 1809 1476 1841 ὡς
1486 1809 1537 1835 οὐκ
1550 1807 1610 1840 ἐξὸν
1623 1806 1727 1834 τούτων
1742 1807 1847 1834 πυνθά-

1059 1855 1153 1883 νεσθαι
1169 1854 1273 1887 ἕνεκεν,
1297 1854 1334 1890 μὴ
1350 1855 1405 1886 τοῖς
1429 1854 1521 1885 αὐτοῖς
1536 1854 1603 1888 ἡμῖν
1616 1852 1793 1888 περιπέσοιεν
1808 1852 1850 1878 λό-

1061 1909 1121 1936 γοις
1135 1900 1343 1936 εὐλαϐούμενοι.
1355 1898 1421 1927 Εἶτα
1437 1900 1474 1932 ὡς
1490 1899 1540 1926 οὐκ
1552 1899 1612 1926 ἐνὸν
1626 1900 1718 1930 αὐτοῖς
1729 1898 1850 1932 ἑτέρωσέ

1062 1957 1108 1974 ποι
1117 1947 1252 1983 προϊέναι,
1272 1947 1309 1981 (τί
1319 1947 1373 1984 γὰρ
1385 1947 1418 1974 ἂν
1430 1946 1477 1974 καὶ
1488 1946 1593 1973 εἴποιεν
1608 1945 1702 1982 ἕτερον
1711 1944 1788 1981 ;)tm
1800 1944 1852 1979 τὴν

1063 1994 1212 2030 παράδοσιν
1237 1993 1442 2029 αὐτομολοῦσι·
1469 1992 1597 2028 καθάπερ
1617 1992 1642 2018 οἱ
1666 1991 1720 2018 τῶν
1741 1990 1852 2025 δεσμῶν

1062 2040 1218 2076 ἀφιέμενοι,
1235 2040 1281 2066 ἐπὶ
1296 2039 1327 2066 τὸ
1341 2039 1484 2075 ἀνειμένον
1499 2039 1658 2073 ἐπείγονται
1674 2037 1724 2064 καὶ
1741 2036 1851 2064 ἐλεύθε-

1063 2097 1122 2124 ρον,
1136 2088 1184 2115 καὶ
1201 2088 1231 2115 τὸ
1245 2089 1294 2115 ἀπ’
1311 2088 1398 2123 ἀρχῆς
1408 2086 1531 2122 δεδέχθαι
1547 2086 1597 2124 τὴν
1618 2084 1784 2120 Ἐκκλησίαν
1802 2083 1853 2118 τὴν

1063 2135 1263 2171 γεγραμμένην
1278 2134 1308 2161 ὲν
1321 2135 1413 2166 αὐτοῖς
1428 2134 1475 2161 καὶ
1488 2133 1659 2168 δηλουμένην
1676 2131 1768 2167 χάριν,
1785 2138 1850 2166 upo-

1061 2182 1198 2216 τσχονται.
1214 2178 1299 2207 Εἶπεν
1308 2181 1340 2208 ἄν
1354 2189 1397 2212 τις
1408 2179 1478 2215 πρὸς
1487 2179 1518 2206 τὸ
1534 2179 1648 2206 ἄπιστον
1661 2178 1708 2204 καὶ
1722 2176 1854 2204 ἀσύνετον

1064 2227 1156 2254 αὐτῶν
1173 2226 1245 2259 ἰδὼν,
1258 2226 1296 2258 ὡς
1312 2226 1396 2262 ἄλλης
1416 2226 1510 2257 αὐτοῖς
1529 2225 1620 2261 δεήσει
1640 2223 1820 2259 συγγραφῆς,
1835 2222 1852 2258 ἦ

1064 2271 1190 2299 ὁπωσοῦν
1211 2271 1308 2306 ἐτέρας
1323 2270 1489 2302 ἀποδείξεως
1502 2291 1510 2302 ,
1529 2271 1560 2297 τὸ
1580 2271 1609 2297 ἐν
1624 2269 1740 2300 ἐκείνοις
1754 2267 1855 2303 ἀληθὲς

1065 2317 1335 2353 προσμαρτυρούσης
1356 2317 1403 2344 καὶ
1421 2316 1602 2353 βεϐαιούσης,
1621 2316 1669 2343 καὶ
1687 2314 1775 2351 ταύτῃ
1791 2313 1851 2341 ἑτέ-

1067 2373 1128 2401 ρας,
1146 2364 1194 2392 καὶ
1208 2363 1278 2390 levat
1293 2363 1340 2390 ἐπὶ
1351 2362 1382 2389 τὺ
1397 2363 1523 2398 ἄπειρον.

1108 2455 1190 2483 Ἀλλὰ
1215 2455 1296 2482 τοῦτο
1319 2455 1370 2491 μὲν
1385 2455 1446 2486 ταῖς
1461 2453 1575 2481 ἐκείνων
1592 2452 1768 2488 ἁδελτηρίαις
1785 2460 1856 2487 παρ-

1066 2503 1180 2539 ήσομεν.
1197 2501 1354 2537 Παράδοσιν
1367 2500 1592 2537 προχειρίςονται
1605 2520 1613 2532 ,
1627 2500 1660 2535 ἢν
1670 2513 1673 2515 >
1685 2499 1728 2533 ιφν
1742 2495 1783 2529 οἷς
1808 2497 1856 2533 μὶν

1065 2549 1175 2584 ἥδονται
1190 2547 1338 2583 κρατύνειν
1365 2546 1515 2576 ἐθέλουσιν.
1530 2546 1573 2580 ἐφ’
1593 2542 1634 2577 οἷς
1660 2544 1688 2571 δὲ
1711 2543 1855 2579 ἄχθονται,

1066 2593 1252 2629 ἀπαγορεύειν
1270 2592 1460 2623 σπουδάζουσι.
1484 2591 1584 2618 Καίτοι
1599 2592 1628 2618 ὲν
1640 2590 1742 2617 ἅπασιν
1758 2590 1776 2624 ή
1792 2589 1858 2615 ὑπό-

224 2640 354 2675 temporis
368 2647 476 2674 cursus,
490 2640 641 2667 auctoritas
656 2640 765 2667 eadem.
783 2639 837 2667 Sed
856 2639 921 2673 quid
934 2638 1008 2674 quis-

1068 2640 1142 2669 οεσις
1156 2640 1172 2674 ἡ
1185 2638 1266 2673 αὐτὴ,
1284 2638 1332 2665 καὶ
1347 2638 1361 2665 ὁ
1380 2638 1475 2674 χρόνος
1490 2638 1650 2673 σύνδρομος,
1667 2636 1714 2662 καὶ
1727 2634 1757 2661 τδ
1774 2635 1859 2669 γέρας

224 2687 295 2720 piam
323 2686 398 2714 dicat
421 2687 590 2719 hominibus,
623 2686 668 2721 qui
696 2693 786 2721 neque
818 2686 899 2713 factis
927 2694 1008 2721 neque

1068 2686 1212 2722 ὁμότιμον.
1243 2684 1324 2712 Ἀλλὰ
1340 2685 1367 2711 τί
1391 2685 1424 2712 ἄν
1445 2694 1487 2717 τις
1510 2685 1582 2711 εἴποι
1608 2683 1676 2719 πρὸς
1696 2681 1857 2716 ἀνθρώπους

224 2733 315 2761 verbis
328 2732 457 2765 credunt,
475 2740 525 2760 nec
539 2731 602 2768 quid
614 2731 762 2767 loquantur
774 2732 814 2760 vel
828 2732 891 2767 quid
903 2732 1002 2761 audian

1072 2732 1140 2768 μήτε
1154 2731 1226 2767 ἔργῳ
1241 2731 1308 2767 μήτε
1325 2731 1396 2767 λόγῳ
1415 2730 1602 2767 πειθομένους,
1623 2729 1692 2765 μήτε
1705 2727 1722 2756 ἃ
1737 2727 1857 2762 λέγουσι,

263 2820 298 2848 "l
309 2820 378 2848 Tim.
394 2830 413 2855 I,
431 2823 472 2849 i9.
514 2823 534 2839 "
550 2822 559 2849 Ι
577 2821 647 2850 Tim.
667 2822 743 2856 v1.5.
