1945 3078
101 138 154 170 377

472 143 786 187 ᾼΝΤΙΒΒΗΕΤΙΟΙΙΞ
807 144 853 174 III
873 143 904 173 Al

957 168 958 171 η
977 143 1274 174 CON'STANTINUM
1294 145 1400 176 COPB.

1687 147 1740 179 378

104 196 177 230 μήτε
190 195 208 223 ἀ
220 196 351 224 ἀκούουσι
370 198 513 230 συνιέντας
526 220 533 231 ,
547 200 597 234 τῆς
614 199 643 226 δὲ
659 199 765 226 ἑαυτῶν
775 200 900 233 ἀπεγνω-

957 199 1053 232 sciunt,
1070 205 1097 226 et
1119 201 1151 227 de
1178 208 1226 227 sua
1252 201 1340 228 salute
1367 200 1740 236 desperantiNiltilominus

104 241 190 273 κότας
208 244 363 279 σωτηρίας;
382 244 480 279 Ὀμως
493 245 516 271 δ’
532 245 579 271 οὖν
595 245 610 271 ὸ
622 245 671 280 τῆς
684 244 815 280 ἀληθείας
828 245 898 280 παῤ-

107 288 272 323 ῥησιάσεται
296 289 385 324 λόγος.
413 290 525 325 Πρῶτον
540 291 568 317 δὲ
596 291 683 317 ἐκεῖνο
706 292 794 317 εἰπεῖν
813 290 898 323 ἄξιον,

104 334 147 359 ὃτι
171 334 292 368 μάλιστα
313 337 342 361 ἐν
361 337 417 366 τοῖς
439 336 505 370 περὶ
532 336 602 362 Θεοῦ
624 336 781 371 λεγομένοις
800 345 830 362 τε
854 336 901 362 καὶ

104 379 296 415 ἀκουομένοις,
312 381 371 415 μετ’
386 380 530 413 εὐλαϐείας
542 381 590 416 τῆς
604 382 800 419 προσηκούσης
813 390 898 417 προσ-

107 425 180 451 ιέναι
201 425 265 461 χρὴ,
283 425 358 461 φόϐῳ
377 426 442 461 θείῳ
456 426 696 462 κατηρτισμένους
707 436 714 442 ·
730 426 791 454 εἶτα
808 428 899 454 πίστιν

107 471 137 497 ἐν
150 471 258 503 τούτοις
281 472 417 506 ἡγεῖσθαι,
442 473 490 499 καὶ
506 473 599 500 πίστιν
617 473 764 508 τιμᾶσθαι,
780 473 827 500 καὶ
839 474 899 504 ταῖς

106 514 211 550 ψυχαῖς
223 517 448 552 προενιδρύσθαι,
461 518 508 544 καὶ
522 518 551 545 ὲν
567 518 697 555 εὐθύτητι
712 519 825 554 καρδίας
836 518 900 550 τοὺς

107 561 175 596 περὶ
193 562 365 598 τηλικούτων
386 563 482 598 λόγους
500 563 691 599 ὑποδέχεσθαι,
708 565 795 591 κενῶν
809 564 838 591 δὲ
852 565 901 592 καὶ

109 607 237 641 ματαίων
259 608 423 644 ἐρωτήσεων
440 609 593 644 ἀπέχεσθαι
607 629 615 642 ,
630 609 691 642 τούς
718 619 748 637 τε
767 609 901 646 γραώδεις

109 651 214 687 μύθους
224 654 271 681 καὶ
282 654 332 686 τὰς
348 655 480 690 βεϐήλους
492 656 661 690 κενοφωνίας
672 657 712 688 είς
724 657 754 683 τὸ
769 656 902 688 παντελὲς

108 699 335 733 ἀποτρέπεσθαι,
356 701 387 727 οὺ
403 701 552 737 προσέχειν
572 702 601 728 δὲ
623 702 809 737 γενεαλογίαις
832 702 901 728 ἀπε-

110 744 231 780 ράντοις,
245 745 316 772 καθὰ
327 746 358 772 τὸ
373 747 493 782 Γράμμα
506 747 538 773 τὺ
551 747 624 782 ἱερὸν
640 747 786 782 δεδίδαχεν,
805 746 833 773 αῖ
852 747 902 782 ζη-

109 791 205 826 τήσεις
222 792 375 827 παρέχουσι
395 792 508 827 μᾶλλον,
528 793 544 828 ἢ
572 793 730 828 οἰκονομίαν
758 792 827 819 Θεοῦ
852 793 902 828 τὴν

110 839 140 863 ἐν
168 837 280 871 πίστει,
300 839 369 874 μηδὲ
398 839 492 873 ζητεῖν
511 840 561 875 τὴν
587 839 631 866 διὰ
647 839 701 866 τῶν
719 840 839 874 σημείων
855 840 902 866 καὶ

111 883 274 918 παραδόξων
297 883 386 919 ἔργων
404 885 542 912 πίστωσιν
567 886 615 912 καὶ
636 884 786 918 ἀπόδειξιν,
806 884 902 920 ἢγοῦν

111 929 265 964 ἀμφίϐολον
285 930 335 966 τὴν
353 930 468 966 γνώμην
486 931 559 966 ἔχειν
576 931 642 966 περὶ
664 930 700 957 τὰ
713 930 818 965 καίρια.
837 931 903 957 Ἰου-

111 975 206 1002 δαϊκὸν
226 975 307 1002 τοῦτο
333 977 364 1003 τὸ
382 977 553 1013 ἐπιχείρημα
566 996 574 1009 ,
596 976 720 1003 ἀπίστων
732 977 790 1003 ἐστὶ
806 976 837 1003 τὸ
853 985 904 1002 κα-

112 1021 272 1058 κούργημα.
287 1022 365 1048 Τίσιν
382 1022 434 1058 ἔφη
447 1023 462 1049 ὁ
475 1023 578 1058 Κύριος
589 1043 596 1054 ,
612 1023 646 1049 Ὢ
659 1022 746 1056 γενεὰ
763 1021 902 1054 ἄπιστος,

110 1067 241 1102 σημεῖον
248 1067 389 1102 ἐπιζητεῖ,
401 1068 450 1095 καὶ
464 1068 591 1103 σημεῖον
601 1069 637 1095 οὐ
644 1067 804 1101 δοθήσεται
814 1066 902 1101 αὐτῇ,

110 1115 182 1142 ἀλλ’
207 1115 227 1149 ἣ
249 1114 283 1141 τὸ
303 1114 432 1149 σημεῖον
457 1113 538 1142 Ἰωνᾶ
563 1114 616 1141 τοῦ
645 1113 821 1148 προφήτου;
842 1114 903 1148 οὐχὶ

110 1161 167 1191 τοῖς
179 1158 341 1186 ἀπειθοῦσιν
362 1159 501 1191 Ἰουδαίοις
511 1180 518 1192 ,
533 1159 581 1186 καὶ⁸
602 1160 645 1186 ἀεὶ
658 1160 697 1194 τῷ
720 1159 790 1195 ἁγίῳ
804 1159 904 1194 διαμα-

111 1205 239 1239 χομένοις
255 1204 411 1239 Πνεύματι;
438 1205 508 1240 Μηδ*
525 1202 558 1232 αὖ
583 1205 654 1241 πρὸς
679 1206 841 1241 περιέργους
857 1206 904 1232 καὶ

111 1250 296 1283 ἀπαιδεύτους
310 1251 424 1287 ἑρεύνας
439 1251 616 1285 ἀπάγεσθαι,
634 1251 661 1278 αἱ
676 1251 841 1287 λογομαχίας
857 1253 905 1278 καὶ

110 1296 213 1332 λέσχην
223 1296 340 1331 γεννῶσι
358 1297 469 1332 μᾶλλον,
486 1299 502 1334 ἢ
515 1297 595 1331 λόγον
607 1297 759 1333 εὗχρηστον
774 1298 821 1324 καὶ
832 1298 905 1332 ὼφέ-

110 1342 191 1377 λιμον
203 1350 211 1359 ³
228 1343 297 1377 μήτε
315 1342 369 1378 μὴν
383 1343 453 1378 πρὸς
476 1343 672 1374 ἀποδεικτικὰς
691 1343 815 1378 ἀνάγκας
830 1343 904 1377 λογι-

111 1388 175 1419 καίς
196 1387 320 1422 μεθόδοις
340 1387 550 1422 προαγομένους
572 1387 617 1414 διὰ
640 1388 694 1414 τῶν
708 1388 840 1422 ἐντέχνων
857 1388 904 1414 καὶ

112 1432 318 1467 σεσοφισμένων
336 1432 436 1466 λόγων,
459 1433 505 1459 ἐπὶ
526 1434 576 1464 τὰς
596 1432 699 1459 τούτων
722 1432 904 1467 καταφεύγειν

111 1478 309 1512 πιθανότητας,
322 1477 417 1513 βιαίως
429 1479 498 1513 πρὸς
512 1479 714 1513 συγκατάθεσιν
725 1479 789 1510 τοὺς
802 1479 905 1514 ἀκροω·

114 1524 214 1559 μένους
232 1524 408 1559 ἐπαγομένας
420 1532 427 1538 ·
451 1523 608 1559 Ἰ-ὶλληνικὸν
622 1524 704 1550 τοῦτο
717 1525 763 1550 καὶ
782 1524 904 1550 ἀπίστων

113 1569 276 1596 παντάπασι
290 1569 321 1595 τὸ
345 1569 499 1605 ὲφεύρεμα.
517 1569 572 1595 Καὶ
594 1569 649 1604 γὰρ
664 1569 762 1605 ὥσπερ
783 1569 911 1611 Ἰουδαῖοι

113 1614 230 1648 σημεῖον
255 1614 396 1647 αἰτοῦσιν,
419 1615 491 1641 οὕτω
515 1614 563 1642 καὶ
586 1614 716 1650 ’Έλληνες
740 1615 836 1649 σοφίαν
856 1614 905 1650 ζη-

112 1661 220 1688 τοῦσιν.

149 1708 184 1743 β’.
208 1707 280 1734 Ἀλλ’
292 1708 359 1743 ἡμῖν
367 1715 410 1742 γε,
425 1705 465 1739 οἷς
480 1707 571 1739 πίστις
582 1706 612 1733 τδ
626 1706 795 1742 τιμώμενον,
809 1706 904 1738 πίστις

114 1753 188 1789 ἁρχὴ
200 1753 251 1790 καὶ,
268 1752 414 1788 ὕποὸάθρα
444 1753 494 1788 τῆς
517 1752 654 1787 σωτηρίας
673 1752 753 1787 ημῶν
777 1751 904 1782 τιθέσθω,

114 1799 176 1826 ὅθεν
192 1799 239 1825 ἐπὶ
254 1799 301 1825 τον
323 1798 426 1825 σκοπὸν
441 1799 487 1825 καὶ
501 1797 532 1824 τὸ
552 1798 630 1829 τέλος
644 1797 699 1825 τῶν
720 1797 906 1832 ἐλπιζομένων

115 1844 296 1880 ιπειγόμεθα.
314 1844 392 1871 Ἐπεὶ
411 1844 439 1870 δὲ
457 1845 474 1879 ἡ
487 1845 580 1875 πίστις
597 1844 627 1876 ἐξ
644 1844 741 1879 ἀκοῆς,
762 1844 906 1870 πιστεῦσαι

115 1892 156 1918 δεῖ
169 1891 279 1925 πρῶτον
293 1890 340 1917 τὸν
363 1890 584 1927 προσερχόμενον
608 1891 650 1916 ὃτι
681 1890 740 1916 ἔστι
757 1889 823 1922 Θεὸς
834 1911 841 1923 ,
858 1891 906 1916 καὶ

116 1937 175 1968 τοῖς
190 1935 355 1971 ἐκζητοῦσιν
373 1935 457 1962 αὑτὸν
483 1935 686 1970 μισθαποδότης
705 1935 813 1970 γίνεται
830 1944 837 1951 ·
859 1944 905 1961 πι‹

117 1980 231 2007 στεῦσαι
247 2000 256 2013 ,
272 1981 303 2006 οὐ
324 1980 528 2016 ζυγομαχῆσαι,
545 1980 614 2007 ἀλλά
631 1980 723 2007 πίστει
751 1981 906 2016 προσιέναι,

116 2025 226 2061 τδντῆς
243 2025 401 2058 εὐπειθείας
435 2025 530 2061 μισθὸν
556 2025 786 2061 ἀπεκδεχόμενον,
811 2026 908 2058 Πίστις

117 2072 173 2107 γάρ
188 2073 264 2098 ἐστιν
277 2071 350 2107 ἁπλῆ
363 2071 502 2107 λογισμῶν
518 2071 565 2098 καὶ
582 2071 750 2108 ἀπερίεργος
766 2072 907 2105 συγκατά-

118 2117 194 2149 θεσις
208 2125 216 2132 ·
232 2117 274 2144 διὸ
298 2117 389 2143 πίστει
406 2117 542 2152 πρόσιμεν
559 2119 592 2153 τῇ
617 2117 720 2152 χάριτι,
742 2119 775 2153 τῇ
802 2118 835 2144 ὲκ
858 2117 908 2144 τοῦ

118 2163 192 2190 θείου
204 2162 366 2198 [ἰνεύματος
380 2163 509 2199 ἐπιπνοίᾳ
523 2164 701 2199 ὲντικτομένῃ
717 2165 778 2195 ταῖς
791 2164 846 2190 τῶν
861 2173 909 2190 πι-

953 246 1078 273 veritatis
1107 253 1198 273 sermo
1224 247 1322 273 ﬁducia
1346 255 1398 273 non
1430 253 1514 275 caret.
1539 247 1632 276 Primo
1649 249 1740 284 itaque

952 299 1062 319 tnonere
1075 292 1185 327 dignum
1206 297 1259 325 est,
1284 300 1381 327 nempe
1399 293 1432 320 ad
1444 301 1476 320 ea
1493 294 1611 322 maxime
1626 302 1685 329 qua:
1703 284 1747 322 der

952 336 1007 364 Deo
1018 337 1146 365 dicuntur
1160 341 1188 363 et
1215 337 1375 369 audiuntur,
1395 337 1487 365 debita
1501 345 1562 365 cum
1584 339 1739 366 reverentia

951 389 1011 410 esse
1040 383 1235 414 accedendum,
1268 382 1416 418 divinaque
1441 384 1540 412 timore
1578 386 1737 412 instrui-tos.

952 427 1054 455 Deinde
1074 432 1200 462 oportere
1230 427 1258 454 itt
1279 428 1321 455 his
1346 429 1383 456 uti
1417 431 1486 456 duce
1512 430 1576 462 ﬁde,
1608 431 1739 457 honorem

953 473 1014 500 ﬁdei
1044 473 1156 506 habere,
1190 481 1306 508 eamque
1336 474 1437 502 animis
1462 475 1592 509 inserere,
1618 481 1645 503 et
1678 484 1738 503 cum

953 518 1114 546 rectitudine
1126 519 1216 547 cordis
1226 520 1378 547 doctrinam
1393 521 1466 548 circa
1481 522 1531 548 has
1547 529 1591 549 res
1601 522 1739 556 excipere.

953 565 1076 592 futilibus
1090 565 1245 600 ineptisqne
1261 566 1460 601 quaestionibus
1482 567 1632 601 abstinere,
1653 568 1740 595 aniles

953 609 1058 637 fabulas
1077 609 1244 644 profanaque
1258 615 1285 637 et
1300 618 1370 638 vana
1384 612 1514 639 vocabula
1534 613 1646 640 omnino
1659 621 1741 647 rrptt-

952 655 1039 687 diare,
1069 663 1157 690 tteque
1181 656 1349 691 genealogiis
1374 657 1562 685 intertninatis
1588 659 1739 691 attendere,

953 706 1033 736 prout
1060 709 1146 729 sacra:
1172 702 1284 729 Littera).
1306 703 1453 736 docent“,
1484 711 1544 737 qua:
1574 705 1739 737 qumstioncs

954 751 1084 781 praestant
1105 748 1202 782 magis,
1218 755 1300 783 quam
1318 748 1364 776 Dei
1380 749 1561 776 oeconomiam
1574 750 1612 784 (5)
1626 757 1685 783 qua:
1699 754 1741 776 est

954 791 980 818 in
998 791 1049 818 ﬁde
1065 799 1073 818 :
1087 798 1173 826 neque
1190 792 1253 819 item
1267 792 1323 827 86
1341 792 1481 827 postulare
1497 798 1525 819 ut
1546 801 1593 827 per
1608 794 1739 820 miracula

954 842 980 864 et
993 838 1146 872 prodigiosa
1160 845 1242 871 opera
1264 839 1435 865 contirtnatio
1454 839 1500 866 ﬁat
1517 846 1550 866 ac
1564 839 1739 867 demonstra-

956 881 1014 908 tio:
1034 881 1074 907 vel
1105 881 1221 915 denique
1242 882 1354 910 minime
1383 882 1485 910 habere
1505 889 1644 910 nutantem
1669 885 1740 911 circa

955 935 998 955 res
1009 927 1176 962 principales
1186 928 1361 954 sententiam.
1380 927 1520 955 Iudaicum
1538 929 1588 956 hoc
1599 936 1742 962 argumen-

954 979 1010 1001 tutn
1024 978 1076 1007 est,
1093 977 1120 1001 ct
1136 973 1342 1001 ittcredttlorttnt
1360 974 1478 1002 malitia.
1493 974 1661 1007 Quibusnam
1675 975 1741 1002 dicit

954 1020 1084 1048 Dominus
1101 1029 1107 1047 :
1125 1021 1146 1046 ο
1167 1020 1299 1055 generalia
1311 1020 1465 1047 incredula!
1481 1021 1584 1056 signum
1595 1021 1702 1056 quan'it,
1716 1026 1740 1047 et

953 1067 1055 1102 signum
1064 1069 1117 1093 "non
1132 1067 1240 1093 dabitur
1250 1066 1285 1098 ei,
1297 1066 1349 1093 nisi
1361 1065 1549 1100 signumlome
1556 1070 1689 1101 prop/tela:
1700 1067 1721 1082 ”
1729 1067 1743 1093 .’

954 1119 1044 1139 nonne
1076 1111 1285 1139 contumacibus
1316 1110 1418 1138 Judaeis
1444 1116 1471 1138 et
1498 1116 1593 1138 sancto
1631 1119 1741 1144 semper

955 1157 1115 1185 resistentes
1132 1156 1244 1191 Spiritui
1257 1156 1268 1183 Ῥ
1279 1156 1371 1191 Neque
1388 1157 1453 1184 item
1469 1157 1585 1184 curiosis
1600 1161 1627 1183 et
1644 1157 1740 1184 inﬁce-

955 1203 990 1231 tis
1006 1202 1228 1237 inquisitiunibus
1244 1207 1352 1237 oportet
1370 1210 1419 1229 nos
1444 1202 1543 1236 abripi,
1563 1210 1623 1237 quae
1641 1203 1736 1229 verbo-

956 1256 1014 1276 rum
1026 1248 1214 1276 contentiones
1239 1253 1266 1275 et
1292 1247 1480 1283 garrulitatem
1500 1248 1591 1282 potius
1606 1253 1741 1282 generant

955 1303 1035 1330 quam
1050 1294 1198 1330 proﬁcuam
1225 1294 1373 1328 utilemque
1387 1294 1539 1321 doctrinam
1552 1305 1558 1322 ι
1572 1301 1659 1329 neque
1676 1295 1735 1320 dia-

955 1341 1060 1369 lecticis
1089 1340 1224 1368 methodis
1243 1340 1276 1367 ad
1299 1341 1526 1368 demonstrativas
1549 1339 1741 1368 conclusiones

957 1386 1092 1422 pergendo
1108 1393 1157 1420 per
1183 1385 1349 1413 artiﬁciosae
1374 1386 1566 1420 captiososque
1589 1392 1741 1418 sermones.

956 1434 989 1461 ad
1021 1433 1071 1460 hoc
1099 1440 1184 1468 genus
1213 1433 1421 1466 persnasionum
1450 1432 1608 1467 coaiugere,
1633 1439 1694 1466 qua:
1709 1431 1742 1458 ad

956 1487 1120 1507 consensum
1145 1479 1288 1506 audteutes
1312 1478 1446 1506 violenter
1476 1478 1600 1513 adigunt.
1628 1476 1743 1504 Prorsus

919 1538 940 1566 ο
958 1527 1010 1554 hoc
1042 1526 1217 1553 ethnicorum
1240 1528 1282 1551 est
1312 1529 1393 1559 atque
1418 1524 1566 1552 inﬁdelinut
1592 1523 1743 1550 inventum.

958 1572 1061 1600 Etenim
1078 1571 1148 1598 sicut
1171 1570 1257 1598 Judzei
1281 1570 1388 1606 signum
1405 1574 1510 1606 petunt,
1525 1571 1561 1597 ita
1582 1570 1683 1597 ethnici
1698 1577 1743 1596 sa-

957 1618 1084 1655 pientiam
1097 1622 1224 1652 quau-unt
1240 1616 1273 1644 ⁸⁸.

990 1710 1018 1738 2.
1038 1709 1121 1737 Nobis
1141 1716 1216 1741 vero,
1234 1708 1334 1744 quibus
1350 1707 1417 1736 ﬁdes
1439 1708 1465 1735 in
1482 1709 1585 1736 honore
1604 1712 1658 1742 est,
1680 1708 1745 1736 ﬁdes

958 1757 1016 1791 ipsa
1030 1756 1138 1783 inititnn
1164 1763 1195 1782 ac
1213 1755 1420 1782 fundamentum
1447 1754 1543 1782 salutis
1564 1759 1663 1782 nostra:
1680 1762 1747 1781 con-

958 1804 1101 1836 stituatur,
1132 1803 1204 1830 ttnde
1223 1802 1256 1829 ad
1276 1809 1386 1837 scopum
1412 1803 1547 1835 ﬁnemque
1575 1807 1745 1836 speratarum

957 1856 1048 1876 rerum
1067 1848 1267 1875 contendimus.
1287 1847 1420 1880 Quoniam
1439 1855 1503 1874 vero
1520 1846 1586 1874 ﬁdes
1598 1855 1630 1874 ex
1647 1847 1740 1873 auditu

957 1900 1010 1927 θοι,
1023 1894 1135 1921 credere
1154 1898 1262 1928 oportet
1277 1893 1366 1928 primo
1391 1893 1565 1920 accedentem
1582 1892 1652 1927 qttod
1669 1893 1740 1919 Deus

958 1939 1004 1970 sit.
1025 1943 1053 1966 et
1074 1938 1146 1973 quod
1174 1937 1375 1972 inquirentilnts
1397 1945 1426 1965 se
1447 1942 1638 1964 remunerator
1661 1937 1745 1968 sit";

959 1983 1215 2018 credere,inqnam,
1240 1988 1357 2018 oportet,
1385 1990 1436 2010 non
1462 1983 1604 2014 resistere,
1621 1983 1668 2009 sed
1683 1990 1746 2009 cum

960 2031 1011 2057 ﬁdc
1020 2030 1161 2060 accedere.
1178 2034 1205 2056 et
1216 2029 1361 2056 docilitalis
1371 2028 1488 2056 fructum
1501 2028 1652 2063 percipere.
1666 2028 1746 2055 Fides

959 2076 1030 2104 enim
1056 2080 1098 2103 cst
1127 2075 1195 2102 liher
1217 2082 1230 2101 a
1259 2073 1514 2101 ratiocinationibus
1539 2078 1566 2100 ct
1593 2074 1748 2101 incuriosus
1800 2075 1806 2078 “

959 2129 1098 2148 assensus.
1115 2120 1175 2147 ltlco
1190 2119 1241 2146 ﬁde
1256 2120 1288 2146 ad
1308 2119 1422 2154 gratiam
1436 2119 1604 2148 accedimus,
1623 2126 1682 2152 qua:
1699 2118 1742 2145 di-

960 2166 1022 2192 vino
1033 2165 1140 2192 aiﬁante
1150 2164 1253 2198 Spiritu
1270 2164 1296 2191 in
1312 2163 1455 2190 animabus
1468 2163 1585 2190 ﬁdelium
1602 2162 1740 2197 gignitur:

119 2210 191 2237 στῶν
205 2209 319 2244 ψυχαῖς·
344 2209 434 2244 πάσης
448 2209 578 2238 ἀπιστίας
601 2209 748 2245 ἐλευθέραν
769 2210 818 2246 τὴν
834 2209 904 2244 γνὼι

962 2218 1022 2237 cum
1038 2208 1150 2236 liberam
1171 2208 1245 2236 onttti
1264 2207 1452 2235 incredulitate
1478 2211 1594 2233 mentem
1613 2206 1746 2241 gerimus,

121 2264 174 2291 μην
192 2253 370 2290 κεκτημένοι,
396 2255 444 2282 καὶ
468 2256 497 2282 ὲν
525 2255 659 2290 ἁπλότητι
683 2255 797 2290 καρδίας
817 2255 910 2287 ἁπλῶς

120 2301 166 2327 καὶ
182 2300 373 2333 ἀὸασανίστως
387 2301 422 2328 τὰ
437 2302 470 2335 τῇ
485 2300 620 2337 καθολικῇ
644 2300 794 2336 Ἐκκλησία
821 2309 911 2337 παρα-

119 2346 253 2382 δεδομένα
271 2346 309 2379 ὠς
327 2347 360 2374 ἐκ
379 2346 457 2379 θείας
479 2347 672 2383 ὲπιλάμποντα
699 2347 811 2382 χάριτος
837 2347 912 2382 δεχό-

123 2393 204 2428 μεθα,
228 2393 320 2428 πάσης
335 2392 383 2426 τῆς
398 2392 428 2425 ὲξ
439 2392 607 2428 ἀμφιϐολίας
631 2393 739 2428 κηλῖδος
755 2394 803 2420 καὶ
823 2393 910 2429 ῥύπου

122 2439 333 2475 καθαρεύοντες.
353 2439 471 2475 Νόσημα
487 2440 543 2475 γὰρ
559 2439 651 2475 ψυχῆς
671 2440 765 2466 κακῶν
779 2440 910 2466 κάκιστον

123 2485 248 2517 ἀπιστία,
268 2485 315 2512 καὶ
331 2485 479 2517 ἀσυνεσίας
494 2485 565 2520 ἀρχὴ
580 2485 627 2512 καὶ
640 2485 782 2517 ἀπωλείας
807 2485 909 2520 παραί-

123 2539 189 2559 τιον.
212 2530 281 2557 Ἐὰν
298 2531 352 2566 γὰρ
370 2531 414 2567 μὴ
432 2532 634 2565 πιστεύσητε,
662 2532 755 2567 φησιν,
781 2531 853 2559 οὐδὲ
868 2531 911 2567 μὴ

124 2575 248 2610 συνῆτε.
265 2571 302 2603 Ἦ
322 2584 351 2602 τε
369 2576 423 2611 γὰρ
449 2575 579 2603 ἀπείθεια
594 2576 663 2612 πρὸς
683 2576 774 2603 ὁτιοῦν
795 2577 826 2603 οὐ
844 2585 912 2612 συγ-

959 2262 986 2284 et
1006 2257 1033 2283 in
1051 2255 1227 2290 simplicitate
1241 2255 1332 2281 cordis
1347 2254 1454 2281 sincere
1474 2261 1505 2280 ac
1524 2252 1583 2280 sine
1600 2252 1652 2278 ulla
1666 2251 1750 2285 inqui-

960 2303 1059 2330 sitione
1082 2301 1196 2328 traditas
1212 2300 1354 2327 catholicae
1372 2300 1501 2327 Ecclesia:
1530 2298 1669 2326 doctrinas
1687 2301 1750 2323 latt-

960 2356 1040 2383 quam
1066 2348 1155 2374 divina
1182 2346 1315 2381 fulgentes
1341 2346 1428 2381 gratia
1450 2345 1615 2380 suscipimus
1639 2350 1748 2372 omnem

963 2394 1141 2422 dubitationis
1180 2400 1284 2420 nmvum
1322 2391 1512 2426 tttaculamque
1547 2391 1750 2425 altstcrgetttcs.

964 2440 1073 2468 Morbus
1093 2439 1166 2467 enint
1189 2439 1315 2466 Omnium
1333 2438 1467 2473 pessimus
1483 2437 1671 2467 incredulitas.
1686 2435 1753 2462 insi-

964 2487 1073 2522 pientitn
1092 2486 1210 2517 initium,
1225 2490 1252 2513 et
1272 2484 1433 2520 perditionis
1449 2491 1541 2512 causa.
1560 2483 1589 2510 Si
1606 2483 1679 2510 enim
1698 2490 1747 2509 n0't

965 2532 1139 2562 credideritis,
1156 2531 1242 2565 inquit
1261 2531 1403 2565 Scriptura
1412 2530 1445 2562 “,
1464 2537 1495 2557 ne
1513 2528 1665 2563 intelligetis
1688 2527 1748 2562 qni-

965 2579 1038 2606 dcm.
1051 2577 1157 2605 Etenim
1175 2577 1350 2606 incredulitas
1366 2575 1467 2604 nullout
1482 2575 1585 2612 patitur
1598 2583 1669 2604 rem:
1687 2574 1753 2602 reli-

159 2666 181 2682 "
195 2665 205 2693 l
218 2666 290 2693 Tim.
306 2674 325 2698 t,
339 2665 367 2693 4.
406 2666 426 2681 ¹⁷
443 2665 541 2693 Matth.
561 2673 616 2698 xvt,
629 2665 655 2692 ι.
694 2665 738 2692 “l
755 2665 820 2693 Cor.
838 2673 856 2698 t,
873 2665 904 2692 22

959 2666 980 2682 “
1000 2664 1082 2693 llebr.
1100 2673 1138 2700 xt,
1155 2665 1181 2693 6.
1221 2666 1243 2681 "
1257 2664 1311 2693 lsa.
1325 2671 1372 2698 γη,
1384 2664 1412 2693 9.

164 2744 202 2779 (5)
215 2743 328 2772 (ῗιι-ιεσιιε
352 2743 591 2778 Nirephoricodcx
605 2750 698 2776 reapse
709 2743 792 2770 habet
813 2744 912 2770 nono!-

128 2780 244 2814 κοδομὴν
268 2780 311 2806 vcl
339 2779 506 2814 οἰκοδομίαν,
531 2779 577 2814 sed
608 2779 775 2813 οἰκονομίαν,
807 2784 835 2804 ut
865 2778 908 2805 alii

129 2815 202 2842 multi
219 2813 327 2842 codices
347 2815 522 2848 nonttulliqne
543 2813 637 2840 Patres
651 2818 807 2848 veteresque
821 2818 910 2840 trans-

129 2850 258 2884 latzoacs;
276 2858 429 2885 quanquam
448 2854 474 2878 et.
498 2850 541 2877 illa
557 2849 631 2884 prior
655 2848 801 2884 permulto:
829 2847 910 2876 habet

965 2743 1169 2776 astipulatores.
1198 2742 1265 2771 Vide
1308 2741 1543 2770 nosenmitllerum
1585 2740 1618 2766 ad
1649 2739 1750 2776 dictum

965 2773 1039 2806 l‘anii
1071 2779 1178 2810 locum,
1207 2778 1252 2813 qui
1288 2779 1384 2806 merito
1415 2777 1555 2812 Vulgatatn
1573 2780 1704 2808 nostram,
1726 2773 1755 2803 id

964 2819 1006 2843 est
1025 2814 1154 2850 priorem,
1170 2813 1290 2849 prtefcrt.
