1945 3078
95 155 146 187 385

453 155 767 187 ANTIRRIIETICUS
786 155 832 187 III
852 157 938 189 ADV.
958 158 1257 192 CONSTANTINUM
1277 161 1384 192 COPR.

1682 164 1735 196 386

95 209 217 244 νομένων
233 208 405 255 πραγμάτων
434 209 606 246 ἑκατέρωθεν
623 212 654 238 τὸ
674 213 889 248 ἀπαράλλακτον

947 214 1029 247 brius,
1061 215 1088 242 in
1117 215 1218 250 quibus
1239 217 1307 244 nihil
1339 217 1509 245 discriminis
1539 223 1593 252 est,
1624 220 1735 256 dignum

95 255 286 291 κεκτημένων,
304 250 347 288 τιξ
357 256 413 283 τῶν
427 256 492 284 νοῦν
507 257 626 293 ἑχόντων
649 259 697 285 καὶ
717 261 892 295 σωφρονούν-

95 311 162 334 των,
179 303 209 328 ἐν
224 300 265 334 οἷς
280 302 311 329 τὺ
336 303 485 339 ἀδιάφορον
500 304 662 340 ἐνυπάρχει,
685 305 716 332 τὸ
737 306 787 340 μὲν
807 315 893 342 προσ-

97 347 237 375 κυνεῖσθαι
267 347 302 375 ἂν
335 348 453 385 ἀξιώσῃ,
476 350 508 376 τὸ
522 349 552 377 δὲ
577 351 889 386 καταπίμπρασθαι;Εῑ

97 394 149 429 γὰρ
163 394 193 420 τὺ
208 393 303 429 ἕτερον
329 394 433 429 τίμιον,
451 395 498 421 καὶ
512 395 629 430 θάτερον
654 395 684 427 ἐξ
702 395 847 431 ἀνάγκης·
868 398 893 423 εἰ

95 440 122 467 δὲ
136 440 167 466 οὐ
184 440 276 471 τοῦτο,
301 440 364 466 οὐδὲ
385 441 477 468 ἐκεῖνο
498 441 610 476 τίμιον·
643 442 692 468 καὶ
717 443 813 478 ἐπειδὴ
831 444 892 469 κατ’

95 485 171 512 οὐδὲν
185 485 374 521 διαφέρουσιν,
390 487 404 512 ὁ
430 486 462 512 τὺ
486 485 582 522 ’ἕτερον
610 487 763 523 καθαιρῶν,
784 489 814 515 τὸ
838 489 893 516 πᾶν

97 532 268 566 Εὑαγγελίου
283 531 450 567 καθῃρηκὼς
465 532 520 568 εἴη.
538 534 570 559 Ὢ
584 533 636 568 τῆς
661 535 761 569 μανίας
778 535 784 562 l
802 534 825 561 ὣ
841 535 892 570 τῆς

95 578 246 610 ἀπονοίαςῑ
268 578 389 613 Χριστοῦ
421 579 518 615 μνήμη
549 580 596 606 καὶ
621 580 708 616 Βνομα
727 581 892 617 πρόκειται·

95 626 169 656 τίνες
184 625 210 651 οἱ
234 624 491 660 καταστρέφοντες;
519 623 575 660 ἄρα
592 626 779 661 Χριστιανοὺς
795 628 894 662 ὀνομα-

96 671 190 703 στέον;
207 671 244 697 Οὐ
263 670 312 705 μὲν
329 669 388 698 οὖν’
409 670 532 697 Ἰουδαῖοι
546 671 628 698 τοῦτο
637 672 760 708 τολμῶσι
772 674 818 700 καὶ
832 673 895 700 ’Ἑλ-

95 718 178 751 ληνες
192 717 240 743 καὶ
255 716 404 752 βάρϐαροι,
423 716 517 753 ἐχθροί
532 725 565 751 γε
582 717 672 752 ὄντες,
692 719 740 745 καὶ
766 719 816 754 τῆς
830 719 893 746 καθ’

96 764 170 799 ἡμᾶς
186 764 263 798 ἱερᾶς
281 763 433 798 θρησκείας
444 762 593 798 ἀλλότριοι,
612 761 653 795 οἷς
674 764 722 791 καὶ
739 761 813 792 οὗτοι
831 766 894 791 ἀτε-

96 810 168 845 χνῶς
183 809 221 841 ὡς
235 809 425 845 Χριστομάχοι
447 809 659 842 συντετάξονται
673 817 681 826 ο
705 810 744 842 ὡς
770 810 894 838 Ἰουδαῖοι

97 856 389 889 εκανδαλιζέσθωταν,
419 856 458 887 ὡς
483 855 615 891 Ἕλληνες
644 855 892 891 μωραινέσθωσανθ

945 268 1038 292 unum.
1055 261 1126 296 quod
1145 263 1309 296 honoretur;
1325 263 1440 290 alterum
1458 266 1530 299 quod
1548 264 1736 298 comburatur,

944 307 1096 341 putaverit?
1116 307 1184 335 Nam
1211 308 1235 335 si
1264 316 1348 336 unum
1375 310 1537 338 honorabile
1552 317 1604 344 est,
1625 321 1737 340 necesse

944 356 1071 380 estesse
1100 352 1263 380 et-allerum
1296 363 1303 381 :
1334 354 1376 382 sin
1401 355 1452 382 hoc
1480 356 1593 384 minime
1622 363 1675 391 est,
1701 366 1736 385 ne

944 398 1010 425 illud
1025 399 1145 433 quidem.
1171 399 1206 426 Et
1221 399 1349 434 quoniam
1373 400 1430 427 haec
1455 401 1523 428 nihil
1550 401 1689 436 diﬁ‘erunt,
1714 405 1737 430 si

944 443 1006 478 quis
1031 443 1145 473 alterum
1176 444 1310 477 destruat,
1330 449 1414 472 totam
1442 446 1579 482 Evangelii
1603 456 1736 476 summam

944 489 1121 516 destruxerit.
1170 491 1191 516 0
1229 490 1367 517 vesaniam
1406 495 1489 524 atque
1544 492 1737 521 dementiam!

944 534 1046 562 Christi
1074 534 1177 562 mentio
1213 542 1368 570 nomenque
1404 535 1460 563 illic
1492 541 1637 570 prostant;
1674 539 1736 573 qui-

945 588 1007 607 nam
1047 580 1072 606 hi
1114 585 1179 607 sunt
1208 581 1253 615 qui
1290 581 1457 609 destruunt?
1483 581 1553 609 Num
1587 583 1737 611 Christiani

945 626 1120 660 appellandi?
1134 625 1209 661 Nego
1224 627 1374 655 enimvero.
1390 627 1475 655 Judaei
1489 629 1541 656 hoc
1555 629 1656 656 audent
1670 630 1738 657 raci-

946 679 1006 704 nus,
1023 672 1120 706 pagani
1137 672 1294 706 etbarhari,
1311 680 1373 700 cum
1399 673 1453 700 sint
1470 674 1561 702 hostes
1591 680 1739 710 nostroque

946 724 1028 744 sacro
1045 717 1119 744 cultu
1139 717 1242 752 alieni;
1260 718 1359 752 quibus
1381 719 1407 746 hi
1423 719 1505 746 etiam
1528 721 1587 747 slue
1609 720 1663 747 ulla
1687 722 1737 748 du-

946 761 1090 794 bitatione,
1108 766 1202 796 utpote
1225 762 1327 790 Christi
1345 763 1449 796 hostes,
1472 765 1736 793 annumerabuntur.

945 805 1087 841 Tanquam
1109 806 1195 834 Judmi
1215 808 1447 841 scandalizentur,
1480 813 1610 844 tauquam
1636 811 1737 838 ctlntici

946 851 1134 887 infatuentur;
1150 853 1367 888 quandoquidem
1385 853 1511 882 Christus
1534 855 1580 889 qui
1603 856 1738 890 praedica-

96 904 250 939 ἐπειδήπερ
268 901 480 938 ἐσταυρωμένος
493 903 507 928 ὀ
522 901 643 938 Χριστὸς
671 903 892 937 κηρυσσόμενος,

947 903 990 924 tur
1003 899 1160 931 cruciﬁxus,
1176 899 1247 933 quod
1263 899 1334 926 idem
1347 905 1389 926 est
1417 908 1450 927 ac
1467 901 1489 928 si
1515 901 1646 936 ﬁguratus
1660 903 1737 931 dica-

95 950 195 977 ταυτὸν
211 950 240 976 δὲ
260 950 343 983 φάναι
363 948 411 975 καὶ
435 948 649 982 εἰκονιζόμενος,
674 948 816 980 Ἰουδαίοις
842 948 894 983 μέν

95 997 155 1022 ἐστι
168 994 447 1029 σκάνδαλον,”Ελλησι
458 994 486 1020 δὲ
500 995 601 1030 μωρία.
613 994 719 1030 Ὥσπερ
730 994 778 1021 οὖν
789 995 804 1020 ὸ
815 995 894 1029 λόγος

95 1043 110 1067 ὸ
122 1041 171 1068 τοῦ
186 1041 307 1076 σταυροῦ
322 1040 368 1067 καὶ
381 1040 437 1067 τῶν
462 1039 509 1066 τοῦ
539 1040 748 1076 σταυρωθέντος
769 1041 894 1075 ὑπομνη-

98 1087 205 1122 μάτων,
221 1088 278 1118 τοῖς
296 1086 344 1122 μὲν
362 1078 569 1121 ἀπολλυμένοις
592 1087 682 1122 μωρία
699 1084 768 1119 ἐστὶ,
793 1089 851 1118 τοῖς
865 1086 894 1113 δὲ

97 1133 266 1167 σωζομένοις
285 1133 352 1168 ἡμῖν
365 1132 482 1167 δύναμις
498 1132 567 1159 Θεοῦ
595 1134 666 1166 ἐστι,
690 1133 738 1159 καὶ
752 1133 841 1160 ταύτά
861 1141 894 1167 γε

97 1180 151 1215 ἄρα
165 1180 299 1211 ὡσαύτως
318 1179 364 1205 τὸν
395 1179 513 1214 σταυρὸν
532 1179 581 1206 τοῦ
593 1180 713 1214 Χριστοῦ
728 1180 775 1206 καὶ
798 1180 828 1206 τὸ
843 1180 895 1207 πά-

97 1226 226 1261 θοςιὴμῖν
248 1225 448 1261 διαγράφουσιν
463 1233 470 1240 ·
487 1226 511 1252 εἰ
525 1225 777 1260 δὲ·τάληοἐστερον
806 1227 895 1253 εἰπεῖν

97 1274 128 1298 ἑκ
146 1271 318 1307 περιουσίας,
331 1272 378 1298 καὶ
394 1271 445 1302 τὰς
470 1271 622 1306 θεοσημίας
642 1272 692 1298 καὶ
717 1271 894 1307 θαυματουρ-

95 1319 172 1353 γιας,
197 1318 288 1353 ἇσπερ
313 1317 507 1353 τερατουργῶν
534 1317 690 1344 ἐδείκνυτο*
718 1318 767 1344 καὶ
799 1317 828 1344 ἓν
850 1318 895 1344 ἐπ’

95 1364 269 1399 ἀμφοτέροις
283 1363 342 1390 ἐστὶ
355 1363 386 1390 τὸ
399 1363 450 1399 τῆς
462 1363 546 1398 τιμῆς
563 1363 662 1397 αῐτιον,
679 1363 695 1398 ἠ
710 1362 757 1389 τοῦ
773 1363 895 1405 Χριστου

95 1411 227 1441 κένωσις.

131 1468 166 1500 ζ’.
185 1468 218 1494 0!
234 1467 263 1493 δέ
275 1476 308 1501 γε
321 1467 418 1502 φαῦλοι
433 1469 481 1495 καὶ
503 1467 558 1494 τῶν
575 1466 687 1502 φαύλων
701 1467 833 1503 ἐργάται,
847 1467 895 1494 ὑπ’

96 1513 280 1548 ἀναισχύντου
295 1513 408 1548 γνώμης
435 1513 635 1540 καταιτιῶνται
653 1514 739 1548 ἡμᾶς,
768 1514 801 1548 τῇ
820 1513 894 1548 ἁπλῇ

96 1558 190 1585 πίστει
204 1558 250 1584 καὶ
260 1559 293 1593 τῇ
310 1558 463 1592 παραδόσει
486 1559 541 1592 τῆς
559 1557 710 1593 καθολικῆς
730 1558 895 1593 Ἐκκλησίας
908 1573 930 1602 C

96 1606 129 1640 τῇ
143 1605 265 1640 ἀγράφῳ
278 1603 544 1639 ὲπιστηριζομένους
555 1611 562 1618 ·
585 1603 654 1630 ἀλλὰ
668 1603 767 1639 ῥητέον
789 1604 894 1636 αὐτοῖς,

96 1651 139 1677 ὅτι
159 1650 281 1685 μάλιστα
297 1649 347 1684 μὲν
361 1650 377 1684 ἠ
395 1649 519 1684 ἄγραφος
535 1648 688 1682 παράδοσις
702 1648 734 1674 τὸ
748 1648 895 1683 ισχυρότα-

97 1705 144 1724 τον
159 1697 273 1724 πάντων
289 1696 435 1731 κέκτηται,
453 1695 503 1721 καὶ
517 1692 574 1722 οἷον
591 1694 697 1731 κρηπίς
709 1702 753 1726 τις
764 1695 811 1721 καὶ
828 1694 896 1730 ἕδρα

98 1743 154 1770 τῶν
171 1744 201 1769 ὲν
215 1744 248 1778 τῇ
264 1743 361 1778 χρήσει
375 1741 422 1768 τοῦ
449 1741 509 1776 βίου
525 1741 611 1774 ἐστὶν,
626 1741 688 1775 ἥτις
710 1740 757 1767 ἐπὶ
772 1739 896 1767 πλεῖστον

98 1788 268 1824 διαρκέσασα
289 1787 486 1822 πεποιωμένον
506 1786 567 1818 ἔθος
598 1786 786 1813 καθίσταται·
814 1786 845 1812 τὺ
868 1785 896 1812 δὲ

99 1835 161 1867 εθος
178 1835 268 1870 χρόνῳ
283 1833 383 1869 μακρῷ
398 1833 561 1869 βεϐαιωθέν,
575 1832 685 1866 φύσεως
695 1833 773 1867 ἰσχὺν
788 1831 897 1866 λαμϐά-

100 1890 140 1908 νει
154 1890 161 1896 ·
193 1880 302 1915 φύσεως
317 1880 346 1907 δὲ
372 1880 400 1906 τί
426 1880 469 1906 av,
484 1879 527 1914 εἴη
548 1878 745 1914 ὶσχυρότερον;
761 1879 793 1904 El
815 1878 843 1904 δὲ
856 1878 898 1904 Gs!

101 1927 316 1963 περιεργότερον
329 1926 428 1952 τούτου
439 1925 583 1953 διαλαϐεῖν
594 1925 712 1956 εἵνεκεν,
729 1924 840 1959 ὁρῶμεν
854 1923 896 1950 ὅτι

101 1974 149 2000 καὶ
170 1973 202 1999 τδ
218 1972 385 2006 Εὺαγγέλιον
401 1971 467 1998 αὐτὸ
491 1970 626 2005 ἀγράφως
642 1969 673 1997 τὸ
688 1970 717 2004 ἐξ
739 1970 828 2005 ἀρχῆς
845 1978 898 1996 πα-

102 2019 258 2056 ραδέδοται.
269 2020 298 2045 '0
313 2019 368 2054 γὰρ
380 2018 486 2053 Κύριος
502 2018 550 2044 καὶ
563 2016 629 2048 Θεὸς
643 2016 723 2053 ἡμῶν
736 2016 783 2043 ἐπὶ
795 2017 826 2043 τδ
843 2025 898 2043 σω-

100 2067 197 2102 τήριον
214 2064 358 2100 προελθὼν
381 2065 527 2099 κήρυγμα,
547 2063 598 2090 οὐκ
622 2064 652 2090 ὲν
669 2063 819 2098 γράμμασι
833 2062 898 2094 τοὺς

102 2112 191 2144 θείους
209 2111 334 2142 ἐκείνους
352 2111 399 2136 καὶ
415 2109 593 2144 θαυμαστοὺς
602 2109 705 2144 νόμους
719 2107 842 2141 ἐξέθετο,
859 2107 897 2138 ὡς

103 2159 183 2194 ἴσμεν
200 2158 337 2191 ἅπαντες,
351 2157 412 2183 οὐδὲ
425 2157 454 2183 ἐν
466 2157 555 2192 χάρτῃ
568 2155 616 2182 καὶ
640 2155 736 2190 μέλανι
758 2154 808 2190 τὴν
826 2154 898 2190 ὑψη-

101 2205 150 2240 λὴν
172 2205 247 2231 οὕτω
264 2205 311 2231 καὶ¹
334 2204 470 2239 σωτήριον
487 2201 664 2230 διδασκαλίαν
687 2200 850 2236 ἐνέγραψεν,
865 2200 896 2226 οὐ

946 947 999 975 tur,
1018 942 1121 971 Judazis
1133 944 1243 978 quidem
1264 945 1422 972 scandalum
1438 950 1491 977 est,
1510 947 1627 973 ethnicis
1642 953 1735 975 autem

945 989 1068 1016 stultitia.
1100 989 1178 1017 Sicut
1206 997 1271 1024 ergo
1286 997 1377 1017 sermo
1405 991 1438 1018 de
1455 999 1536 1018 cruce
1556 996 1584 1018 et
1599 993 1631 1019 de
1657 994 1738 1020 rebus

945 1035 1067 1062 cruciﬁxi
1085 1037 1319 1070 memorabilibus,
1345 1038 1460 1071 perditis
1477 1038 1632 1067 hominibus
1645 1041 1737 1068 stulti-

947 1082 983 1109 tia
1007 1087 1067 1115 est;
1082 1083 1161 1111 nobis
1190 1088 1280 1110 autem
1297 1084 1420 1118 salvatis,
1440 1085 1526 1112 virtus
1543 1086 1588 1113 Dei
1600 1092 1662 1120 est;
1681 1088 1739 1115 hmc

947 1128 1011 1156 item
1038 1128 1140 1156 Christi
1177 1136 1286 1167 crucem
1314 1131 1527 1167 passionemque
1560 1132 1638 1160 nobis
1662 1141 1739 1168 mque

946 1174 1123 1207 describunt;
1152 1175 1207 1202 imo
1236 1176 1358 1210 majore,
1379 1181 1407 1203 ut
1433 1178 1523 1204 verius
1552 1178 1662 1211 dicam,
1688 1180 1737 1212 vi;

946 1229 1051 1249 necnon
1070 1221 1160 1248 divina
1181 1222 1302 1257 prodigia
1316 1243 1323 1254 ,
1343 1230 1403 1258 quae
1424 1223 1447 1251 is
1461 1224 1624 1252 mirabiliter
1639 1233 1739 1261 opera-

947 1271 990 1294 tus
1008 1272 1059 1294 est.
1077 1267 1188 1302 Unaque
1205 1273 1247 1295 est
1266 1269 1409 1303 utriuSque
1435 1270 1473 1297 rei
1494 1270 1660 1299 honoranda:
1672 1280 1738 1299 cau-

947 1319 989 1344 sa,
1010 1320 1107 1347 nempe
1122 1312 1222 1340 Christi
1240 1313 1401 1342 exinanitio.

983 1463 1008 1489 7.
1035 1463 1067 1490 Hi
1091 1469 1180 1491 autem
1202 1463 1318 1501 improbi
1338 1469 1365 1492 et
1389 1464 1571 1500 improbitatis
1596 1471 1739 1501 auctores,

948 1509 1105 1544 impudente
1129 1510 1219 1536 animo
1243 1518 1291 1537 nos
1311 1515 1459 1542 accusant,
1484 1511 1574 1545 quiin
1599 1512 1651 1538 ﬁde
1674 1513 1740 1538 sim-

947 1555 1021 1590 plici,
1037 1559 1065 1582 et
1077 1555 1220 1583 catholica:
1242 1555 1370 1583 Ecclesiae
1388 1557 1533 1584 traditione
1555 1565 1607 1584 non
1625 1559 1737 1592 scripta,

948 1601 1062 1628 ﬁrmiter
1082 1606 1247 1635 perstamus.
1276 1601 1328 1628 Sed
1351 1602 1569 1636 respondendum
1595 1607 1637 1630 est
1662 1603 1740 1636 istis,

948 1647 1120 1674 traditionem
1144 1647 1286 1680 potissime
1314 1654 1366 1674 non
1389 1643 1595 1682 scriptam’prae
1614 1649 1741 1677 omnibus

947 1699 1007 1719 esse
1024 1692 1239 1725 validissimam,
1263 1698 1291 1718 et
1318 1693 1452 1720 columna:
1479 1694 1608 1728 basisque
1630 1696 1687 1723 vice
1711 1696 1737 1722 iu

948 1738 1009 1765 vitae
1023 1738 1147 1765 humana:
1165 1738 1257 1766 usibus
1273 1738 1347 1774 fungi
1360 1748 1368 1772 ;
1383 1747 1442 1774 qua:
1457 1740 1612 1768 diutissime
1627 1742 1741 1774 durans,

947 1789 1081 1818 receptam
1112 1786 1335 1813 consuetudinem
1362 1786 1504 1814 constituit
1533 1795 1540 1814 :
1571 1789 1741 1815 consuetudo

947 1834 1037 1857 autem
1057 1829 1135 1865 longo
1157 1835 1278 1866 tempore
1296 1831 1420 1864 ﬁrmata,
1445 1837 1550 1860 natura:
1570 1833 1624 1859 vim
1647 1834 1740 1861 sumit.

948 1874 1018 1908 Quid
1043 1883 1125 1910 porro
1145 1881 1187 1903 est
1214 1881 1310 1903 natura
1329 1877 1463 1905 validius?
1482 1878 1559 1911 Quod
1580 1879 1603 1905 si
1628 1879 1742 1913 hujusce

948 1922 988 1949 rei
1008 1929 1089 1949 causa
1108 1922 1274 1957 exquisitius
1292 1923 1394 1958 aliquid
1411 1924 1557 1953 dicendum
1584 1931 1644 1958 est,
1669 1926 1742 1952 vides

948 1975 1009 1995 mus
1031 1967 1120 2002 ipsum
1135 1968 1315 2003 Evangelium
1335 1969 1463 2003 primitus
1487 1970 1591 2004 absque
1605 1971 1740 2006 scriptura

949 2013 1033 2041 fuisse
1056 2015 1194 2042 traditum.
1210 2014 1275 2041 Nam
1294 2014 1425 2042 Dominus
1436 2022 1469 2043 ac
1486 2016 1555 2043 Deus
1573 2023 1665 2044 uoster
1678 2025 1740 2044 cum

948 2061 982 2088 ad
1001 2061 1149 2088 salutarem
1176 2062 1294 2089 accessit
1309 2061 1547 2095 prmdicationem,
1567 2070 1620 2090 non
1641 2063 1741 2090 litteris

948 2107 1056 2134 divinas
1081 2107 1142 2135 illas
1166 2107 1361 2142 mirabilesque
1381 2107 1453 2142 leges
1474 2109 1611 2143 exposuit,
1629 2114 1658 2136 ut
1681 2117 1741 2137 om-

949 2160 999 2180 nes
1016 2153 1137 2185 Scimus,
1158 2160 1246 2188 neque
1259 2153 1357 2181 charta
1377 2159 1406 2181 et
1423 2159 1578 2182 atramento
1593 2160 1648 2182 tam
1668 2155 1742 2183 salu-

950 2199 1026 2226 brem
1042 2199 1192 2227 doctrinam
1211 2200 1338 2234 scripsit,
1359 2208 1412 2228 non
1437 2201 1555 2236 lapideis
1575 2202 1674 2229 tabulis
1700 2203 1742 2229 iu-

102 2252 184 2284 πλαξὶ
198 2250 314 2282 λιθίναις
327 2250 465 2280 ὲτύπωσε,
481 2249 611 2283 καθάπερ
625 2248 655 2274 τὸ
668 2247 785 2273 παλαιὸν
799 2245 894 2272 oua-rd

949 2244 1078 2280 sculpsit,
1099 2245 1171 2271 sicut
1201 2245 1353 2280 antiquitus
1371 2245 1489 2273 Mosaica
1519 2247 1562 2274 lex
1592 2247 1741 2274 charaxata

102 2297 206 2325 Muss’a
229 2296 314 2331 νόμος
337 2295 535 2331 διεκεχάρακτο
549 2316 556 2327 ,
576 2293 645 2320 ἀλλὰ
675 2293 776 2327 ψυχαῖς
809 2291 895 2318 ταῦτα

103 2343 265 2375 ἐναπέθετο,
281 2343 310 2368 ἐν
326 2342 463 2377 πνεύματι
480 2340 678 2377 κεχαραγμένα
702 2339 749 2365 καὶ
773 2346 895 2372 oecupa-

103 2389 201 2423 σμὲνα,
210 2388 242 2414 οὐ
254 2387 400 2422 γράμματι
412 2406 419 2414 .
436 2386 521 2413 Τοῦτο
531 2386 577 2412 καὶ
591 2385 635 2412 διὰ
647 2383 796 2419 προφητῶν
809 2382 895 2417 ἁγίων

104 2434 188 2461 πάλαι
202 2433 458 2469 προαναπεφώνητο
468 2441 475 2448 ·
486 2432 591 2465 Διδοὺς
607 2431 672 2466 γὰρ,
688 2431 767 2465 φησὶ,
783 2430 896 2464 νόμους

100 2489 159 2514 μου
173 2482 218 2512 εὶς
233 2480 372 2507 διάνοιαν
391 2478 500 2511 αὐτῶν,
519 2479 568 2505 καὶ
587 2477 638 2504 ἐπὶ
657 2476 783 2511 καρδίας
797 2475 897 2502 αὐτῶν

102 2527 259 2561 ἐπιπράψω
272 2527 394 2559 αὐτούς.
423 2527 456 2552 "A
477 2525 510 2560 δὴ
525 2525 570 2551 ὑπ’
587 2524 674 2559 αὐτῆς
693 2523 744 2558 τῆς
765 2522 896 2558 ἀληθείας

102 2572 225 2608 Χριστοῦ
251 2571 441 2607 περαινόμενα
465 2571 601 2605 ἔγνωμεν,
638 2570 745 2605 χρόνοις
765 2569 794 2595 δέ
825 2577 898 2595 τισιν

103 2619 218 2654 ὓστερον
237 2619 286 2645 καὶ
314 2619 408 2653 γραφῇ
434 2616 647 2652 χαραττόμενα·
667 2616 773 2650 μάρτυς
791 2615 804 2641 ὁ
826 2614 898 2646 θεῖος

103 2666 212 2697 Λουκᾶς
236 2665 467 2700 ἀπαράγραπτος,
489 2663 521 2690 ἂν
539 2662 595 2696 ἄρα
619 2662 751 2698 δέχωνται
769 2662 819 2696 τὴν
843 2669 897 2687 πα-

141 2754 164 2770 ¹¹
179 2753 280 2782 Jercm.
300 2760 377 2784 xxxi,
394 2752 439 2780 33.

950 2291 1016 2324 fuit;
1044 2290 1091 2318 sed
1108 2298 1167 2318 eam
1187 2291 1213 2318 iu
1240 2291 1383 2319 animabus
1404 2291 1474 2319 Deus
1491 2292 1622 2324 inseruit,
1643 2294 1741 2327 spiritu

948 2336 1116 2364 eliormatam
1132 2341 1158 2364 et
1175 2338 1370 2373 consignatam,
1388 2346 1443 2366 non
1458 2338 1546 2366 littera
1563 2339 1631 2374 (l2).
1656 2339 1710 2366 lloc
1725 2347 1740 2367 a

945 2385 1049 2411 sanctis
1069 2392 1178 2419 quoque
1206 2385 1346 2418 prophetis
1375 2385 1439 2411 olim
1467 2385 1627 2420 praedictum
1655 2385 1706 2414 fuit
1730 2396 1738 2415 :

946 2429 1021 2456 Dans
1035 2431 1114 2462 enim,
1128 2431 1224 2465 inquit,
1243 2430 1310 2465 leges
1323 2439 1395 2456 meas
1411 2431 1437 2457 in
1457 2432 1586 2458 mentibus
1601 2440 1702 2464 eorum,
1713 2438 1737 2460 at

946 2476 974 2503 in
998 2476 1120 2503 cordibus
1143 2477 1260 2510 ipsorum
1283 2476 1397 2503 scribam
1416 2477 1504 2503 eos“.
1528 2478 1604 2510 Quod
1621 2486 1687 2505 sane
1706 2479 1739 2506 ab

948 2523 1006 2558 ipsa
1021 2523 1134 2550 veritate
1145 2522 1255 2549 Christo
1269 2527 1411 2557 peractum
1426 2523 1545 2557 scimus;
1562 2529 1623 2559 post
1635 2525 1741 2559 aliquot

949 2574 1040 2596 autem
1059 2576 1145 2596 annos
1166 2569 1270 2604 scripto
1284 2569 1366 2597 etiam
1380 2577 1550 2604 expressum.
1574 2570 1664 2599 Testis
1681 2572 1740 2598 inc-

949 2615 1086 2642 luctabilis
1117 2614 1204 2643 Lucas
1233 2615 1271 2651 (si
1293 2621 1383 2642 tamen
1413 2615 1484 2643 hunc
1508 2616 1552 2644 isti
1574 2616 1740 2652 admittunt)

950 2661 996 2696 qui
1020 2660 1191 2688 traditionem
1210 2661 1356 2695 Evangelia
1376 2668 1426 2689 suo
1447 2661 1653 2690 fundamentum
1672 2670 1740 2697 pra:-

145 2834 198 2870 (li)
218 2833 333 2860 Videtur
349 2831 518 2866 Nicephorus
533 2837 641 2870 sumere
656 2828 904 2857 hanc'scuttmtiam
917 2834 957 2855 .ex
987 2825 1098 2855 Eusebii
1109 2825 1286 2862 Theophanis
1298 2827 1344 2856 lib.
1360 2835 1400 2861 ιιι,
1413 2828 1457 2861 40,
1473 2827 1550 2864 cujus
1566 2829 1626 2857 vide
1645 2828 1739 2858 Grata

101 2866 269 2906 Fragmenta
287 2876 303 2896 ιι
319 2868 397 2896 nobis
422 2874 507 2902 nupcr
523 2866 607 2893 edita.
