1945 3078
222 153 271 186 391

224 209 359 243 primum,
378 208 447 242 quod
465 207 504 234 lex
519 206 616 241 iubens
632 206 730 233 divinis
749 205 902 240 Erangeliis
920 205 1010 232 cruci~
1027 207 1047 233 Α

224 261 278 287 que
302 253 461 287 obsequium
481 252 629 284 exhibere,
656 251 792 285 rebusque
820 251 882 277 aliis
904 257 963 284 qua:
987 250 1012 276 in

225 305 317 327 nostra
333 299 452 326 Ecclesia
473 299 643 326 honorantur
658 303 685 325 et
700 297 898 332 gloriﬁcnnlur,
917 295 1013 322 eadem

224 344 327 372 Christi
344 351 451 378 quoque
469 345 613 378 imaginem
631 342 754 370 venerari
768 343 907 369 admonet.

261 389 305 417 £0.
325 389 454 422 Quaenam
477 396 540 416 vero
558 388 638 422 hujus
657 388 725 422 legis
745 393 843 415 natura
860 387 919 415 est?
936 386 1015 414 Fides

225 435 368 468 nimirum,
385 439 412 463 et
434 435 603 462 credentium
626 434 740 461 interior
760 441 791 461 ac
809 439 957 468 spontanea
984 433 1015 460 ad

227 488 270 508 res
294 481 400 508 divinas
419 480 591 516 proclivitas,
607 485 634 506 et
658 479 731 507 eirea
749 480 822 514 ipsas
851 479 892 513 pia
910 484 937 506 et
958 487 1017 506 rec-

226 526 331 553 tissima
348 534 412 552 cura
431 533 462 552 ac
484 525 617 556 studium,
635 532 740 552 necnon
772 524 869 551 tradita
888 523 1017 552 Ecclesia:

226 572 411 606 diuturnoque
433 575 554 605 tempore
569 570 690 598 stabilita
709 576 736 598 ct
758 578 922 605 permanens
943 577 1018 598 con-

227 618 358 651 suetudo,
376 621 456 652 prout
479 617 557 652 paulo
575 622 638 644 ante
657 617 759 644 dictum
780 621 832 644 est.
850 617 951 644 Deinde
969 625 1018 644 ua-

229 664 328 691 tnralis
344 670 452 697 quoque
474 663 552 690 nobis
574 663 655 690 insita
674 662 716 690 lex
737 667 779 690 est
804 662 918 698 (praeter
936 671 1017 697 quam

225 710 300 745 quod
322 710 365 736 lex
383 717 490 744 quoque
507 709 607 743 scripta
625 709 649 736 id
665 709 756 744 jubet)
776 714 804 736 ut
825 708 1019 744 praestantibus

229 756 311 783 rebus
341 763 477 790 congruos
505 755 668 783 exhibeatur
693 755 782 782 honor
809 759 837 782 et
868 755 1017 782 veneratio.

228 804 318 837 Atque
336 803 388 829 hoc
414 809 447 829 ex
465 801 619 828 diﬂ‘crentia
637 808 745 835 quoque
765 801 952 828 adorationum
974 808 1020 828 co-

229 856 360 883 gnoscere
373 848 446 876 licet.
463 847 584 881 Namque
603 847 702 874 eximia
718 852 747 874 et
762 847 883 874 omnimn
900 847 1018 874 maxima

229 894 369 927 adoratio,
400 893 444 920 uni
476 893 625 920 universali
653 892 708 920 Deo
729 900 876 928 rerumque
898 893 1019 921 omnium
1037 881 1056 908 Β

231 938 344 966 Domino
369 938 483 965 debetur
510 946 541 964 ae
560 937 682 965 redditur
705 938 776 973 (l8),
799 938 881 966 veluti
894 938 940 964 illa
962 946 1022 972 qua:

230 990 373 1018 reputatur
393 985 449 1011 lieri
465 984 608 1011 latreutico
623 984 696 1011 cultu
716 992 748 1011 ac
763 984 872 1019 spiritu.
893 984 1020 1019 Reliqua-

231 1037 289 1056 rum
305 1036 370 1056 vero
381 1029 583 1061 adorationum,
598 1028 651 1055 alia
667 1028 741 1055 litob
758 1028 895 1056 excelsum
908 1030 1020 1063 gradum

231 1082 263 1102 ac
296 1075 472 1109 dignitatem,
500 1074 584 1101 veluti
611 1074 657 1101 illa
685 1082 746 1109 quae
767 1075 877 1109 regibus
906 1075 1022 1109 aliisque

231 1121 402 1156 principibus
416 1129 430 1148 a
447 1120 565 1148 subditis
579 1121 734 1148 exhibetur.
749 1120 795 1148 Sic
809 1122 881 1147 enim
896 1127 929 1148 ex
948 1121 1021 1148 omni

230 1166 395 1200 antiquitate
425 1166 466 1193 lex
499 1166 629 1194 obtinuit.
662 1166 721 1193 Alia
752 1166 892 1202 tyrannica
924 1171 967 1194 est
995 1171 1023 1194 et

229 1217 336 1245 coacta,
358 1219 454 1247 nempe
477 1220 538 1247 quae
561 1212 699 1239 iracundis
721 1220 753 1239 ac
772 1205 986 1248 praepotentibus
1006 1221 1022 1241 a

233 1259 330 1285 timore
342 1263 369 1285 et
387 1258 568 1292 trepidatione
584 1258 639 1285 vim
655 1259 817 1293 patientium
833 1259 917 1287 invite
936 1259 1023 1287 deler-

233 1308 290 1329 tur.
308 1303 367 1330 Alia
387 1310 447 1330 cum
463 1303 614 1330 honorandi
634 1303 773 1337 proposito
786 1309 908 1331 amanter
920 1309 1022 1332 etcum

233 1349 286 1376 lide
312 1356 326 1374 a
355 1349 543 1382 credentibus,
573 1354 686 1384 propter
715 1349 836 1384 ipsorum
865 1355 1022 1378 sanctorum

233 1394 328 1426 Deum,
345 1394 473 1421 tribuitur
499 1395 602 1422 sanctis
619 1403 668 1423 ceu
694 1403 743 1430 per
762 1403 809 1423 eos
830 1397 863 1423 ad
879 1397 962 1424 Deum
982 1405 1023 1424 re-

232 1440 303 1472 lata,
321 1447 425 1467 necnon
452 1440 523 1467 divis
542 1440 662 1476 angelis,
687 1446 714 1468 et
740 1442 829 1469 sacris
850 1441 1023 1475 hominibus,

232 1491 259 1512 et
274 1487 395 1521 angustis
410 1486 517 1521 templis
539 1487 675 1522 vasisque.
698 1487 756 1514 Alia
776 1487 893 1522 denique
913 1488 1023 1516 relative

234 1537 262 1558 et
286 1532 458 1564 salutatoria,
479 1540 513 1560 ex
526 1533 615 1561 amico
635 1533 808 1568 benignoque
824 1534 926 1566 animo,
945 1534 1022 1561 l'ami-
1037 1551 1058 1579 ο

234 1578 378 1605 liaritatem
396 1586 427 1606 ae
449 1579 665 1607 benevolentiam
679 1580 752 1608 caris
768 1579 923 1607 hcininibus
938 1580 1024 1615 signi-

234 1625 331 1654 llrans.
345 1625 443 1652 Verum
465 1630 608 1660 utcunque
623 1633 652 1653 se
668 1625 750 1653 habet
761 1626 928 1653 adorationis
943 1628 1023 1659 ratio,

235 1675 265 1698 ut
280 1671 367 1705 magis
382 1671 547 1706 generaliter
563 1671 716 1706 loquamur,
734 1671 767 1699 ad
783 1671 840 1698 haec
856 1671 907 1698 tria
924 1679 1024 1706 genera

235 1717 363 1744 adoratio
382 1717 529 1752 redigitur;
548 1725 610 1743 nam
637 1716 680 1744 vel
706 1724 800 1744 amore
818 1716 861 1744 vel
892 1722 969 1744 tnetu-
984 1716 1025 1743 vel

234 1761 293 1796 lege
328 1762 385 1789 lleri
413 1762 592 1797 conspicitur.
620 1761 804 1795 Quamobrem
830 1763 927 1794 rebus,
958 1769 1026 1797 quas

235 1812 326 1833 nostra
343 1807 476 1834 hactenus
487 1807 611 1834 adoratio
634 1807 734 1842 attigit,
754 1815 803 1835 ceu
819 1807 950 1843 dignitate
969 1816 1026 1834 nia-

231 1852 292 1886 jore
306 1852 436 1887 praeditis,
455 1857 481 1879 et
501 1853 705 1880 venerationem
723 1857 834 1888 propter
848 1860 879 1880 ea
898 1860 958 1887 quae
975 1861 1026 1880 no-

235 1899 276 1925 bis
287 1903 503 1926 commemorant
516 1898 571 1933 92
590 1898 767 1932 merentibus,
781 1903 861 1926 recte
870 1906 920 1926 nos
934 1905 1027 1925 amore

236 1945 367 1972 stimulati
385 1945 560 1972 h0norariam
581 1944 768 1972 adorationem
786 1944 951 1978 tribuimus;
972 1952 1026 1971 non

237 1990 309 2017 illam
326 1990 417 2018 hercle
431 1990 526 2023 latriaa,
544 1990 631 2023 absit;
646 1994 674 2016 ut
693 1989 739 2017 i3ti
750 1989 881 2017 adversus
894 1989 1027 2016 Christia-

237 2043 287 2063 nos
303 2036 414 2070 indigno
429 2035 648 2062 Christianorum
666 2041 742 2060 more
762 2038 898 2068 uttgantur
911 2034 979 2070 (l9).

273 2081 317 2108 Η,
333 2080 393 2108 Jam
418 2081 440 2108 si
469 2081 541 2115 leges
556 2087 665 2114 quoque
685 2079 803 2108 recitare
822 2087 891 2115 Opus
913 2086 973 2114 est,
993 2089 1026 2108 en

238 2127 348 2154 l‘aultttn
374 2127 516 2163 jubentem
540 2135 547 2153 :
571 2125 682 2153 Reddite
702 2127 823 2153 ontnibtts
849 2126 952 2159 debila,
980 2127 1028 2154 alii

235 2180 350 2204 metum.
376 2174 423 2200 alii
444 2173 570 2200 honorem
582 2172 605 2188 ’⁸
634 2177 661 2199 et
681 2177 814 2207 quotquot
835 2172 887 2200 alia
904 2181 966 2200 cum
985 2173 1027 2201 his

236 2225 389 2248 enumerat.
405 2219 482 2253 Quod
504 2220 526 2247 si
542 2218 626 2246 Paulo
640 2227 693 2246 non
709 2219 850 2252 obediunt,
867 2226 900 2247 ne
917 2219 1027 2247 Christo
1043 2224 1065 2252 ι)

235 2268 345 2302 quidem
362 2272 464 2293 morem
488 2270 601 2301 gerent,
618 2265 664 2299 qui
679 2265 795 2293 Caesaris
811 2265 955 2301 imaginem
976 2265 1025 2292 ho-

237 2313 328 2340 norari
346 2311 494 2339 mandavit.
513 2310 620 2337 Etenim
644 2318 756 2337 nummo
775 2318 790 2337 a
805 2311 984 2337 tentatoribus
999 2311 1024 2339 ei

236 2359 342 2391 oblato,
372 2365 423 2385 non
449 2357 488 2383 ait
509 2365 516 2384 :
541 2355 686 2391 Despuite,
712 2361 759 2383 aut
784 2356 954 2389 eonculeate,
979 2363 1026 2384 aut

273 2426 385 2454 "Rom.
403 2432 463 2458 xm,
479 2425 504 2452 7.

274 2503 331 2539 (l8)
347 2502 510 2539 Rectissime
526 2501 696 2539 Nicephorus
711 2508 774 2539 cum
791 2501 1028 2539 se_ptirnat_synotli

239 2537 398 2568 dclinitione
414 2543 468 2565 act.
485 2537 513 2569 'l,
533 2537 576 2564 ubi
601 2538 766 2564 honorandae
776 2537 885 2571 quidem
900 2537 1029 2563 dicuntur

240 2572 496 2610 imaginesChristi,
515 2573 647 2610 Deiparae,
661 2577 861 2610 etsanctorum
879 2577 1031 2610 nontamen

237 2606 413 2641 vera'lntria,
429 2617 486 2643 qua:
501 2608 645 2634 secundant
663 2606 741 2643 ﬁdem
754 2612 805 2639 est,
820 2614 928 2643 quicque
944 2607 1030 2643 solam

239 2647 353 2672 divinant
365 2641 488 2671 naturam
497 2643 621 2671 (λοισι.οὑ
637 2642 689 2676 μὴν
703 2641 752 2676 τὴν
764 2641 835 2668 κατὰ
847 2641 938 2667 πίστιν
952 2641 1029 2676 ἡμῶν

238 2681 370 2716 ἀληθινὴν
391 2678 531 2716 λατρείαν,
565 2677 582 2713 ἢ
599 2675 696 2712 πρέπει
714 2676 783 2716 μόνῃ
798 2678 840 2716 ¹τῇ
857 2675 917 2716 (ξείᾳ
935 2677 1025 2716 (ptiust.

240 2712 308 2743 Hinc
327 2712 535 2743 evidentissitne
554 2717 629 2746 patet
656 2719 735 2738 error
749 2712 802 2745 (vel
819 2712 908 2746 potius
924 2712 1028 2738 calum-

239 2752 295 2780 nia)
313 2750 424 2778 secumli
441 2747 553 2775 canonis
569 2746 838 2777 Francolordiensis,
864 2747 897 2772 ab
918 2747 1026 2773 hetero-

240 2787 318 2812 tloxis
347 2785 427 2812 toties
456 2781 600 2810 catholicis
618 2781 728 2815 objecti,
750 2781 776 2807 in
803 2788 857 2815 quo
874 2787 969 2808 contra
987 2782 1026 2808 rei

241 2822 326 2854 ipsius
342 2821 483 2847 veritatem
500 2818 557 2844 haec
586 2817 758 2854 scribuntur:
774 2815 864 2854 Allata
881 2821 917 2842 est
933 2817 959 2843 in
977 2825 1028 2854 me-

238 2850 315 2884 dium
329 2855 439 2891 qumtio
456 2854 488 2880 de
508 2860 574 2880 nota
596 2850 748 2879 ercorum
767 2852 878 2886 synodo,
895 2859 975 2886 quam
994 2852 1026 2878 de

736 149 765 178 S-
789 147 997 179 NICEPHORI
1017 145 1271 176 PATRIARCH/E
1291 146 1346 176 (ΖΡ.

1064 205 1113 240 μὲν
1125 205 1138 230 ὁ
1150 204 1232 239 νόμος
1248 205 1262 230 ό
1275 203 1395 230 κελεύων
1413 203 1447 229 τά
1460 211 1488 229 τε
1506 203 1565 230 θεῖα
1582 202 1737 237 Εὐαγγέλια
1751 201 1799 229 καὶ
1815 203 1859 230 τίιν

1065 249 1193 284 σταυρὸν,
1204 249 1251 276 καὶ
1261 248 1346 276 τᾶλλα
1360 248 1445 276 ὁπόσα
1459 249 1488 275 ὲν
1502 249 1535 283 τῇ
1550 247 1612 274 καθ’
1623 249 1697 283 ἡμᾶς
1708 248 1860 284 Ἐκκλησία

1064 295 1178 329 τιμᾶται
1201 296 1249 321 καὶ
1268 294 1430 327 δοξάζεται,
1451 295 1465 321 ὁ
1482 294 1566 326 αὐτὸς
1587 291 1664 326 οὗτος
1687 295 1735 320 καὶ
1757 294 1861 330 ταύτην

1065 341 1230 375 προσκυνεῖν
1248 342 1407 377 παρεγγυᾷ.
1631 339 1634 340 ν

1103 389 1126 414 ι’.
1145 386 1178 413 Τί
1190 386 1221 413 δὲ
1237 386 1414 420 eaStoic-rw;
1433 387 1466 413 Ἦ
1480 386 1582 420 πίστις,
1598 387 1644 413 καὶ
1658 386 1711 414 τῶν
1724 387 1831 414 πιστῶν
1846 387 1862 423 ἠ

1066 432 1173 460 οἴκοθεν
1189 433 1238 459 καὶ
1254 433 1477 468 αὐτεπάγγελτος
1493 433 1557 468 περὶ
1572 433 1606 460 τὰ
1622 433 1684 460 θεῖα
1705 433 1778 469 ὁρμὴ
1790 454 1797 466 ,
1813 433 1859 460 καὶ

1067 480 1083 514 ἡ
1098 479 1164 513 περὶ
1178 479 1249 506 αὐτὰ
1273 479 1394 515 εὺλαῦὴς
1411 480 1459 507 καὶ
1479 479 1615 514 εὐθυτάτη
1637 480 1800 515 προαίρεσις
1816 481 1863 506 καὶ

1069 525 1183 560 σπουδὴ.
1198 525 1247 552 καὶ
1264 526 1281 561 ἡ
1305 525 1512 560 παραδιδομένη
1527 526 1561 560 τῇ
1584 525 1734 561 Ἐκκλησία
1751 526 1800 552 καὶ
1823 526 1862 560 τῷ

1069 570 1170 606 μακρῷ
1190 571 1279 607 χρόνῳ
1299 571 1482 606 βεόαιωθείσα
1497 571 1544 598 καὶ
1559 570 1700 606 κρατοῦσα
1718 571 1861 606 συνήθεια,

1069 616 1142 643 καθὰ
1152 616 1184 650 δὴ
1200 617 1247 642 καὶ
1261 616 1353 652 μικρῴ
1369 616 1489 651 πρόσθεν
1505 616 1632 651 εἴρηται·
1655 616 1752 643 ἔπειτα
1770 616 1800 644 δὲ
1822 617 1864 644 ὅτι

1069 663 1117 689 καὶ
1134 663 1250 696 φυσικὸς
1265 662 1348 698 νόμος
1364 663 1431 698 ἡμῖν
1451 660 1611 698 ἐνυπάρχει,
1629 663 1680 689 καὶ·
1694 663 1744 698 μὲν
1762 663 1796 698 δὴ
1817 662 1867 690 καὶ

1069 708 1083 734 ὁ
1095 709 1124 734 ὲν
1142 709 1289 744 γράμμασι
1305 708 1432 744 κείμενος
1447 709 1636 743 ὲγκελεύεται,
1650 710 1709 741 τοῖς
1724 710 1755 736 τὸ
1772 712 1865 744 κρεῖτ-

1069 762 1115 780 τον
1130 754 1327 789 ὲνεγκαμένοις
1349 754 1398 790 τὴν
1420 754 1583 790 πρέπουσαν
1598 755 1694 789 νέμειν
1716 755 1801 791 τιμὴν
1819 756 1867 782 καὶ

1071 800 1273 835 προσκύνησιν·
1298 800 1442 827 καὶτοῦτο
1464 800 1545 835 μάθοι
1567 808 1609 833 τις
1635 801 1668 828 ἄν
1692 802 1725 828 ὲκ
1745 801 1797 836 τῆς
1811 801 1866 828 τῶν

1071 846 1286 882 προσκυνήσεων
1303 847 1448 882 διαφορᾶς.
1458 846 1491 872 Ἦ
1506 846 1558 882 μὲν
1572 847 1626 881 γὰρ
1641 847 1802 882 ἐξῃρημένη
1819 849 1866 874 καὶ

1071 891 1181 929 πάντων
1203 891 1333 919 ἐπέκεινα
1351 891 1555 928 προσκύνησις,
1583 892 1714 927 μόνῳ.τῷ
1730 891 1785 919 τῶν
1800 892 1867 918 ὅλων

1072 935 1131 972 Θεῷ
1157 937 1205 964 καὶ
1227 938 1338 964 πάντων
1363 937 1603 970 κατεξουσιάζοντι
1626 937 1802 972 ὲποφεί).εται
1821 937 1868 964 καὶ

1073 985 1254 1019 προσάγεται,
1268 984 1312 1011 οἷα
1324 985 1341 1018 ὴ
1357 984 1387 1010 ἐν
1399 983 1516 1019 λατρεία
1532 984 1635 1018 θεωρου
1642 984 1709 1019 μένη
1723 984 1773 1010 καὶ
1786 983 1868 1010 πνεύ-

1074 1038 1157 1064 ματι·
1181 1030 1237 1057 τῶν
1261 1029 1284 1056 δ’
1305 1030 1394 1056 ἄλλων
1453 1030 1503 1066 μὲν
1523 1029 1587 1056 καθ’
1609 1028 1748 1064 ὑπεροχὴν
1774 1030 1823 1056 καὶ
1838 1029 1870 1055 τὸ

1073 1075 1195 1111 ὰξῐωμα,
1208 1076 1245 1108 ὡς
1259 1078 1276 1111 ὴ
1293 1077 1350 1108 τοῖς
1362 1075 1503 1111 βασιλεῦσι
1518 1076 1566 1102 καὶ
1581 1077 1638 1107 τοῖς
1649 1075 1742 1107 ἄλλοις
1753 1075 1869 1110 ἄρχουσι

1074 1123 1149 1158 παρὰ
1163 1121 1218 1148 τῶν
1238 1122 1368 1157 ὑπηκόων
1384 1121 1611 1157 προσφερομένην
1628 1121 1698 1148 οὕτω
1719 1120 1774 1156 γὰρ
1787 1121 1870 1155 νόμος

1073 1167 1245 1203 κεκράτηκεν
1259 1167 1364 1194 ἄνωθεν
1385 1174 1393 1182 ·
1408 1167 1426 1203 ἠ
1440 1167 1468 1193 δὲ
1488 1166 1640 1202 τυραννικὴ
1659 1166 1707 1193 καὶ
1731 1166 1830 1201 βίαιος,
1850 1166 1868 1200 ἡ

1073 1216 1130 1246 τοῖς
1143 1213 1290 1249 δυσμενέσι
1310 1213 1357 1240 καὶ
1370 1212 1531 1248 τυραννοῦσι
1543 1212 1598 1239 δέει
1611 1212 1659 1239 καὶ
1673 1212 1780 1247 ἀγωνίᾳ
1793 1211 1870 1247 παρὰ

1073 1261 1129 1287 τῶν
1145 1259 1417 1295 κατηναγκασμένων
1432 1258 1570 1290 ἀκουσίως
1586 1258 1795 1294 προσαγομένη⁸
1809 1258 1826 1292 ἡ
1839 1258 1868 1284 δὲ

1075 1307 1146 1334 κατὰ
1160 1307 1244 1342 τιμὴν
1269 1306 1317 1333 καὶ
1335 1304 1499 1341 προαίρεσιν
1520 1305 1553 1331 ὲκ
1580 1304 1664 1331 πόθου
1680 1304 1728 1331 καὶ
1749 1304 1870 1334 πίστεως

1075 1353 1151 1389 παρὰ
1173 1353 1227 1380 τῶν
1250 1352 1355 1379 πιστῶν
1373 1353 1431 1383 τοῖς
1457 1351 1546 1386 ἁγίοις
1570 1351 1614 1378 διὰ
1633 1351 1679 1377 τὸν
1705 1350 1760 1377 τῶν
1783 1350 1870 1384 ἁγίων

1075 1399 1143 1426 Θεὸν
1159 1398 1346 1434 νενεμημένη,
1362 1397 1400 1429 ὡς
1421 1397 1455 1424 δι’
1475 1397 1588 1424 ἐκείνων
1605 1397 1648 1423 ἐπ’
1669 1397 1751 1423 αὑτὸν
1768 1397 1870 1431 ἀναγο-

1077 1444 1158 1480 μένη,
1173 1444 1302 1478 ἀγγέλοις
1316 1451 1346 1470 τε
1369 1443 1463 1476 θείοις,
1480 1442 1528 1470 καὶ
1553 1442 1683 1477 ἀνδράσιν
1705 1442 1808 1477 ἱεροῖς,
1825 1442 1871 1468 καὶ

1076 1491 1150 1522 ναοῖς
1169 1489 1273 1525 τιμίοις
1287 1491 1337 1517 καὶ
1352 1490 1491 1518 σκεύεσιν⁴
1511 1491 1528 1526 ἡ
1541 1490 1571 1517 δὲ
1589 1489 1702 1526 σχετικὴ
1716 1490 1764 1519 καὶ
1782 1491 1871 1517 ἀσπα-

1076 1536 1170 1571 στικὴ,
1190 1536 1222 1563 ὲκ
1241 1535 1353 1571 φιλικῆς
1377 1536 1526 1569 amorum;
1547 1536 1596 1563 καὶ
1619 1536 1810 1571 εὐγνώμονος,
1831 1537 1871 1564 ot-

1075 1581 1188 1608 κείωσιν
1211 1582 1258 1608 καὶ
1282 1581 1390 1609 εὔνοιαν
1411 1583 1468 1614 τοῖς
1490 1582 1685 1618 ἠγαπημένοις
1699 1583 1871 1617 ἐπαγγελλο-

1076 1627 1156 1663 μένη.
1172 1627 1227 1655 Καὶ
1240 1628 1314 1659 ὅπως
1327 1628 1361 1655 ἂν
1375 1629 1390 1655 ὸ
1403 1628 1454 1663 τῆς
1474 1629 1689 1664 προσκυνήσεως
1707 1629 1770 1664 ἔχοι
1781 1629 1872 1663 λόγος.

1076 1673 1124 1700 καὶ
1146 1672 1184 1704 ὡς
1205 1673 1238 1700 ἄν
1257 1681 1299 1704 τις
1320 1673 1503 1708 γενικώτερον
1521 1673 1594 1700 εἴποι
1606 1694 1613 1706 ,
1633 1674 1709 1708 τρισὶ
1725 1674 1832 1706 τούτοις
1854 1675 1871 1710 ἡ

1076 1718 1265 1754 προσκύνησις
1277 1718 1532 1754 χαρακτηρίζεσθαι
1544 1719 1677 1754 πέφυκεν·
1687 1719 1704 1755 ἢ
1715 1720 1770 1755 γὰρ
1782 1719 1870 1755 πόθῳ,

1076 1765 1093 1800 ἢ
1110 1765 1196 1800 φὸὁῳ,
1214 1765 1231 1800 ἢ
1246 1765 1322 1801 νόμῳ
1339 1765 1471 1800 γινομένη
1487 1766 1595 1801 ὁρᾶται·
1612 1765 1653 1792 διὸ
1668 1766 1716 1792 καὶ
1731 1767 1789 1798 τοῖς
1803 1774 1872 1801 προ-

1076 1810 1214 1846 κειμένοις
1227 1811 1294 1846 ήμῖν
1309 1809 1348 1845 τῷ
1361 1809 1434 1844 λόγῳ
1449 1811 1489 1841 εἰς
1504 1809 1661 1844 ἐπίσκεψιν,
1673 1807 1717 1836 οἵα
1732 1811 1813 1846 δόξης
1825 1810 1874 1837 λα-

1077 1857 1155 1891 χοῦσι
1172 1857 1221 1891 τῆς
1235 1855 1408 1890 κρείττονος,
1427 1855 1476 1882 καὶ
1489 1855 1521 1882 τδ
1536 1855 1687 1891 σεϐάσμιον
1707 1851 1745 1882 ὧν
1765 1856 1873 1882 εἵνεκεν

1079 1902 1190 1936 μνήμην
1208 1901 1321 1937 φέρουσι
1333 1901 1526 1937 κεκτημένοις,
1540 1901 1654 1933 εἰκότως
1671 1902 1704 1927 ὲκ
1720 1901 1806 1928 πόθου
1821 1902 1872 1937 τὴν

1077 1945 1149 1972 κατὰ
1163 1945 1245 1981 τιμὴν
1258 1946 1446 1982 προσκύνησιν
1466 1946 1587 1981 νέμομεν
1599 1966 1607 1980 ,
1621 1946 1652 1972 οὗ
1671 1947 1722 1982 τὴν
1735 1947 1807 1974 κατὰ
1821 1946 1874 1974 λα-

1078 1990 1185 2027 τρείαν,
1203 1992 1306 2025 ἄπαγε,
1323 1991 1362 2023 ὠς
1376 1991 1401 2018 οἶ
1419 1991 1592 2027 Χριστιανῶν
1608 1991 1640 2018 οὐ
1654 1993 1726 2019 κατὰ
1737 1993 1874 2029 Χριστια-

1078 2037 1141 2068 νοὺς
1157 2037 1396 2073 κατεφλυάρησαν.

1115 2080 1159 2112 ια’.
1176 2081 1207 2108 Et
1219 2081 1247 2108 δὲ
1258 2081 1297 2107 δεῖ
1311 2082 1359 2108 καὶ
1370 2082 1434 2114 τοῦς
1450 2082 1549 2117 νόμους
1562 2082 1652 2109 εἰπεῖν
1665 2102 1672 2115 ,
1688 2082 1874 2118 νομοθετεῖται

1079 2126 1184 2159 Παῦλος
1195 2148 1202 2160 ,
1223 2126 1361 2154 Ἀπόδοτε
1377 2126 1453 2155 πᾶσι
1463 2148 1470 2160 ,
1489 2128 1589 2162 λέγων,
1605 2128 1660 2161 τὰς
1675 2128 1820 2162 ὀφειλὰς,
1833 2127 1876 2161 τῷ

1076 2173 1135 2208 μὲν
1149 2173 1204 2200 τὸν
1216 2174 1327 2207 φόϐον,
1340 2172 1380 2206 τῷ
1393 2173 1428 2200 δὲ
1442 2173 1500 2207 τὴν
1514 2173 1605 2208 τιμὴν
1617 2194 1625 2207 ,
1639 2174 1688 2202 καὶ
1698 2174 1749 2200 ὅσα
1764 2175 1874 2206 τούτοις

1078 2219 1346 2254 συγκατηρίθμηται.
1365 2219 1397 2246 Et
1413 2219 1442 2245 δὲ
1455 2219 1556 2255 Παύλῳ
1574 2220 1605 2246 οὐ
1627 2220 1786 2254 πείθονται,
1802 2220 1876 2255 τάχα

1079 2265 1140 2292 οὐδὲ
1148 2265 1260 2301 Χριστῷ
1274 2265 1470 2301 πεισθήσονται
1481 2286 1489 2300 ,
1503 2266 1553 2302 τὴν
1567 2267 1708 2303 Καίσαρος
1723 2269 1818 2294 εἰκόνα
1833 2277 1877 2296 τι-

1081 2312 1135 2347 μᾷν
1152 2312 1394 2348 παρεγγυήσαντν
1409 2312 1457 2340 τοῦ
1473 2313 1528 2348 γὰρ
1546 2313 1715 2349 νομίσματος
1729 2315 1807 2350 παρὰ
1820 2314 1877 2340 τῶν

1079 2356 1268 2392 πειραζόντων
1274 2358 1498 2394 ῥποδειχθέντος,
1508 2359 1558 2386 οὐκ
1573 2358 1634 2386 εἷπε
1641 2380 1648 2392 ,
1657 2360 1875 2392 Καταπτύσατε,

1084 2503 1238 2540 aderandis?
1255 2503 1413 2538 imaginibus
1431 2503 1662 2540 Constantinopoli
1685 2503 1877 2540 (imorNica‘z)

1085 2538 1215 2572 fecerunt,
1229 2539 1257 2565 in
1279 2547 1331 2573 qua
1354 2540 1482 2571 scriptum
1500 2539 1656 2574 Ιιιιίκὸαέιιν,
1674 2538 1703 2566 ut
1718 2539 1764 2574 qui
1780 2540 1878 2573 imagi-

1085 2574 1160 2600 nibus
1175 2578 1339 2603 "uictorum.
1364 2574 1402 2599 ita
1419 2578 1445 2600 ut
1470 2574 1572 2607 dei/ica?
1592 2573 1728 2603 Trinitati,
1740 2575 1878 2601 δενιῖξιξιιηι

1085 2613 1131 2634 aut
1144 2609 1328 2635 adomtionem
1342 2616 1394 2635 non
1406 2609 1593 2643 impenderent,
1611 2612 1753 2636 anathema
1763 2610 1879 2644 judica-

1084 2648 1186 2670 rentur.

1114 2678 1171 2713 (19)
1192 2677 1229 2705 Ut
1249 2677 1314 2705 olim
1332 2678 1506 2711 nugabantur
1529 2678 1713 2710 Iconomachi,
1735 2679 1773 2705 ita
1791 2679 1877 2706 etiam

1076 2714 1232 2740 consecutis
1269 2714 1437 2748 temporibus
1465 2721 1551 2748 usque
1577 2715 1610 2740 ad
1638 2722 1698 2744 nos.
1723 2715 1879 2741 irridentur

1077 2747 1214 2774 immerito
1248 2749 1282 2775 ab
1311 2747 1486 2776 lteterodoxis
1508 2747 1637 2777 catholici
1681 2751 1759 2784 quasi
1785 2750 1877 2776 latrim

1076 2783 1190 2819 cultum,
1210 2792 1262 2809 non
1276 2790 1367 2811 autem
1390 2784 1563 2810 lionorariam
1579 2786 1620 2818 (ut
1634 2792 1676 2812 res
1692 2785 1746 2819 est)
1761 2791 1879 2812 venera-

1077 2818 1178 2845 tionem
1193 2819 1280 2846 sacris
1299 2819 1460 2853 imaginibus
1475 2819 1634 2847 exhibeant.
