1945 3078
66 150 115 181 425

410 144 724 175 ANTIRRHETICUS
745 142 791 172 ΙΙΙ
811 142 861 171 ΑΒ

918 140 1152 170 CONSTANTIN‘
1160 140 1213 169 Ulli
1234 139 1340 169 tlUl’li.

1643 138 1697 170 4‘36

65 207 126 237 κνὺς
145 205 172 231 ὲν
190 203 278 239 τούτῳ
298 203 346 238 τήν
370 211 400 228 τε
423 202 571 237 ὁμοιότητα
602 201 649 228 καὶ
676 201 725 235 τὴν
755 199 854 225 οἰκειό-

918 197 1038 232 magiues
1047 201 1111 224 sunt
1125 200 1152 223 ul
1166 196 1331 230 archetypa;
1346 195 1386 222 sic
1399 195 1602 222 similitudinem
1616 196 1698 222 simul

65 260 139 287 τητα.

95 309 144 344 λβ⁷.
164 309 197 334 Τί
208 308 311 335 τούτων
327 307 495 342 σαφέστερον
513 306 529 341 ἢ
543 305 722 341 ἐκδηλότερον
737 304 807 339 πρὸς
820 303 854 330 τὰ

64 356 102 387 εἰς
117 355 230 391 ζήτησιν
252 355 318 389 ἡμῖν
338 353 529 388 προκείμενα;
549 353 574 378 εἰ
601 352 639 387 μὴ
656 351 782 378 τοσοῦτον
805 360 855 378 πε-

65 403 204 437 πήρωνται
217 401 263 427 τὸν
276 399 350 432 νοῦν,
365 399 413 426 καὶ
427 399 459 425 τὸ
476 398 526 433 τῆς
542 397 663 428 διανοίας
675 397 768 428 αὐτοῖς
781 396 856 422 ἐσκό-

64 455 152 474 τισται
168 446 258 480 ὄμμα.
271 445 304 471 Τί
318 442 365 471 οὖν
375 445 457 479 φαῖεν
475 443 543 478 πρὸς
557 443 645 469 ταῦτα
657 443 681 468 οἱ
697 443 752 477 τῆς.
767 443 856 468 υίοοε-

65 494 124 524 σίας
147 492 302 526 ἀλλότριοι;
331 488 386 525 ἆρα
413 489 575 523 ἀντιϐλέψαι
602 489 763 524 δυνήσονται
787 489 865 523 πρὸς·

63 539 111 573 τὴν
123 538 194 564 οὖῖω
209 537 339 572 λαμπρὰν
351 536 398 563 καὶ
412 535 529 570 διαφανῆ
542 536 592 569 τῆς
603 535 736 570 ἀληθείας
749 535 836 569 αὐγήν
847 543 854 566 ;

65 582 117 619 ἆρα
133 583 362 616 ἀνθυπενέγκοιεν
372 581 407 608 τὰ
425 582 458 608 ὲκ
473 582 522 617 τῆς
540 581 671 616 βδελυρᾶς
685 581 732 607 καὶ
744 580 855 607 θεοστυ-

64 629 126 663 γοῡς
153 630 244 655 αὐτῶν
260 628 375 664 καρδίας
397 628 609 663 ὲξερςυγόμενοι
627 627 720 653 εἰκαῖα
738 627 786 653 καὶ
805 635 857 661 μυ-

66 675 133 710 σαρὰ
149 674 352 710 ληρωδὴματα;
366 673 489 708 δέχονται
503 674 616 705 τούτους
631 673 695 704 τοὺς
706 672 856 709 Θεηγόρους

64 720 174 754 λόγους,
198 719 214 754 ἦ
241 718 470 754 παραγράφονται
494 718 541 743 τὸν
558 717 736 750 διδάσκαλον;
757 718 782 743 εἰ
807 718 857 752 μὲν

64 766 93 792 οὐ
107 765 244 798 δέξονται,
258 763 371 790 αὐτόθεν
387 764 479 794 αὐτοῖς
493 764 523 789 τὺ
537 763 588 798 τῆς
602 762 722 797 Χριστοῦ
736 762 857 799 ποίμνης

63 811 259 847 ἠλλοτριῶσθαι
271 810 429 851 ὑπάρξειεν·
443 810 468 836 εὶ
479 810 507 836 δὲ
517 809 651 844 δέχονται,
662 808 735 835 δυοῖν
748 809 855 844 ἀνάγκη

64 859 186 893 θάτερον·
203 858 219 892 ἢ
237 857 283 882 τὸν
299 856 354 883 τῶν
367 855 479 882 εἰκόνων
492 855 570 889 λόγον
581 855 619 886 ὡς
632 854 725 889 ἔχουσι
740 855 806 890 πρὸς
824 855 857 881 τὰ

907 242 1182 276 convenientiamque
1197 241 1399 268 demonstrant.

942 299 985 326 59.
999 299 1069 332 Quid
1087 299 1138 326 hoc
1151 298 1322 326 manifestius
1343 302 1390 325 aut
1405 298 1559 325 evidentius
1584 298 1617 324 ad
1635 306 1698 333 prn-

907 345 1022 380 positam
1034 345 1113 372 nobis
1128 344 1326 379 qumstiuitetn?
1342 343 1397 370 Nisi
1411 343 1481 370 forte
1496 343 1548 370 illis
1564 347 1700 371 excaecata

907 396 1021 425 prorsus
1035 398 1112 417 mens
1133 396 1185 423 est,
1203 391 1358 424 mentisque
1373 390 1467 417 oculus
1492 391 1698 418 obtcnehratus.

907 437 978 470 Quid
993 444 1057 471 ergo
1076 438 1108 463 ad
1130 437 1187 464 haec
1202 437 1295 464 dicent
1319 436 1364 463 isti
1391 436 1424 463 ab
1439 437 1584 471 adoptione
1606 436 1700 464 divin‘a

907 483 1005 510 alieni?
1020 482 1088 510 Num
1107 483 1201 510 oculos
1216 488 1311 510 contra
1324 488 1379 509 tam
1393 483 1495 509 clarum
1512 483 1702 518 lucentemque

906 529 1033 556 veritatis
1058 528 1228 564 splendorem
1247 534 1377 563 poterunt
1392 528 1561 556 obﬁrmare?
1586 529 1627 556 Att
1651 532 1701 564 op-

907 579 1008 608 ponent
1025 582 1093 601 vana
1111 580 1139 601 et
1157 574 1340 601 abominanda
1356 581 1388 601 ex
1409 574 1515 608 impuro
1530 582 1579 602 suo
1594 576 1703 611 Deoque

907 619 1000 646 odihili
1024 625 1149 647 eructata
1176 620 1258 646 corde
1282 620 1459 647 deliramenta
1480 620 1492 646 ?
1514 621 1705 649 Admittunlno

908 667 1037 694 divinitus
1055 667 1159 700 prolata
1183 667 1280 698 verba,
1307 674 1340 692 au
1367 667 1527 702 magistrum
1556 668 1703 694 recusant?

908 713 935 739 Si
951 719 1003 740 non
1019 713 1176 745 admittunt,
1198 714 1252 747 jam
1278 713 1341 740 hinc
1354 713 1388 740 iis
1404 713 1551 740 coniicitur
1563 723 1577 740 ιι
1600 714 1704 742 Christi

908 758 972 786 ovili
983 759 1120 786 alienatio.
1134 758 1182 786 Sin
1197 759 1354 790 admittunt,
1371 758 1532 787 alterutrum
1551 761 1584 788 de
1598 761 1704 788 duobus

908 811 1021 832 necesse
1039 809 1095 837 est;
1113 812 1209 840 nempe
1235 804 1276 832 vel
1296 805 1443 840 imaginum
1460 805 1604 838 rationem,
1625 808 1706 842 prout

909 856 938 876 se
957 850 1057 877 habent
1068 851 1100 877 ad
1115 851 1273 886 archetypa,
1288 849 1430 878 nobiscum
1445 851 1639 886 confiteantur,
1663 859 1705 880 at-

64 903 218 938 αρχέτυπα,
234 901 365 932 ὡσαύτως
380 901 446 936 ἡμῖν
461 901 646 936 συμφήσαιεν,
661 900 708 926 καὶ
719 899 764 926 διὰ
778 900 858 927 τοῦτο

918 903 961 930 lue
978 897 1012 923 ob
1028 897 1053 922 id
1079 896 1185 923 Domini
1209 904 1317 933 quoque
1332 897 1476 932 imaginem
1495 904 1578 933 atque
1595 905 1706 927 sancto-

65 950 110 976 καὶ
135 948 186 983 τὴν
212 947 261 974 τοῦ
288 947 393 980 Κυρίου
421 946 515 973 εἰκόνα
531 945 652 972 καὶτῶν
682 945 767 979 ἁγίων
797 945 856 980 μεθ’

65 995 140 1030 ἡμῶν
162 994 350 1030 προσκυνῆσαι
374 992 586 1024 καταδέξονται·
608 991 624 1026 ἢ
646 991 698 1026 τῆς
719 991 857 1022 υἱοθεσίας

66 1040 223 1076 περιφανῶς
240 1039 475 1074 ὲκὸληθήσονται,
495 1038 528 1073 ἢν
546 1038 589 1064 διὰ
612 1037 659 1064 τοῦ
676 1037 754 1072 ἁγίου
773 1037 858 1064 [lsz-

68 1096 149 1119 ιιατος
164 1088 193 1113 ἐν
210 1085 249 1121 τῷ
264 1086 329 1121 θείῳ
344 1085 451 1121 λουτρῷ
467 1085 710 1120 πεπλουτήκαμεν,
725 1084 773 1111 καὶ
789 1085 858 1120 μετὰ

68 1122 207 1160 ’Ἰουδαίων
219 1132 267 1159 καὶ
294 1131 428 1167 Ἑλλήνων
444 1130 614 1164 τετάξονται,
631 1131 710 1166 εἴπερ
720 1130 753 1165 ἢν
766 1131 857 1165 ἔχουσι

66 1179 134 1214 προς
154 1179 257 1214 ἄλληλα
279 1178 422 1204 κοινωνίαν
440 1186 470 1204 τε
493 1177 541 1204 καὶ
563 1177 656 1212 σχέσιν
679 1177 709 1202 οὐ
727 1175 857 1203 διδόασιν·

65 1227 167 1260 οἴχεται
185 1225 240 1260 γὰρ
257 1225 347 1256 αὐτοῖς
362 1223 393 1250 τὺ
409 1223 483 1250 θεῖον
501 1223 660 1259 βάπτισμα,
678 1222 815 1258 ἀνῄρηται
828 1222 857 1249 τὸ

67 1269 126 1297 κατ’
141 1270 236 1296 εἰκόνα
252 1267 321 1296 εἶναι
337 1269 384 1295 τοῦ
405 1268 558 1299 Κτίσαντος
569 1288 576 1301 ,
590 1267 726 1294 ἔκπτωτοι
741 1268 788 1294 καὶ
806 1268 860 1294 ἀπ-

67 1315 186 1350 ωσμένοι
206 1317 255 1350 τῆς
280 1315 357 1350 ἱερᾶς
372 1313 426 1341 τῶν
443 1314 563 1349 Χριστοῦ
578 1313 681 1341 τέκνων
696 1313 797 1348 ἀγέλης
808 1333 815 1347 ,
829 1313 860 1340 τὸ

66 1361 160 1388 λοιπὸν
175 1360 361 1396 χρηματιοῦσι
373 1368 380 1375 ·
405 1359 535 1387 τοσοῦτον
555 1359 700 1387 ὰπώναντο
721 1359 772 1395 τῆς
789 1359 860 1388 κατὰ

65 1409 115 1440 τὰς
131 1408 210 1443 ἱερὰς
225 1407 334 1438 εἰκόνας
354 1406 461 1442 ὕϐρεως
477 1407 501 1433 οἱ
524 1406 702 1441 ταλαίπωροι·
722 1406 861 1441 ὑπερθαυ-

66 1454 187 1489 μάσαιτο
199 1453 222 1480 δ’
242 1453 276 1480 ἄν
294 1461 336 1484 τις
351 1454 451 1484 αὐτοὺς
466 1453 514 1479 καὶ
538 1452 666 1480 ἐντεῦθεν
681 1452 797 1484 εἰκότως
820 1454 860 1484 εἰς

63 1501 128 1527 ὅσον
145 1499 317 1534 ἠλιθιότητος
342 1500 388 1526 καὶ
411 1499 558 1531 ἀσυνεσίας
581 1499 721 1532 ἐξέπεσον,
745 1498 861 1525 ἀκολου-

65 1546 130 1573 θοῦν
151 1547 213 1577 ταῖς
236 1546 422 1580 ἀνοσιουργοῖς
448 1545 582 1581 πράξεσι,
612 1545 660 1572 καὶ
681 1545 711 1572 τὸ
733 1545 860 1581 φρόνημα

67 1594 194 1628 σχόντες.

100 1650 154 1685 λγ’,
172 1648 389 1686 Προσποιοῦνται
409 1650 457 1685 μὲν
472 1650 528 1685 γὰρ
542 1649 589 1676 καὶ
606 1648 866 1684 κατασχηματίζον-

66 1706 112 1724 ται
126 1697 231 1724 τὸντοῦ
246 1697 365 1733 σταυροῦ
375 1697 461 1724 τύπον
471 1697 565 1732 τιμᾷν·
578 1696 607 1722 τὸ
619 1695 649 1722 δὲ
660 1696 777 1731 πρᾶγμα
789 1695 866 1728 αὐτὸ,

65 1745 136 1779 ὅπερ
162 1744 226 1770 ἐστὶ
245 1744 275 1770 τὸ
302 1744 435 1779 σωτήριον
458 1742 506 1769 τοῦ
533 1742 654 1778 Χριστοῦ
678 1742 765 1773 πάθος
779 1763 787 1775 ,
808 1743 868 1774 ταῖς

67 1790 212 1826 ἀληθείαις
231 1789 386 1824 ἀναιροῦσι.
405 1788 468 1821 Πῶς
483 1788 538 1824 γὰρ
562 1788 689 1815 πείσεται
706 1788 722 1823 ἢ
741 1797 868 1824 σταυρω-

67 1837 202 1872 Θὴσεται,
218 1835 291 1863 κατὰ
310 1835 361 1871 τὴν
385 1835 497 1862 ἐκείνων
524 1836 692 1870 παράνοιαν,
715 1835 869 1870 ἀπερίγρα-

67 1891 137 1909 πτον
157 1880 314 1915 ἀνειληφὼς
337 1881 433 1915 σῶμα;
460 1881 487 1907 τί
513 1880 568 1915 γὰρ
594 1880 627 1907 ἂν
650 1880 694 1915 εἴη
719 1879 749 1906 τὸ
774 1881 802 1906 ἐν
829 1879 868 1915 τῷ

69 1927 182 1962 σταυρῷ
199 1925 416 1961 καθηλούμενον,
442 1925 459 1961 ἦ
476 1926 532 1957 τοῖς
549 1925 624 1960 ἥλοις
640 1926 866 1962 διαπειρόμενον;

68 1974 116 2000 καὶ
132 1975 181 2000 ποῖ
201 1973 252 2007 τῆς
272 1973 375 2008 αἰχμῆς
392 1973 416 1998 οἱ
436 1973 513 2006 δγκοι
532 1972 697 2003 εἰσδύσειαν,
719 1974 743 1999 εἰ
764 1973 801 2008 μὴ
824 1980 869 1998 πε-

71 2019 254 2055 ριγράφοιτο;
271 2018 287 2053 ἦ
306 2019 445 2045 κάνταῦθα
458 2019 489 2045 τὸ
510 2019 559 2054 τῆς
573 2018 713 2054 δοκήσεως
737 2020 792 2050 τοῖς
806 2019 869 2045 ἁδο-

71 2066 164 2100 κίμοις
193 2064 356 2099 ἑπαχλύσειε
378 2065 490 2097 σκότος;
512 2064 571 2096 πῶς
594 2065 649 2100 γὰρ
667 2065 716 2091 οὐκ
743 2065 868 2099 ἀδόκιμοι

68 2113 114 2138 τὸν
139 2111 206 2138 νοῦν
229 2112 277 2138 καὶ
302 2112 350 2147 τὴν
377 2111 465 2146 ψυχὴν
490 2111 701 2145 ὶσκοτισμένοι,
725 2111 869 2142 λαλοῦντες

70 2157 301 2192 ᾗιεστραμμένα;
342 2156 443 2190 ἀγαθὼ
469 2155 524 2190 γὰρ
558 2155 651 2182 λαλεῖν
685 2156 735 2181 οὐκ
773 2156 868 2188 ἴσασι,

72 2204 187 2237 πονηροί
205 2210 237 2236 γε
251 2202 328 2233 ὄντες
339 2221 345 2234 ,
358 2202 406 2228 καὶ
421 2203 454 2228 ἐκ
469 2201 517 2228 τοῦ
533 2201 653 2237 πονηροῦ
668 2201 806 2236 Θησαυροῦ
820 2202 869 2236 τῆς

72 2250 189 2284 καρδίας
212 2248 246 2274 τὰ
270 2248 441 2283 πονηρότερα
464 2247 676 2283 προφερόμενοι·
701 2246 745 2283 ἆρ’
767 2246 814 2274 οὖν
837 2248 868 2275 ού

74 2295 239 2330 πεφώραται
256 2294 299 2320 μτὰ
312 2293 362 2328 τῆς
379 2293 506 2324 ἀσεϐείας
523 2293 624 2326 αὐτῶν,
641 2294 716 2324 ὅπως
735 2294 758 2319 οί
777 2293 870 2328 ἐχθροί

72 2341 120 2366 τοῦ
150 2339 272 2374 σταυροῦ
301 2339 349 2365 τοῦ
378 2338 520 2374 Χριστοῦ,
546 2339 581 2365 τὰ
605 2339 654 2374 μὲν
677 2339 726 2365 τοῦ
753 2339 869 2375 σταυροῦ

73 2386 245 2422 πρεσὸεύειν
272 2385 482 2420 ὑποκρίνονται,
509 2385 590 2412 αὑτὸν
605 2385 634 2412 δὲ
654 2385 699 2412 τὸν
719 2385 806 2412 τύπον
822 2386 869 2412 τοῦ

73 2433 198 2468 σταυροῦ
214 2433 271 2463 τοῖς
287 2432 371 2467 ἱεροῖς
389 2432 562 2466 χαρακτῆρσι
575 2432 805 2467 συνανορύττουσι
823 2435 870 2458 καὶ

72 2479 268 2512 συγκαταλύου
273 2487 298 2504 σι
307 2486 314 2510 ;

108 2535 159 2562 λδ.
181 2536 214 2562 TE
228 2533 275 2562 οὖν
290 2543 383 2569 φασιν,
403 2535 427 2561 οἱ
444 2536 554 2570 ῥήματα
566 2535 642 2562 δόλια
658 2536 704 2562 καὶ
719 2536 869 2572 διεστραμ-

75 2582 149 2616 μένα
159 2581 378 2616 προσαλλόμενοι
389 2590 395 2614 ;
408 2591 417 2607 ι
433 2581 486 2608 Τὸν
496 2581 581 2608 τύπον
590 2581 637 2607 τοῦ
648 2581 765 2617 σταυροῦ
783 2590 868 2617 προσ-

73 2626 226 2661 κυνοῦμεν,
241 2626 285 2653 διὰ
298 2626 343 2653 τὸν
355 2626 505 2652 ὲκταῦέντα
516 2627 546 2652 ὲν
562 2626 648 2662 αὐτῷ.
662 2635 671 2652 ι
683 2626 754 2662 Δὴλη
768 2627 796 2653 δὲ
809 2627 871 2653 τού-

70 2681 132 2699 των
146 2673 164 2708 ἡ
179 2681 209 2699 τε
226 2672 425 2708 παραφροσύνη
441 2673 490 2699 καὶ
512 2674 528 2708 ἡ
544 2673 674 2708 σκαιότης
690 2673 870 2707 καθέστηκεν,

72 2719 112 2753 ὡς
129 2719 178 2746 τὸν
194 2719 245 2754 μὲν
265 2717 313 2745 τοῦ
331 2719 492 2753 ἁγιάζοντος
510 2719 596 2746 τύπον
610 2719 803 2755 βδελύσσονται
821 2715 878 2754 ήδηὶ

112 2825 172 2861 (44)
192 2825 274 2853 Ludit
295 2825 513 2861 Nieepborusiin
537 2826 676 2853 vocabulis
696 2826 825 2860 ἀδόκιμος
847 2830 873 2853 et

72 2860 188 2897 δόκησις
199 2881 207 2893 ,
222 2863 295 2894 quod
308 2868 384 2895 aeque
402 2861 458 2887 ﬁeri
472 2860 568 2888 Latine
585 2869 638 2888 non
656 2865 753 2896 potest.

217 2909 353 2938 Pn‘non.
378 2908 436 2939 Gn.
461 2908 497 2939 C.

913 949 972 968 rum
995 942 1134 970 nobiscum
1159 944 1283 971 vorierari
1306 944 1461 978 patiantur;
1491 944 1533 971 vel
1559 945 1707 979 adoptione
1750 971 1751 975 η

912 988 1002 1015 divina
1033 988 1176 1016 manifeste
1201 989 1386 1024 etpellemur,
1403 995 1485 1024 quam
1510 995 1558 1025 per
1579 996 1705 1020 sanctum

912 1034 1044 1068 Spiritum
1066 1035 1092 1062 in
1111 1035 1204 1063 divino
1231 1036 1340 1063 lavacro
1356 1037 1445 1072 adepti
1458 1037 1577 1070 fuimus,
1593 1044 1620 1066 et
1642 1047 1704 1067 cum

911 1080 1012 1108 Judaeis
1025 1084 1107 1116 atque
1116 1081 1232 1109 ethnicis
1241 1081 1461 1115 collocahuntur;
1474 1082 1608 1117 siquidem
1624 1091 1706 1119 quam

913 1127 1014 1154 habent
1031 1127 1146 1155 invicem
1168 1128 1304 1160 prazdicm:
1328 1128 1463 1161 imagines
1483 1130 1703 1158 communionem

912 1173 1126 1208 relationemque
1148 1181 1200 1202 non
1214 1175 1378 1202 concedunt.
1396 1174 1471 1203 Perit
1483 1177 1555 1204 enim
1578 1177 1643 1212 ipsis
1659 1177 1706 1205 ba-

913 1219 1041 1254 ptismus,
1067 1220 1193 1248 desinunt
1218 1213 1367 1254 esse-juxta
1382 1222 1521 1250 Creatoris
1536 1223 1683 1259 imaginem
1697 1226 1705 1259 ε

913 1266 1018 1294 decidui
1046 1271 1074 1294 et
1096 1267 1177 1302 ejeeti
1201 1275 1281 1295 sacro
1308 1267 1411 1296 Christi
1433 1268 1550 1296 ﬁliorum
1577 1278 1660 1306 grege
1679 1271 1708 1299 in

914 1317 1054 1347 posterum
1077 1318 1167 1341 erunt.
1185 1313 1242 1342 Hoc
1258 1315 1308 1342 sibi
1326 1315 1542 1344 emolumentum
1557 1324 1589 1344 ex
1607 1317 1707 1353 injuria

914 1359 1044 1387 adversus
1063 1367 1155 1388 sacras
1182 1361 1314 1397 imagines
1338 1367 1466 1390 curarunt
1488 1363 1592 1391 miseri.
1623 1365 1710 1393 Sum-

914 1409 1025 1441 mopere
1036 1411 1125 1434 autem
1144 1407 1272 1435 demirari
1290 1408 1338 1435 bos
1354 1409 1450 1436 merito
1466 1409 1530 1437 hinc
1547 1417 1708 1445 possumus.

915 1451 942 1478 in
959 1456 1090 1486 quantum
1102 1452 1224 1480 stultitiae:
1241 1454 1423 1489 amentimque
1438 1455 1579 1488 venerint,
1592 1464 1711 1485 consen-

915 1502 1023 1525 tnneam
1037 1499 1168 1534 improbis
1190 1500 1268 1528 factis
1285 1501 1342 1528 suis
1360 1502 1458 1529 mentis
1472 1510 1580 1538 quoque
1597 1502 1708 1531 'senten‘u

916 1546 981 1571 tiaut
1003 1545 1144 1574 habentes.

957 1649 1037 1685 106
1060 1649 1107 1677 '55.
1127 1648 1264 1677 Simulant
1286 1650 1396 1685 quidem
1425 1645 1551 1686 falsoque
1569 1651 1713 1682 ostentant

919 1695 1009 1722 crucis
1027 1700 1119 1730 typum
1133 1703 1146 1722 a
1168 1702 1196 1722 se
1211 1695 1357 1729 honorari;
1372 1697 1420 1724 sed
1443 1696 1544 1724 factum
1564 1697 1663 1733 ipsum,
1687 1701 1713 1728 id

919 1741 1123 1768 est‘salutarem
1138 1741 1240 1769 Christi
1260 1741 1437 1776 passionem,
1467 1751 1561 1771 revera
1590 1745 1712 1772 abolent.

919 1786 1059 1819 Quomodo
1070 1786 1140 1813 enim
1162 1794 1260 1821 passus
1274 1786 1346 1814 foret
1369 1792 1418 1814 aut
1446 1789 1606 1823 cruciﬁxus,
1629 1791 1708 1825 juxta

920 1832 1232 1864 istorumdementiam,
1261 1833 1283 1860 si
1311 1834 1580 1870 incircuntscriptum
1615 1841 1714 1871 corpus

919 1878 1214 1912 assumpsissct?Quid
1231 1880 1303 1906 enim
1319 1879 1345 1906 in
1361 1888 1442 1908 cruce
1457 1880 1552 1909 fuisset
1565 1878 1712 1917 conliXum,

920 1928 967 1949 aut
984 1923 1068 1950 clavis
1095 1923 1286 1958 perforatum?
1310 1924 1433 1957 Quonam
1460 1925 1562 1953 lancea:
1588 1922 1714 1962 cuspides

921 1973 1129 2002 penetrassent,
1151 1969 1201 1996 nisi
1225 1977 1326 2005 corpus
1345 1970 1442 1998 fuisset
1457 1971 1715 2007 circumscriptum?

911 2014 988 2041 'Num
1005 2015 1067 2042 hinc
1082 2016 1164 2042 etiam
1178 2015 1220 2043 his
1234 2016 1411 2051 inopinabilis
1424 2017 1571 2052 impietatis
1584 2018 1713 2050 alumnis,

920 2062 1055 2096 opinionis
1079 2062 1261 2096 phantastiea:
1279 2062 1336 2098 (44)
1368 2063 1543 2090 olfundentur
1577 2060 1716 2092 tenebrw?

920 2107 1018 2140 Quidni
1033 2108 1105 2135 enim
1132 2108 1188 2135 sint
1203 2109 1326 2143 reprobi.
1340 2110 1385 2144 qui
1404 2115 1523 2137 mentem
1541 2111 1640 2138 habent
1653 2112 1716 2138 tini-

922 2162 1050 2186 mamque
1070 2154 1293 2188 obtenebrntam,
1315 2155 1457 2190 loquentes
1474 2158 1623 2190 perversa?
1645 2157 1716 2184 bona

920 2199 992 2226 enim
1010 2199 1084 2234 loqui
1096 2199 1232 2232 nesciunt,
1256 2200 1318 2227 tnali
1335 2207 1399 2228 cum
1416 2201 1481 2235 sint,
1507 2209 1541 2229 ex
1557 2210 1641 2236 pravo
1654 2209 1716 2230 cor-

923 2246 964 2273 dis
979 2246 1109 2273 thesauro
1124 2245 1250 2280 praviora
1269 2247 1474 2281 depromentes,
1500 2247 1598 2276 Nonne
1626 2250 1718 2284 itaque

924 2292 1092 2326 deprehensa
1105 2297 1146 2320 est
1159 2293 1271 2320 istorum
1287 2293 1425 2328 impietas,
1438 2295 1574 2329 quomodo
1590 2295 1719 2324 videlicet

923 2338 1027 2364 inimici
1043 2338 1134 2366 crucis
1151 2338 1266 2372 Christi,
1282 2346 1392 2366 crucem
1411 2340 1520 2375 quidem
1540 2341 1665 2368 venerari
1680 2341 1718 2369 si-

923 2384 1026 2412 mulant
1038 2405 1046 2418 ,
1064 2378 1236 2418 ipsum-Vero
1249 2386 1339 2413 crucis
1356 2391 1448 2421 typum
1468 2386 1528 2422 (45)
1549 2394 1610 2414 cum
1631 2389 1718 2416 sacris

923 2431 1129 2459 cbaraeteribus
1151 2431 1288 2459 subruunt
1304 2432 1523 2467 destruuntque?

963 2534 1007 2561 34.
1025 2533 1094 2567 Quid
1111 2541 1176 2568 ergo
1197 2534 1224 2561 lii
1249 2534 1336 2567 aiunt.
1352 2534 1436 2563 Verba
1452 2536 1545 2564 dolosa
1564 2542 1592 2565 et
1608 2537 1718 2574 obliqua

925 2580 1113 2608 cﬂutieittesit
1125 2580 1232 2616 Typum
1243 2582 1333 2608 crucis
1346 2582 1506 2616 adoramus,
1519 2590 1632 2618 propter
1643 2585 1719 2612 illuni

927 2626 973 2660 qui
992 2627 1018 2654 in
1036 2634 1066 2653 ea
1076 2626 1127 2653 fuit
1138 2626 1449 2662 extensusilixplorata
1464 2633 1554 2656 autem
1565 2634 1608 2657 est
1622 2630 1719 2658 horum

927 2672 1045 2699 amentia
1062 2677 1090 2699 et
1110 2672 1283 2707 improbitas,
1304 2673 1375 2706 quod
1400 2681 1497 2709 nempe
1522 2675 1720 2702 sanetillcantis

929 2723 1021 2754 typum
1049 2719 1244 2746 abominantur
1272 2726 1306 2747 ac
1339 2720 1493 2755 despuunt,
1517 2721 1720 2750 sanctiﬁcatum

964 2824 1022 2860 (ιὸ)
1040 2824 1142 2863 Nempe
1160 2825 1267 2863 _Chrisli
1290 2826 1454 2862 imaginem,
1477 2835 1509 2856 ex
1525 2836 1578 2863 qua
1598 2829 1720 2859 derivmd

926 2861 1034 2888 videtur
1049 2862 1138 2888 crucis
1155 2861 1250 2897 ﬁgura.

1526 2910 1560 2941 ἰὴ
