1945 3078
87 149 141 181 441

441 152 753 186 ANTIRRHETICUS
773 156 820 185 III
840 156 925 186 ADV.
947 157 1244 190 CONSTANTlNUM
1265 161 1372 191 COPR.

1672 158 1725 190 419.

87 207 137 232 καὶ
156 206 226 241 μετὰ
239 207 288 242 τὴν
306 206 396 233 κτίσιν
412 209 620 244 ὲπισυμῦέϐηκε
632 231 639 243 ,
655 211 702 236 καὶ
718 208 774 236 οἷον
789 212 882 244 ἐπιγε-

942 213 1077 247 ;criptnm.
1096 214 1237 241 Exteriora
1257 219 1346 242 autem
1362 217 1423 249 post
1447 213 1611 240 creationem
1630 221 1736 247 super~,

88 253 234 288 νηματικὰ
254 253 401 288 τυγχάνει,
427 254 445 281 ἃ
470 255 513 281 διὰ
538 255 587 290 τὴν
608 256 738 291 ἀθέτησιν
762 256 813 291 τῆς
836 256 882 282 τοῦ

88 298 243 329 κτίσαντος
267 298 376 334 ἐντολῆς
395 301 640 335 ὲττεισενήνεκται·
661 301 755 336 ἐπειδὴ
773 302 827 336 γὰρ
846 301 885 336 τῷ

89 343 121 375 ἐξ
138 343 226 379 ἀρχῆς
241 345 443 380 πεπλασμένῳ,
458 347 514 377 τοῖς
529 346 600 372 κατὰ
613 346 727 382 γνώμην
745 348 819 382 παρὰ
838 348 884 374 τοῦ

90 390 257 422 πλάσαντος,
274 391 308 417 τὰ
320 391 370 425 τῆς
386 391 459 425 ζωῆς
476 392 653 427 ἀπεκέκριτο,
669 393 708 418 ἑνὶ
724 393 752 419 δὲ
767 393 841 428 νόμῳ
856 393 885 419 το

90 434 201 470 αἱρετὸν
219 436 293 470 αὺτῷ
307 437 367 462 κατ’
381 436 504 467 ἐξουσίαν
522 436 679 471 προΰκειτο,
728 439 886 473 τηρήσαντα

90 482 186 509 τοῦτον
211 483 260 517 τὴν
280 483 410 510 ἀνωτάτω
434 484 481 510 καὶ
506 484 632 517 ἀγγέλοις
660 485 808 519 ἐφάμιλλον
828 485 886 511 δια-

91 528 288 563 κληρώσασθαι
308 530 512 564 μακαριότητα,
534 530 550 565 ἢ
573 531 746 565 ἁλογὴσαντα
761 531 811 565 τῆς
831 540 888 566 χει-

93 574 190 609 ρίστης
207 575 252 601 καὶ
271 575 443 611 ἁθλιωτάτης
461 576 560 611 μοίρας
577 576 817 612 ἁποταχθήσεσθαι
831 586 837 592 ·
853 578 886 611 ἦν

91 621 123 656 δὴ
138 623 171 656 τῇ
187 621 312 656 ἐξαπάτῃ
329 621 375 647 τοῦ
391 622 479 656 Bosa);
496 622 680 656 προελόμενος
691 642 698 653 ,
719 623 767 657 τὴν
781 623 886 658 φθορὰν

91 667 176 698 εὐθὺς
192 667 239 693 καὶ
256 667 305 702 τὴν
321 667 473 702 θνητότητα
489 668 613 701 φυσικῶς
630 668 794 700 ὑποδύεται,
812 669 858 695 καὶ
873 670 886 695 ὁ

92 713 186 743 inme;
202 713 254 738 τῶν
271 713 377 749 μυρίων
394 713 487 739 παθῶν
505 714 587 748 ὲσμδς
610 714 815 749 ὲττεισκρίνεται
829 723 835 729 ⁸
855 715 885 741 οὐ

92 758 149 794 γὰρ
174 759 349 786 συνέκτισται
369 759 408 794 τῷ
433 759 642 795 πρωτοπλέιστῳ
659 761 675 794 ἡ
694 759 783 795 φθορὰ
804 761 849 787 καὶ
873 761 887 786 ὁ

93 803 221 835 θάνατος,
241 804 303 830 ἐπεὶ
322 805 372 830 οὐκ
389 805 422 831 ἂν
439 805 486 831 τοῦ
505 806 553 840 τῆς
572 805 644 840 ζωῆς
663 806 740 838 ξύλου
757 806 885 841 ἐδέησεν,

92 850 164 885 ὅπερ
178 851 207 876 ἐν
225 850 300 885 μέσῳ
316 850 354 885 τῷ
370 851 526 886 παραδείσῳ
545 851 666 887 τέθηλεν.
690 852 720 878 'O
735 852 824 878 τοίνυν
839 852 886 878 τοῦ

937 263 1081 290 venerunt,
1102 266 1129 286 et
1153 260 1229 294 quasi
1244 261 1341 287 adnata
1365 264 1440 292 sunt,
1460 267 1519 293 qua:
1544 259 1648 286 scilicet
1667 264 1726 293 post

936 305 1064 331 violatum
1077 306 1215 334 Creatoris
1232 311 1395 341 praeceptum
1405 306 1511 332 invecta
1523 305 1642 332 fuerunt.
1656 304 1723 337 Quia

936 351 1007 377 enim
1023 352 1133 379 condito
1154 353 1269 387 primum
1287 352 1402 384 homini,
1425 352 1446 378 si
1469 352 1547 377 modo
1562 359 1596 378 ex
1612 351 1726 382 Creato-

937 397 976 424 ris
989 399 1124 425 sententia
1136 399 1258 430 vixisset,
1273 399 1327 424 vita
1340 403 1397 425 erat
1409 398 1574 432 adjudicata,
1588 398 1624 424 ita
1637 403 1724 424 tamen

937 449 965 470 ut
992 444 1048 478 lege
1066 444 1131 476 lata,
1160 444 1274 471 liberum
1303 444 1481 470 nihilominus
1509 447 1582 470 esset
1605 443 1722 477 eligendi

937 490 1093 521 arbitrium,
1109 498 1204 524 nempe
1229 495 1258 516 ιιι
1273 489 1315 516 vel
1338 490 1390 516 hac
1405 490 1548 516 observata
1564 489 1723 515 altissimam

936 540 963 562 et
974 535 1077 570 angelis
1091 531 1185 570 parcnt
1200 536 1406 562 nancisceretur
1423 535 1502 562 homo
1512 534 1723 565 beatitudinem;

937 582 978 608 vel
995 589 1026 608 ea
1043 582 1174 616 neglecta,
1193 582 1338 616 pessintam
1355 586 1382 608 et
1395 581 1608 608 infelicissimam
1625 584 1724 607 sortem

938 627 1111 661 incurreret;
1127 636 1207 662 quatit
1223 631 1388 661 postremam
1404 626 1500 653 fraude
1515 625 1651 660 serpentis
1663 632 1725 651 cum

937 672 1073 707 elegisset,
1093 672 1255 706 corruptela
1280 672 1352 699 illico
1379 676 1406 698 et
1426 671 1542 698 naturali
1568 669 1726 697 mortalitati

938 718 1027 745 factus
1059 723 1102 746 est
1123 718 1267 750 obnoxius,
1302 723 1329 744 et
1357 718 1458 752 reliqum
1489 716 1726 743 innumerabilium

938 763 1117 798 cupiditatum
1135 763 1265 790 colluvies
1283 763 1311 789 in
1327 770 1387 789 eum
1408 762 1539 789 incubuit.
1568 761 1626 788 Non
1654 761 1726 787 enim

938 817 990 836 una
1020 817 1080 836 cum
1111 809 1280 843 protoplasto
1305 809 1456 843 corruptela
1485 812 1512 835 et
1541 815 1613 834 mors
1637 812 1727 834 creata

939 855 989 882 fuit
1002 864 1009 888 ;
1022 855 1122 888 alioqui
1141 855 1214 889 ligno
1226 855 1288 882 vitre
1304 862 1354 881 non
1369 855 1498 887 eguisset,
1517 853 1595 887 112
1615 853 1684 888 quod
1700 853 1727 879 in

93 896 256 930 πλάσματος
273 895 321 922 τοῦ
347 897 445 923 ἑαυτοῦ
466 898 568 932 Κύριος
580 917 588 929 ,
605 898 812 933 φιλανθρωπίας
837 907 888 924 πε-

942 901 1029 927 medio
1060 901 1188 934 paradiso
1214 901 1332 934 vigebat.
1353 900 1433 934 Igitur
1458 905 1590 926 creatura:
1614 899 1728 933 propriae

94 942 223 977 ριουσξᾳ,
237 942 272 968 δι’
293 941 384 969 οἶκτον
405 943 509 978 ἄφατον
526 944 576 978 τὴν
596 944 635 979 τῷ
661 943 768 979 θανάτῳ
790 945 887 979 ὑπενηο

93 989 230 1023 νεγμένην
245 988 327 1022 φύσιν
338 1010 345 1022 ,
363 989 466 1024 φθορᾶς
482 989 634 1023 ἀπαλλάξαι
651 990 826 1025 βουλόμενος,
843 991 889 1017 καὶ

93 1035 133 1065 εἰς
146 1034 177 1060 τὸ
190 1035 218 1067 ἐξ
231 1035 319 1070 ἀρχῆς
330 1035 376 1070 τῆς
392 1036 535 1070 εὐμοιρίας
548 1036 792 1069 ὲπανασώσασθαι,
809 1036 890 1070 σῶμα

92 1079 217 1106 τοιοῦτον
235 1080 411 1114 ἀνειληφέναι
435 1081 485 1106 οὑκ
509 1081 687 1115 ἀπηξίωσεν,
704 1082 796 1108 ὁποῖον
818 1082 849 1116 δὴ
875 1082 889 1107 ὁ

93 1125 261 1160 κατάκριτος
275 1125 345 1160 ἔχων
357 1125 456 1160 ἐφάνη.
472 1127 553 1160 ἡμεῖς
565 1134 594 1151 τε
606 1127 706 1157 πάντες
720 1127 745 1152 οἱ
758 1126 797 1160 τῷ
813 1125 887 1160 αὑτῴ

94 1171 330 1205 κεκοινωνηκότες
343 1171 521 1206 συγκρίματι,
534 1171 548 1197 ὂ
558 1171 589 1206 δὴ
602 1171 698 1206 θνητὸν
712 1172 759 1198 καὶ
770 1172 890 1206 φθαρτόν

95 1218 165 1243 ἐστι·
183 1217 262 1252 σῶμα
276 1217 305 1243 δὲ
316 1216 358 1248 ὃν,
371 1217 422 1243 οὐκ
435 1217 468 1243 ἂν
484 1217 525 1252 εἴη
544 1218 719 1252 περιγραφῆς
733 1217 889 1252 ἐλεύθερον,

93 1265 147 1296 ἕως
165 1264 198 1291 ἂν
258 1265 353 1299 σῶμα-
371 1263 431 1290 εἷτα
451 1264 560 1299 θανάτῳ
584 1265 734 1300 σωματικῷ
755 1274 889 1300 προσομι-

95 1311 192 1345 λήσας,
208 1306 286 1346 ᾧπερ
303 1310 354 1345 οὐχ
380 1311 485 1346 ὑπῆρχε
504 1311 675 1346 κατάχρεως,
691 1310 759 1337 ἀλλὰ
778 1310 808 1337 τὸ
821 1311 890 1346 ὑπὲρ

95 1356 177 1391 ἡμῶν
191 1356 338 1383 ὰπετίννυε
350 1356 440 1390 χρέος·
459 1356 502 1382 ἵνα
516 1356 566 1391 τὴν
577 1358 606 1382 ὲν
623 1356 708 1391 Ἀδὰμ
722 1356 890 1392 παράϐασιν,

96 1404 126 1429 ὲν
145 1403 236 1438 ἑαυτῷ
261 1403 417 1438 ἐξιάσηται,
435 1403 483 1430 καὶ
498 1402 547 1438 τὴν
562 1400 649 1438 ἧτταν
669 1403 891 1437 ἀνακαλούμενος

95 1449 148 1482 τῆς
188 1446 316 1483 φύσεως,
348 1449 490 1484 ἀναστήσῃ
532 1449 577 1474 τὸν
614 1448 761 1483 κείμενον·
797 1448 890 1483 ἐπειδὴ

99 1502 109 1519 ι
129 1493 282 1530 Ἀμαρτίαν
297 1495 347 1520 οὐκ
360 1494 489 1528 ἐποίησεν
503 1515 510 1526 ,
527 1495 586 1521 οὐδὲ
605 1494 705 1530 εὑρέθη
719 1494 794 1525 δόλος
810 1495 839 1521 ἐν
851 1493 891 1529 τῷ

97 1539 215 1573 στόματι
232 1538 328 1565 αὐτοῦ·
347 1548 356 1564 ι
372 1539 533 1574 κατήργηκε
551 1539 600 1574 μὲν
613 1540 660 1565 τὸν
677 1538 803 1572 θάνατον,
824 1539 890 1566 καθ-

97 1585 153 1611 εῖλε
168 1585 196 1610 δὲ
212 1584 261 1619 τὴν
277 1584 393 1619 φθορὰν,
408 1584 464 1620 ζωὴ
487 1585 559 1611 κατὰ
575 1585 657 1618 φύσιν
675 1585 806 1620 ὑπάρχων
822 1585 892 1620 ἁλη-

98 1629 152 1660 θῶς
179 1629 228 1655 καὶ
253 1629 403 1661 ἀθανασίας
423 1629 518 1664 πηγὴ,
546 1629 679 1664 κρείττων
706 1629 822 1656 θανάτου
844 1628 893 1656 καὶ

98 1675 203 1710 φθορᾶς
215 1674 320 1709 ὀφθειςο
334 1676 350 1710 ἡ
364 1675 418 1711 γὰρ
432 1675 501 1709 σὰρξ
513 1675 596 1702 αὐτοῦ
607 1675 658 1701 οὑκ
666 1673 721 1702 εἶδε
731 1675 890 1711 διαφθορὰν,

97 1720 302 1747 καπνωθεῖσαν
324 1721 365 1752 si;
385 1721 460 1753 νῖκος
479 1721 526 1747 καὶ
551 1721 749 1754 ἁφανισθεῖσαν
766 1721 819 1748 ὑπδ
842 1720 891 1748 τοῦ

98 1767 144 1792 τὸν
157 1766 259 1801 κόσμον
272 1766 451 1801 νικήσαντος,
470 1768 502 1801 τῇ
520 1766 658 1802 κρείττονι
681 1767 729 1797 καὶ
745 1766 892 1793 πανσθενεί

99 1811 146 1838 τοῦ
165 1811 246 1845 λόγου
266 1812 381 1846 δυνάμει
398 1812 618 1847 συντηρουμένη,
635 1812 686 1839 κᾶν
702 1809 736 1847 ἦν
754 1815 892 1847 πεφυκυῖα

99 1857 146 1883 τοῦ
164 1856 344 1891 φθείρεσθαι·
362 1855 422 1883 εἶτα
434 1857 537 1892 ἀνέστη
554 1858 705 1892 τριήμερος
717 1878 723 1889 ,
739 1858 787 1884 καὶ
803 1857 892 1885 πάντα

99 1902 134 1929 τὰ
148 1903 180 1928 ὲκ
196 1902 244 1936 τῆς
261 1901 398 1937 ἁμαρτίας
421 1902 671 1937 ὲγκατασκήῲαντα
695 1903 728 1938 τῇ
746 1903 827 1936 φύσει
850 1903 892 1929 αὶ-

99 1948 223 1982 τιάματα
243 1948 290 1974 καὶ
315 1947 532 1983 προστρίμματα
561 1947 594 1974 δι’
610 1947 709 1975 ἑαυτοῦ
734 1949 893 1984 ἐκκαθάρας

100 1993 279 2027 ἀπὲσμηξεν,
304 1993 398 2027 ὥσπερ
419 1993 532 2029 ἀπαρχὴ
553 1994 601 2020 καὶ
621 1993 752 2030 ἀρραϐὼν
767 1994 814 2021 τοῦ
831 1994 892 2021 καθ’

100 2039 176 2076 ἡμᾶς
190 2039 362 2073 χρηματίσας
375 2039 547 2074 φυράματος,
561 2039 689 2074 λαμπρόν
708 2048 738 2066 τε
754 2040 826 2067 οὕτω
843 2041 893 2067 καὶ

102 2085 202 2122 μώμου
220 2085 322 2117 παντὸς
336 2085 411 2119 ἄνευ,
428 2085 458 2112 τὺ
474 2085 539 2112 ἴδιον
554 2086 698 2121 ἀποφήνας
713 2086 829 2122 ποίημα,
847 2086 895 2113 καὶ

100 2132 136 2157 τὰ
154 2132 186 2157 ἐκ
209 2131 258 2164 τῆς
277 2131 382 2162 οἰκείας
406 2131 485 2166 δόξης
508 2132 655 2167 αὐχήματα
681 2132 892 2167 δωρησάμενος

100 2176 173 2202 οὕτω
183 2177 238 2212 γὰρ
251 2178 298 2204 καὶ
314 2177 523 2212 βαπτιζόμενος,
537 2177 586 2213 τὴν
602 2178 739 2213 ἡμετέραν
755 2179 892 2214 ἐνήργησε

944 945 1085 977 Dominus,
1120 946 1299 981 benignitatis
1327 946 1514 978 abundantia,
1542 944 1727 972 misericordia

941 991 1081 1024 ineﬂ‘abili,
1112 992 1247 1019 subditam
1266 992 1345 1018 morti
1369 997 1494 1019 naturam
1522 990 1675 1024 corruptela
1700 990 1728 1016 li-

941 1039 1037 1065 lucrare
1055 1037 1158 1071 volens,
1175 1043 1202 1065 et
1215 1039 1241 1065 in
1255 1042 1371 1065 veterem
1399 1037 1556 1064 felicitatem
1577 1036 1727 1068 vindicare,

942 1091 1041 1118 (οι-ους
1053 1084 1103 1110 hoc
1117 1083 1255 1118 suscipere
1273 1091 1326 1110 non
1342 1082 1486 1115 recusarit,
1505 1081 1584 1115 quale
1601 1084 1627 1107 et
1639 1080 1727 1107 homi-

941 1138 1000 1157 nem
1026 1130 1182 1157 damnatum
1206 1129 1308 1156 habere
1333 1128 1485 1159 constabat,
1506 1133 1607 1161 nosque
1634 1132 1728 1153 omnes

940 1176 985 1210 qui
1009 1176 1131 1203 eamdem
1163 1170 1365 1202 damnationem
1389 1173 1620 1208 participavimus,
1657 1171 1728 1205 quod

940 1223 998 1250 sine
1017 1221 1099 1248 dubio
1114 1222 1228 1248 mortale
1242 1225 1269 1247 ct
1283 1219 1459 1254 corruptibile
1469 1224 1520 1246 est.
1534 1216 1593 1244 Jam
1612 1225 1673 1244 cum
1693 1217 1730 1244 sit

941 1274 1051 1300 corpus,
1071 1271 1145 1292 certe
1161 1264 1416 1299 circumscriptione
1437 1270 1489 1291 non
1507 1267 1593 1293 caret,
1610 1261 1728 1297 quanaliu

942 1319 1040 1346 corptts
1062 1311 1124 1339 erit.
1144 1310 1244 1336 Deinde
1268 1309 1433 1343 corporalem
1449 1313 1576 1342 expertus
1592 1311 1634 1334 est
1655 1313 1728 1332 mor-

944 1363 1009 1390 tem,
1024 1357 1067 1384 cui
1083 1356 1230 1390 czetcroqui
1246 1363 1297 1382 non
1311 1354 1523 1386 eratobnoxius,
1542 1353 1588 1380 sed
1607 1353 1727 1391 debitum

942 1411 991 1437 pro
1007 1403 1083 1430 nobis
1100 1402 1200 1435 solvit;
1214 1407 1244 1428 ut
1255 1400 1354 1428 factam
1371 1400 1396 1427 in
1413 1400 1518 1426 Adamo
1532 1398 1729 1433 transgressio~

944 1457 1014 1481 nem,
1033 1449 1100 1476 inse
1118 1449 1176 1482 ipso
1192 1452 1320 1480 sanaret;
1341 1451 1367 1473 et
1383 1450 1486 1473 natura:
1508 1445 1636 1472 damnum
1653 1451 1731 1478 repa-

944 1503 1019 1528 rans,
1044 1495 1150 1530 lapsum
1176 1493 1313 1521 homirnam
1342 1491 1491 1524 relevaret;
1518 1491 1644 1525 quoniam
1673 1490 1731 1524 ipse

946 1541 1087 1569 Peccatum
1111 1548 1162 1567 non
1177 1540 1251 1574 fecit,
1271 1546 1317 1566 nec
1337 1539 1456 1565 inventus
1483 1543 1519 1564 est
1545 1537 1621 1564 dolus
1636 1536 1662 1562 in
1687 1542 1732 1562 ora

943 1588 1000 1623 ejus
1017 1587 1058 1619 “;
1086 1590 1200 1613 mortem
1230 1585 1376 1616 destruxit,
1401 1583 1583 1618 corruptelam
1609 1581 1730 1614 abstulit,

943 1641 1003 1660 cum
1022 1632 1078 1666 ipse
1093 1632 1128 1659 sit
1141 1630 1302 1658 naturaliter
1317 1636 1434 1664 vereque
1446 1630 1513 1661 vita,
1527 1633 1554 1656 et
1569 1626 1732 1655 immortali-

944 1678 1006 1705 tatis
1025 1678 1161 1709 scatcbra,
1181 1677 1306 1711 superior
1321 1675 1400 1702 morti
1416 1679 1443 1701 et
1458 1673 1624 1708 corruptioni
1637 1673 1723 1699 visus.

943 1723 1009 1750 Nam
1020 1730 1084 1751 caro
1097 1723 1155 1757 ejus
1166 1730 1219 1749 non
1233 1721 1298 1748 vidit
1310 1721 1526 1754 corruptionem,
1540 1718 1733 1753 quzevidelicet

943 1770 1072 1803 absorpta
1093 1768 1145 1795 fuit
1162 1768 1190 1796 in
1209 1767 1363 1799 victoriam,
1381 1771 1407 1793 ct
1427 1774 1441 1792 ο
1460 1765 1552 1792 mundi
1568 1765 1670 1792 victore
1685 1763 1733 1790 dc-

943 1816 1058 1847 beltata;
1073 1821 1137 1843 caro
1152 1818 1242 1840 autem
1262 1820 1277 1841 a
1295 1812 1439 1847 superiore
1451 1817 1533 1845 atque
1548 1809 1734 1847 omnipotente

945 1860 1024 1888 Verbi
1056 1860 1157 1886 virtute
1179 1863 1339 1886 conservata
1367 1863 1431 1889 est,
1456 1864 1610 1893 quanquam
1639 1859 1733 1889 suapte

944 1912 1041 1935 natura
1060 1905 1229 1940 corruptioni
1246 1910 1319 1933 esset
1336 1904 1453 1932 obnoxia
1472 1903 1539 1938 (48).
1558 1902 1657 1930 Deinde
1673 1904 1732 1936 post

945 1954 1064 1981 triduum
1080 1952 1249 1984 resurrexit;
1275 1956 1302 1978 et
1325 1958 1420 1978 onmes
1457 1950 1502 1984 qui
1523 1957 1555 1976 ex
1571 1952 1681 1983 peccato
1706 1947 1732 1974 in

945 2005 1068 2026 naturam
1083 1999 1265 2026 incubuerant
1281 2001 1375 2024 reatus
1396 2002 1478 2031 atque
1499 1995 1672 2025 detrimenta,
1686 1999 1734 2026 per

944 2053 973 2073 se
990 2052 1108 2080 purgans
1126 2043 1264 2074 abstersit,
1283 2043 1422 2070 inchoatio
1441 2041 1525 2067 veluti
1539 2045 1566 2066 et
1590 2040 1671 2066 arrba
1687 2046 1734 2065 no-

945 2092 992 2118 stri
1012 2090 1099 2117 factus
1127 2089 1286 2124 plasmatis;
1308 2088 1478 2123 splendidam
1496 2087 1531 2113 ita
1552 2092 1634 2120 atque
1660 2085 1733 2112 omni

946 2135 1138 2163 criminatione
1171 2135 1284 2161 liberam
1313 2137 1465 2160 creaturam
1494 2140 1570 2160 suam
1604 2130 1733 2163 ellicicns,

945 2181 1024 2214 eique
1048 2179 1140 2214 gloria:
1165 2186 1221 2205 sua:
1247 2179 1347 2205 decora
1379 2177 1509 2211 largiens.
1538 2175 1583 2202 Sic
1611 2175 1682 2202 enim
1708 2178 1735 2202 et

101 2223 248 2258 κάθαρσιν,
262 2224 276 2249 ὁ
292 2224 383 2258 πάσης
398 2225 528 2251 ἐπέκεινα
549 2224 737 2260 καθαρότητος
745 2216 757 2240 ’·
773 2225 851 2251 τοῦτο
866 2226 889 2252 δὲ

947 2227 1114 2260 baptizatus,
1131 2229 1253 2252 nostram
1271 2223 1376 2258 peregit
1391 2223 1588 2257 purgationem,
1605 2229 1663 2248 cum
1677 2221 1735 2256 ipse

103 2270 148 2297 καὶ
161 2270 246 2296 πάλαι
259 2270 292 2297 ἂν
301 2270 496 2306 πεπλουτήκει,
504 2271 583 2306 εἴπερ
591 2271 621 2297 τὸ
630 2270 759 2306 ὰπαρχῆς
772 2271 894 2303 κτισθεὶς

101 2315 116 2341 ὁ
133 2314 279 2350 ἄνθρωπος
297 2315 347 2351 τὴν
367 2316 478 2351 ἐντολὴν
495 2317 643 2352 τετηρήκει
664 2316 710 2345 τοῦ
726 2317 892 2348 Κτίσαντος·

102 2358 222 2394 καὶγὰρ
246 2358 290 2386 ἐπ’
313 2359 450 2395 ἀθανασίᾳ.
473 2361 541 2396 πρὸς
556 2361 602 2387 τοῦ
624 2361 892 2396 Δημιουργήσαντος,

101 2405 150 2431 καὶ
167 2406 201 2440 τῇ
218 2405 285 2440 πρὸς
299 2405 330 2432 τὸ
343 2407 467 2442 κρεῖττον
485 2407 624 2442 ἀναδρομῇ
642 2407 855 2442 παρενήνεκται.

136 2497 195 2525 Καὶ
214 2496 300 2524 ταῦτα
321 2498 395 2532 ἡμᾶς
419 2499 443 2525 οἱ
461 2498 590 2534 ἡμέτεροι
615 2498 772 2525 διδάσκαλοι
796 2499 894 2525 ἐκπαι-

103 2542 226 2569 δειὶουσιν
237 2551 244 2557 ·
261 2543 358 2579 εῐρηκε
382 2544 437 2579 γάρ
455 2552 508 2570 που
525 2545 539 2570 ὁ
555 2544 626 2575 θεῖος
647 2544 826 2576 Ἀπόστολος-
843 2545 893 2571 Διὰ

103 2588 202 2621 τοῦτο,
225 2589 329 2624 ὥσπερ
343 2590 380 2617 δι’
400 2590 470 2623 ἐνὸς
489 2590 647 2624 ἀνθρώπου
669 2590 688 2622 ἡ
705 2591 832 2624 ἁμαρτία
850 2592 893 2623 εὶς

104 2634 157 2661 τὸν
169 2635 287 2669 κόσμον
301 2634 436 2669 εἱσῆλθε,
453 2635 502 2662 καὶ
524 2635 573 2663 διὰ
585 2635 642 2669 τῆς
653 2636 795 2670 ἁμαρτίας
812 2637 828 2662 ό
841 2636 892 2662 θά-

104 2689 194 2715 νιιτος
207 2690 214 2696 ·
228 2681 280 2708 καὶ
290 2681 384 2715 οὕτως
393 2683 437 2714 εις
449 2681 566 2715 πάντας
585 2681 762 2715 ἀνθρώπους
778 2683 794 2709 ὁ
804 2681 894 2709 Odru-

107 2770 126 2786 ⁶¹
145 2769 196 2797 lsa.
217 2777 277 2803 LIII,
293 2769 352 2803 9;!
371 2769 443 2797 Petr.
461 2769 546 2803 ".22.
585 2771 605 2786 θ’
620 2769 699 2797 Rom.
718 2778 744 2801 ν,
757 2769 798 2796 12.

948 2279 1028 2306 supra
1043 2278 1152 2298 omnem
1170 2270 1329 2297 munditiem
1347 2273 1430 2296 esset.
1446 2267 1473 2295 Id
1486 2272 1576 2295 autem
1589 2267 1653 2294 olim
1668 2274 1734 2301 quo—

946 2325 999 2352 que
1015 2324 1066 2343 non
1084 2316 1225 2348 defuisset,
1246 2316 1268 2342 si
1283 2320 1392 2342 creatus
1408 2315 1441 2342 ab
1468 2315 1545 2341 initio
1568 2314 1647 2340 homo
1669 2319 1735 2347 prae-

946 2369 1053 2398 ceptum
1077 2361 1215 2389 Creatoris
1231 2363 1415 2389 obscrvasset.
1436 2360 1503 2387 Nam
1524 2368 1609 2395 usque
1633 2359 1665 2386 ad
1686 2360 1734 2385 im-

947 2409 1139 2436 mortalitatem
1164 2408 1366 2442 transitumque
1387 2408 1419 2434 ad
1441 2407 1563 2438 meliora,
1579 2415 1591 2432 a
1605 2405 1736 2433 Creatorc

946 2459 1090 2489 provectus
1107 2454 1212 2481 fuisset.

985 2499 1046 2527 llazc
1064 2507 1113 2526 nos
1127 2499 1248 2533 magistri
1265 2498 1351 2525 nostri
1366 2498 1474 2525 docent.
1499 2498 1571 2524 Dixit
1595 2497 1666 2523 enim
1685 2497 1735 2523 ali-

947 2545 1054 2579 quando
1070 2544 1146 2570 divus
1159 2543 1304 2578 Apostolus
1318 2553 1324 2569 :
1340 2542 1486 2577 Propterea
1503 2544 1570 2570 sicut
1593 2551 1639 2576 per
1654 2549 1736 2569 unum

947 2591 1077 2618 hominem
1092 2594 1227 2624 peccatum
1244 2590 1270 2616 in
1286 2590 1410 2616 mundum
1425 2590 1554 2621 introivit,
1571 2595 1592 2615 et
1612 2597 1657 2623 per
1675 2595 1736 2622 pec-

947 2643 1036 2664 catum
1056 2645 1136 2667 mars.
1147 2642 1225 2672 atque
1240 2638 1267 2664 in
1280 2645 1368 2664 onmes
1382 2637 1500 2664 homines
1519 2645 1587 2663 mors
1603 2642 1735 2671 pertrans-

948 2684 976 2709 iit
991 2684 1024 2709 δ’.
1041 2682 1102 2710 lhcc
1128 2683 1302 2718 antiquorum
1317 2683 1397 2710 etiam
1416 2683 1606 2710 nonnullorum
1629 2681 1732 2716 sapien-

141 2848 196 2886 (ιε)
218 2847 272 2875 lloc
288 2848 386 2876 dicitur
404 2847 530 2875 adversus
545 2849 668 2876 lucresim
687 2847 978 2882 luem-rupticolzu'um.
