1945 3078
84 182 134 212 457

436 182 749 213 ANTIRRHETICUS
769 184 815 213 ΙΙΙ
836 183 919 213 ADV.
940 183 1238 213 CONSTANTINUM
1257 182 1362 212 COPR.

1663 182 1713 212 458

84 238 249 272 χρωμένοις.
268 237 410 272 καθαιρεῖν
422 239 458 270 ὼς
471 239 599 274 ἀλλότρια
616 239 771 272 ἐπάναγκες
789 248 795 253 ’
811 239 829 266 ἃ
844 240 872 266 δὲ

930 246 1082 266 nconomm
1097 239 1225 265 iudicium
1252 237 1368 269 faciunt,
1393 237 1455 272 quia
1480 236 1558 263 nobis
1583 243 1710 271 prosunt,

85 284 125 314 εἰς
140 283 220 316 δόξαν
243 283 340 318 ἀνήκει
365 283 444 314 Θεοῦ,
468 284 516 310 καὶ
538 284 656 318 δήλωσιν
670 285 719 319 τῆς
741 285 876 319 σωτηρίου

85 329 244 363 οἰκονομίας
258 329 404 364 πρόκειται
417 350 423 360 ,
440 330 501 356 ἐπεὶ
514 331 579 364 ἡμῖν
592 330 750 364 διαφέρουσι
763 350 771 361 ,
795 330 876 356 σεϐά-

85 383 190 409 σματος
218 375 266 400 καὶ
290 375 371 409 τιμῆς
388 374 450 406 ἄξια
472 375 598 410 κρίνειν,
622 375 670 409 οὐχ
685 375 779 409 ὥσπερ
801 375 877 410 παρὰ

84 420 140 446 τῶν
159 419 264 453 ἐναγῶν
277 419 311 445 τὰ
327 419 392 453 ἅγια
408 419 569 446 οἷοιπτύεται
581 420 669 451 ἀθέως
684 420 732 446 καὶ
747 420 877 456 καθυϐρί-

85 466 163 497 ζεται
177 474 183 480 ·
203 465 227 491 οἳ
243 465 275 500 δὴ
299 465 391 491 πάντα
414 466 577 501 συγχέοντες
602 467 649 492 uati.
669 466 876 501 συμφύροντες,

84 510 131 536 τοῦ
156 509 279 545 καθαροῦ
302 510 333 536 τὸ
347 510 513 546 ἀκάθαρτον,
531 511 579 537 καὶ
594 511 640 537 τοῦ
660 512 738 545 ἁγίου
754 512 784 538 τὸ
797 512 877 547 βέϐη-

86 557 131 582 λον
151 556 284 590 διορίζειν
304 556 334 582 οὑ
354 555 512 590 βούλονται·
541 558 594 589 Εἰς
616 557 672 591 γὰρ
691 559 878 592 κακότεχνον

85 601 212 636 ψυχὴν,
229 602 323 636 σοφία
346 602 421 628 Θεοῦ
436 603 492 628 οὐκ
517 603 733 630 εἰσελεύσεται.
758 603 877 638 ’Δνάγκη

86 647 139 681 γὰρ
163 646 256 676 αὐτοῖς
284 646 300 680 ἦ
333 647 423 672 πάντα
451 646 495 672 διὰ
521 647 621 678 τὸ,οὑ
648 647 788 680 ποιήσεις
816 647 878 675 πᾶν

85 692 229 726 ὁμοίωμα,
243 691 276 717 τὰ
289 691 328 726 τῷ
339 691 398 726 Θεῷ
409 691 475 725 φίλα
485 691 534 717 καὶ¹
550 692 639 718 οἰκεῖα
649 693 874 727 ἀποπέμπεσθαι,

85 736 101 770 ἢ
121 735 167 761 διὰ
182 736 214 761 τὸ
228 735 381 768 ποιήσεις,
398 736 433 762 τὰ
453 736 672 771 νομοθετούμενα
689 737 781 764 πάντα
796 757 804 768 ,
830 738 877 764 καὶ

84 781 118 807 τὰ
136 780 192 807 τῶν
211 780 300 806 ἀθέων
320 781 368 806 καὶ
383 780 507 806 ἀπίστων
522 781 613 807 σέϐειν
630 783 678 808 καὶ
693 782 875 814 ἀσπάζεσθαι,

85 827 217 861 οὐδεμιᾶς
248 827 340 858 αὐτοῖς
365 826 526 861 ὑπολήψεως
564 827 658 861 ὑγιοῦς
682 828 805 862 ὑπούσης
831 830 877 855 καὶ

86 873 225 906 κρίσεως·
264 871 280 905 ῆ
316 871 386 906 ὅπερ
422 871 516 902 αὐτοῖς
547 872 646 897 οἰκεῖον
674 872 722 898 καὶ
749 873 875 906 ἐραστὺν,

87 919 178 944 πᾶσαν
203 917 324 943 παλαιὰν
349 917 397 943 καὶ
426 917 491 943 νέαν
515 916 696 951 νομοθεσίαν,
720 918 792 943 κατὰ
811 918 877 949 τοὺς
893 911 913 938 Β

86 964 193 990 ἑαυτῶν
206 963 383 994 διδασκάλους
394 983 401 994 ,
418 962 536 989 ἀθετεῖν.

95 1035 98 1038 .
122 1014 178 1045 μα’.
198 1019 207 1036 ι
229 1006 298 1036 Εἶτα
312 1009 383 1035 ἔστω
406 1009 456 1043 μὲν
478 1008 564 1035 ταῦτα
584 1008 671 1041 οὕτως
695 1010 778 1044 ἔχειν,
799 1011 876 1044 φασὶ,

87 1056 136 1082 ποῦ
163 1056 193 1082 δέ
226 1063 267 1082 σοι
300 1054 417 1081 ἐνταῦθα
448 1054 657 1089 θενομοθέτηται
688 1057 775 1081 ποιεῖν
808 1056 876 1082 Θεοῦ

85 1102 212 1137 ὁμοίωμα
225 1109 232 1133 ;
253 1110 262 1126 ι
278 1101 349 1135 Πρὸς
364 1099 411 1126 οὖν
425 1100 456 1126 τὸ
469 1101 564 1126 σκαιὸν
580 1101 626 1127 καὶ¹
640 1100 818 1135 ἀπόπληκτον
828 1102 878 1135 τῆς

85 1148 259 1182 ἐρωτήσεως,
270 1146 384 1172 τοιαῦτὰ
393 1154 494 1180 φαμεν·
507 1146 615 1180 πρῶτον
625 1147 685 1181 μὲν,
696 1147 737 1173 ὄτι
754 1147 877 1173 Ἐοἱκιιτε

84 1193 174 1219 ταῦτα
186 1192 399 1225 πυνθανόμενοι,
415 1191 603 1226 προκάλυμμα
613 1193 663 1227 τῆς
693 1193 798 1218 ἑαυτῶν
814 1194 877 1219 ἀτει-

87 1239 164 1269 στίας
177 1238 225 1264 καὶ
232 1237 391 1267 δυσσεϐείας
400 1237 644 1272 προΐσχεσθαι-οὑχ
657 1238 730 1269 ὅπως
740 1246 766 1264 τι
775 1239 878 1270 ἀξιόλο-

85 1293 135 1317 γον
147 1285 213 1318 περὶ
231 1283 299 1309 Θεοῦ
315 1282 404 1316 λέγειν
415 1282 511 1316 δόξητε
524 1303 531 1315 ,
545 1283 603 1310 ἀλλ’
618 1284 662 1309 ἵνα
672 1283 720 1319 τὴν
737 1283 815 1311 θείαν
828 1284 876 1310 τοῦ

85 1329 217 1363 Σωτῆρος
248 1328 407 1362 οἰκονομίαν
437 1329 680 1364 συκοφαντήσητε·
711 1330 799 1361 οὐδεὶς
824 1330 878 1364 γὰρ

87 1376 154 1410 ὑμῖν
168 1374 286 1400 ἐνταῦθα
297 1374 462 1409 σαρκώσεως
475 1374 552 1408 λόγος
563 1375 748 1410 παρείληπται
760 1383 767 1390 ’
782 1376 878 1402 ἔπειτα

86 1421 126 1452 δὲ,
145 1421 188 1447 ὅτι
207 1421 238 1447 τὺ
260 1420 406 1447 ἀλλόκοτον
423 1420 471 1447 καὶ
487 1420 704 1456 παραφροσύνης
727 1421 878 1456 ὲπὶμεστον

87 1467 178 1501 ὑμῶν,
200 1467 230 1492 ἐν
252 1466 360 1497 τούτοις
382 1466 596 1501 τεκμηριοῦται·
615 1467 704 1502 μάτην
732 1467 787 1501 γὰρ
811 1467 879 1501 Χρι-

88 1513 211 1543 στιανοῖς
223 1511 444 1546 διαλοιδορεῖσθε,
461 1512 509 1538 καὶ
523 1511 540 1538 ἃ.
558 1513 625 1548 μήτε
643 1512 722 1538 αὐτοὶ
736 1512 877 1545 ἐδόξασαν,

90 1559 160 1593 μήτε
179 1558 258 1592 ὑμεῖς
283 1557 419 1591 ἀκηκόατε
446 1557 558 1584 πώποτε.
584 1558 804 1590 καταπτύοντες,
822 1558 879 1584 ὲπί-

91 1603 183 1638 ίιημα
206 1603 414 1637 προπεπάγετε,
439 1602 505 1628 ὡσεὶ
525 1604 574 1629 καὶ
595 1603 661 1629 Θεὸν
677 1603 755 1634 ψιλὸν
778 1603 879 1638 σαρκὸς

88 1649 303 1684 γεγυμνωμένον
315 1648 460 1680 εἰκονίζειν
476 1648 722 1682 ἐπαγγελλομένοις
735 1658 741 1664 ·
756 1649 810 1675 τίνι
826 1649 880 1683 γὰρ

84 1683 145 1721 ’τῶν
170 1695 284 1728 λογικῆς
311 1693 480 1729 μετεχόντων
498 1693 607 1727 φύσεως
626 1694 657 1719 οὺ
679 1694 880 1729 διωμολόγηται

90 1741 198 1774 σαφῶς,
214 1741 255 1766 ὅτι
271 1740 338 1766 Θεοῦ
357 1741 443 1765 ποιεῖν
465 1739 594 1774 ὁμοίωμα
649 1740 715 1771 Θεὸς
726 1760 733 1771 ,
749 1740 880 1767 ἀδύνατον

88 1787 127 1818 ὡς
145 1786 253 1821 ἀληθῶς
268 1786 315 1812 καὶ
330 1785 556 1820 ἀνεπιχείρητονς
582 1786 644 1811 ἐπεὶ
665 1785 725 1812 οὐδὲ
740 1786 837 1820 ὁρατὸν
850 1785 880 1811 τὸ

92 1833 172 1858 Θεῖον
186 1831 248 1857 οὐδὲ
264 1831 378 1866 ληπτόψ
397 1831 471 1857 Θεὸν
491 1831 546 1866 γὰρ
567 1831 669 1863 οὐδεὶς
683 1831 794 1864 ἑώρακε
819 1831 879 1856 ,πώ-

90 1884 174 1903 ποτε.
190 1876 296 1903 Οὐκοῦν
311 1875 373 1902 οὐδὲ
388 1876 490 1910 Μωσῆς
505 1875 586 1906 αὐτὸς
598 1876 612 1901 6
627 1875 682 1906 τοῖς
695 1874 778 1905 Θείοις
787 1873 880 1908 νόμοις

91 1922 324 1957 ὑπηρετοὺμενος,
341 1921 428 1947 καίτοι
441 1922 555 1956 κάτοχος
570 1921 609 1955 τῷ
621 1921 669 1955 τῆς
691 1920 766 1951 θείας
779 1921 879 1954 ἐπιφα-

89 1969 165 2000 νείας
180 1968 327 2002 γενόμενος
339 1967 421 2003 ἔρωτι
439 1967 578 1998 τεθέαται,
596 1967 637 1993 ὅτι
652 1968 689 2002 μὴ
706 1968 786 2001 μόνον
800 1967 879 1999 δόξαν

89 2014 174 2046 Θεοῦ,
194 2014 255 2048 ἣτις
275 2013 349 2048 αὕτῴ
372 2013 583 2048 παραδέδεικται
613 2015 698 2048 ἡνίκα
722 2014 753 2040 τὸ
775 2014 879 2046 δεδοξα-

91 2059 192 2093 σμένον
209 2059 343 2094 πρότερον
369 2058 552 2094 παρελήλυθε.
568 2060 616 2086 καὶ
631 2060 719 2086 ταῦτα
732 2062 766 2095 τῇ
790 2060 879 2096 πέτρᾳ

91 2105 297 2139 καλυπτόμενος
310 2124 317 2134 .
337 2105 383 2131 καὶ
400 2105 477 2139 μόλις
498 2105 603 2140 καθορᾷ
617 2105 685 2131 Θεοῦ
699 2106 735 2132 τὰ
751 2105 861 2132 ὀπίσθια
871 2115 877 2121 ·

90 2151 160 2183 τάχα
175 2150 232 2176 τῶν
247 2150 399 2183 μελλόντων
418 2151 468 2186 τῆς
484 2152 513 2177 ὲν
528 2152 610 2186 σαρκὶ
634 2152 794 2186 θεοφανείας
817 2153 879 2183 τοὺς

89 2196 193 2227 τύπους
209 2196 475 2231 μυσταγωγούμενος
489 2205 495 2212 ·
516 2197 542 2223 τί
558 2197 613 2231 γάρ
636 2206 719 2232 φησιν
735 2199 748 2224 ὁ
764 2206 877 2232 χρημα-

90 2241 172 2272 τίζων
187 2241 274 2273 Θεός;
292 2242 333 2268 Οὐ
344 2241 387 2276 μὴ
404 2242 453 2276 ιδῃ
468 2242 500 2269 τὸ
515 2243 679 2276 πρόσωπόν
692 2251 751 2277 μου
766 2243 878 2276 ἁνθρω-
895 2258 917 2284 D

90 2297 167 2321 πος,
181 2288 233 2315 και
255 2289 386 2322 (vicerat.
412 2289 446 2315 Ἢ
466 2290 528 2324 οὐχὶ
548 2291 596 2316 καί
619 2299 674 2316 τισι
697 2290 752 2316 τῶν
776 2289 877 2322 πάλαι,

91 2335 218 2368 καθάπερ
234 2335 404 2369 ἀνέγνωμεν,
420 2335 452 2361 τὸ
467 2336 514 2362 τοῦ
530 2336 640 2363 πάντων
654 2336 879 2368 κατεξουσιάζον-

89 2387 135 2410 τος
147 2379 216 2405 Θεοῦ
231 2380 414 2414 ἀκοινώνητον
438 2381 524 2415 δνομα
538 2382 594 2412 τοῖς
614 2382 679 2416 παρ’
694 2381 784 2408 αὐτῶν
802 2381 879 2407 σεϐο-

92 2425 184 2459 μένοις
204 2425 311 2458 ξοανοις
334 2426 502 2461 ἐπιγράψασι
518 2447 524 2458 ,
542 2427 590 2453 καὶ
609 2427 658 2462 τὴν
683 2427 879 2462 προσήκουσαν

89 2471 165 2505 αὐτῷ
183 2472 258 2506 μόνῳ
272 2471 395 2498 ἀναθεῖσι
411 2472 550 2507 λατρείαν,
563 2472 607 2499 διὰ
622 2474 713 2508 φωνῆς
728 2473 776 2499 τοῦ
793 2474 879 2507 μεγά-

89 2516 136 2542 λου
157 2517 270 2543 Ἡσαΐου
288 2517 449 2553 ἐπιπλήττει
467 2518 551 2551 Θεδς,
570 2519 630 2546 Τίνι
645 2519 815 2553 ὼμοιὼσατε
826 2520 880 2545 τὸν

90 2562 212 2596 Κύριον,
235 2563 341 2596 λέγων,
371 2563 420 2590 καὶ
449 2565 506 2590 τίνι
530 2564 689 2598 ὁμοιώματι
709 2564 880 2600 ὡμοιώσατε

89 2609 199 2639 αὺτόγς
209 2608 253 2642 μὴ
275 2610 377 2635 εὶκόνα
389 2609 515 2642 ἐποίησε
527 2610 638 2636 τέκτων
647 2617 654 2641 ;
672 2609 689 2643 ἢ
708 2610 879 2644 χρυσοχόος

89 2654 250 2686 χωνεύσας
276 2654 407 2687 χρυσίον
441 2655 684 2689 περιεχρύσωσεν
708 2656 799 2687 αὺτό;
825 2656 880 2682 Καὶ

92 2698 193 2733 σφόδρα
211 2707 243 2732 γε
260 2698 374 2730 δικαίως
388 2701 495 2727 ἀπειλεῖ
511 2702 545 2727 τὰ
557 2701 654 2727 ἀνόσια
670 2702 735 2736 δρᾷν
748 2702 879 2737 τετολμη-

91 2744 168 2770 κόςιν
180 2753 187 2759 ·
208 2744 238 2771 οὗ
263 2745 318 2779 γὰρ
336 2745 447 2780 θεμιτὸν
466 2746 569 2773 οἴεσθαί
585 2756 611 2773 τι
630 2748 684 2773 τῶν
705 2748 734 2773 ὲν
748 2747 878 2782 κτίσμασι

89 2790 249 2823 τελούντων,
261 2788 283 2824 ᾧ
299 2791 371 2817 κατὰ
386 2792 466 2825 φύσιν
479 2792 495 2828 ἢ
508 2793 587 2826 δόξαν
601 2793 617 2828 ἢ
633 2793 719 2828 ἀλκὴν
733 2793 748 2828 ἢ
767 2794 838 2819 κατά
853 2802 878 2819 τι

126 2866 150 2882 ⁸⁵
166 2866 229 2901 Scip.
244 2875 264 2898 ι,
282 2870 305 2896 5.
343 2867 453 2895 "Joan.
473 2877 491 2900 ι,
512 2869 554 2896 18.

231 2915 365 2946 Ρηιιοι..
384 2915 441 2946 Gn.
475 2918 508 2948 C.

592 2870 614 2886 3"
630 2869 714 2898 Etod.
734 2877 831 2903 tutu,
844 2869 889 2896 20.

931 285 989 312 haec
1012 285 1114 312 honore
1133 284 1262 318 cultuque
1288 284 1367 316 digna
1393 282 1560 316 judicamus,
1587 288 1666 309 secus
1683 288 1714 308 ac

929 330 956 357 hi
983 330 1084 357 faciunt
1109 330 1207 364 impuri
1235 329 1278 363 qui
1305 333 1400 356 sancta
1429 328 1510 362 impie
1530 328 1664 362 despuunt
1688 333 1715 355 ct

928 375 1100 407 contumeliis
1116 374 1236 401 alliciunt
1253 383 1260 401 :
1286 375 1331 408 qui
1357 374 1466 408 quidem
1483 373 1576 400 omnia
1601 373 1716 400 confun-

928 422 1022 448 dentes
1048 421 1313 456 permiscentesqne,
1344 419 1474 446 mundum
1493 419 1526 445 ab
1563 419 1713 450 immundo,

928 472 1052 494 sanctum
1067 474 1082 493 a
1105 466 1218 501 profano
1251 465 1444 492 discriminare
1468 465 1572 491 nolunt.
1593 463 1715 498 Namque

927 514 955 539 in
970 513 1129 539 malitiosum
1139 512 1255 538 animant
1273 519 1324 538 non
1341 510 1460 537 introibit
1479 510 1526 536 Dei
1537 510 1668 544 sapientia
1678 509 1712 535 '°.

929 558 1044 585 Necesse
1058 559 1156 592 quippe
1171 562 1223 588 est,
1251 562 1279 582 ut
1292 557 1335 583 vel
1355 556 1392 587 bi,
1408 560 1518 590 propter
1537 555 1602 581 illud
1631 561 1714 588 nega-

911 621 914 623 »
930 604 1027 634 tivutu,
1048 611 1099 629 non
1109 603 1192 636 facies
1205 602 1387 631 simulacrum,
1401 605 1497 626 cuncta
1520 600 1574 626 Deo
1588 600 1671 626 chara
1688 603 1716 626 et

929 650 1035 684 propria
1054 648 1193 682 rejieiant;
1220 647 1261 674 vel
1282 651 1392 681 propter
1404 645 1595 672 aﬂirmativum
1615 645 1712 678 facies,

927 699 1056 722 consueta
1086 693 1180 721 omnia-
1205 693 1294 719 atheis
1317 696 1343 719 et
1363 691 1518 718 inﬁdelibus
1540 691 1653 718 adorent
1688 693 1716 717 et

928 740 1145 774 amplectantur;
1170 739 1234 765 sine
1259 737 1311 764 ulla
1330 737 1456 763 videlicet
1468 734 1716 770 opiuionumjudi-

927 785 1015 818 ciique
1027 784 1152 810 sanitate.
1165 782 1214 809 Vel
1230 783 1355 816 denique,
1369 781 1439 816 quod
1458 781 1524 814 ipsis
1539 781 1715 815 etproprium

927 836 953 857 et
966 830 1113 865 jucundum
1135 833 1186 861 est,
1206 833 1289 855 totam
1306 832 1424 854 veterem
1444 822 1601 861 'novamque
1615 826 1714 861 legem,

927 877 985 904 suis
998 875 1134 911 magistris
1149 874 1341 909 obsequentes,
1357 873 1474 901 deleaut.

963 1010 1007 1037 41.
1025 1019 1034 1035 ι
1049 1010 1115 1044 Age,
1132 1009 1188 1036 sint
1200 1008 1263 1036 ista.
1283 1007 1376 1039 aiunt;
1389 1007 1498 1034 ubinam
1514 1013 1580 1033 vero
1594 1005 1642 1033 tibi
1657 1005 1714 1041 lege

928 1056 1105 1083 constitutum
1133 1054 1194 1086 fuit,
1223 1057 1253 1080 ut
1275 1053 1322 1080 Dei
1336 1053 1513 1080 simulacrum
1544 1051 1670 1078 faceres?
1703 1060 1712 1076 ι

929 1103 1054 1138 lmprobo
1073 1102 1136 1129 huic
1158 1101 1309 1135 stolidoque
1327 1100 1441 1135 quaesito
1467 1100 1502 1126 ita
1522 1099 1713 1126 occurrimus:

928 1150 1017 1184 primo
1042 1149 1162 1182 quidem,
1191 1146 1277 1174 videri
1304 1153 1352 1173 vos
1376 1145 1448 1172 hanc
1466 1145 1654 1179 quaestionem,
1680 1143 1716 1169 ob

928 1195 1067 1222 velandam
1092 1193 1311 1221 incredulitatem
1341 1191 1562 1225 intpietatemqne
1593 1195 1713 1217 vestram

929 1247 1119 1268 commovere:
1141 1246 1227 1273 neque
1249 1244 1279 1265 ut
1294 1238 1395 1272 aliquid
1412 1237 1484 1272 frugi
1511 1237 1544 1264 de
1564 1236 1617 1263 Deo
1642 1236 1715 1270 loqui

928 1284 1133 1315 existimetuiui,
1146 1285 1192 1310 sed
1204 1289 1231 1309 ut
1240 1282 1358 1310 divinant
1372 1282 1524 1309 Servatoris
1535 1281 1714 1308 (ncouomiam

928 1330 1130 1358 calumniemiui
1145 1339 1152 1361 ;
1175 1329 1276 1356 nullam
1293 1330 1364 1356 enim
1382 1329 1425 1355 hic
1447 1336 1495 1355 vos
1515 1328 1712 1355 incarnationis

930 1375 1061 1402 rationem
1088 1375 1205 1403 habetis.
1236 1374 1338 1401 Deinde
1372 1374 1528 1401 absurditas
1566 1379 1656 1400 vestra
1687 1376 1714 1399 et

929 1421 1063 1448 dementia
1090 1420 1243 1448 omnimodo
1269 1427 1302 1446 ex
1331 1419 1373 1446 his
1403 1420 1572 1454 coarguitur.
1598 1419 1712 1446 Frustra

929 1467 1003 1495 enim
1032 1466 1196 1494 Christianis
1221 1465 1424 1496 couviciamini,
1444 1470 1471 1492 et
1493 1466 1541 1498 rei,
1568 1473 1649 1500 quam
1669 1473 1718 1493 nec.

930 1513 979 1547 ipsi
997 1512 1160 1546 cogitarunt,
1177 1518 1227 1538 nec
1253 1518 1301 1537 vos
1325 1517 1445 1544 unquam
1474 1511 1600 1541 audistis,
1621 1518 1716 1544 asper-

932 1562 1028 1585 nanter
1053 1557 1160 1584 titulum
1185 1556 1334 1590 imponitis,
1354 1556 1430 1590 quasi
1452 1556 1602 1590 simplicem
1621 1556 1717 1587 Deum,

937 1609 1018 1629 carne
1044 1601 1187 1632 nudatum.
1215 1601 1332 1636 ﬁgurare
1361 1609 1390 1629 se
1416 1601 1519 1629 dicant.
1549 1601 1616 1634 Quis
1645 1602 1718 1628 enim

932 1647 1073 1675 rationalis
1081 1652 1185 1674 naturae
1199 1648 1333 1682 particeps
1346 1656 1397 1675 non
1412 1648 1554 1675 manifeste
1567 1648 1717 1681 profitetur,

933 1693 978 1721 Dei
994 1694 1085 1722 facere
1100 1694 1256 1729 imaginem,
1272 1702 1323 1728 qua
1340 1694 1411 1721 Deus
1423 1699 1474 1727 est,
1492 1702 1554 1721 vere
1575 1701 1636 1720 csse
1665 1693 1717 1719 im-

931 1741 1062 1775 possibile
1087 1742 1204 1776 vanique
1229 1741 1366 1775 negotium
1391 1740 1559 1768 moliminis?
1589 1740 1716 1774 quoniam

931 1793 1018 1820 neque
1043 1786 1159 1813 visibilis
1175 1791 1218 1813 est
1248 1786 1379 1813 Divinitas
1399 1793 1488 1819 neque
1511 1785 1719 1820 comprehensi-

932 1832 1009 1860 bilis:
1024 1833 1106 1859 Dcttnt
1116 1833 1188 1860 enim
1200 1841 1275 1860 nemo
1286 1833 1349 1860 vidit
1363 1841 1476 1868 unquam
1486 1832 1519 1859 ⁸⁷.
1533 1831 1598 1858 Nam
1613 1831 1718 1866 Moysus

933 1877 1001 1911 ipse,
1019 1877 1064 1912 qui
1079 1878 1229 1904 divinarum
1245 1877 1333 1912 legum
1346 1878 1468 1904 minister
1479 1877 1540 1909 fuit,
1556 1883 1713 1912 quanquam

931 1923 1028 1950 divina:
1064 1924 1213 1957 prarsentiaa
1249 1924 1361 1951 ardente
1395 1923 1532 1950 desiderio
1565 1928 1716 1958 correptus,

931 1968 1042 2002 gloriam
1070 1968 1117 1996 Dei
1134 1969 1319 1996 tantummodo
1336 1969 1401 1995 vidit
1419 1976 1478 2004 qua:
1497 1969 1522 1995 ei
1537 1975 1647 1996 ostensa
1667 1968 1717 1995 fuit

930 2021 990 2041 cum
1007 2014 1142 2049 gloriosus
1158 2016 1228 2043 Deus
1243 2016 1383 2050 prmteriil,
1399 2021 1426 2042 et
1441 2015 1550 2049 quidem
1568 2017 1625 2050 ipso
1642 2016 1714 2043 intra

931 2064 1036 2092 petram
1049 2060 1166 2093 incluso,
1181 2061 1227 2095 qui
1241 2062 1347 2088 nonnisi
1363 2061 1512 2095 posteriora
1526 2060 1573 2087 Dei
1586 2061 1662 2094 vidit,
1677 2064 1717 2088 s'c

930 2104 1046 2133 fortasse
1059 2106 1157 2133 futura:
1175 2107 1199 2133 iu
1215 2114 1298 2134 carne
1322 2106 1501 2141 apparitionis
1524 2107 1623 2141 tignras
1651 2107 1717 2134 edo-

930 2157 1000 2179 ctus.
1019 2152 1088 2185 Quid
1118 2153 1189 2179 enim
1213 2153 1250 2180 ait
1282 2152 1327 2180 Dei
1347 2153 1511 2180 oraculum?
1535 2153 1595 2180 Non
1624 2154 1717 2180 ridebit

930 2198 1025 2231 facient
1039 2207 1123 2226 meam
1145 2200 1233 2232 homo,
1261 2203 1288 2226 et
1312 2199 1418 2226 vivet”.
1443 2199 1538 2227 Nonne
1558 2205 1585 2226 et
1613 2200 1716 2233 priscos

932 2245 1045 2280 aliquot,
1063 2245 1140 2272 sicuti
1168 2245 1292 2279 legimus,
1321 2246 1366 2279 qui
1392 2245 1589 2279 omnipotentis
1608 2245 1655 2272 Dei
1672 2245 1716 2272 in-

931 2291 1154 2318 commnuicabile
1180 2299 1276 2318 nomen
1304 2291 1383 2318 cultis
1400 2298 1414 2317 a
1442 2299 1471 2318 se
1493 2293 1590 2319 statuis
1620 2293 1720 2319 inseri.

931 2341 1052 2371 pseraut,
1071 2337 1169 2372 quibus
1193 2341 1221 2363 et
1243 2337 1345 2364 cultum
1362 2337 1410 2364 soli
1429 2337 1483 2364 Deo
1501 2338 1622 2364 debitum
1639 2338 1719 2364 exhi-

932 2383 1041 2414 bebant,
1072 2390 1119 2416 per
1146 2382 1222 2410 Isaia:
1243 2383 1331 2417 magni
1365 2390 1459 2410 vocem
1478 2383 1606 2418 obiurgat
1632 2383 1714 2414 Deus.

931 2427 1047 2454 Cuinam
1076 2427 1247 2454 assimilastis
1280 2427 1383 2458 Ileum,
1407 2428 1516 2460 dicens,
1552 2433 1577 2454 et
1613 2429 1717 2455 cuinam

930 2473 1074 2499 simulacro
1090 2473 1203 2499 similent
1226 2473 1376 2507 effecistis?
1390 2473 1461 2500 Num
1490 2475 1631 2509 imaginem
1659 2475 1716 2509 ejus

931 2520 1008 2553 faciet
1022 2519 1134 2553 artifex,
1153 2524 1198 2546 aut
1223 2520 1297 2552 faber
1323 2521 1450 2546 auraritts
1473 2520 1535 2554 fuso
1557 2530 1622 2548 (iuro
1640 2522 1716 2548 illum

931 2565 1115 2591 inuurabt’t"?
1133 2574 1141 2590 ι
1157 2565 1190 2591 ΕΙ.
1207 2564 1358 2598 iustissime
1372 2565 1453 2600 119
1474 2567 1580 2600 quidem
1598 2568 1717 2594 minatur

931 2610 1023 2637 illicita
1044 2611 1214 2638 audentibus.
1231 2611 1287 2638 Non
1303 2612 1374 2638 enim
1389 2613 1451 2639 licet
1466 2613 1624 2640 existimare
1639 2614 1718 2648 quiti-

930 2664 1011 2689 quam
1027 2663 1087 2682 esse
1106 2656 1132 2682 in
1151 2657 1265 2687 creatis.
1290 2658 1333 2684 cui
1361 2657 1429 2684 Deus
1458 2658 1515 2684 sive
1531 2663 1627 2685 natura
1659 2659 1718 2685 sive

931 2701 1015 2735 gloria
1034 2701 1091 2728 sive
1105 2702 1208 2729 viribus
1223 2703 1280 2730 sive
1306 2711 1334 2730 re
1364 2704 1416 2730 alia
1447 2704 1543 2738 quavis
1570 2705 1717 2731 assimilnri

931 2752 1022 2781 queat.
1042 2746 1109 2773 Nam
1127 2748 1240 2782 gloriam
1254 2756 1351 2781 meam,
1369 2749 1466 2783 inquit,
1483 2748 1561 2776 aiteri
1576 2749 1718 2780 nontlobo.

931 2802 1011 2828 neque
1036 2794 1144 2820 virtutes
1173 2802 1244 2820 meus
1266 2794 1474 2828 sculptilibus”.
1502 2795 1607 2828 Quibus
1645 2794 1718 2824 enim

928 2870 949 2886 ⁸³
967 2869 1001 2897 Is.
1017 2878 1087 2903 XLVI,
1103 2870 1128 2897 5.
1168 2872 1191 2887 ⁸ο
1208 2871 1258 2898 lsa.
1278 2880 1344 2906 XLII,
1361 2873 1386 2899 8.

1522 2921 1559 2951 15
