1945 3078
230 159 256 192 }
262 162 295 193 a9

193 253 197 261 ι
244 221 340 248 similis
354 227 413 248 esse
429 224 508 254 queat
523 220 546 247 is
556 219 600 253 qui
617 219 743 246 omnibus
758 225 800 246 est
814 219 969 252 invisibilis,
986 228 1031 246 su—

242 273 345 300 praque
375 272 481 292 omnem
511 269 628 291 mentem
670 269 697 292 et
735 265 1028 299 comprehensionem?

243 312 409 345 Quibusnam
429 310 583 338 simulacris
599 310 772 343 manufaetis,
789 311 908 337 humano
920 310 1028 344 ingenio

243 357 411 391 artiﬁcioque
424 356 573 384 elaboratis
586 356 813 391 comparabitur?

761 161 791 190 S.
813 159 1022 190 NICEPIIORI
1043 159 1295 190 PATRIARCH/E
1314 159 1366 190 ΟΡ.

1824 154 1874 188 ιω

1049 224 1068 248 Α
1084 218 1150 252 γοῦν
1165 217 1401 252 ἁπεικασθήσεται
1413 225 1419 231 ·
1442 216 1503 249 Τὴν·
1515 215 1570 250 γὰρ
1587 215 1681 247 δόξαν
1696 223 1765 249 μου,
1780 215 1873 250 (Mdv,

1083 263 1171 297 ἑτέρῳ
1190 264 1225 290 οὺ
1250 262 1347 294 δώσω,
1367 261 1439 288 οὐδὲ
1454 261 1507 293 τὰς
1523 260 1631 294 ἀρετάς
1652 269 1712 295 μου
1726 260 1790 293 τοῖς
1804 262 1875 294 γλυ-

1085 309 1182 340 πτοῖς.
1213 308 1272 334 Τίνι
1293 308 1348 342 γὰρ
1364 306 1535 339 προσεοικὼς
1550 306 1593 340 εἴη
1608 307 1622 331 ὁ
1645 306 1728 331 πᾶσιν
1750 305 1873 337 ἀθέατος,

1084 354 1185 386 παντός
1205 363 1235 380 τε
1255 353 1299 380 νοῦ
1320 353 1366 380 καὶ
1381 353 1471 387 πάσης
1493 352 1659 386 ὑπερέκεινα
1681 351 1875 386 καταλήψεω;;

241 406 319 432 Τῖσιν
337 404 493 440 όμοιὼμασι
515 405 737 439 χειροτεύκτοις,
771 403 952 439 ἀνθρωπίνοις
973 402 1121 437 σοφίσμασι
1145 403 1193 428 καὶ
1225 401 1457 436 φιλοτεχνήμασιν
1494 399 1790 435 ὲκμεμηχανημένοις,
1826 407 1876 425 πτ-

243 451 441 485 ραὸληθήσεται
452 458 458 481 ;

276 497 447 524 Christianos
458 497 549 531 itaque
562 496 618 523 hmc
629 497 757 529 scientes,
767 500 795 523 et
804 497 830 523 in
842 496 940 523 divinis
951 497 1030 523 rebus

239 543 309 570 bene
324 541 455 574 eruditos,
469 549 616 575 sanamque
631 542 768 569 notionem
787 549 894 568 arcame
906 541 1029 568 ineffabi-

242 589 327 622 lisque
343 591 448 614 natura:
467 587 610 619 habentes,
626 595 706 614 nemo
730 587 779 614 nisi
798 586 918 615 furiosus
933 587 1030 614 existi-

243 640 317 658 mare
329 632 427 665 poterit
440 631 538 658 divinae
548 635 649 658 natura:
662 631 807 666 imaginem
819 631 887 658 velle
901 631 1028 666 ﬁgurare.

242 676 326 704 Vobis
343 677 425 712 igitur
438 676 638 704 incredulitatis
657 677 774 711 novique
787 675 921 704 Judaismi
935 676 1029 703 defen-

243 724 361 752 soribus.
378 723 458 750 verba
488 722 569 749 Deum
588 722 695 756 quidem
724 731 798 750 uerno
825 723 890 750 vidit
913 731 1029 757 unquam

243 774 350 802 semper
375 767 401 793 in
431 774 479 793 ora
505 771 688 801 promptuque
716 772 790 793 sunt.
822 766 910 794 Verba
940 772 1030 794 tamen

242 812 356 839 ι’ἰάῖηιιιε
369 810 529 841 Dominum;
552 816 591 843 et,
620 819 678 837 rum
703 811 750 837 illo
772 811 989 838 manducavimuu
1007 821 1037 839 ac

243 856 399 887 bibimus",
414 861 441 883 et
464 863 636 890 quzecunque
661 855 711 882 alia
730 863 844 883 summa
868 857 1036 884 condescen-

244 902 328 928 sionis
359 887 482 935 propria-
496 900 574 927 nobis
592 887 661 927 sunt
693 900 839 934 praedicata
852 920 859 933 ,
881 908 940 928 cum
959 901 1035 928 vobis
1052 887 1072 914 Β

242 947 402 979 recitantur,
416 946 511 973 audire
530 946 624 980 eisque
637 945 750 973 credere
771 946 846 973 nullo
864 948 944 974 modo
962 948 1031 982 pati-

245 993 322 1024 mini,
338 992 384 1019 sed
401 991 438 1018 uti
467 992 640 1026 peregrinam
667 991 854 1027 absonamque
877 1000 972 1020 vocem
990 1000 1034 1020 re-

244 1037 352 1072 pellitis.
363 1036 416 1064 Sed
432 1037 454 1064 si
469 1037 531 1064 licet
545 1037 723 1071 interrogare,
742 1045 913 1072 responsum,
932 1047 1033 1073 quaeso,

245 1083 359 1110 reddite.
371 1081 490 1109 .Uhinam
501 1082 577 1109 vobis
591 1083 770 1109 constitutum
788 1082 849 1116 fuit,
860 1083 917 1110 sive
933 1092 947 1110 a
962 1084 1035 1120 lega-

241 1127 315 1154 libus
344 1126 496 1160 praeceptis,
525 1126 582 1153 sive
607 1134 620 1151 ει
643 1126 767 1153 doctrina
795 1126 964 1161 evangelica,
990 1128 1033 1154 vel

245 1172 392 1208 apostolico
412 1171 581 1207 magisterio,
610 1171 876 1207 incircumscriptum
905 1173 1033 1200 conﬁteri

241 1219 394 1252 Ehristum,
416 1223 552 1252 quatenus
580 1217 706 1251 apparuit
746 1218 816 1252 apud
847 1225 897 1245 nos
932 1218 1035 1245 homo?

243 1270 334 1297 neque
351 1270 432 1297 porro
447 1261 539 1289 facere
555 1262 700 1296 imaginem
715 1261 775 1296 ejus
796 1269 884 1296 neque
897 1263 1033 1296 venerari,

245 1308 326 1335 sicuti
351 1315 423 1335 nunc
456 1307 662 1342 dogmatizatis?
689 1306 816 1334 Profecto
845 1307 872 1334 id
899 1308 1034 1336 afﬁrmare

241 1362 299 1381 non
316 1353 452 1389 poteritis.
471 1360 558 1387 neque
574 1352 627 1379 ullo
642 1358 803 1387 argumento
831 1353 1032 1386 demonstrare;

246 1401 281 1426 ita
296 1405 324 1426 ut
342 1407 401 1434 quae
418 1407 466 1426 vos
491 1399 589 1433 premit
614 1404 835 1433 argumentorum
862 1400 987 1434 penuria,
1007 1400 1032 1426 in

245 1445 365 1472 victoriae
381 1449 481 1472 nostra:
504 1443 703 1471 abundantiam
723 1444 812 1471 cedat.
839 1443 951 1471 Etiamsi
969 1453 1033 1480 ergo

250 1489 328 1517 vobis
345 1496 398 1516 non
414 1491 554 1515 constaret
571 1487 711 1515 catholicae
727 1493 754 1515 et
770 1489 924 1522 apostolica:
943 1489 1034 1516 Ecclc-

242 1535 292 1561 sia:
309 1534 458 1568 antiquitus
473 1538 500 1560 et
515 1533 548 1560 ab
575 1533 651 1560 initio
670 1539 798 1561 constans
820 1535 938 1567 traditio,
962 1536 1033 1569 quod

245 1584 288 1607 est
299 1579 420 1606 omnium
440 1578 636 1606 validissimum
651 1585 840 1614 argumentum
855 1585 938 1614 atque
957 1580 1034 1608 Iutis-

236 1626 359 1658 rsimum,
377 1632 427 1652 nec
439 1632 492 1652 non
510 1625 665 1659 apostolicae
686 1630 713 1652 et
729 1625 840 1652 Patrum
865 1633 956 1658 voces,
977 1634 1036 1660 quae

247 1671 364 1698 retinere
377 1669 535 1698 traditiones
546 1669 654 1705 jubent,
671 1670 730 1697 sive
744 1671 859 1705 scriptas
873 1672 931 1698 sive
944 1679 1033 1702 secus,

239 1716 309 1751 quia
323 1723 373 1751 par
396 1716 422 1743 in
448 1720 563 1751 utroque
592 1723 692 1750 genere
713 1716 890 1744 traditionum
916 1718 956 1745 vis
973 1725 1035 1752 spe-

246 1767 352 1796 ctatur,
375 1755 496 1789 attamen
510 1765 542 1790 de
559 1763 664 1790 duobus
679 1763 813 1798 ambiguis
837 1763 901 1791 illud
925 1764 1036 1791 omnino

240 1808 393 1842 praevalere
415 1808 526 1835 deberet
565 1809 636 1842 quod
665 1808 818 1842 religiosius
846 1813 898 1841 est,
920 1814 947 1836 et
976 1809 1036 1836 ﬁdei

248 1858 330 1888 atque
346 1854 431 1881 amori
445 1861 510 1889 erga
534 1853 674 1882 Christum
703 1855 890 1889 propinquius,
911 1855 1037 1889 quodque

247 1899 365 1933 optimus
381 1898 467 1930 zelus.
480 1897 640 1933 fervensque
655 1898 766 1926 aﬂ'ectus
782 1899 905 1933 inspirat.
921 1899 997 1932 Quod
1012 1899 1036 1926 si

248 1944 386 1978 utrimque
408 1943 581 1978 praestantior
605 1944 756 1978 meliorque
779 1945 848 1971 ratio
864 1952 912 1978 pro
932 1943 1034 1971 Christi

248 1989 367 2016 Ecclesia
384 1994 447 2022 stat,
468 1997 516 2016 nos
531 1989 624 2024 utique
641 1989 720 2024 longo
735 1989 879 2016 intervallo
895 1989 1036 2016 victoriam

248 2034 406 2062 referemus.
420 2034 553 2067 Quoniam
567 2035 657 2068 itaque
669 2034 834 2068 impossibile
850 2038 892 2067 est
903 2041 1038 2069 supraque

247 2081 330 2113 vires,
346 2080 429 2107 Dentri
444 2085 534 2108 mente
550 2080 805 2115 comprehendere;
818 2085 892 2108 certe
908 2079 1037 2115 ﬁgurare,

247 2134 329 2161 supra
342 2133 450 2154 omnem
477 2132 561 2153 artem
575 2130 617 2153 est
641 2131 723 2160 atque
745 2126 812 2153 adeo
832 2126 1036 2161 impossibilius,

246 2172 310 2208 quia
323 2177 446 2199 naturain
456 2172 607 2199 assimilare
616 2171 662 2199 Dei
672 2177 770 2207 praeter
782 2177 906 2199 naturam
914 2177 966 2205 est,
975 2180 1037 2200 cum

248 2218 353 2252 species
368 2219 509 2251 formaque
521 2217 593 2243 nulla
617 2217 715 2244 subsit.
727 2216 833 2244 Etenim
855 2217 888 2244 ad
899 2218 1036 2252 quodnam

248 2265 388 2299 exemplar
403 2269 530 2298 spectans
547 2262 646 2290 artifex
663 2263 808 2298 imaginem
822 2262 946 2291 faceret?
961 2263 1037 2290 Nunc

249 2319 314 2338 vero
323 2311 385 2345 quia
393 2309 477 2337 Deum
482 2309 595 2344 proprie
601 2316 717 2344 vereque
725 2314 896 2344 corporatum
904 2309 1038 2341 novimus,

249 2361 352 2391 prostat
362 2355 406 2389 pie.
413 2354 567 2382 volentibus
578 2354 610 2381 ad
621 2354 771 2381 faciendam
783 2355 926 2390 imaginem
938 2362 968 2382 ea
978 2363 1038 2389 spc-

253 2403 321 2434 cies,
340 2402 374 2428 ad
397 2408 478 2435 quam
503 2400 584 2432 Deus,
598 2401 668 2427 servi
686 2400 770 2428 forma
787 2406 934 2436 assumpta,
953 2406 1039 2428 semet

251 2448 388 2482 figuravit.
402 2445 470 2472 Nam
487 2447 508 2473 si
536 2447 608 2480 quod
631 2452 674 2472 est
693 2446 828 2473 invisibile
848 2451 879 2473 et
896 2453 958 2473 vere
980 2446 1038 2474 sine

242 2494 350 2525 ~t'orma,
364 2496 456 2526 utpote
470 2491 755 2525 incomprehensibile,
765 2492 828 2519 nulli
847 2492 884 2519 rei
896 2497 938 2519 est
951 2492 1040 2520 simile

244 2537 379 2572 ,pingique
404 2538 514 2571 nequit;
535 2537 692 2564 necessario
710 2537 841 2571 quidquid
858 2542 906 2572 _est
928 2538 1036 2565 confor-

250 2589 352 2612 matum
373 2589 400 2612 et
417 2583 533 2617 visibile,
563 2589 656 2619 utpote
681 2584 939 2618 comprehensibile,
956 2584 1035 2612 fateri

249 2634 357 2666 oportet
386 2630 517 2657 delineari
547 2636 627 2664 posse
658 2634 684 2656 et
721 2629 881 2662 assimilari;
916 2630 986 2664 quod
1010 2636 1039 2658 ut

246 2677 409 2712 ﬁguremus,
429 2684 481 2704 non
495 2680 536 2703 est
552 2676 630 2702 nobis
646 2682 713 2708 opus
730 2674 868 2702 mandato.
890 2674 947 2702 Non
966 2677 1038 2703 enim

249 2728 291 2751 est
308 2724 361 2750 hoc
381 2723 406 2749 in
421 2730 495 2749 more
511 2721 642 2752 ﬁdelium,
660 2725 689 2746 ut
714 2719 781 2746 nihil
805 2721 855 2747 nisi
877 2721 1037 2755 imperatum

250 2767 362 2795 faciant.
374 2767 466 2795 Solent
484 2765 573 2801 potius
586 2764 714 2792 nonnulla
727 2769 823 2799 sponte
836 2766 885 2800 ipsi
902 2767 1037 2799 conferre,

285 2856 306 2872 ⁹¹
324 2856 404 2883 Joan.
423 2863 467 2888 xv,
491 2854 536 2888 I8;
554 2854 614 2881 Act.
630 2861 662 2886 κν
676 2853 731 2880 Η.-

1120 492 1303 528 Χριστιανοὺς
1320 492 1385 526 γοῦν
1408 491 1495 518 ταῦτα
1512 491 1617 523 εὲδότας
1628 512 1636 524 ,
1654 492 1830 527 ἐρρωμένους
1846 502 1874 518 τε

1084 539 1148 573 περὶ
1162 539 1196 564 τὰ
1211 538 1281 568 θεῖα,
1300 538 1348 563 καὶ
1361 538 1426 571 ὑγιᾶ
1441 537 1490 572 τὴν
1502 537 1630 571 διάληψιν
1647 538 1712 572 περὶ
1726 538 1776 573 τὴν
1791 539 1878 573 ἀπέρ-

1085 585 1166 619 ῥητον
1181 583 1229 609 καὶ
1246 583 1436 618 ἁνέκφραστον
1455 582 1536 617 φύσιν
1556 582 1756 617 κεκτημένους,
1777 592 1875 617 μαινο-

1086 630 1174 664 μένων
1186 630 1260 655 ὲστίν
1271 629 1414 663 εἱκόνισμα
1425 628 1500 658 θείας
1512 627 1621 662 φύσεως
1632 628 1799 662 γράφεσθαι·
1813 629 1878 663 ὑμῖν

1086 675 1136 709 μὲν
1147 673 1193 701 οὖν
1208 675 1263 705 τοῖς
1279 674 1330 707 τῆς
1347 674 1476 705 ἀπιστίας
1489 674 1536 700 καὶ
1550 674 1598 700 τοῦ
1625 674 1687 700 νέου
1709 673 1877 710 Ἰουδαῖσμοῦ

1085 720 1273 751 ὑπασπισταῖς
1281 719 1311 745 τὸ
1321 720 1383 754 μὲν,
1394 719 1468 746 Θεὸν
1475 719 1574 752 οὐδεὶς
1582 720 1692 754 ἑώρακε
1699 720 1879 752 πώποτε-,διὰ

1085 765 1211 800 γλώσσης
1224 765 1269 791 καὶ
1280 765 1508 800 προχειρότατον·
1527 765 1556 791 τὸ
1571 765 1609 797 δὲ,
1619 766 1809 800 Ἑωράκαμεν
1824 766 1878 793 τᾶν

1092 811 1213 844 Κύριον,
1235 811 1282 838 καὶ
1308 810 1351 836 ὅτι
1381 810 1593 845 συνεφάγομεν
1618 811 1666 837 καὶ
1693 812 1880 845 συνεπίομεν

1092 855 1184 888 αὐτῷ,
1211 855 1259 882 καὶ
1284 855 1370 882 τᾶλλα
1395 855 1446 881 ὅσα
1463 855 1513 889 τῆς
1530 856 1616 890 ἄκρας
1645 856 1879 889 συγκαταῦάσεως

1087 901 1152 936 ἡμῖν
1175 902 1364 936 κεκήρυκται,
1391 901 1524 934 λεγόντων
1551 900 1662 927 ἀκούειν
1685 900 1702 935 ἢ
1720 901 1874 932 πιστεύειν,

1085 947 1140 974 οὐδ’
1165 947 1289 973 ὁπωσοῦν
1312 946 1458 981 ἀνέχεσθε,
1475 946 1513 978 ὡς
1529 947 1674 981 ἀλλοτρίαν
1698 947 1726 972 δὲ
1754 949 1803 973 καὶ
1825 949 1878 973 ἀπ-

1088 993 1244 1028 ηχεστάτην
1253 993 1318 1027 ὑμῖν
1326 993 1375 1028 τὴν
1387 992 1478 1027 φωνὴν
1488 992 1680 1019 ἀπαναίνεσθε’
1693 993 1780 1019 ἁλλέῑ
1791 993 1879 1025 ἔξεστι

1087 1039 1221 1065 πυθέσθαι
1244 1038 1290 1065 καὶ
1310 1039 1401 1072 ἡμᾶς,
1433 1037 1637 1072 ἀποκρίνασθε*
1666 1038 1720 1064 ποῦ
1737 1039 1802 1072 ὑμῖν
1832 1039 1879 1063 καὶ

1086 1084 1168 1111 πόθεν
1183 1084 1411 1118 νενομοθέτηται,
1426 1083 1458 1110 ἐκ
1471 1093 1501 1109 τε
1517 1084 1638 1118 νομικῶν
1667 1084 1852 1117 θεσπισμάτω
1875 1106 1879 1113 ,

1086 1131 1275 1165 εὑαγγελικῶν
1294 1139 1322 1156 τε
1344 1129 1543 1165 κηρυγμάτων,
1560 1130 1577 1164 ἦ
1595 1130 1784 1156 ἀποστολικῶν
1803 1130 1878 1156 διδα-

1086 1178 1210 1212 γμάτων,
1226 1176 1434 1211 ἀπερίγραπτον
1446 1175 1589 1210 ὁμολογεῖν
1602 1175 1648 1201 τὸν
1661 1176 1792 1210 Χριστὸν,
1809 1176 1880 1202 καθὸ

1086 1223 1280 1257 πεφανέρωται
1290 1221 1351 1248 καθ’
1361 1221 1433 1256 ἡμᾶς
1442 1220 1602 1256 ἄνθρωπος,
1614 1221 1685 1255 μήτε
1698 1223 1795 1253 ποιεῖν,
1808 1222 1878 1256 μήτε

1088 1268 1142 1303 μὴν
1159 1267 1306 1302 γινομένην
1329 1267 1421 1292 εἰκόνα
1443 1265 1526 1292 αὑτοῦ
1552 1266 1879 1304 προσκυνεῖνηκαθάπερ

1085 1313 1133 1339 νῦν
1146 1313 1340 1347 δογματίζετε;
1359 1311 1427 1338 ἀλλὰ
1446 1311 1526 1338 τοῦτο
1549 1312 1599 1338 οὐκ
1619 1312 1652 1338 ἂν
1667 1313 1756 1338 εἰπεῖν
1773 1312 1877 1346 ἔχοιτε·

1085 1359 1204 1393 οὐδαμοῦ
1221 1358 1275 1392 γὰρ
1290 1358 1355 1392 ὑμῖν
1380 1356 1499 1383 ἐνταῦθα
1515 1356 1690 1391 δειχθήσεται
1702 1365 1708 1370 ·
1735 1357 1806 1383 ὥστε
1830 1357 1880 1391 τὴν

1086 1403 1342 1438 περιστοιχὶςουσαν
1364 1402 1436 1436 ὑμᾶς
1463 1401 1592 1436 ἀπορίαν,
1617 1402 1667 1435 τῆς
1681 1402 1822 1436 ἡμετέρας
1838 1404 1879 1428 νὶ-

1086 1457 1137 1484 κης
1148 1448 1270 1482 γίνεσθαι
1294 1447 1454 1482 περιουσίαν
1468 1454 1474 1460 ·
1493 1447 1517 1473 εἰ
1535 1446 1585 1481 μὲν
1599 1444 1647 1472 οὖν
1672 1447 1710 1481 μὴ
1731 1446 1882 1481 προθκειτο

1085 1495 1150 1529 ὑμῖν
1165 1494 1182 1528 ή
1194 1493 1245 1528 τῆς
1266 1493 1416 1527 καθολικῆς
1434 1493 1480 1518 καὶ
1502 1491 1688 1526 ἀποπολικῆς
1711 1492 1880 1527 Ἑκκλησίαε

1050 1551 1072 1580 C
1088 1539 1191 1566 ἄνωθεν
1204 1539 1251 1564 καὶ
1283 1538 1314 1570 ἐξ
1339 1538 1427 1572 ἀρχῆς
1460 1538 1648 1571 κεκρατηκυῖα
1675 1537 1838 1571 παράδοσις,
1866 1540 1881 1563 ὂ

1087 1585 1197 1610 πάντων
1221 1584 1280 1609 ἐστὶ
1302 1583 1332 1608 τὸ
1354 1582 1531 1617 ἰσχυρότατον
1544 1583 1591 1608 καὶ
1611 1582 1833 1616 ἀσφαλέστατον,
1851 1585 1881 1609 αἰ

1086 1637 1117 1654 τε
1137 1628 1318 1655 ἁποστολικαὶ
1337 1627 1383 1654 καὶ
1405 1627 1545 1661 Πατρικαὶ
1562 1627 1660 1660 φωναὶ,
1677 1627 1705 1654 αἳ
1717 1628 1749 1662 δὴ
1766 1631 1882 1663 κρατεῖν

1087 1674 1160 1708 ἡμᾶς
1182 1673 1234 1704 τὰς
1257 1673 1438 1707 παραδόσεις,
1463 1673 1524 1698 ὅσαι
1543 1681 1572 1698 τε
1599 1673 1736 1708 ἔγγραφοι
1764 1674 1828 1701 ὅσαι
1848 1683 1880 1700 τε

1086 1721 1208 1754 ἄγραφοι
1224 1719 1438 1749 διακελεύονται,
1454 1716 1498 1744 οἷα
1514 1719 1558 1745 ἐπ’
1572 1721 1744 1753 ἀμφοτέραις
1757 1720 1809 1755 τὴν
1829 1721 1881 1746 αὺ-

1087 1765 1136 1800 τὴν
1153 1764 1315 1799 θεωρεῖσθαι
1327 1764 1453 1799 δύναμιν.
1473 1764 1509 1790 Τὸ
1530 1763 1596 1798 γοῦν
1613 1765 1811 1799 εὐσεὸἐστερον
1824 1767 1882 1792 τῶν

1088 1813 1116 1837 ἐν
1142 1811 1305 1845 ἀμφιϐόλοις
1326 1810 1462 1845 κειμένων
1488 1811 1622 1845 κρατήσει
1649 1811 1771 1843 πάντως,
1788 1813 1883 1838 καὶτὸ

1087 1857 1271 1892 διαφερόντως
1285 1857 1325 1887 εἰς
1338 1856 1430 1882 πίστιν
1443 1855 1489 1882 καὶ
1502 1856 1613 1891 ἀγάπην
1628 1856 1678 1892 τὴν
1693 1857 1734 1888 εἰς
1748 1857 1881 1892 Χριστὸν.

1087 1903 1121 1937 ἣν
1137 1903 1218 1936 ζῆλος
1241 1902 1334 1933 ἔνθεος
1354 1902 1401 1927 καὶ
1423 1903 1505 1932 πόθος
1523 1901 1624 1936 θερμὸς
1648 1903 1811 1938 παρίστησι,
1830 1905 1883 1938 τὴν

1088 1949 1224 1976 οἰκειωσιν
1249 1948 1472 1982 ἐνδεικνύμενον·
1501 1949 1525 1973 εἰ
1541 1947 1570 1974 δὲ
1585 1948 1645 1974 κατ’
1658 1948 1742 1982 ἄμφω
1759 1950 1789 1976 τὸ
1812 1953 1885 1985 κρα-

1088 2004 1133 2027 τος
1156 1997 1189 2030 τῇ
1214 1994 1362 2029 Ἐκκλησία
1385 1994 1505 2029 Χριστοῦ
1529 1995 1577 2021 καὶ
1601 1994 1631 2020 τὸ
1647 1994 1792 2029 εὐδόκιμον
1807 1996 1884 2030 πάρ-

1087 2049 1173 2073 εστιν,
1187 2042 1252 2076 ἡμῖν
1270 2040 1325 2076 ἄρα
1339 2041 1390 2076 τὴν
1401 2040 1522 2066 νικῶσαν
1537 2041 1569 2066 ὲκ
1585 2039 1685 2066 πολλοῦ
1700 2040 1748 2066 τοῦ
1763 2041 1880 2075 περιόν-

1088 2095 1135 2118 τος
1151 2086 1314 2114 ἀποίσεσθαι
1333 2086 1516 2121 περιέστηκεν
1528 2092 1535 2100 ·
1564 2085 1626 2111 ἐπεὶ
1649 2082 1696 2112 οὖν
1711 2086 1808 2121 νοῆσαι
1828 2087 1884 2120 μὲν

1091 2132 1158 2160 Θεδν
1175 2133 1265 2166 πάντη
1277 2132 1408 2159 ἀδύνατον
1424 2133 1471 2158 καὶ
1481 2130 1683 2166 ἀνεγχώρητον,
1698 2131 1832 2158 εἰκονίσαι
1854 2132 1887 2157 (Σὲ

1089 2178 1231 2213 ἀμήχανον
1249 2178 1289 2203 ἔτι
1311 2178 1358 2203 καὶ
1381 2177 1597 2211 ἀδυνατώτερον,
1622 2176 1702 2201 ὁπότε
1717 2175 1779 2202 οὐδὲ
1800 2176 1888 2210 φύσιν

1054 2218 1076 2245 D
1090 2223 1158 2251 Θεοῦ
1175 2223 1295 2258 ὁμοιοῦν,
1316 2223 1398 2256 φύσιν
1412 2222 1474 2257 ἕχον
1493 2222 1578 2253 ἐστὶν,
1595 2222 1681 2253 εἴδους
1695 2230 1724 2248 τε
1743 2222 1790 2248 καὶ
1816 2231 1890 2257 μορ-

1091 2271 1143 2305 φῆς
1167 2269 1290 2304 ὑπούσης
1321 2269 1358 2300 ὠς
1382 2268 1502 2303 ἥκιστα·
1525 2267 1593 2303 πρὸς
1608 2268 1662 2294 ὅτι
1684 2267 1739 2302 γάρ
1765 2276 1807 2299 τις
1835 2270 1890 2294 καὶ

1091 2315 1248 2349 ἁποὸλέψας
1279 2314 1456 2349 παράδειγμα
1486 2313 1650 2348 ὀμοιώσειες-
1679 2313 1728 2339 νῦν
1760 2313 1789 2340 δὲ
1814 2314 1889 2340 Θεὸν

1093 2360 1295 2394 σωματωθέντα
1320 2359 1422 2393 κυρίως
1449 2359 1496 2384 καὶ
1519 2358 1629 2392 ἀληθῶς
1650 2358 1787 2392 ἔγνωμεν,
1815 2360 1890 2393 πρό-

1091 2415 1181 2433 κειται
1198 2407 1253 2437 τοῖς
1280 2405 1403 2431 εὐσεϐεῖν
1427 2404 1550 2431 ἐθέλουσι
1568 2403 1659 2439 μορφὴ
1675 2404 1716 2435 εἰς
1737 2404 1888 2438 ὁμοίωσιν,

1092 2452 1125 2486 ἢν
1156 2450 1342 2486 προσείληφεν
1357 2451 1371 2476 ὁ
1394 2450 1444 2485 τὴν
1465 2449 1512 2475 τοῦ
1533 2448 1627 2475 δούλου
1641 2449 1735 2475 εἰκόνα
1760 2450 1890 2484 μορφοῦ-

1093 2505 1191 2532 μενος·
1218 2497 1243 2522 εἰ
1269 2497 1324 2530 γὰρ
1349 2496 1380 2521 τὸ
1403 2495 1519 2521 ἀθέατον
1539 2494 1586 2520 καὶ
1607 2493 1732 2528 ἄμορφον
1747 2493 1787 2528 τῷ
1811 2494 1889 2525 ὄντι,

1091 2543 1129 2574 ὡς
1144 2542 1265 2578 ἄληπτον
1287 2541 1413 2575 ἀνόμοιόν
1434 2549 1464 2567 τε
1481 2540 1529 2566 καὶ
1550 2539 1702 2574 ἄγραπτον,
1727 2539 1839 2574 ἀνάγκη
1857 2541 1890 2566 τὸ

1095 2587 1238 2622 μορφωθέν
1254 2596 1284 2613 τε
1301 2587 1347 2614 καὶ
1367 2586 1472 2617 θεαθὲν,
1489 2587 1528 2617 ὡς
1547 2585 1722 2619 καταληφθὲν
1742 2585 1890 2620 ὁμολογει-

1093 2634 1155 2660 σθαι
1170 2634 1293 2669 γραπτὸν
1305 2634 1352 2659 καὶ
1364 2633 1554 2667 ὁμοιούμενον,
1569 2631 1583 2657 ὃ
1595 2631 1740 2662 εἰκονίζιτιν
1750 2631 1806 2657 οὐκ
1818 2632 1891 2658 ἀνα-

1091 2678 1208 2713 μένομεν
1224 2678 1372 2712 πρόσταξιν
1383 2685 1390 2693 ·
1409 2678 1440 2704 οῦ
1474 2676 1529 2710 γάρ
1543 2677 1600 2702 ἐστι
1615 2676 1695 2702 τοῦτο
1710 2678 1767 2707 τοῖς
1779 2680 1890 2708 πιστοῖς

1093 2724 1168 2755 ἴδιον,
1186 2724 1275 2750 πάντα
1295 2724 1326 2749 ὲκ
1342 2724 1553 2758 προστάγματος
1581 2722 1726 2756 πράττειν·
1754 2721 1815 2748 ἐστι
1831 2723 1891 2757 γὰρ

1093 2768 1109 2794 ἆ
1129 2769 1175 2795 καὶ
1199 2769 1263 2804 παρ’
1287 2769 1395 2800 ἑαυτοῖς
1417 2767 1616 2802 συνεισφέρειν,
1633 2767 1683 2793 ὅσα
1703 2767 1760 2798 τοῖς
1785 2767 1891 2803 θερμο-
