1945 3078
113 144 168 177 469

455 149 763 179 ΑΝΤΙΒΒΗΕΤΙΕΗΞ
785 150 809 178 ll
818 150 830 178 ι
850 150 909 179 ADV

964 149 1247 181 IONSTANTINUM
1267 148 1372 179 COPIL

1695 143 1748 175 λίἹῦ

114 203 274 238 δεέρριπται
287 204 334 231 καὶ
357 204 560 237 διαπέπτωκεν,
591 205 738 231 ἀκόλουθον
750 205 782 231 ἂν
801 205 844 239 εἴη
862 204 909 230 καὶ

964 210 987 231 et
1002 205 1112 237 excidit,
1128 209 1341 233 consentaneum
1356 206 1406 234 est,
1420 200 1623 228 venerationem
1642 208 1752 235 quoque

115 248 205 276 ταῦτα
230 250 264 285 δὴ
278 250 314 277 τὰ
335 251 391 277 τῶν
413 250 500 284 ἁγίων
523 251 749 286 συνοιχήσεσθαι,
777 251 823 276 καὶ
841 249 908 284 μηδὲ

117 295 230 330 μνήμης
246 294 277 320 τὸ
287 295 381 321 λοιπὸν
399 295 534 330 ἠξιῶσθαι
558 296 681 322 πώποτε.
702 305 710 321 ι
743 296 846 330 Καιρδς
862 294 909 320 νῦν

115 340 205 365 εἰπεῖν
220 347 226 353 ·
246 349 255 364 ι
275 339 306 365 El
322 339 368 366 τὸν
391 340 586 375 οἰκοδεσπότην
609 340 776 372 Βεελξεὸοὺλ
800 339 907 366 ἀπεκά-

115 385 212 417 λεσαν,
241 384 318 420 πόσῳ
347 385 448 422 μᾶλλον
478 387 542 417 τοὺς
574 386 731 417 οἱκειακιιὺς
760 385 867 417 αὑτοῦ;
897 394 906 410 ι

115 430 240 457 Τοιαῦτα
255 431 312 466 γὰρ
332 432 356 457 οἱ
372 431 420 457 νῦν
443 431 566 459 Ἰουδαῖοι
581 434 638 464 τοῖς
650 433 736 459 πάλαι
756 433 805 463 τὰς
822 431 910 466 γλώσ-

117 484 168 508 σας
182 476 357 509 δανείσαντες
375 478 574 512 ἀποφαίνονται
591 486 598 494 ’
613 479 637 504 εἰ
648 478 703 513 γὰρ
723 478 758 504 τὰ
783 477 904 513 Χριστοῦ

115 520 190 547 οὕτω
201 521 343 557 διέθηκαν,
356 522 383 548 τι
402 522 453 549 οὐκ
475 522 509 549 ἂν
537 522 609 550 κατά
625 523 680 549 τῶν
709 523 795 557 ἁγίων
826 523 908 549 αὐτοῦ

117 566 237 601 πονηρὸν
263 566 376 602 δράσειν
397 567 531 602 έμελλονς
551 568 644 601 ’Δειον
662 569 712 603 μὲν
736 568 773 600 ὡς
801 568 910 603 άληθῶς

117 611 167 645 τῆς
181 611 296 638 ἐκείνων
319 612 508 647 παρανομίας,
536 613 583 638 καὶ
600 613 649 647 τῆς
677 613 717 644 εἰς
732 613 796 645 τοὺς
813 614 909 648 ἁγίους

116 655 220 691 τόλμης
236 665 266 682 τε
284 656 331 683 καὶ
342 657 511 692 θρασύτητος
522 665 528 671 ·
545 657 636 684 αὐτῶν
648 658 676 685 δὲ
686 658 740 684 τῶν
752 659 839 692 ἁγίων
861 660 909 694 τῆς

117 701 157 732 εἰς
173 701 294 736 Χριστὸν
311 702 417 735 ἀφάτου
432 703 542 737 ἀγάπης
561 703 712 738 τεκμήριον
726 703 906 737 ἱκανώτατον,

117 746 178 772 καθ’
207 747 240 782 ἣν
264 747 338 783 αὐτῷ
359 748 561 783 ἀνεκράθησαν,
591 748 690 775 obruere
708 749 886 784 χωριζόμενοι
900 759 907 766 ·

116 792 163 818 καὶ
180 793 236 828 γὰρ
252 791 300 819 οῦν
323 794 369 820 καὶ
383 794 453 821 κατὰ
469 794 518 829 τὴν
537 794 630 820 ἐνθάδε
647 794 739 829 βιοτὴν
755 796 907 830 περιόντες,

117 838 260 874 μάρτυρες
269 839 324 865 τῶν
335 839 517 874 παθημάτων,
530 840 577 866 καὶ
587 841 710 866 κοινωνοὶ
716 841 763 866 τοῦ
775 841 907 873 ζωοποιοῦ

961 254 1116 277 sanctorum
1149 250 1230 278 simul
1255 250 1397 280 desinere,
1422 254 1511 281 neque
1532 246 1589 281 jam
1622 246 1750 281 deinceps

961 297 1098 324 mentione
1115 296 1222 331 dignam
1239 295 1337 331 putari.
1363 304 1371 320 ι
1391 293 1472 328 Atqui
1493 300 1563 320 nunc
1587 297 1693 327 tempus
1708 297 1750 320 est

960 340 1066 367 dicendi
1085 349 1091 367 :
1111 349 1121 366 ί
1136 340 1163 367 Si
1181 339 1405 375 patremfamilias
1417 337 1494 372 123
1512 337 1654 364 Beelzebul
1667 345 1750 365 voca-
1779 349 1785 365 ι

960 390 1067 418 rerum,
1094 390 1196 420 quanto
1220 386 1304 420 magis
1324 384 1488 412 domesticos
1513 384 1570 418 ejus
1593 383 1669 418 (62)?
1687 383 1750 411 Haec
1783 380 1786 384 ’

960 431 1032 458 cnim
1050 430 1278 463 hodierniJudmi,
1295 430 1398 465 linguas
1410 437 1473 456 suas
1485 437 1498 455 a
1509 428 1605 462 priscis
1619 433 1748 455 mutuan-

960 481 1001 503 tes
1026 477 1131 504 dicunt.
1157 477 1225 504 Nam
1250 477 1272 503 si
1292 483 1334 503 res
1359 475 1460 502 Christi
1488 475 1524 501 ita
1547 478 1746 505 tractaverunt,

960 523 1024 556 quid
1037 523 1144 550 maiitia:
1161 523 1291 550 adversus
1305 527 1416 548 sanctos
1429 520 1488 554 ejus
1504 527 1555 546 non
1570 519 1756 554 expromenti

960 568 1030 597 Vere
1049 569 1099 596 hoc
1115 569 1223 603 dignum
1239 573 1279 596 est
1297 568 1403 595 illorum
1422 566 1576 599 iniquitate,
1595 571 1621 593 et
1634 566 1660 592 in
1684 572 1747 592 san-

960 621 1018 642 ctas
1030 616 1142 643 audacia
1152 623 1183 643 ac
1198 615 1375 650 protervitate
1388 623 1394 640 :
1407 613 1487 640 simul
1501 618 1590 640 tamen
1605 617 1646 639 est
1657 612 1748 639 chari-

961 661 1023 689 tatis
1046 669 1158 688 sumsz
1178 665 1332 688 sanctorum
1355 667 1418 693 erga
1447 658 1585 686 Christum
1614 657 1744 685 indicium

959 706 1236 741 opportunissimum.
1264 713 1315 740 qua
1342 705 1447 732 scilicet
1467 705 1491 731 ei
1517 707 1581 730 sunt
1607 703 1747 735 devincti,

960 758 1096 786 nunquam
1112 751 1203 778 divisi.
1219 749 1324 777 Etenim
1339 749 1401 776 dum
1421 749 1447 775 in
1465 750 1515 775 hac
1532 748 1584 774 vita
1600 747 1742 782 degerent,

960 801 1043 824 testes
1061 797 1217 831 passionum
1234 795 1349 828 Christi,
1365 794 1485 828 sociique
1500 793 1614 820 vivifica:
1625 793 1685 828 ejus
1699 800 1749 820 ne-

960 841 998 868 cis
1016 841 1136 874 fuerunt,
1154 846 1265 876 peccato
1286 849 1373 876 usque
1388 840 1420 867 ad
1434 845 1549 866 mortem
1575 839 1744 866 resistentes.

115 884 201 911 αὺτοῦ
217 884 334 912 θανάτου
346 887 485 920 γεγόνασι,
509 887 606 923 μέχρις
624 888 739 922 αἵματος
762 887 908 914 ἀντικατα-

964 886 994 913 Et
1010 893 1083 914 nunc
1101 886 1182 914 etiam
1205 888 1321 914 terrenis
1344 887 1425 914 rebus
1446 885 1577 920 exempti,
1599 885 1746 919 participes

116 931 234 962 στάντες
250 931 318 965 πρὸς
337 932 386 966 τὴν
403 932 554 968 ἁμαρτίαν.
574 933 628 959 Καὶ
640 932 688 959 νῦν
713 933 743 959 δὲ
770 933 823 959 τῶν
846 934 909 969 τῇδε

115 976 332 1011 ἀπαλλαγέντες,
364 978 473 1013 μέτοχοι
499 978 631 1013 ὤφθησαν
647 980 695 1006 τοῦ
727 980 908 1014 ἐφεστηκότος

114 1021 180 1056 ἄρτι
191 1022 265 1048 κατά
279 1022 399 1057 Χριστοῦ
427 1023 549 1058 διωγμοῦ
577 1025 623 1051 καὶ
642 1024 694 1059 τῆς
711 1024 818 1060 ὕϐρεως
831 1032 838 1039 '
857 1024 909 1059 ἤδη

114 1068 172 1102 γὰρ
188 1068 237 1094 καὶ
255 1068 407 1103 τηνικαῦτα
431 1069 556 1105 σώμασιν
582 1070 674 1101 αὐτοῖς
692 1070 760 1105 ὑπὲρ
785 1070 831 1096 τοῦ
857 1078 910 1096 πα-

115 1113 211 1144 θόντος
227 1112 262 1139 δι’
277 1114 351 1148 ἡμᾶς
380 1114 498 1149 σώματι,
528 1115 725 1149 διηγωνίσαντο
741 1116 788 1141 καὶ
814 1115 907 1149 ὴνδρῑ-

117 1167 200 1185 σαντο
210 1166 218 1174 ·
230 1159 262 1186 ὃν
275 1159 346 1194 ὑπὲρ
365 1160 416 1195 τῆς
429 1160 524 1195 κοινῆς
539 1161 649 1187 πάντων
670 1161 749 1195 ἡμῶν
771 1160 909 1196 σωτηρίας

116 1204 216 1239 ἀνέτλη
247 1204 362 1232 θάνατον
388 1206 588 1241 μιμησάμενοι.
610 1206 666 1233 Καὶ
678 1204 757 1237 αὖθις
772 1207 853 1241 ὅμοια
867 1207 909 1240 ἐφ’

115 1250 223 1284 ὁμοίοις
239 1251 392 1286 πάσχουσιν
409 1260 415 1266 ·
440 1252 573 1286 ἀνάλογον
591 1251 646 1287 γὰρ
669 1253 726 1283 τοῖς
742 1251 909 1287 ἀρχετύποις

115 1295 151 1321 τὰ
168 1296 315 1330 ἐκμαγεῖα,
328 1296 362 1323 τὰ
375 1296 426 1331 τῆς
447 1297 542 1332 κοινῆς
554 1297 668 1332 ἀτιμίας
691 1297 740 1323 καὶ
764 1297 910 1332 παροινίας

117 1341 351 1376 συνδιαφέρουσι·
378 1343 425 1368 καὶ
455 1343 537 1369 πάλιν
555 1342 775 1377 συμπάσχουσιν,
797 1342 841 1368 ἴνα
861 1342 909 1369 καὶ

117 1386 336 1419 συνδοξασθῶσιν
349 1386 445 1419 αὖθις·
464 1389 513 1414 καὶ
534 1388 616 1415 πάλιν
644 1388 778 1423 τιμῶνται
795 1389 827 1423 τῇ
851 1397 908 1414 κοι-

117 1431 203 1466 νωνίᾳ
213 1432 265 1465 τῆς
279 1432 402 1466 ἀτιμίας.
416 1433 470 1459 Καὶ
485 1433 528 1459 ἵνα
539 1434 572 1469 τῇ
590 1433 684 1468 μνήμῃ
693 1433 746 1459 τῶν
762 1432 909 1468 μαρτύρων

118 1477 302 1511 συνησθέντες
334 1479 359 1505 οἱ
392 1478 596 1514 φιλομάρτυρες
625 1478 908 1513 ἑγκαλλωπισώμεθα,

118 1523 206 1558 βραχύ
219 1531 245 1548 τι
260 1524 326 1558 περὶ
338 1524 387 1550 τὸν
397 1524 478 1558 λόγον
490 1525 749 1560 προσδιατρίψωμεν
760 1531 767 1539 ·
783 1524 909 1559 καθάπερ

117 1570 143 1595 οἱ
154 1568 351 1604 φιλοθεάμονες
375 1578 406 1596 τε
429 1570 477 1597 καὶ
491 1570 709 1605 φιλακροάμονές
727 1578 757 1596 τε
785 1570 831 1596 ἐπὶ
855 1569 909 1595 τῶν

117 1615 245 1651 τερπνῶν
261 1616 308 1642 καὶ
325 1615 440 1651 ἡδίστων
460 1617 553 1648 αὐτοῖς
580 1616 725 1651 θεαμάτων
746 1617 795 1642 καὶ
825 1616 909 1642 ἀκου-

119 1662 244 1696 σμάτων,
263 1657 301 1688 ὧν
314 1662 364 1688 οὐκ
380 1661 413 1688 ἂν
428 1662 530 1697 ῥαδίως
540 1662 716 1697 ἀπόσχοιντο,
731 1662 788 1688 ἔσθ’
802 1662 846 1688 ὅτε
862 1661 910 1688 καὶ

961 931 1011 959 visi
1026 937 1089 959 sunt
1104 932 1246 960 concitatae
1261 940 1346 966 nuper
1362 932 1492 958 adversus
1505 931 1641 958 Christum
1654 937 1746 964 perse-

961 976 1078 1004 cutionis
1095 981 1122 1004 et
1135 977 1317 1005 contumeliae.
1333 976 1402 1004 Ecce
1416 976 1489 1003 enim
1505 980 1532 1003 et
1546 981 1611 1003 tunc
1624 975 1745 1010 corpori-

961 1024 1012 1052 bus
1026 1024 1093 1057 suis,
1107 1028 1156 1058 pro
1168 1032 1199 1051 eo
1214 1024 1261 1059 qui
1278 1024 1304 1051 in
1319 1030 1433 1058 corpore
1445 1030 1542 1057 passus
1557 1026 1609 1054 est,
1624 1022 1749 1049 decerta-

962 1075 1024 1097 runt
1040 1070 1202 1105 fortiterque
1215 1078 1244 1097 se
1255 1074 1413 1104 gesserunt;
1429 1074 1455 1098 et
1470 1076 1542 1095 nunc
1559 1075 1654 1095 rursus
1670 1068 1746 1102 paria

960 1116 1019 1150 pari
1038 1116 1072 1143 de
1088 1123 1171 1143 causa
1199 1116 1337 1150 patientur
1367 1113 1435 1149 (63).
1465 1112 1588 1147 Namque
1615 1112 1747 1146 imagines

960 1169 1052 1196 parem
1066 1168 1099 1188 ac
1117 1161 1266 1196 archetypa
1283 1159 1458 1195 ignominiam
1472 1157 1622 1194 perferunt,
1639 1165 1748 1184 rursus-

961 1214 1013 1242 que
1027 1207 1238 1242 compatiuntur,
1254 1211 1281 1234 ut
1295 1206 1385 1233 denuo
1396 1203 1653 1239 eongloriﬁcentur;
1667 1207 1750 1237 atque

960 1253 1058 1280 iterum
1075 1252 1246 1279 honorantur
1269 1251 1424 1286 ignominiae
1438 1249 1639 1278 communione.
1657 1249 1748 1283 Atque

962 1304 990 1325 ut
1005 1291 1153 1337 martyrum
1172 1298 1302 1325 memoria
1315 1296 1461 1325 exhilarati
1474 1303 1523 1323 nos
1538 1295 1748 1330 philomartyres

961 1344 1118 1378 gloriemur,
1140 1343 1337 1378 aliquantulum
1355 1344 1381 1370 in
1400 1344 1452 1370 hoc
1470 1348 1595 1369 sermone
1612 1339 1746 1367 demorari

961 1388 1025 1416 libet
1041 1396 1047 1414 :
1062 1387 1144 1415 veluti
1157 1387 1280 1415 homines
1292 1387 1432 1422 spectandi
1442 1391 1469 1413 et
1481 1384 1606 1412 audiendi
1621 1383 1745 1414 studiosi,

961 1441 1021 1460 eum
1031 1433 1159 1468 iucundis
1169 1433 1391 1468 gratissimisque
1401 1432 1574 1459 obiectantur
1588 1429 1750 1464 spectaculis

961 1482 1009 1505 aut
1028 1478 1139 1506 musicis
1162 1477 1246 1510 sonis,
1268 1478 1338 1505 haud
1359 1477 1393 1505 ab
1410 1478 1443 1504 iis
1458 1476 1538 1504 facile
1561 1474 1749 1506 discesserint,

962 1524 1068 1551 etiamsi
1086 1524 1221 1551 interdum
1239 1524 1394 1551 necessaria
1406 1522 1512 1557 negotia
1525 1520 1669 1548 omittenda
1684 1521 1748 1548 sint.

964 1568 1059 1597 Solent
1072 1569 1144 1596 enim
1160 1576 1191 1596 ea
1208 1570 1269 1603 (tum
1284 1569 1353 1596 visui
1368 1568 1524 1602 audituiqne
1541 1566 1667 1601 pabulum
1683 1574 1751 1600 prae-

963 1615 1038 1647 bent,
1056 1619 1208 1643 amatorum
1223 1621 1319 1641 sensus
1336 1616 1485 1645 attrahere,
1501 1619 1626 1648 mgrcque
1640 1618 1751 1645 separa-

960 1660 1043 1687 bilem
1059 1667 1137 1687 usum
1152 1660 1192 1687 sui
1207 1659 1328 1687 edicere.

119 1707 174 1733 τῶν
202 1707 361 1741 ἀναγκαίων
381 1707 471 1734 αὐτῶν
500 1707 757 1743 καταφρονήσαντες
770 1715 777 1721 ·
800 1706 907 1741 φιλοῦσι
928 1707 982 1741 γάρ
997 1714 1055 1737 πως
1068 1705 1102 1732 τὰ
1116 1705 1166 1740 τὴν
1180 1705 1240 1740 ὄψιν
1275 1705 1322 1731 καὶ
1360 1703 1446 1739 ἀκοὴν
1472 1703 1614 1734 ἑστιῶντα,
1631 1703 1679 1733 τὰς
1697 1702 1754 1730 τῶν

120 1753 247 1788 ἐρώντων
260 1753 402 1788 αέα-θήσεις
422 1754 596 1786 ἐφέλκεσθαι,
615 1753 844 1781 δυσαπόσπαστον
858 1753 908 1789 τὴν
927 1753 1074 1789 περ).μαὺτά
1086 1753 1194 1788 όμιλίαν
1211 1752 1394 1788 ἐργαζόμενα.

156 1819 208 1847 να’.
225 1816 306 1847 Οὗτοι
318 1820 407 1847 τοίνυν
422 1821 446 1847 οι
459 1821 532 1855 ἆγιοι
549 1819 669 1855 Χριστοῦ
690 1820 810 1856 μιμηταὶ
832 1819 912 1854 γενό-

123 1874 211 1899 μενοι,
224 1866 271 1891 καὶ
286 1866 319 1900 τῇ
333 1866 372 1896 είς
387 1864 507 1900 Χριστὸν
523 1865 619 1901 ἀγάπῃ
634 1865 684 1899 τὴν
697 1864 786 1900 ψυχὴν
807 1872 912 1899 τετρω-

123 1911 209 1944 μένοι,
226 1911 272 1936 καὶ
281 1903 428 1946 κατ’ίχνος
443 1911 527 1938 αὑτοῦ
543 1911 605 1937 ὅσον
618 1911 729 1945 ὲφικτὺν
739 1909 908 1945 ἀνθρώποις,

124 1956 193 1982 ἱέναι
216 1956 449 1991 προθυμούμενοι,
475 1956 567 1982 πίστει
592 1964 622 1983 τε
646 1955 839 1991 ὲρηρεισμένοι
864 1955 913 1981 καὶ

123 2001 173 2034 τὴν
181 2000 277 2026 ἐλπίδα
288 2001 451 2036 κεκτημένοι
461 2001 627 2036 ἀπλάνητον,
636 2001 683 2027 καὶ
694 2000 748 2026 τῶν
760 1999 912 2034 μελλόντων

123 2046 160 2074 ὡς
168 2046 308 2082 παρόντων
315 2047 365 2082 ἥδη
377 2048 439 2073 ἅντε
444 2047 597 2082 ιλημμένοι,
610 2046 663 2073 τῶν
672 2047 717 2072 ἐπὶ
730 2046 775 2080 (ἧς
785 2045 913 2073 ἁπάντων

123 2091 161 2122 ὼς
172 2092 313 2126 ἐπικήρων
327 2093 373 2119 καὶ
384 2092 511 2127 φθαρτῶν
525 2092 732 2127 κατεφρόνησαν
741 2100 748 2107 ·
763 2093 914 2127 χρημάτων

124 2145 153 2162 τε
167 2134 200 2163 αὖ
217 2138 264 2163 καὶ
274 2138 408 2172 σωμάτων
420 2138 509 2164 αὐτῶν
523 2138 677 2172 ὑπερόπται
689 2137 819 2172 γεγόνασι
836 2146 843 2152 ι
863 2137 915 2164 τῶν

125 2183 296 2215 ἐπουρανίων
312 2184 366 2219 γὰρ
392 2184 440 2211 καὶ
465 2184 640 2220 ὑψηλοτέρων
660 2183 811 2218 ὲγλίχοντο,
835 2183 913 2209 πολι-

123 2227 200 2254 τεὶαν
214 2228 339 2263 οὐράνιον
353 2229 542 2264 ἀσπασάμενοι
552 2237 559 2244 ·
571 2228 612 2255 διὸ
624 2229 714 2256 πάντα
729 2227 851 2255 σκύὸαλα
865 2228 911 2255 διὰ

124 2274 174 2310 τὴν
186 2275 227 2307 εις
240 2276 287 2301 τὸν
304 2276 444 2303 κτίσαντα
471 2276 592 2311 ἀγάπην,
615 2275 686 2302 κατὰ
697 2275 743 2302 τὸν
763 2274 911 2310 μαρτύρων

125 2319 240 2355 ἔξαρχον
251 2321 384 2356 ἥγηνται·
399 2321 470 2348 οὕτω
491 2321 537 2348 τὸν
562 2321 678 2357 σταυρὸν
699 2321 844 2356 ἀράμενοι,
865 2320 928 2357 καὶΔ

125 2365 175 2399 τὴν
191 2366 344 2393 πανοπλίαν
360 2367 543 2398 ἀναλαϐόντες
560 2367 607 2393 τοῦ
625 2365 792 2400 πνεύματος,
803 2365 842 2400 τῷ
858 2365 911 2391 θώ-

127 2410 192 2444 ρακί
205 2419 234 2437 τε
249 2412 298 2446 τῆς
325 2412 443 2444 πίστεως
469 2412 651 2447 φραξάμενοι,
679 2411 790 2438 καὶτοῦ
815 2410 912 2446 θυρεοῦ

125 2456 176 2490 τῆς
191 2455 300 2487 ἐλπίδος
312 2457 485 2492 δραξάμενοι,
503 2457 549 2484 καὶ
566 2458 616 2492 τὴν
632 2456 851 2492 περικεφαλαίαν
864 2455 910 2482 τοῦ

127 2502 264 2536 σωτηρίου
282 2502 494 2538 περιϐαλόμενοι
509 2511 515 2518 ·
530 2503 566 2535 ὼς
583 2502 615 2538 δὴ
626 2502 675 2537 τὴν
691 2501 720 2534 ἐξ
736 2502 819 2536 ὕψους
834 2500 914 2528 δύνα-

164 2601 175 2618 ³
195 2602 296 2637 Philip.
314 2611 356 2635 ιιι,
373 2603 399 2631 8.

165 2701 223 2734 (62)
241 2699 337 2734 Incipit
350 2701 411 2728 hinc
423 2702 492 2735 apud
510 2701 689 2736 Nicephorum
705 2703 824 2730 laudatio
836 2710 909 2730 mar-

130 2741 231 2771 tyrum.
257 2742 317 2770 quae
336 2737 438 2762 utiliter
456 2737 611 2764 conferetur
632 2745 692 2764 cum
711 2738 754 2764 illa
776 2738 909 2765 Constan-

129 2771 179 2798 tini
203 2771 308 2797 diaconi
332 2777 347 2797 a
371 2771 448 2798 nobis
472 2772 544 2798 edita
563 2773 589 2798 in
616 2771 708 2806 Spicil.
730 2772 807 2800 Rom.
828 2777 846 2799 t.
871 2773 907 2805 Χ,

131 2812 265 2840 quamque
287 2812 341 2839 νινε
357 2806 441 2832 oculis
459 2807 582 2834 habuisse
604 2808 709 2834 videtur
731 2807 908 2841 Nirephorus,

131 2840 281 2875 prmscrtint
300 2841 363 2873 quia
387 2841 412 2867 in
437 2840 544 2869 Niczena
569 2844 688 2876 synodo,
713 2843 754 2870 cui
776 2840 910 2877 Niccpho‘

997 1819 1041 1846 5i.
1057 1818 1090 1845 Hi
1104 1826 1169 1853 ergo
1181 1819 1266 1846 sancti
1280 1819 1382 1846 Christi
1395 1818 1458 1845 facti
1473 1817 1636 1848 imitatores,
1649 1821 1676 1844 et
1686 1823 1751 1851 erga

961 1865 1098 1893 Christum
1128 1865 1262 1892 charitate
1289 1865 1397 1899 penitus
1417 1863 1572 1894 vulnerati,
1590 1867 1618 1891 et
1638 1862 1750 1897 vestigia

961 1911 1019 1945 ejus
1034 1914 1170 1945 quatenus
1194 1910 1297 1936 homini
1323 1909 1453 1943 possibile
1476 1913 1533 1941 est,
1559 1908 1684 1943 persequi
1706 1915 1753 1942 ge-

961 1957 1086 1988 stientes,
1111 1955 1162 1982 fide
1185 1955 1255 1987 nixi,
1272 1959 1299 1982 et
1315 1955 1421 1982 [irinum
1437 1962 1514 1989 spem
1533 1955 1693 1984 retinentes.
1713 1960 1744 1980 ac

966 2001 1056 2027 futura
1072 2005 1199 2035 tanquam
1221 2001 1363 2035 prmsentia
1376 2004 1528 2034 captantes,
1541 2004 1646 2026 terrena
1659 1999 1751 2025 omnia

967 2053 1016 2072 ceu
1031 2045 1131 2072 caduca
1143 2050 1170 2072 et
1186 2045 1370 2080 corruptibilia
1386 2049 1623 2079 contempserunt;
1641 2043 1747 2070 divitia-

969 2099 1028 2118 rmn
1047 2099 1153 2126 quoque
1164 2096 1192 2119 et
1207 2093 1325 2127 ipsorum
1343 2099 1487 2126 corporum
1506 2091 1672 2126 negligentes
1690 2090 1749 2116 fue-

970 2141 1041 2168 runt.
1063 2137 1126 2171 quia
1142 2144 1185 2164 res
1202 2137 1328 2164 cmlestcs
1344 2145 1377 2164 ac
1389 2137 1563 2165 sublimiores
1576 2135 1750 2170 appetebant.

928 2176 1198 2210 Dconversationem
1222 2183 1248 2209 in
1270 2182 1349 2211 caelis
1377 2183 1509 2217 agendam
1533 2186 1671 2217 optantes.
1691 2181 1752 2208 ideo

964 2231 1063 2254 cuncta
1089 2235 1138 2255 ceu
1161 2233 1284 2256 stercora
1306 2236 1361 2262 pne
1383 2228 1520 2255 Creatoris
1540 2234 1650 2258 amore.
1676 2226 1752 2261 juxta

965 2278 1113 2309 martyrum
1144 2279 1322 2306 summatem,
1351 2274 1556 2301 arbitrabantur
1582 2273 1602 2300 '.
1629 2273 1675 2300 Sic
1699 2272 1750 2300 sibi

964 2327 1072 2347 crucem
1093 2320 1227 2352 tollentes,
1242 2325 1270 2347 et
1283 2325 1450 2347 armaturam
1469 2320 1529 2347 fidei
1551 2320 1702 2354 capientes,
1720 2323 1748 2345 et

966 2364 1026 2392 fidei
1043 2365 1124 2392 lorica
1144 2365 1249 2397 tnuniti,
1266 2370 1425 2399 sctttmnque
1439 2365 1500 2392 ﬁdei
1514 2364 1687 2399 arripientes,
1701 2372 1749 2398 ga—

965 2409 1032 2436 leam
1049 2417 1156 2444 quoque
1183 2410 1328 2437 salutarem
1356 2410 1408 2437 sibi
1426 2410 1672 2443 circumponentes,
1692 2413 1753 2438 tan.-

966 2461 1046 2487 quam
1059 2462 1092 2481 ex
1106 2455 1160 2481 alto
1175 2454 1247 2481 vires
1267 2454 1460 2489 suseipientes,
1475 2454 1576 2482 Christi
1594 2454 1749 2488 passionem

966 2501 1141 2534 :cmulantcs,
1167 2501 1273 2530 fortiter
1308 2501 1496 2533 decertantes,
1531 2501 1624 2529 invicti
1652 2501 1753 2529 milites

966 2711 1012 2731 rus
1025 2711 1132 2738 quoque
1150 2704 1281 2736 interfuit,
1294 2711 1383 2732 sermo
1398 2705 1621 2733 tlle‘Cunstantiui
1634 2704 1749 2731 citatnr-.

1001 2739 1057 2773 (65)
1081 2740 1175 2766 Parem
1200 2740 1362 2767 sententiam
1385 2741 1418 2767 de
1442 2746 1592 2774 martyrum
1619 2738 1749 2774 reliquiis,

965 2781 1031 2807 quas
1056 2775 1183 2801 Saraceni
1215 2774 1416 2802 Thessalonica:
1444 2773 1632 2805 violai'et'aut,
1657 2773 1752 2807 scribit

965 2806 1090 2836 Nicolaus
1115 2810 1269 2844 patriarcha
1286 2811 1311 2837 iu
1330 2818 1453 2839 sermone
1471 2818 1520 2838 suo
1536 2809 1605 2844 apml
1628 2816 1676 2836 nos
1691 2806 1754 2841 Spi-

964 2844 1010 2870 cil.
1033 2850 1050 2871 t.
1070 2845 1101 2878 Χ,
1120 2845 1196 2872 l’r:I:l'.
1215 2853 1239 2879 p.
1255 2845 1299 2872 27.
