1945 3078
207 123 258 157 471

720 122 750 153 S.
772 122 980 153 NICEPHORI

1049 122 1253 171 TRlARCHg‘]
1273 123 1327 152 (ΖΡ.
1791 123 1845 155 4Ῑ2

211 179 301 213 magni
317 178 388 214 regis
404 182 489 206 settth
502 176 715 205 ostenderuntet
726 176 995 212 athletm-gcnerosis-

1053 185 1098 211 μιν
1113 175 1266 211 δεξάμενοι,
1285 178 1332 203 καὶ
1349 177 1383 203 τὰ
1411 178 1484 213 πάθη
1511 178 1630 214 Χριστοῦ
1656 177 1844 213 ζηλώσαντες,

209 228 281 254 simi.
309 227 354 254 Sic
382 226 514 253 adversus
538 232 661 251 errorem
697 229 798 258 tropaea
829 228 994 255 erexerunt,

210 279 371 306 onutemque
383 271 534 298 machinam
550 270 654 297 inimici
670 273 870 304 expugnarunt,
884 273 997 296 cunctas

211 318 269 352 ejus
292 317 363 343 vires
383 316 574 347 dissolverunt,
597 315 687 342 omnia
711 316 762 342 tela
781 314 900 348 ejusdem
919 315 997 348 ignea

211 362 416 393 exstinxerunt,
437 366 466 389 et
479 362 647 389 dominatum
673 361 759 388 valide
784 361 997 388 destruxerunt:

210 413 321 434 cunctas
347 409 532 434 tninistrorttttt
561 407 660 434 diaboli
686 407 842 434 tttolltiones
862 412 894 432 ac
912 406 999 431 tttittas

211 455 390 487 des-puerum,
424 454 573 487 quamlibet
608 454 729 487 ipsorunt
758 452 891 479 saevitiam
917 456 998 485 atque

213 499 333 524 lrautlem
352 499 489 531 aspernati
505 503 577 529 sunt,
596 497 702 524 fortiter
719 497 887 530 viriliterque
904 496 999 522 admo-

212 544 275 570 dum
291 544 398 570 illorutn
423 544 548 570 artificiis
572 543 748 570 obstiterunt.
767 542 836 569 Vere
852 542 957 568 firmam
973 545 1000 569 et

211 589 404 615 indeclinatam
427 596 489 621 erga
508 589 592 615 Deum
617 588 782 615 voluntatem
809 588 951 621 gerebant,
972 591 1000 613 et

212 634 328 661 inﬂictos
342 634 478 661 cruciatus
494 635 566 660 velut
581 634 608 660 in
624 633 719 661 alienis
733 632 893 667 Corporibus
908 631 999 666 perfe-

213 685 321 711 rentes,
348 687 379 706 ac
408 685 509 706 natura:
538 679 737 713 quodammodo
768 678 862 710 obliti,
892 678 1000 705 labores

212 726 380 757 tolerabant;
394 725 501 759 pietatis
514 725 629 751 stadium
641 729 737 752 contra
746 723 915 759 polytheismi
928 731 1001 750 erro-

213 781 268 799 rem
285 772 470 802 decurrentes,
490 771 514 797 iu
531 771 617 805 ignem
634 770 717 797 veluti
733 777 821 797 rorem
838 769 999 801 insilientes,

212 818 485 844 horrendissimarnm
509 817 628 843 ferarum
653 816 749 843 dentes
765 820 792 842 et
810 815 912 842 rabiem
929 815 999 841 haud

212 869 377 895 metuentes,
406 864 469 889 ferri
498 863 604 896 aciem,
627 866 655 890 et
677 862 838 896 ungularum
863 861 997 892 acumina,

211 910 333 936 carnium
356 910 525 936 concisiones
538 914 586 935 aut
601 908 797 940 lacerationes,
815 907 913 934 animis
928 907 999 934 haud

212 952 399 983 concidebat”,
419 953 541 986 supplicii
565 952 757 979 instrumentis
782 956 878 986 sponte
890 951 999 978 utdeli-

210 997 261 1024 ciis
280 998 470 1030 occurrebant,
494 1002 590 1025 cuncta
615 997 695 1033 124
710 998 886 1030 sustinentes,
909 997 999 1024 omnia

210 1043 374 1076 tolerantes,
398 1051 479 1070 uttutn
517 1048 692 1078 spectantes,
717 1048 799 1078 atque
821 1043 853 1070 ad
876 1043 999 1070 bravium

212 1096 336 1123 supernze
365 1089 515 1116 vocationis
546 1089 727 1122 festinantes,
749 1089 821 1116 haud
850 1088 998 1123 condignas

208 1134 351 1167 passiones
367 1134 447 1168 ltujus
464 1134 592 1169 temporis
607 1135 640 1161 ad
656 1134 774 1161 futuram
792 1141 851 1167 quae
866 1133 997 1161 revelabi-

211 1184 254 1206 tur
268 1179 380 1214 gloriam
395 1180 595 1208 existimantes.
611 1179 664 1207 Sed
678 1180 719 1207 ltis
730 1180 854 1207 onmibus
871 1179 998 1206 resisten-

209 1230 260 1257 tes,
273 1230 300 1252 et
315 1230 402 1252 morte
418 1230 557 1259 superata,
573 1234 622 1260 pro
640 1225 691 1253 ftde
703 1225 874 1260 pugnantes,
901 1229 997 1260 tyran-

209 1278 306 1298 norum
323 1271 405 1298 tninis
432 1271 588 1305 superiores
609 1271 663 1306 yisi
684 1275 763 1303 sunt;
794 1271 857 1305 quia
888 1269 998 1296 nomine

209 1315 316 1342 Domini
335 1315 545 1348 roborabantur,
566 1316 637 1351 quod
652 1323 744 1343 corant
771 1315 897 1350 gentibus
927 1315 997 1349 regi-

208 1361 314 1395 busque
327 1362 483 1395 portabant.

1049 221 1184 254 εὑσθενῶς
1203 223 1413 258 ἀριστεύοντες,
1443 225 1571 259 ἀήττητοι
1600 224 1766 259 στρατιῶται
1794 225 1843 251 τοῦ

1051 267 1171 302 μεγάλου
1195 268 1328 302 βασιλέως
1352 270 1548 305 ἀνεδείχθησαν
1559 291 1566 303 ,
1582 270 1629 296 καὶ
1646 270 1763 298 ἀθληταὶ
1778 279 1845 304 γεν-

1049 313 1185 339 ναιότατοι
1198 322 1204 328 ⁸
1222 313 1293 340 οὕτω
1304 314 1375 341 κατὰ
1387 315 1436 350 τῆς
1450 315 1556 350 πλάνης
1571 315 1690 349 ἔστησαν
1707 316 1843 350 τρόπαια,

1050 358 1095 384 καὶ
1109 359 1198 384 πᾶσαν
1226 359 1275 394 μὲν
1298 360 1424 395 μηχανὴν
1452 360 1498 386 τοῦ
1521 360 1619 395 ἐχθροῦ
1642 360 1843 395 ἐξεπόρθησαν,

1050 404 1140 430 πᾶσαν
1157 404 1184 430 δὲ
1199 404 1281 431 αὐτοῦ
1297 405 1346 440 τὴν
1359 405 1476 440 δύναμιν
1497 406 1730 438 καταλελύκεσαν,
1750 406 1844 432 πάντα

1049 449 1084 475 τὰ
1111 449 1297 484 πεπυρωμένα
1317 449 1381 484 βέλη
1413 450 1498 477 αὑτοῦ
1530 449 1713 483 κατέσΰεσαν,
1738 451 1788 476 καὶ
1813 452 1844 477 τὸ

1050 494 1151 528 κράτος
1165 494 1287 520 καθεῖλον
1305 495 1438 527 νεανικῶς
1448 503 1454 510 ·
1481 495 1571 527 πάσας
1584 496 1612 521 δέ
1623 495 1678 521 τῶν
1694 496 1845 530 ὑπηρετῶν

1049 538 1096 565 τοῦ
1115 539 1234 573 πονηροῦ
1249 540 1297 571 τὰς
1320 541 1444 572 ἐπινοίας
1460 541 1508 567 καὶ
1529 541 1647 572 ἀπειλὰς
1671 540 1823 567 διέπτυσαν
1835 548 1842 555 ·

1051 585 1141 619 πάσης
1156 585 1246 611 αὐτῶν
1268 585 1412 621 ὠμότητός
1430 595 1459 612 τε
1475 586 1523 612 καὶ
1546 586 1681 622 ἐπηρείας
1704 587 1844 620 κατεφρό-

1051 639 1145 666 νησαν,
1163 631 1295 664 γενναίως
1310 633 1357 658 καὶ
1371 633 1507 667 ἀνδρικῶς
1522 632 1592 666 ἄγαν
1607 633 1674 668 πρὸς
1686 633 1777 663 πάσας
1792 633 1843 664 τὰς

1052 676 1192 711 μεθοδείας
1216 676 1308 703 αὐτῶν
1330 677 1609 713 ἀντικαθιστάμενοι·
1635 678 1742 713 ἑδραῖον
1767 676 1843 713 εἶχον

1050 723 1134 754 ὅντως
1150 723 1218 758 πρὸς
1232 723 1298 750 Θεὸν
1324 725 1370 751 καὶ
1389 725 1500 761 ἀκλιγές
1515 726 1545 751 τὸ
1560 726 1699 761 φρόνημα,
1726 726 1774 751 καὶ
1792 726 1843 756 τὰς

1050 769 1224 804 ἐπαγομένας
1242 770 1336 801 αἰκίας
1350 770 1387 802 ὡς
1395 771 1439 797 ἐπ’
1453 771 1607 807 ἀλλοτρίοις
1618 773 1726 806 σώμασι
1741 771 1845 804 διαγω-

1053 815 1196 849 νιζόμενοι,
1212 815 1259 841 καὶ
1271 815 1367 851 ὥσπερ
1379 816 1430 851 τῆς
1446 816 1552 851 φύσεως
1568 817 1762 850 ἐκλαθόμενοι,
1777 816 1844 847 τοὺς

1016 850 1037 876 Β
1053 860 1148 891 πόνους
1162 860 1309 895 διήνεγκαν
1323 869 1329 875 ·
1345 862 1376 888 τὸ
1404 862 1511 888 στάδιον
1537 863 1587 897 τῆς
1607 862 1749 893 εὐσεϐείας
1770 862 1844 888 κατὰ

1047 906 1096 941 τῆς
1111 906 1241 932 πολυθέου
1255 906 1359 942 πλάνης
1371 907 1541 940 ἐξανὺοντες,
1555 908 1623 943 πρὸς
1635 908 1665 934 τὸ
1678 908 1733 943 πῦρ
1747 907 1843 942 ὥσπερ

1047 952 1088 983 εἰς
1103 951 1198 987 δρόσον
1214 953 1401 988 ἐναλλόμενοι,
1418 953 1510 988 θηρῶν
1528 954 1728 989 φοϐερωτάτων
1752 953 1842 989 μύλας

1048 998 1095 1024 καὶ
1112 996 1215 1032 θυμοὺς
1230 998 1260 1024 οὺ
1273 998 1470 1033 δειμαίνοντες,
1486 999 1577 1034 ἀκμὴν
1592 1000 1701 1033 σιδήρου
1717 1000 1763 1025 καὶ
1779 998 1842 1025 ὀνύ-

1049 1050 1103 1077 χων
1127 1042 1272 1077 ὀξύτητας,
1289 1044 1399 1078 σαρκῶν
1422 1045 1598 1079 τεμνομένων
1628 1045 1675 1071 καὶ
1701 1045 1840 1079 ξεομένων

1051 1087 1241 1122 ὴφειδηκότες,
1260 1088 1311 1114 οὐκ
1328 1089 1508 1123 ἐτεθήπεσαν,
1522 1090 1567 1115 ἐπὶ
1581 1089 1615 1115 τὰ
1627 1089 1731 1124 ὄργανα
1750 1089 1778 1115 δὲ
1792 1090 1842 1124 τῆς

1051 1133 1187 1168 τιμωρίας
1229 1133 1388 1169 αὐθαίρετοι
1420 1133 1515 1170 ὥσπερ
1554 1135 1601 1161 ἐπὶ
1629 1134 1734 1169 τρυφὴν
1748 1137 1840 1171 ᾔεσαν,

1053 1179 1141 1204 πάντα
1157 1179 1309 1212 στέγοντες,
1327 1180 1415 1206 πάντα
1428 1180 1568 1215 φέροντες,
1585 1180 1652 1215 πρὸς
1679 1180 1709 1205 ἓν
1723 1180 1842 1206 ἀποσκο-

1052 1221 1176 1253 ποῦντες,
1210 1223 1257 1248 καὶ
1285 1223 1354 1258 πρὸς
1377 1224 1407 1250 τὸ
1425 1223 1554 1258 βραόεῖον
1565 1225 1614 1259 τῆς
1641 1224 1697 1251 ἄνω
1718 1224 1841 1259 κλήσεως

1051 1267 1237 1302 ἐπειγόμενοι,
1255 1269 1305 1295 οὑκ
1322 1269 1385 1301 ἀξια
1405 1270 1439 1296 τά
1461 1270 1611 1305 παθήματα
1628 1270 1675 1297 τοῦ
1702 1270 1838 1306 παρόντος

1052 1314 1148 1349 καιροῦ
1166 1315 1234 1350 πρὸς
1261 1315 1310 1351 τὴν
1333 1316 1483 1351 μέλλουσαν
1499 1316 1742 1343 ἀποκαλύπτεσθαι
1762 1315 1841 1348 δόξαν

1050 1359 1197 1394 ἡγούμενοι
1207 1368 1213 1374 ·
1227 1360 1296 1387 ἁ).λά
1310 1360 1414 1388 τούτων
1426 1362 1555 1388 ἁπάντων
1567 1362 1841 1396 κατατολμήσαντες,

209 1407 258 1437 καὶ
267 1406 384 1434 θανάτου
397 1407 538 1443 κρείττους
550 1407 704 1442 γενόμενοι,
719 1406 938 1443 ὑπεραθλοῦντες
951 1406 1000 1440 τῆς
1019 1405 1150 1437 πίστεως,
1165 1404 1220 1431 τῶν
1237 1406 1356 1432 ἀπειλῶν
1387 1407 1441 1433 τῶν
1466 1408 1605 1442 τυράννων
1639 1407 1841 1443 καθυπέρτεροι

208 1453 340 1489 ὤφθησαν
351 1463 357 1469 ·
367 1455 429 1480 ἐπεὶ
444 1455 473 1481 ἐν
482 1455 520 1489 τῷ
532 1454 579 1481 τοῦ
594 1454 662 1481 Θεοῦ
675 1454 786 1489 ὀνόματι
801 1452 993 1488 ἐκρατύνοντο,

244 1542 284 1569 [ta
303 1542 439 1569 cruciatus
460 1541 569 1569 fortiter
595 1542 754 1573 tolerantes,
780 1541 898 1575 majores
924 1540 997 1566 vires

209 1587 368 1620 sumebant;
389 1587 423 1614 ita
449 1588 682 1622 persecutionibus
699 1595 730 1614 ac
747 1587 874 1621 periculis
903 1593 998 1613 corro-

209 1633 385 1659 borabantur.
414 1632 482 1660 llinc
508 1633 701 1660 tentationibus
721 1640 753 1659 ac
774 1631 996 1659 tribulationibus

209 1679 293 1712 magis
326 1678 469 1712 vigebant,
506 1679 660 1707 nullatenus
693 1678 774 1706 minis
802 1677 997 1710 intetttatisqne

208 1724 359 1752 terroribtts
373 1724 531 1756 terrcfacti;
547 1730 752 1759 persccutorum
771 1723 873 1750 rabient
889 1721 997 1757 egregie

208 1770 397 1802 retuuilebant,
414 1770 501 1804 capita
519 1770 664 1804 itupiorunt
686 1769 875 1799 concidebant,
898 1775 995 1802 super-

206 1814 299 1841 cilium
323 1815 464 1841 atheorunt
491 1815 688 1849 depritnebant,
716 1814 923 1841 furibundorum
938 1817 996 1839 tor-

207 1865 295 1885 nteuta
321 1867 368 1886 ceu
395 1861 538 1887 thesauros
560 1860 693 1894 pretiosos
714 1859 905 1890 admittentes,
928 1857 995 1885 deli-

205 1905 310 1930 ciarnm
338 1905 428 1938 potitts
461 1912 542 1939 quam
574 1912 661 1939 ptenre
694 1904 754 1931 loco
780 1904 922 1931 habentes.
950 1902 996 1929 Sic

204 1951 306 1977 erroris
336 1950 518 1978 destruclores
553 1956 713 1982 evaserunt,
746 1954 944 1984 angustamque
969 1952 996 1975 et

206 1997 347 2023 molestam
379 1997 449 2031 viam
481 2001 614 2028 terentes,
641 1996 807 2023 multitudini
843 1995 943 2021 inviam
969 1999 997 2021 et

205 2043 351 2073 desertam,
369 2043 402 2069 ad
419 2042 564 2076 spatiosam
582 2049 613 2068 ac
630 2040 827 2072 beatissimam,
848 2047 909 2074 quae
928 2039 995 2074 ipsis

204 2093 265 2116 erat
293 2088 448 2122 assignata,
483 2087 586 2121 requiei
621 2088 713 2114 sedem
742 2091 936 2121 pervenerunt.
961 2085 993 2112 Hi

205 2134 345 2162 victoriosi
366 2139 510 2168 martyres,
526 2133 551 2160 in
564 2133 733 2159 cruciatuum
750 2131 860 2159 camino
875 2130 992 2162 excocti,

1014 1451 1082 1485 ὅπερ
1096 1449 1212 1477 ἐνώπιον
1233 1451 1319 1478 ἐθνῶν
1337 1453 1385 1479 καὶ
1401 1453 1534 1488 βασιλέων
1548 1453 1715 1480 ἐϐάστασαν.

1086 1542 1164 1568 Οὕτω
1176 1544 1235 1574 ταῖς
1251 1543 1380 1577 βασάνοις
1393 1544 1635 1579 ἐγκαρτεροῦντες,
1647 1544 1694 1570 ἐπὶ
1703 1544 1734 1570 τὸ
1745 1545 1840 1580 ῥωμα-

1050 1587 1450 1624 λεώτερον·μετερῤυθμίζοντο
1464 1600 1471 1606 ·
1492 1590 1564 1617 οὕτω
1575 1591 1632 1621 τοῖς
1645 1590 1777 1625 διωγμοῖς
1792 1592 1840 1618 καὶ

1048 1633 1182 1664 κινδύνοις
1201 1634 1370 1669 ἐρρώννυντο
1384 1644 1391 1650 '
1416 1635 1542 1662 ἐντεῦθεν
1560 1634 1772 1670 ἐνεδυναμοῦντο
1783 1637 1841 1668 τοῖς

1048 1681 1212 1714 πειρασμοῖς
1235 1681 1281 1706 καὶ
1294 1682 1354 1712 ταῖς
1373 1680 1506 1716 θλίψεσιν,
1523 1681 1600 1708 οὐδὲν
1627 1680 1681 1707 τῶν
1708 1681 1839 1707 ἀπειλου-

1050 1725 1137 1760 μένων
1152 1726 1168 1761 ἢ
1185 1727 1404 1762 προσαγομένων
1427 1727 1522 1754 δεινῶν
1540 1727 1745 1762 κατεπτηχότες
1760 1734 1768 1742 ο
1793 1727 1839 1759 ἑξ-

1048 1772 1167 1807 ήλεγξαν
1180 1774 1229 1808 τὴν
1240 1774 1294 1800 τῶν
1303 1775 1455 1801 διωκόντων
1472 1775 1570 1810 μανίαν
1583 1774 1780 1810 εὐτολμότατα,
1792 1775 1840 1801 καὶ

1049 1819 1173 1852 κεφαλὰς
1187 1820 1296 1855 ἀνόμων
1307 1820 1444 1855 διέκοψαν,
1455 1822 1503 1847 καὶ
1515 1822 1564 1858 τὴν
1579 1821 1665 1856 όφρὺν
1677 1821 1731 1847 τῶν
1749 1820 1839 1847 ἀθέων

1048 1864 1234 1897 κατέσπασαν,
1248 1865 1311 1896 τοὺς
1323 1865 1376 1892 τῶν
1385 1865 1526 1901 δυσμενῶν
1535 1867 1681 1900 αἰκισμοὺς
1687 1865 1724 1897 ὡς
1740 1865 1840 1899 θησαυ-

1050 1910 1112 1945 ροὺς
1123 1910 1288 1945 πολυτίμους
1298 1911 1449 1946 δεχόμενοι,
1468 1912 1574 1947 τρυφὴν
1586 1911 1709 1947 μᾶλλονῆ
1724 1910 1837 1937 κόλασιν

1047 1956 1159 1987 τούτους
1165 1956 1344 1991 λογιζόμενοι.
1357 1957 1436 1984 Οὕτω
1443 1958 1491 1993 τῆς
1500 1958 1604 1993 πλάνης
1615 1957 1777 1993 καθαιρέται
1791 1965 1839 1991 γε·

1047 2000 1153 2035 γόνασι,
1169 2002 1215 2027 καὶ
1225 2000 1274 2036 τὴν
1289 2002 1385 2037 στενὴν
1405 2003 1453 2028 καὶ
1467 2002 1651 2037 τεθλιμμένην
1665 2001 1757 2037 τρίϐον
1772 2001 1837 2028 ἐλά-

1048 2054 1155 2078 σαντες,
1170 2046 1220 2082 τὴν
1232 2047 1339 2079 πολλοῖς
1354 2048 1453 2083 ἀστιϐῆ
1465 2050 1512 2075 καὶ
1523 2048 1687 2082 ἀνέμῦατον,
1701 2047 1770 2082 πρὸς
1786 2047 1838 2082 τὴν

1047 2091 1202 2126 εὐρύχωρον
1211 2093 1256 2119 καὶ
1266 2093 1424 2126 πανολὸίαν,
1434 2094 1450 2128 ἧ
1459 2094 1549 2124 αὐτοῖς
1557 2092 1780 2128 ἀπεκεκλήρωτο,
1789 2101 1838 2119 κα-

1047 2137 1174 2165 ταλύουσι
1182 2138 1268 2173 λῆξιν.
1279 2136 1358 2166 Οὗτοι
1366 2141 1390 2166 ol
1400 2140 1549 2167 καλλίνικοι
1558 2140 1696 2174 μάρτυρες
1703 2140 1731 2165 ἐν
1739 2139 1772 2174 τῇ
1781 2139 1837 2165 τῶν

205 2186 286 2216 atque
304 2185 333 2207 ut
345 2188 440 2207 aurum
455 2181 596 2214 probatum
612 2178 743 2213 comperti
754 2186 786 2205 ac
801 2176 993 2212 splendificati,

1048 2182 1172 2217 βασάνων
1184 2184 1356 2218 πυρωθέντες
1369 2185 1487 2219 καμίνῳ,
1498 2185 1544 2211 καὶ
1555 2184 1591 2215 ὡς
1601 2184 1712 2219 χρυσίον
1722 2183 1837 2218 δόκιμον

204 2227 261 2254 sole
279 2231 342 2254 sunt
366 2226 507 2257 clariores,
523 2231 549 2253 et
564 2226 665 2259 sidera_
681 2225 783 2259 fulgore
800 2228 942 2258 superant.
961 2223 994 2250 Hi

204 2274 238 2301 ob
263 2272 364 2300 Christi
390 2271 590 2299 confessionem
618 2271 811 2302 consummati,
849 2268 994 2296 rationales

203 2320 393 2354 perfectasque
411 2318 536 2344 victimas
556 2317 579 2343 ei
595 2321 681 2343 semet
699 2317 883 2350 pra-buerunt,
904 2319 931 2341 et
947 2321 993 2340 sa-

203 2365 335 2392 crificium
360 2364 414 2390 Deo
440 2362 624 2397 gratissimum
651 2369 683 2388 ac
701 2361 940 2394 jucundissimum.
966 2362 994 2385 et

202 2409 398 2444 act-optabilem
420 2407 619 2442 perlitatiouem
638 2408 760 2441 beneque
775 2406 892 2433 olentem
908 2404 993 2432 odore

202 2455 325 2489 spirittts,
343 2454 370 2483 in
386 2453 571 2480 holocaustum
589 2453 757 2479 obtulerunt.
776 2451 878 2478 Horum
896 2449 994 2477 alacri~

202 2506 257 2529 tate
278 2502 327 2535 ipsi
344 2499 429 2535 angeli
443 2499 653 2534 obstupuerunt;
670 2500 765 2526 horum
785 2497 935 2525 certatttina
948 2504 993 2523 su-

202 2547 402 2581 pertttltttdtates
418 2547 534 2574 virtutes
557 2548 698 2573 admirata:
714 2551 888 2579 summopere
910 2548 991 2576 sunt;

202 2593 264 2626 quia
281 2592 387 2619 tttortali
407 2592 432 2618 in
450 2599 564 2626 corpore
587 2591 737 2618 invisibiles
763 2591 855 2617 hostes
871 2589 992 2616 debella-

203 2644 276 2670 runt,
294 2644 321 2665 ct
338 2640 371 2665 de
396 2639 559 2666 atIVt-rsartis
580 2638 637 2664 suis
661 2637 802 2663 victoriam
828 2635 989 2668 retulerunt,

203 2685 384 2712 invisibilibtts
405 2685 556 2719 proﬂigatis
580 2684 750 2718 agminibus,
773 2689 871 2717 tropma
901 2683 991 2717 splen-

201 2732 262 2758 dida
286 2737 379 2759 cotttra
417 2735 598 2765 repugnantes
630 2734 795 2756 statuerunt.
821 2728 868 2756 llis
892 2728 991 2763 gaudet

202 2778 273 2806 Deus
286 2784 313 2806 et
327 2779 509 2813 glorificatur;
531 2777 616 2812 angeli
635 2784 742 2811 quoque
758 2776 784 2802 in
801 2775 877 2803 ccelis
891 2780 987 2809 gratu-

202 2825 288 2852 lantur
319 2832 426 2859 unaque
450 2823 595 2856 ltclantur;
616 2828 711 2850 contra
729 2823 851 2851 diabolus
868 2830 918 2850 nec
937 2830 988 2850 non

1045 2229 1205 2264 εὑρεθέντες
1220 2230 1267 2256 καὶ
1278 2229 1512 2264 λαμπρυνθέντες,
1534 2230 1605 2265 ὑπὲρ
1618 2230 1694 2264 ἥλιον
1709 2229 1836 2264 λάμπου-

1046 2282 1098 2305 σιν,
1115 2275 1184 2310 ὑπὲρ
1197 2275 1316 2310 ἀστέρας
1333 2275 1501 2309 αὖγάζουσιν
1513 2284 1520 2291 ⁸
1538 2273 1612 2303 οὗτοι
1629 2277 1661 2311 τῇ
1674 2275 1744 2302 κατά
1762 2275 1835 2309 Χρι-

1046 2320 1108 2346 στὸν
1139 2321 1271 2356 ὁμολογία
1301 2321 1493 2356 τελειούμενοι,
1525 2322 1634 2357 θύματα
1660 2321 1758 2354 λογικά
1786 2321 1837 2347 καὶ

1044 2366 1134 2393 τέλεια
1145 2366 1218 2401 αὺτῷ
1231 2366 1433 2402 ἀνεδείχθησαν,
1449 2368 1495 2393 καὶ
1511 2368 1591 2394 θυσία
1604 2365 1644 2401 τῷ
1659 2367 1718 2395 Θεῶ
1744 2366 1837 2400 φιλαι-

1044 2412 1113 2446 τάτη
1137 2412 1184 2437 καὶ
1203 2411 1371 2446 εὐάρεστος,
1400 2412 1447 2438 καὶ
1475 2412 1570 2438 δεκτὸν
1596 2412 1768 2446 καλλιέρημα
1788 2409 1837 2436 εὕ-

1044 2457 1159 2490 ωδιάζον
1171 2458 1221 2493 τὴν
1231 2457 1319 2492 ὀσμὴν
1337 2457 1384 2484 τοῦ
1403 2458 1570 2492 πνεύματος.
1587 2459 1627 2489 είς
1639 2457 1833 2492 ὀλοκάρπωσιν

1045 2504 1270 2539 προσηνέχθησαν
1285 2513 1290 2518 -
1322 2503 1425 2530 τούτων
1445 2505 1494 2539 τὴν
1511 2504 1670 2539 παρρησίαν
1684 2503 1731 2530 καὶ
1750 2502 1822 2536 ἄγγει

1044 2550 1084 2576 λοι
1099 2549 1313 2584 κατεπλάγησαν
1327 2557 1333 2563 '
1350 2549 1453 2575 τούτων
1474 2550 1536 2580 τοὺς
1551 2549 1651 2580 ἄθλους
1664 2548 1692 2575 αἱ
1714 2549 1835 2582 ὑπερχό-

1044 2604 1119 2630 σμιοι
1135 2594 1265 2631 δυνάμεις
1289 2594 1525 2629 ὑπερηγάσθησαν
1539 2604 1545 2610 ·
1564 2595 1605 2621 ὅτι
1619 2602 1652 2628 γε
1669 2595 1698 2620 ἐν
1722 2593 1833 2628 σώματι

1044 2640 1134 2675 θνητῷ
1148 2641 1210 2671 τοὺς
1229 2640 1364 2674 ἀοράτους
1378 2640 1522 2674 δυσμενεῖς
1551 2640 1742 2675 ἐτροπώσαντο
1754 2659 1761 2670 ,
1786 2639 1834 2664 καὶ

1043 2686 1092 2721 τὴν
1105 2686 1166 2712 κατ’
1178 2685 1283 2720 ἐχθρῶν
1298 2685 1376 2718 νίκην
1387 2685 1501 2720 ἤραντο,
1514 2686 1564 2717 τὰς
1578 2685 1748 2720 παρατάξεις
1765 2683 1834 2710 καθ-

1043 2733 1149 2763 ελόντες
1177 2732 1226 2763 τὰς
1247 2732 1390 2767 ἀοράτους,
1409 2732 1455 2758 καὶ
1479 2733 1598 2767 τρόπαια
1625 2731 1739 2766 λαμπρά
1761 2730 1834 2757 κατὰ

1042 2779 1096 2805 τῶν
1116 2778 1272 2805 ἀντιπάλων
1298 2778 1479 2813 στησάμενοι·
1498 2779 1527 2804 ἑν
1552 2778 1659 2809 τούτοις
1685 2777 1751 2808 θεὸς
1783 2776 1833 2811 μὲν

1043 2825 1217 2861 εὐφραίνεται
1234 2824 1281 2852 καὶ
1306 2823 1458 2858 δοξάζεται,
1475 2824 1587 2860 ἄγγελοι
1608 2825 1635 2851 δὲ
1655 2825 1682 2850 ὲν
1705 2824 1833 2858 οὐρανοῖς
