1945 3078
209 128 212 129 ⁷
244 119 299 153 475

757 124 787 155 S.
809 126 1018 156 NICEPHORI
1036 125 1287 157 PATRIARCIUE
1306 125 1359 155 (ΖΡ.

1822 123 1869 155 476

247 174 377 214 pientiutu
398 174 447 202 visi
470 179 532 202 sunt
558 175 637 207 tttori,
655 180 682 203 et
697 181 819 210 rcputata
837 183 878 205 est
890 178 1025 206 calamilat

1084 178 1187 214 γαροῦν
1203 177 1306 204 αἰτῶν
1320 177 1414 211 ἁγίων
1435 176 1531 211 ψυχαί
1559 177 1595 202 ἐν
1613 177 1688 210 χειρὶ
1709 178 1785 205 Θεοῦ
1802 179 1868 210 εἰσι,

247 222 336 247 exitus
361 221 481 254 illorum;
497 225 524 248 et
540 229 554 247 a
573 222 650 248 nobis
666 221 813 256 discessus,
831 224 978 258 contritio;
994 225 1031 252 illi

248 266 422 293 nihilominus
447 271 510 293 sunt
526 267 552 293 in
570 275 645 300 pace.
672 267 729 295 Non
748 268 820 295 enim
837 270 935 296 morlui
959 275 1030 303 stitit,

245 312 292 338 sed
312 312 412 343 vivunt,
429 316 456 338 et
472 319 584 339 somnus
602 313 692 346 potius
707 321 789 348 quam
807 322 881 342 mors
893 321 944 348 est,
959 323 1032 344 mors

247 357 353 384 illorum
370 357 508 392 pretiosa;
527 359 597 385 haud
616 364 686 386 terra
706 360 813 393 infossi,
830 362 875 389 sed
894 362 920 389 in
933 363 1030 390 cmlum

245 401 334 428 volatu
349 402 411 429 elati
427 402 494 437 (64).
514 403 621 430 Etenim
640 412 674 431 ex
689 405 858 439 corruptibili
875 406 1032 441 caducaque

245 446 298 473 vita
311 447 446 480 translati,
460 448 485 474 in
496 448 578 475 aliam
591 450 756 477 transierunt
773 451 921 478 senectutis
934 459 1031 486 exper-

244 497 296 518 tetn
321 497 348 520 et
370 494 572 525 sempiternam.
606 495 786 528 Quamobrem
813 497 839 523 in
865 497 1030 532 quotidianis

244 537 358 565 canticis
382 540 494 571 nostris,
520 539 593 567 circa
622 540 687 567 illud
713 541 906 568 acroteleution
931 542 1030 569 cantici

244 582 313 616 quod
328 583 428 617 hymno
441 585 602 618 succinitur,
617 593 766 620 congruum
780 586 843 620 quid
861 586 1030 614 modulantes

243 635 293 654 ceu
310 629 344 655 ad
360 629 479 656 viventes
494 630 519 656 in
533 629 587 657 Deo
604 636 715 658 sanctos
731 639 738 657 :
752 630 1030 666 Benedicite,spiritus

243 677 265 698 et
283 674 379 700 anima’
389 674 535 708 justorum,
549 674 674 707 Domino,
689 676 812 708 dicimus,
827 681 854 703 et
868 684 926 711 qua:
939 677 973 704 ibi
986 686 1029 705 se-

243 723 373 752 quuntur.
388 720 468 753 Atqui
484 720 520 746 illi
534 721 670 748 canticum
686 720 791 748 Domini
810 722 881 749 haud
900 728 1030 750 canerent

244 763 270 789 in
288 767 359 791 terra
380 764 479 798 aliena,
497 763 524 792 et
538 772 552 792 a
569 770 662 793 nostro
680 773 759 793 sacro
776 767 859 794 choro
874 767 1029 802 longissime

242 808 387 841 absentes,
415 811 437 837 si
463 815 537 837 certe
568 812 653 838 sancti
688 813 721 839 ab
750 813 789 840 eis
820 813 918 840 utortui
951 820 1029 848 puta-

242 859 344 883 I‘Cllllll'.

1084 224 1130 250 καὶ
1144 223 1175 249 οὐ
1192 223 1228 258 μή
1246 231 1311 249 ποτε
1323 222 1415 248 αὐτῶν
1434 221 1538 256 ἅψηται
1562 221 1693 256 βάσανος,
1714 223 1766 249 κᾶν
1779 223 1870 256 εδοξαν

1083 270 1112 296 ὲν
1126 268 1276 303 ὀφθαλμοῖς
1291 268 1407 294 τουτωνὶ
1422 267 1476 294 τῶν
1499 268 1628 302 ἀφρόνων
1653 268 1795 301 τεθνάναι,
1826 271 1870 296 καὶ

1083 314 1210 349 ἐλογίσθη
1224 314 1349 344 κάκωσις
1365 314 1381 348 ἡ
1400 313 1490 345 ἔξοδος
1505 313 1608 344 αὐτῶν,
1624 314 1671 339 καὶ
1690 314 1706 349 ἡ
1728 314 1776 348 ἀφ’
1793 314 1869 349 ἡμῶν

1083 359 1180 395 πορεία
1190 359 1357 394 σύντριμμα·
1368 359 1394 384 ot
1404 359 1433 384 δέ
1446 359 1516 385 εἰσιν
1527 359 1556 385 ὲν
1564 359 1672 394 είρήνῃ·
1685 359 1715 385 ού
1725 360 1870 402 τεθνῄκασι

1082 404 1147 440 γὰρ,
1160 404 1229 432 ἀλλὰ
1237 405 1314 437 ζῶσι,
1324 405 1372 431 καὶ
1387 405 1470 436 ὕπνος
1482 405 1582 440 μᾶλλον
1591 405 1681 439 τίμιος
1691 405 1707 440 ἢ
1720 405 1845 437 θάνατος,
1857 407 1870 432 ό

1082 451 1198 482 θάνατος
1212 451 1304 477 αὐτῶν
1318 451 1394 477 ἐστιν
1407 459 1413 466 ·
1435 451 1485 477 οὐκ
1502 451 1542 482 είς
1555 451 1608 486 γῆν
1628 451 1792 485 ὑποδύντες,
1815 452 1868 478 ἀλλ’

1082 498 1122 528 εἰς
1138 497 1271 532 οὐρανοὺς
1292 496 1474 528 ἀναπτάντες.
1494 496 1556 523 Τῶν
1577 497 1631 533 γὰρ
1649 497 1780 533 φθαρτῶν
1807 507 1869 533 μετ-

1081 543 1246 573 αναστάντες
1259 542 1306 568 καὶ
1326 542 1480 578 ἐπικήρων,
1507 542 1550 577 ἐφ’
1571 543 1669 578 ἑτέραν
1695 543 1787 579 βιοτὴν
1807 553 1869 579 μετ-

1081 589 1211 622 ετάξαντο
1225 588 1275 624 τὴν
1290 589 1387 624 ἀγήρω
1401 597 1431 615 τε
1457 589 1505 616 καὶ
1527 589 1689 625 μακραίωνα
1701 599 1707 605 -
1732 590 1828 625 διόπερ
1842 591 1869 617 ἐν

1080 636 1135 666 τοῖς
1148 635 1283 670 ὁσημέραι
1300 635 1366 670 παρ’
1382 635 1448 670 ἡμῖν
1468 635 1622 670 ᾀδομένοις,
1653 636 1715 662 κατ’
1735 637 1826 662 ἐκεῖνο
1839 636 1868 671 δὴ

1079 679 1111 706 τὸ
1120 679 1329 714 ἀκικοτελεύτιον
1343 679 1392 706 τοῦ
1414 680 1548 714 ἐφυμνίου
1575 679 1684 715 μέλους,
1707 681 1868 716 ἑναρμόνιόν

1079 733 1105 751 τι
1117 725 1264 760 μέλποντες
1281 722 1326 751 οἶα
1343 724 1411 759 πρὸς
1426 723 1531 755 ζῶντας
1546 725 1574 750 ὲν
1596 724 1657 759 Θεῷ
1675 725 1741 756 τοὺς
1763 725 1866 758 ἁγίους,

1080 770 1250 806 Εὑλογεῖτε,
1261 770 1417 805 πνεύματα
1427 769 1478 796 καί
1489 770 1587 804 ψυχαὶ
1600 770 1733 803 δικαίων,
1749 771 1803 797 τὸν
1812 770 1867 797 Κύ-

1075 824 1158 850 ριον,
1175 816 1302 852 λέγομεν,
1320 816 1369 843 καὶ
1395 815 1429 842 τὰ
1457 816 1566 847 τούτοις
1589 816 1722 851 ἑπόμενα.
1753 817 1867 842 Ἐκεῖνοι

1040 858 1061 885 Β
1076 861 1130 895 γὰρ
1155 862 1205 888 οὒκ
1231 862 1264 889 ἂν
1278 862 1327 896 τὴν
1356 861 1426 897 ᾠδὴν
1446 861 1551 896 Κυρίου
1580 860 1678 896 ᾄσαιεν
1704 862 1742 892 ὡς
1755 862 1802 888 ἐπὶ
1818 861 1866 896 γῆς

241 899 394 935 ἀλλοτρίας,
405 901 451 928 καὶ
466 902 515 936 τῆς
535 902 598 928 καθ’
614 902 688 937 ἡμᾶς
704 903 782 937 ἱερᾶς
800 903 964 939 ὁμηγύρεως
978 904 1015 936 ὡς
1052 907 1223 942 πορρωτάτω
1244 907 1395 942 ἱστάμενοι,
1430 906 1510 941 εἴπερ
1544 906 1636 938 αὐτοῖς
1668 906 1820 938 τεθνεῶτες
1843 907 1864 932 θ’

241 945 313 979 ἅγιοι
328 947 517 982 ἐλογίσθησαν.

277 990 321 1018 52.
340 991 392 1018 Sed
418 993 461 1019 illa
488 994 596 1027 quidem
615 994 704 1028 priora
720 994 838 1021 fuerunt.
859 994 936 1022 Nunc
960 1002 1024 1023 vero

240 1037 268 1064 in
293 1038 350 1065 suis
373 1039 460 1066 sacris
491 1040 653 1075 imaginibus
675 1040 785 1067 easdem
811 1049 879 1075 quas
904 1041 1027 1069 Christus

239 1084 444 1116 persecutiones
461 1085 645 1120 participant,
667 1086 841 1120 ejusdemque
856 1087 1027 1122 passionibus

239 1129 462 1164 conformantur,
480 1133 515 1158 ita
535 1136 563 1158 ut
581 1140 630 1166 pro
646 1132 744 1167 duplici
767 1133 892 1167 passione
906 1138 933 1161 et
954 1133 1024 1168 inju-

239 1175 290 1206 ria,
307 1176 458 1209 duplicibus
468 1177 550 1204 etiam
565 1178 682 1212 praemiis
695 1179 749 1206 sint
760 1179 907 1206 coronandi
922 1188 930 1206 :
945 1180 1026 1207 vicis-

239 1221 344 1256 simque
363 1222 444 1248 simul
459 1222 683 1257 gloriﬁcabuntur
699 1224 834 1256 secundo,
854 1228 910 1251 ttttn
928 1225 954 1251 in
970 1226 1025 1252 vita

239 1267 343 1293 scilicet
362 1272 510 1302 martyres,
532 1273 587 1294 tttm
603 1269 684 1295 etiam
708 1275 842 1304 martyres
856 1269 882 1296 itt
902 1271 1025 1305 imagini-

239 1313 299 1339 bus.
315 1313 461 1347 Propterea
477 1322 526 1341 nos
541 1315 658 1342 scientes
673 1323 721 1343 eos
737 1317 782 1343 Dei
800 1316 950 1344 familiares
964 1325 1025 1345 esse

240 1362 272 1381 ac
296 1357 417 1383 asseclas
434 1358 483 1392 (iis
507 1359 579 1385 enim
600 1359 720 1386 omnium
745 1361 815 1387 Deus
843 1362 911 1388 dixit
931 1370 938 1388 :
963 1362 1024 1389 Jam

239 1407 290 1426 non
303 1401 361 1427 dico
376 1410 419 1428 vos
434 1411 531 1435 servos,
547 1404 591 1430 sed
605 1405 705 1432 antica:
716 1405 726 1420 '
740 1414 746 1439 ;
763 1411 801 1438 et,
815 1406 890 1433 Dedi!
903 1408 939 1434 eis
953 1413 1027 1441 pote-

238 1451 330 1473 slalcm
346 1447 416 1481 ﬁlios
436 1448 484 1475 Dei
504 1450 563 1484 ﬁeri
582 1450 636 1485 l0),
653 1451 820 1479 admiremur
838 1452 943 1480 illorum
962 1461 1024 1489 erga

239 1491 322 1518 Deum
343 1494 504 1521 charitatem
523 1503 555 1523 ac
573 1496 667 1528 ﬁdem,
685 1501 711 1524 et
735 1498 859 1532 supernis
874 1498 1024 1527 honoribus

238 1538 408 1576 cumulemus
427 1550 434 1568 :
460 1541 557 1576 templa
583 1542 688 1569 illortttu
705 1551 851 1578 ornemus,
874 1546 1024 1572 certamina

238 1583 406 1611 celebremus
418 1605 425 1617 .
440 1593 532 1614 sacras
555 1587 683 1622 reliquias
699 1597 876 1622 veneremttr,
898 1595 1025 1625 augustas

239 1629 345 1656 illorum
362 1631 495 1665 imagines
517 1633 590 1660 culttt
607 1642 805 1669 prosequamur
827 1644 834 1662 :
853 1637 1024 1672 quandoqui-

238 1675 298 1702 dem
324 1684 387 1703 vere
403 1678 491 1704 honor
507 1679 633 1713 imaginis
658 1681 690 1707 atl
715 1685 886 1716 prototypum
908 1683 1022 1715 transit;

237 1725 264 1747 et
279 1722 364 1749 honor
389 1723 515 1751 ﬁdelibus
531 1726 671 1753 conservis
687 1726 814 1759 tributus,
832 1727 960 1753 indicium
983 1733 1024 1754 cst

238 1771 336 1795 nostra:
356 1776 420 1802 erga
448 1777 622 1798 communem
642 1771 784 1798 Dominum
814 1772 1023 1804 benevolentim,

238 1818 266 1839 ut
284 1815 359 1841 aiunt
381 1814 509 1842 Ecclesiae
529 1816 664 1851 magistri.
682 1816 749 1844 Hinc
772 1817 850 1844 nobis
867 1817 943 1843 ﬁrma
965 1825 1024 1851 spes

239 1858 368 1893 ﬁdesque,
385 1861 628 1888 sanctiﬁcationetn
645 1862 818 1896 impetrandi,
834 1867 1023 1896 peccatorum-

237 1911 290 1938 que
319 1906 524 1939 remissionem,
559 1914 592 1934 ac
619 1907 804 1934 molestiarum
836 1907 1023 1941 depulsionem

237 1952 424 1979 naneiscendi.
445 1952 514 1979 lline
529 1953 653 1981 videmus
666 1953 762 1986 expelli
777 1954 930 1985 daemones,
951 1961 1024 1980 mor-

237 1997 286 2024 bos
316 1998 419 2032 sanari,
445 1998 617 2026 inﬁrmitates
643 1999 732 2034 fugari
757 1999 878 2026 onmiutn
900 2000 946 2034 qui
963 2007 1024 2026 cttm

237 2043 289 2070 tide
306 2044 455 2075 accedunt,
476 2045 533 2071 sive
551 2045 687 2079 spiritales
706 2045 763 2072 sive
791 2051 955 2079 corporeas,
985 2045 1024 2072 si-

235 2089 344 2122 quidem
363 2090 437 2116 dedit
455 2089 521 2124 ipsis
546 2090 667 2118 omnium
687 2091 842 2117 dominator
863 2095 1022 2124 potestatem

235 2133 358 2161 calcandi
371 2143 452 2170 supra
465 2141 603 2170 serpentes
613 2142 640 2163 et
653 2136 786 2171 scorpios.
799 2141 826 2163 et
836 2144 917 2171 super
927 2143 1022 2163 omnes
1037 2147 1060 2176 υ

235 2179 339 2207 inimici
354 2180 434 2211 vires,
450 2188 500 2207 nec
512 2188 565 2207 non
582 2181 706 2208 morbum
720 2181 871 2215 quemlibet
884 2180 1025 2216 aegritudi-

234 2231 352 2258 nemque
371 2225 483 2252 sanandi
497 2225 528 2252 ¹¹.
545 2225 604 2258 Quo
630 2225 674 2256 ﬁt,
701 2229 742 2256 ut,
765 2226 866 2252 virtute
884 2233 898 2252 a
920 2225 1022 2260 Spiritui

235 2275 356 2304 accepta,
370 2270 510 2297 miraculis
528 2276 609 2306 atque
625 2271 772 2299 virtutibus
784 2272 940 2299 clarescant
954 2271 1022 2306 (65),

234 2317 328 2349 gratim
342 2317 443 2343 fontem
456 2316 482 2342 in
493 2322 578 2343 semet
591 2321 728 2350 gestantes
742 2317 905 2344 sanitatibus
917 2318 1023 2344 abunde

234 2362 267 2389 ad
282 2369 377 2389 omnes
390 2362 594 2389 seaturientem.
613 2361 682 2395 Quid
698 2362 780 2397 igitur
796 2363 829 2389 ad
846 2363 904 2389 hinc
920 2362 1019 2394 dicitis,

234 2415 252 2434 ο
267 2408 347 2443 126
373 2412 531 2435 sanctorum
546 2408 671 2436 inimici?
694 2409 806 2443 Dignine
827 2413 891 2436 sunt
916 2415 1019 2440 necne,

234 2459 345 2487 propter
371 2454 428 2481 haec
453 2454 556 2489 majora
581 2455 655 2481 omni
674 2455 839 2488 cogitatione
862 2460 944 2489 atque
959 2462 1022 2482 ora-

217 2518 220 2534 ι
236 2501 309 2526 tione
324 2500 474 2526 certamina
485 2520 493 2532 ,
509 2508 569 2534 qua:
589 2501 716 2528 humana:
732 2506 835 2528 natura:
852 2501 924 2528 vires
939 2507 1019 2528 exce-

233 2546 298 2572 dere
326 2545 443 2577 scimus.
467 2546 553 2582 digni,
570 2548 692 2582 inquam,
706 2555 739 2574 ne
760 2551 822 2573 sunt
844 2547 970 2573 honorari
993 2551 1020 2573 ct

234 2591 400 2626 gloriﬁcari?
414 2595 564 2627 prtescrtim
581 2594 645 2628 quia
664 2599 691 2621 et
703 2593 737 2620 tle
752 2593 818 2628 ipsis
834 2598 942 2620 exstant
956 2600 1019 2626 pro-

529 2672 551 2688 ¹⁰
565 2672 642 2699 Joan.
657 2679 676 2703 ι,
696 2671 739 2698 12.
779 2671 800 2687 “
819 2670 884 2697 Luc.
896 2671 984 2703 x.19,
1000 2670 1045 2698 ‘20.

268 2671 279 2687 ⁹
290 2671 369 2699 Joan.
384 2681 428 2705 xv,
446 2673 490 2699 15.

268 2740 330 2775 (6-1)-
342 2740 411 2775 Ergo
434 2747 486 2766 non
500 2737 833 2775 exspectatoruniversalis
851 2738 944 2772 iudicii
965 2738 1018 2771 die,

233 2780 264 2802 ut
275 2774 445 2802 recentiores
459 2774 624 2802 schismatici
641 2774 774 2800 dictitant.

271 2810 327 2844 (65)
347 2810 385 2837 En
400 2810 502 2838 Grmcte
520 2817 626 2844 quoque
646 2808 788 2840 I‘th-lvrsizc,
805 2809 964 2842 patriarchte
979 2808 1018 2835 sui

1040 1478 1062 1508 C

1111 993 1160 1029 νβ’.
1184 994 1254 1020 Ἀλλ’
1270 994 1364 1020 ἐκεῖνα
1387 993 1438 1028 μὲν
1461 993 1608 1028 πρότερον.
1631 993 1686 1020 Καὶ
1701 994 1750 1020 νῦν
1775 995 1804 1022 δὲ
1818 994 1873 1023 διὰ”

1077 1041 1160 1076 μέσου
1171 1040 1227 1067 τῶν
1239 1039 1321 1075 ίερῶν
1338 1039 1556 1073 ἁπεικασμάτων
1583 1039 1684 1072 αὐτῶν,
1700 1041 1757 1072 τοῖς
1773 1041 1864 1073 αὐτοῖς

1074 1087 1113 1122 τῷ
1127 1086 1239 1123 Χριστῷ
1254 1086 1475 1122 συμμετέχοντες
1487 1086 1649 1113 κοινωνοῦσι
1664 1087 1798 1122 διωγμοῖς
1814 1090 1861 1116 καὶ

1076 1131 1132 1161 τοῖς
1157 1130 1256 1157 πάθεσι
1284 1129 1540 1166 συμμορφούμενοι,
1559 1130 1597 1162 ὡς
1617 1131 1665 1157 ἐπὶ
1682 1131 1864 1166 διπλοῖςτοῖς

1077 1175 1220 1211 παθήμασι
1247 1176 1299 1202 καὶ
1310 1175 1437 1207 ὀνείδεσι,
1454 1175 1559 1207 διπλοῖς
1578 1176 1626 1202 καὶ
1648 1178 1705 1208 τοῖς
1726 1177 1864 1212 βραϐείοις

1077 1220 1284 1255 στεφθήσονται.
1307 1221 1362 1247 Καὶ
1375 1218 1454 1252 αὖθις
1480 1220 1744 1257 συνδοξασθήσονται
1759 1223 1790 1249 τὸ
1806 1224 1864 1250 δεύ-

1077 1272 1165 1298 τερον,
1181 1265 1227 1290 καὶ
1242 1265 1271 1290 ὲν
1286 1264 1354 1296 ζῶσι
1379 1265 1529 1300 μάρτυρες,
1544 1266 1590 1291 καὶ
1603 1266 1633 1292 ὲν
1658 1266 1746 1294 είκόσι
1760 1268 1863 1303 μάρτυ-

1079 1318 1136 1344 ρες,
1156 1310 1295 1345 τοιγάρτοι
1310 1311 1358 1337 καὶ
1376 1311 1414 1342 ὡς
1432 1311 1551 1343 οἰκείους
1562 1311 1631 1338 Θεοῦ
1653 1313 1701 1339 καὶ
1726 1313 1860 1349 θεράπον-

1076 1363 1126 1387 τας
1141 1355 1242 1387 εἰδότες
1256 1364 1262 1370 ·
1292 1356 1362 1391 πρὸς
1381 1356 1480 1388 αὐτοὺς
1495 1357 1550 1392 γὰρ
1569 1357 1584 1383 ὁ
1599 1357 1654 1383 τῶν
1671 1358 1742 1385 ὅλων
1769 1360 1864 1395 εἴρηκε

1076 1400 1143 1432 Θεός
1155 1408 1162 1414 ³
1177 1400 1281 1428 Οὐκέτι
1297 1401 1374 1436 ὑμᾶς
1386 1401 1468 1429 καλῶ
1482 1401 1626 1435 δούλους,
1642 1403 1723 1430 ἀλλὰ
1743 1405 1862 1438 φίλους.

1079 1446 1143 1478 Καὶ,
1161 1447 1292 1474 Ἔδωκεν
1305 1448 1408 1480 αὐτοῖς
1425 1447 1572 1480 ἐξουσίαν
1583 1448 1674 1474 τέκνα
1692 1449 1767 1476 Θεοῦ
1782 1451 1865 1483 γενέ-

1077 1494 1147 1519 σθαι
1159 1502 1166 1508 ·
1183 1493 1381 1528 ύπεραγάμεθα
1396 1493 1445 1528 μὲν
1469 1493 1519 1527 τῆς
1532 1494 1572 1524 εἰς
1597 1493 1663 1520 Θεὸν
1685 1494 1797 1530 ἀγάπης
1821 1498 1864 1523 καὶ

1075 1537 1193 1569 πίστεως
1213 1538 1321 1569 αὐτοὺς,
1338 1537 1524 1572 στεφανοῦμεν
1548 1538 1576 1564 δὲ
1593 1539 1654 1569 ταῖς
1673 1539 1808 1566 ἀνωτάτω
1822 1550 1862 1567 τι-

1078 1584 1154 1616 μαῖς·
1172 1583 1337 1618 γεραίρομεν
1355 1583 1444 1609 αὐτῶν
1467 1583 1531 1614 τοὺς
1543 1583 1636 1616 ναοὺς,
1660 1584 1788 1618 τιμῶμεν
1801 1586 1865 1618 τοὺς

1075 1628 1182 1660 ἄθλους,
1207 1628 1418 1664 προσκυνοῦμεν
1440 1629 1474 1656 τὰ
1491 1629 1552 1664 ίερὰ
1570 1629 1697 1665 λείψανα,
1718 1639 1865 1668 κατασπα-

1075 1674 1178 1709 ζόμεθα
1194 1674 1283 1701 αὐτῶν
1308 1674 1342 1701 τὰ
1359 1674 1440 1708 τίμια
1464 1675 1644 1710 εῑκονίσματα
1655 1684 1662 1692 ·
1690 1677 1788 1713 ἐπειδὴ
1805 1680 1867 1711 ταῖς

1076 1720 1247 1756 ἀληθείαιςὴ
1269 1720 1318 1756 τῆς
1339 1721 1443 1752 εἰκόνος
1466 1721 1533 1756 τιμὴ
1561 1721 1609 1747 ἐπὶ
1633 1722 1663 1748 τδ
1685 1724 1867 1758 πρωτότυπον

1075 1766 1219 1798 διαϐαίνει,
1235 1767 1283 1793 καὶ
1311 1767 1328 1801 ἡ
1351 1766 1421 1802 πρὸς
1439 1768 1502 1799 τοὺς
1523 1766 1700 1801 εὐγνώμονας
1728 1769 1784 1796 τῶν
1800 1771 1867 1804 δμο-

1075 1811 1175 1838 δούλων
1188 1812 1256 1846 τιμὴ
1273 1812 1412 1844 ἀπόδειξιν
1428 1812 1484 1847 ἔχει
1499 1813 1548 1848 τῆς
1560 1814 1630 1849 πρὸς
1642 1814 1688 1840 τὸν
1713 1815 1804 1841 κοινὸν
1818 1817 1868 1841 Δε-

1077 1858 1178 1892 σπότην
1195 1857 1312 1890 εὐνοίας,
1329 1858 1411 1891 φασὶν
1426 1858 1451 1883 ot
1471 1858 1522 1893 τῆς
1542 1859 1709 1893 Ἐκκλησίας
1731 1860 1867 1888 διδάσκαο

1075 1901 1136 1927 λοι·
1172 1901 1298 1928 ἐντεῦθεν
1336 1903 1402 1937 ἡμῖν
1433 1903 1604 1936 ἁδιστάκτως
1645 1905 1788 1937 ὲλπῐζεται
1819 1908 1868 1932 καὶ

1076 1948 1244 1981 πιστεύεται,
1256 1949 1391 1983 ἁγιασμόν
1402 1957 1431 1975 τε
1443 1949 1648 1984 προσγίνεσθαι,
1660 1952 1707 1978 καὶ
1720 1952 1869 1985 ἁμαρτιῶν

1076 1993 1260 2028 συγχώρησιν,
1280 1995 1326 2021 καὶ
1355 1994 1433 2020 λύσιν
1456 1995 1595 2030 εὑρίσκειν
1617 1996 1673 2022 τῶν
1701 1997 1843 2033 δυσχερῶν
1858 2007 1865 2012 ·

1075 2039 1192 2066 ἐνταῦθα
1214 2039 1326 2074 ὁρῶμεν
1343 2040 1382 2072 ὡς
1410 2040 1540 2075 δαίμονες
1572 2042 1789 2074 ἀπελαύνονται,
1819 2044 1869 2070 καὶ

1075 2086 1147 2112 νόσοι
1161 2086 1370 2121 θεραπεύονται,
1386 2087 1434 2113 καὶ
1450 2086 1540 2113 πάντα
1553 2087 1717 2121 δραπετεύει
1733 2088 1767 2113 τὰ
1792 2088 1869 2122 πάθη

1074 2132 1128 2159 τῶν
1145 2133 1236 2159 πίστει
1257 2132 1435 2168 προσιόντων,
1452 2133 1502 2159 ὅσα
1512 2141 1543 2158 τε
1570 2133 1658 2168 ψυχῆς
1672 2133 1718 2159 καὶ
1744 2133 1796 2159 ὅσα
1813 2133 1869 2159 σὼ-

1075 2186 1161 2212 ματος
1174 2185 1180 2191 ·
1195 2177 1312 2212 ἐπείπερ
1325 2177 1442 2204 δέδωκεν
1458 2177 1551 2209 αὐτοῖς
1564 2177 1578 2203 ὁ
1592 2178 1646 2203 τῶν
1656 2177 1787 2204 ἁπάντων
1798 2186 1870 2204 κατ-

1071 2223 1237 2257 εξουσιάζων
1258 2223 1308 2258 τὴν
1339 2222 1465 2256 ἐξουσίαν
1488 2222 1698 2249 πατεῖνὲπάνω
1712 2222 1802 2256 beat-iv
1820 2224 1870 2248 καὶ

1073 2269 1210 2305 σκορπίων
1225 2269 1272 2295 καὶ
1283 2269 1330 2295 ἐπὶ
1343 2269 1435 2294 πᾶσαν
1446 2268 1496 2303 τὴν
1511 2268 1628 2302 δύναμιν
1640 2267 1687 2294 τοῦ
1696 2267 1807 2302 ἐχθροῦ,
1819 2269 1870 2294 καὶ

1072 2307 1162 2342 πᾶσαν
1170 2316 1247 2342 νόσον
1263 2313 1428 2350 θεραπεύειν
1440 2314 1487 2340 καὶ
1496 2314 1586 2340 πᾶσαν
1599 2313 1748 2348 μαλακίαν.
1759 2314 1806 2340 Διὸ
1816 2314 1869 2348 τὴν

1074 2361 1214 2395 ἐνέργειαν
1228 2360 1357 2391 λαὸόντες
1377 2359 1424 2386 τοῦ
1439 2359 1610 2395 Πνεύματος,
1633 2360 1661 2385 ὲν
1678 2358 1801 2393 θαύμασι
1819 2361 1871 2385 καὶ

1073 2406 1206 2441 δυνάμεσι
1232 2406 1429 2441 διαλάμπουσι,
1446 2405 1496 2440 τὴν
1523 2404 1615 2440 πηγὴν
1642 2406 1671 2432 ἐν
1694 2405 1802 2435 ἑαυτοῖς
1817 2405 1871 2438 τῆς

1075 2453 1185 2488 χάριτος
1220 2452 1350 2487 φέροντες
1384 2451 1538 2487 βλύζουσαν
1573 2451 1640 2478 πᾶσι
1678 2450 1799 2485 δαψιλῶς
1832 2454 1871 2478 τὰ

1075 2499 1188 2533 ἰάματα.
1221 2499 1254 2524 Τί
1275 2496 1321 2525 οὖν
1347 2498 1416 2533 πρὸς
1445 2497 1531 2524 ταῦτά
1544 2505 1625 2532 φατε,
1651 2497 1676 2523 οἱ
1696 2496 1752 2523 τῶν
1779 2497 1871 2530 ἁγίων

1075 2545 1188 2580 ὲχθροίς
1208 2545 1297 2576 "Agim.
1313 2544 1357 2571 διὰ
1367 2544 1478 2575 τούτους
1497 2543 1529 2579 δὴ
1550 2543 1615 2574 τοὺς
1644 2543 1714 2578 ὑπὲρ
1736 2542 1798 2568 νοῦν
1819 2543 1871 2569 καὶ

1074 2592 1152 2626 λόγον
1170 2591 1289 2626 ἀγῶνας,
1307 2592 1354 2618 καὶ
1371 2590 1418 2622 οὒς
1431 2591 1556 2624 κρεῖττον
1572 2589 1588 2625 ἣ
1602 2589 1674 2616 κατὰ
1690 2589 1739 2624 τὴν
1755 2588 1869 2623 ἀνθρω-

1074 2738 1216 2772 Nicephort
1235 2744 1292 2769 ore.
1310 2737 1511 2765 confessionem
1528 2738 1560 2764 de
1577 2736 1714 2764 miraculis
1733 2736 1868 2772 interces-

1074 2770 1150 2799 sione
1167 2777 1339 2806 sanctorum,
1357 2773 1506 2807 prtcscrlim
1525 2772 1559 2800 ob
1575 2772 1714 2800 hominum
1731 2770 1868 2804 salutem,

1074 2808 1174 2842 patrari
1191 2808 1289 2835 solitis.
