  <div class='ocr_page' id='page_1' title='image "/cluster/home/n/w/nwhite01/storage/ocr_20150623/100/njp.32101077772869/258.png"; bbox 0 0 1945 3078; ppageno 0'>
   <div class='ocr_carea' id='block_1_1' title="bbox 85 153 137 186">
    <p class='ocr_par' dir='ltr' id='par_1_1' title="bbox 85 153 137 186">
     <span class='ocr_line' id='line_1_1' title="bbox 85 153 137 186; baseline 0 0"><span class='ocrx_word' id='word_1_1' title='bbox 85 153 137 186; x_wconf 64' lang='lat'><strong>‘77</strong></span> 
     </span>
    </p>
   </div>
   <div class='ocr_carea' id='block_1_2' title="bbox 425 160 1364 211">
    <p class='ocr_par' dir='ltr' id='par_1_2' title="bbox 425 160 1364 211">
     <span class='ocr_line' id='line_1_2' title="bbox 425 160 1364 211; baseline 0.012 -22"><span class='ocrx_word' id='word_1_2' title='bbox 425 160 738 193; x_wconf 72' lang='lat' dir='ltr'><strong>ANTIRRHETICUS</strong></span> <span class='ocrx_word' id='word_1_3' title='bbox 759 165 816 194; x_wconf 90' lang='lat' dir='ltr'><strong>III.</strong></span> <span class='ocrx_word' id='word_1_4' title='bbox 836 166 921 197; x_wconf 81' lang='lat' dir='ltr'><strong>ADV.</strong></span> <span class='ocrx_word' id='word_1_5' title='bbox 935 168 1234 211; x_wconf 50' lang='lat' dir='ltr'><strong>(’JONSTAN’I‘INUM</strong></span> <span class='ocrx_word' id='word_1_6' title='bbox 1258 170 1364 200; x_wconf 75' lang='lat' dir='ltr'>COPR.</span> 
     </span>
    </p>
   </div>
   <div class='ocr_carea' id='block_1_3' title="bbox 1669 170 1721 202">
    <p class='ocr_par' dir='ltr' id='par_1_3' title="bbox 1669 170 1721 202">
     <span class='ocr_line' id='line_1_3' title="bbox 1669 170 1721 202; baseline 0.019 -1"><span class='ocrx_word' id='word_1_7' title='bbox 1669 170 1721 202; x_wconf 73' lang='grc'><strong>478</strong></span> 
     </span>
    </p>
   </div>
   <div class='ocr_carea' id='block_1_4' title="bbox 87 210 886 253">
    <p class='ocr_par' dir='ltr' id='par_1_4' title="bbox 87 210 878 251">
     <span class='ocr_line' id='line_1_4' title="bbox 87 210 878 251; baseline 0.013 -16"><span class='ocrx_word' id='word_1_8' title='bbox 87 210 170 236; x_wconf 76' lang='grc' dir='ltr'>πείαν</span> <span class='ocrx_word' id='word_1_9' title='bbox 190 210 273 244; x_wconf 72' lang='grc' dir='ltr'>φύσιν</span> <span class='ocrx_word' id='word_1_10' title='bbox 297 211 480 248; x_wconf 77' lang='grc' dir='ltr'><strong>γινώσκομεν,</strong></span> <span class='ocrx_word' id='word_1_11' title='bbox 501 216 634 249; x_wconf 75' lang='grc' dir='ltr'>τιμᾶσθαί</span> <span class='ocrx_word' id='word_1_12' title='bbox 654 225 684 243; x_wconf 88' lang='grc' dir='ltr'><strong>τε</strong></span> <span class='ocrx_word' id='word_1_13' title='bbox 703 218 749 243; x_wconf 84' lang='grc' dir='ltr'>καὶ</span> <span class='ocrx_word' id='word_1_14' title='bbox 767 218 878 251; x_wconf 74' lang='grc' dir='ltr'>δοξάζε-</span> 
     </span>
    </p>
   </div>
   <div class='ocr_carea' id='block_1_5' title="bbox 940 210 1723 253">
    <p class='ocr_par' dir='ltr' id='par_1_5' title="bbox 942 223 1723 253">
     <span class='ocr_line' id='line_1_5' title="bbox 942 223 1723 253; baseline 0.004 -5"><span class='ocrx_word' id='word_1_15' title='bbox 942 223 1087 253; x_wconf 74' lang='lat' dir='ltr'><strong>uissioues.</strong></span> <span class='ocrx_word' id='word_1_16' title='bbox 1113 224 1200 251; x_wconf 91' lang='lat' dir='ltr'><strong>multo</strong></span> <span class='ocrx_word' id='word_1_17' title='bbox 1216 229 1278 250; x_wconf 85' lang='lat' dir='ltr'><strong>ante</strong></span> <span class='ocrx_word' id='word_1_18' title='bbox 1300 224 1370 250; x_wconf 85' lang='lat' dir='ltr'><strong>haud</strong></span> <span class='ocrx_word' id='word_1_19' title='bbox 1387 223 1520 250; x_wconf 82' lang='lat' dir='ltr'><strong>fallaciter</strong></span> <span class='ocrx_word' id='word_1_20' title='bbox 1536 224 1614 251; x_wconf 64' lang='lat' dir='ltr'><strong>editae</strong></span> <span class='ocrx_word' id='word_1_21' title='bbox 1630 233 1636 251; x_wconf 90' lang='lat'><strong>:</strong></span> <span class='ocrx_word' id='word_1_22' title='bbox 1658 224 1723 251; x_wconf 81' lang='lat' dir='ltr'><strong>Glo-</strong></span> 
     </span>
    </p>
   </div>
   <div class='ocr_carea' id='block_1_6' title="bbox 87 256 881 299">
    <p class='ocr_par' dir='ltr' id='par_1_6' title="bbox 87 256 881 299">
     <span class='ocr_line' id='line_1_6' title="bbox 87 256 881 299; baseline 0.013 -18"><span class='ocrx_word' id='word_1_23' title='bbox 87 256 169 288; x_wconf 83' lang='grc' dir='ltr'>σθαι,</span> <span class='ocrx_word' id='word_1_24' title='bbox 186 256 224 287; x_wconf 86' lang='grc' dir='ltr'><strong>ὡς</strong></span> <span class='ocrx_word' id='word_1_25' title='bbox 243 256 276 283; x_wconf 80' lang='grc' dir='ltr'>ἂν</span> <span class='ocrx_word' id='word_1_26' title='bbox 289 259 334 284; x_wconf 78' lang='grc' dir='ltr'>καὶ</span> <span class='ocrx_word' id='word_1_27' title='bbox 352 259 380 284; x_wconf 91' lang='grc' dir='ltr'><strong>αί</strong></span> <span class='ocrx_word' id='word_1_28' title='bbox 404 260 469 294; x_wconf 78' lang='grc' dir='ltr'>περὶ</span> <span class='ocrx_word' id='word_1_29' title='bbox 491 261 591 292; x_wconf 67' lang='grc' dir='ltr'>αὐτοὺς</span> <span class='ocrx_word' id='word_1_30' title='bbox 612 263 786 296; x_wconf 76' lang='grc' dir='ltr'><strong>ἐπαγγελίαι,</strong></span> <span class='ocrx_word' id='word_1_31' title='bbox 807 264 881 299; x_wconf 78' lang='grc' dir='ltr'>πόῤ-</span> 
     </span>
    </p>
   </div>
   <div class='ocr_carea' id='block_1_7' title="bbox 88 302 881 342">
    <p class='ocr_par' dir='ltr' id='par_1_7' title="bbox 88 302 881 342">
     <span class='ocr_line' id='line_1_7' title="bbox 88 302 881 342; baseline 0.013 -16"><span class='ocrx_word' id='word_1_32' title='bbox 88 302 178 336; x_wconf 77' lang='grc' dir='ltr'>ρωθεν</span> <span class='ocrx_word' id='word_1_33' title='bbox 197 303 448 338; x_wconf 81' lang='grc' dir='ltr'>προῦποσχεθεῖσαι</span> <span class='ocrx_word' id='word_1_34' title='bbox 472 306 504 331; x_wconf 76' lang='grc' dir='ltr'>τὸ</span> <span class='ocrx_word' id='word_1_35' title='bbox 529 307 644 340; x_wconf 70' lang='grc' dir='ltr'>ἀψευδὲς</span> <span class='ocrx_word' id='word_1_36' title='bbox 674 308 760 342; x_wconf 74' lang='grc' dir='ltr'>ἔχοιεν</span> <span class='ocrx_word' id='word_1_37' title='bbox 775 317 781 324; x_wconf 93' lang='grc'>·</span> <span class='ocrx_word' id='word_1_38' title='bbox 809 309 881 342; x_wconf 86' lang='grc' dir='ltr'><em>Τοὺς</em></span> 
     </span>
    </p>
   </div>
   <div class='ocr_carea' id='block_1_8' title="bbox 87 346 880 390">
    <p class='ocr_par' dir='ltr' id='par_1_8' title="bbox 87 346 880 390">
     <span class='ocr_line' id='line_1_8' title="bbox 87 346 880 390; baseline 0.011 -18"><span class='ocrx_word' id='word_1_39' title='bbox 87 346 312 383; x_wconf 67' lang='grc' dir='ltr'>δοξάζοντιίςμε</span> <span class='ocrx_word' id='word_1_40' title='bbox 322 350 388 384; x_wconf 72' lang='grc' dir='ltr'>γαρ.</span> <span class='ocrx_word' id='word_1_41' title='bbox 406 352 484 385; x_wconf 66' lang='grc' dir='ltr'>φησι,</span> <span class='ocrx_word' id='word_1_42' title='bbox 501 351 632 385; x_wconf 77' lang='grc' dir='ltr'>δοξάσω,</span> <span class='ocrx_word' id='word_1_43' title='bbox 646 354 660 378; x_wconf 85' lang='grc' dir='ltr'><strong>ὁ</strong></span> <span class='ocrx_word' id='word_1_44' title='bbox 675 354 778 389; x_wconf 80' lang='grc' dir='ltr'>ἀληθὴς</span> <span class='ocrx_word' id='word_1_45' title='bbox 792 354 880 390; x_wconf 69' lang='grc' dir='ltr'>ἔφησε</span> 
     </span>
    </p>
   </div>
   <div class='ocr_carea' id='block_1_9' title="bbox 87 393 880 433">
    <p class='ocr_par' dir='ltr' id='par_1_9' title="bbox 87 393 880 433">
     <span class='ocr_line' id='line_1_9' title="bbox 87 393 880 433; baseline 0.011 -16"><span class='ocrx_word' id='word_1_46' title='bbox 87 393 184 426; x_wconf 74' lang='grc' dir='ltr'>λόγος·</span> <span class='ocrx_word' id='word_1_47' title='bbox 202 394 264 420; x_wconf 80' lang='grc' dir='ltr'>τίνα</span> <span class='ocrx_word' id='word_1_48' title='bbox 278 396 400 429; x_wconf 74' lang='grc' dir='ltr'>τρόπονς</span> <span class='ocrx_word' id='word_1_49' title='bbox 421 397 468 423; x_wconf 71' lang='grc' dir='ltr'>καὶ</span> <span class='ocrx_word' id='word_1_50' title='bbox 501 397 535 423; x_wconf 79' lang='grc' dir='ltr'>δι’</span> <span class='ocrx_word' id='word_1_51' title='bbox 564 398 660 433; x_wconf 72' lang='grc' dir='ltr'>ἕτερόν</span> <span class='ocrx_word' id='word_1_52' title='bbox 674 407 718 432; x_wconf 88' lang='grc' dir='ltr'><strong>γε,</strong></span> <span class='ocrx_word' id='word_1_53' title='bbox 736 399 773 431; x_wconf 85' lang='grc' dir='ltr'>ὡς</span> <span class='ocrx_word' id='word_1_54' title='bbox 805 400 880 426; x_wconf 87' lang='grc' dir='ltr'>πλεί-</span> 
     </span>
    </p>
   </div>
   <div class='ocr_carea' id='block_1_10' title="bbox 89 440 881 480">
    <p class='ocr_par' dir='ltr' id='par_1_10' title="bbox 89 440 881 480">
     <span class='ocr_line' id='line_1_10' title="bbox 89 440 881 480; baseline 0.01 -16"><span class='ocrx_word' id='word_1_55' title='bbox 89 447 161 466; x_wconf 83' lang='grc' dir='ltr'>στων</span> <span class='ocrx_word' id='word_1_56' title='bbox 177 440 225 466; x_wconf 78' lang='grc' dir='ltr'>καὶ</span> <span class='ocrx_word' id='word_1_57' title='bbox 249 441 319 474; x_wconf 79' lang='grc' dir='ltr'>ἄγαν</span> <span class='ocrx_word' id='word_1_58' title='bbox 341 441 451 477; x_wconf 73' lang='grc' dir='ltr'>ὑψηλῶν</span> <span class='ocrx_word' id='word_1_59' title='bbox 477 443 523 469; x_wconf 73' lang='grc' dir='ltr'>καὶ</span> <span class='ocrx_word' id='word_1_60' title='bbox 546 444 633 477; x_wconf 78' lang='grc' dir='ltr'>λόγων</span> <span class='ocrx_word' id='word_1_61' title='bbox 660 444 708 471; x_wconf 76' lang='grc' dir='ltr'>καὶ</span> <span class='ocrx_word' id='word_1_62' title='bbox 724 444 824 480; x_wconf 81' lang='grc' dir='ltr'><strong>ἔργων,</strong></span> <span class='ocrx_word' id='word_1_63' title='bbox 850 446 881 472; x_wconf 80' lang='grc' dir='ltr'><strong>τὸ</strong></span> 
     </span>
    </p>
   </div>
   <div class='ocr_carea' id='block_1_11' title="bbox 88 485 882 526">
    <p class='ocr_par' dir='ltr' id='par_1_11' title="bbox 88 485 882 526">
     <span class='ocr_line' id='line_1_11' title="bbox 88 485 882 526; baseline 0.01 -16"><span class='ocrx_word' id='word_1_64' title='bbox 88 485 240 521; x_wconf 78' lang='grc' dir='ltr'>ἀξιόχρεων</span> <span class='ocrx_word' id='word_1_65' title='bbox 256 487 310 513; x_wconf 85' lang='grc' dir='ltr'>τῶν</span> <span class='ocrx_word' id='word_1_66' title='bbox 324 487 443 514; x_wconf 79' lang='grc' dir='ltr'>ἐπαίνων</span> <span class='ocrx_word' id='word_1_67' title='bbox 466 490 513 515; x_wconf 67' lang='grc' dir='ltr'>καὶ</span> <span class='ocrx_word' id='word_1_68' title='bbox 528 490 578 524; x_wconf 78' lang='grc' dir='ltr'>τῆς</span> <span class='ocrx_word' id='word_1_69' title='bbox 593 490 671 524; x_wconf 73' lang='grc' dir='ltr'>δόξης</span> <span class='ocrx_word' id='word_1_70' title='bbox 697 490 789 522; x_wconf 80' lang='grc' dir='ltr'>αὐτοῖς</span> <span class='ocrx_word' id='word_1_71' title='bbox 810 500 882 526; x_wconf 76' lang='grc' dir='ltr'>παρ-</span> 
     </span>
    </p>
   </div>
   <div class='ocr_carea' id='block_1_12' title="bbox 90 531 880 572">
    <p class='ocr_par' dir='ltr' id='par_1_12' title="bbox 90 531 880 572">
     <span class='ocr_line' id='line_1_12' title="bbox 90 531 880 572; baseline 0.009 -16"><span class='ocrx_word' id='word_1_72' title='bbox 90 531 229 558; x_wconf 82' lang='grc' dir='ltr'>ιστὼντων</span> <span class='ocrx_word' id='word_1_73' title='bbox 242 541 249 547; x_wconf 88' lang='grc'><strong>·</strong></span> <span class='ocrx_word' id='word_1_74' title='bbox 267 533 297 559; x_wconf 79' lang='grc' dir='ltr'>οὐ</span> <span class='ocrx_word' id='word_1_75' title='bbox 324 534 379 568; x_wconf 83' lang='grc' dir='ltr'>μὴν</span> <span class='ocrx_word' id='word_1_76' title='bbox 395 531 476 569; x_wconf 83' lang='grc' dir='ltr'>ἧττόν</span> <span class='ocrx_word' id='word_1_77' title='bbox 488 543 531 569; x_wconf 76' lang='grc' dir='ltr'><strong>γε,</strong></span> <span class='ocrx_word' id='word_1_78' title='bbox 547 536 710 562; x_wconf 69' lang='grc' dir='ltr'>καὶτούτων</span> <span class='ocrx_word' id='word_1_79' title='bbox 725 536 757 572; x_wconf 84' lang='grc' dir='ltr'>δὴ</span> <span class='ocrx_word' id='word_1_80' title='bbox 770 536 824 563; x_wconf 84' lang='grc' dir='ltr'>τῶν</span> <span class='ocrx_word' id='word_1_81' title='bbox 842 538 880 563; x_wconf 88' lang='grc' dir='ltr'><strong>ἱε-</strong></span> 
     </span>
    </p>
   </div>
   <div class='ocr_carea' id='block_1_13' title="bbox 91 576 879 614">
    <p class='ocr_par' dir='ltr' id='par_1_13' title="bbox 91 576 879 614">
     <span class='ocr_line' id='line_1_13' title="bbox 91 576 879 614; baseline 0.008 -12"><span class='ocrx_word' id='word_1_82' title='bbox 91 576 231 611; x_wconf 81' lang='grc' dir='ltr'>ροτυπιῶν</span> <span class='ocrx_word' id='word_1_83' title='bbox 245 577 349 609; x_wconf 67' lang='grc' dir='ltr'>ἕνεκεν,</span> <span class='ocrx_word' id='word_1_84' title='bbox 364 579 433 613; x_wconf 82' lang='grc' dir='ltr'>ὅπερ</span> <span class='ocrx_word' id='word_1_85' title='bbox 452 580 518 614; x_wconf 76' lang='grc' dir='ltr'>ἡμῖν</span> <span class='ocrx_word' id='word_1_86' title='bbox 535 580 716 611; x_wconf 76' lang='grc' dir='ltr'><strong>σπουδάζεται</strong></span> <span class='ocrx_word' id='word_1_87' title='bbox 731 583 786 613; x_wconf 85' lang='grc' dir='ltr'>τοῖς</span> <span class='ocrx_word' id='word_1_88' title='bbox 800 583 879 608; x_wconf 76' lang='grc' dir='ltr'>εὐσε-</span> 
     </span>
    </p>
   </div>
   <div class='ocr_carea' id='block_1_14' title="bbox 89 622 881 660">
    <p class='ocr_par' dir='ltr' id='par_1_14' title="bbox 89 622 881 660">
     <span class='ocr_line' id='line_1_14' title="bbox 89 622 881 660; baseline 0.01 -13"><span class='ocrx_word' id='word_1_89' title='bbox 89 622 149 648; x_wconf 77' lang='grc' dir='ltr'>ϐέσι</span> <span class='ocrx_word' id='word_1_90' title='bbox 167 623 216 649; x_wconf 74' lang='grc' dir='ltr'>καὶ</span> <span class='ocrx_word' id='word_1_91' title='bbox 231 623 431 659; x_wconf 81' lang='grc' dir='ltr'>φιλομάρτυσιν</span> <span class='ocrx_word' id='word_1_92' title='bbox 443 633 450 641; x_wconf 87' lang='grc'>·</span> <span class='ocrx_word' id='word_1_93' title='bbox 465 626 584 652; x_wconf 82' lang='grc' dir='ltr'>αἰδεῖσθε</span> <span class='ocrx_word' id='word_1_94' title='bbox 597 627 700 653; x_wconf 84' lang='grc' dir='ltr'>τούτων</span> <span class='ocrx_word' id='word_1_95' title='bbox 710 628 771 658; x_wconf 79' lang='grc' dir='ltr'>τοὺς</span> <span class='ocrx_word' id='word_1_96' title='bbox 783 628 881 660; x_wconf 75' lang='grc' dir='ltr'>ἄθλους</span> 
     </span>
    </p>
   </div>
   <div class='ocr_carea' id='block_1_15' title="bbox 89 667 883 705">
    <p class='ocr_par' dir='ltr' id='par_1_15' title="bbox 89 667 883 705">
     <span class='ocr_line' id='line_1_15' title="bbox 89 667 883 705; baseline 0.006 -13"><span class='ocrx_word' id='word_1_97' title='bbox 89 668 137 692; x_wconf 77' lang='grc' dir='ltr'>καὶ</span> <span class='ocrx_word' id='word_1_98' title='bbox 152 667 253 702; x_wconf 79' lang='grc' dir='ltr'>τιμᾶτε</span> <span class='ocrx_word' id='word_1_99' title='bbox 264 668 313 703; x_wconf 87' lang='grc' dir='ltr'>τὴν</span> <span class='ocrx_word' id='word_1_100' title='bbox 329 669 451 704; x_wconf 86' lang='grc' dir='ltr'><strong>μνήμην,</strong></span> <span class='ocrx_word' id='word_1_101' title='bbox 475 669 524 700; x_wconf 75' lang='grc' dir='ltr'><strong>τὰς</strong></span> <span class='ocrx_word' id='word_1_102' title='bbox 545 669 684 705; x_wconf 74' lang='grc' dir='ltr'><strong>ἀοιδίμους</strong></span> <span class='ocrx_word' id='word_1_103' title='bbox 699 670 806 701; x_wconf 81' lang='grc' dir='ltr'>ὲκείνας</span> <span class='ocrx_word' id='word_1_104' title='bbox 823 671 883 705; x_wconf 83' lang='grc' dir='ltr'>ἀρι-</span> 
     </span>
    </p>
   </div>
   <div class='ocr_carea' id='block_1_16' title="bbox 91 712 880 750">
    <p class='ocr_par' dir='ltr' id='par_1_16' title="bbox 91 712 880 750">
     <span class='ocr_line' id='line_1_16' title="bbox 91 712 880 750; baseline 0.006 -14"><span class='ocrx_word' id='word_1_105' title='bbox 91 712 185 743; x_wconf 81' lang='grc' dir='ltr'>στείας</span> <span class='ocrx_word' id='word_1_106' title='bbox 203 712 502 749; x_wconf 77' lang='grc' dir='ltr'>ὑπερεκπληττόμενοι,</span> <span class='ocrx_word' id='word_1_107' title='bbox 527 714 574 745; x_wconf 79' lang='grc' dir='ltr'>οὓς</span> <span class='ocrx_word' id='word_1_108' title='bbox 594 715 641 740; x_wconf 80' lang='grc' dir='ltr'>καὶ</span> <span class='ocrx_word' id='word_1_109' title='bbox 666 715 747 750; x_wconf 79' lang='grc' dir='ltr'>θῆρες</span> <span class='ocrx_word' id='word_1_110' title='bbox 766 715 880 750; x_wconf 73' lang='grc' dir='ltr'>ᾐδέσθη-</span> 
     </span>
    </p>
   </div>
   <div class='ocr_carea' id='block_1_17' title="bbox 91 759 880 796">
    <p class='ocr_par' dir='ltr' id='par_1_17' title="bbox 91 759 880 796">
     <span class='ocr_line' id='line_1_17' title="bbox 91 759 880 796; baseline 0.005 -12"><span class='ocrx_word' id='word_1_111' title='bbox 91 765 152 791; x_wconf 75' lang='grc' dir='ltr'>σαν,</span> <span class='ocrx_word' id='word_1_112' title='bbox 171 759 265 785; x_wconf 76' lang='grc' dir='ltr'>καὶτὸ</span> <span class='ocrx_word' id='word_1_113' title='bbox 283 759 339 795; x_wconf 82' lang='grc' dir='ltr'>πῦρ</span> <span class='ocrx_word' id='word_1_114' title='bbox 359 760 488 792; x_wconf 79' lang='grc' dir='ltr'><strong>πολλάκις</strong></span> <span class='ocrx_word' id='word_1_115' title='bbox 511 760 690 795; x_wconf 72' lang='grc' dir='ltr'><strong>καταπλαγὲν</strong></span> <span class='ocrx_word' id='word_1_116' title='bbox 706 760 880 796; x_wconf 76' lang='grc' dir='ltr'><strong>ὑπεχώρησε,</strong></span> 
     </span>
    </p>
   </div>
   <div class='ocr_carea' id='block_1_18' title="bbox 90 803 880 842">
    <p class='ocr_par' dir='ltr' id='par_1_18' title="bbox 90 803 880 842">
     <span class='ocr_line' id='line_1_18' title="bbox 90 803 880 842; baseline 0.005 -13"><span class='ocrx_word' id='word_1_117' title='bbox 90 803 137 830; x_wconf 80' lang='grc' dir='ltr'>καὶ</span> <span class='ocrx_word' id='word_1_118' title='bbox 165 804 275 840; x_wconf 62' lang='grc' dir='ltr'>σίδηρος</span> <span class='ocrx_word' id='word_1_119' title='bbox 294 806 491 841; x_wconf 80' lang='grc' dir='ltr'>περιθραύεται</span> <span class='ocrx_word' id='word_1_120' title='bbox 514 809 543 833; x_wconf 81' lang='grc' dir='ltr'><strong>τε</strong></span> <span class='ocrx_word' id='word_1_121' title='bbox 573 807 621 833; x_wconf 67' lang='grc' dir='ltr'><strong>κα)¹</strong></span> <span class='ocrx_word' id='word_1_122' title='bbox 648 807 857 842; x_wconf 78' lang='grc' dir='ltr'>ἀπαμϐλύνεται</span> <span class='ocrx_word' id='word_1_123' title='bbox 873 827 880 839; x_wconf 92' lang='lat'><strong>,</strong></span> 
     </span>
    </p>
   </div>
   <div class='ocr_carea' id='block_1_19' title="bbox 935 268 1721 304">
    <p class='ocr_par' dir='ltr' id='par_1_19' title="bbox 935 268 1721 304">
     <span class='ocr_line' id='line_1_19' title="bbox 935 268 1721 304; baseline 0.004 -11"><span class='ocrx_word' id='word_1_124' title='bbox 935 268 1066 301; x_wconf 75' lang='lat' dir='ltr'><strong>rificanles</strong></span> <span class='ocrx_word' id='word_1_125' title='bbox 1082 277 1122 295; x_wconf 79' lang='lat' dir='ltr'><strong>me</strong></span> <span class='ocrx_word' id='word_1_126' title='bbox 1138 289 1145 299; x_wconf 83' lang='lat'><strong><em>.</em></strong></span> <span class='ocrx_word' id='word_1_127' title='bbox 1171 270 1269 303; x_wconf 88' lang='lat' dir='ltr'><strong>inquit,</strong></span> <span class='ocrx_word' id='word_1_128' title='bbox 1283 269 1437 304; x_wconf 78' lang='lat' dir='ltr'><strong>glariﬁcabo</strong></span> <span class='ocrx_word' id='word_1_129' title='bbox 1449 289 1456 299; x_wconf 89' lang='lat'><strong>,</strong></span> <span class='ocrx_word' id='word_1_130' title='bbox 1474 277 1555 296; x_wconf 76' lang='lat' dir='ltr'><strong>verax</strong></span> <span class='ocrx_word' id='word_1_131' title='bbox 1580 270 1721 296; x_wconf 80' lang='lat' dir='ltr'><strong>oraculum</strong></span> 
     </span>
    </p>
   </div>
   <div class='ocr_carea' id='block_1_20' title="bbox 935 311 1723 348">
    <p class='ocr_par' dir='ltr' id='par_1_20' title="bbox 935 311 1723 348">
     <span class='ocr_line' id='line_1_20' title="bbox 935 311 1723 348; baseline 0.005 -11"><span class='ocrx_word' id='word_1_132' title='bbox 935 311 973 337; x_wconf 83' lang='lat' dir='ltr'><strong>ait</strong></span> <span class='ocrx_word' id='word_1_133' title='bbox 983 312 1016 338; x_wconf 76' lang='grc' dir='ltr'><strong>ι’.</strong></span> <span class='ocrx_word' id='word_1_134' title='bbox 1036 312 1094 344; x_wconf 78' lang='lat' dir='ltr'><strong>Quo</strong></span> <span class='ocrx_word' id='word_1_135' title='bbox 1107 313 1145 345; x_wconf 87' lang='lat' dir='ltr'><strong>id,</strong></span> <span class='ocrx_word' id='word_1_136' title='bbox 1162 313 1282 346; x_wconf 82' lang='lat' dir='ltr'><strong>inquam,</strong></span> <span class='ocrx_word' id='word_1_137' title='bbox 1296 313 1395 340; x_wconf 88' lang='lat' dir='ltr'><strong>modo?</strong></span> <span class='ocrx_word' id='word_1_138' title='bbox 1408 313 1512 347; x_wconf 83' lang='lat' dir='ltr'><strong>Nempe</strong></span> <span class='ocrx_word' id='word_1_139' title='bbox 1526 314 1606 340; x_wconf 82' lang='lat' dir='ltr'><strong>aliter</strong></span> <span class='ocrx_word' id='word_1_140' title='bbox 1614 322 1723 348; x_wconf 87' lang='lat' dir='ltr'><strong>quoque</strong></span> 
     </span>
    </p>
   </div>
   <div class='ocr_carea' id='block_1_21' title="bbox 935 357 1720 393">
    <p class='ocr_par' dir='ltr' id='par_1_21' title="bbox 935 357 1720 393">
     <span class='ocr_line' id='line_1_21' title="bbox 935 357 1720 393; baseline 0.004 -11"><span class='ocrx_word' id='word_1_141' title='bbox 935 357 1061 390; x_wconf 81' lang='lat' dir='ltr'><strong>plurimis</strong></span> <span class='ocrx_word' id='word_1_142' title='bbox 1083 358 1302 392; x_wconf 87' lang='lat' dir='ltr'><strong>suhlimibusque</strong></span> <span class='ocrx_word' id='word_1_143' title='bbox 1320 360 1452 386; x_wconf 86' lang='lat' dir='ltr'><strong>encomiis</strong></span> <span class='ocrx_word' id='word_1_144' title='bbox 1471 364 1554 393; x_wconf 87' lang='lat' dir='ltr'><strong>atque</strong></span> <span class='ocrx_word' id='word_1_145' title='bbox 1574 360 1720 393; x_wconf 76' lang='lat' dir='ltr'><strong>operibus,</strong></span> 
     </span>
    </p>
   </div>
   <div class='ocr_carea' id='block_1_22' title="bbox 935 402 1720 440">
    <p class='ocr_par' dir='ltr' id='par_1_22' title="bbox 935 402 1720 440">
     <span class='ocr_line' id='line_1_22' title="bbox 935 402 1720 440; baseline 0.005 -12"><span class='ocrx_word' id='word_1_146' title='bbox 935 402 1033 436; x_wconf 79' lang='lat' dir='ltr'><strong>dignus</strong></span> <span class='ocrx_word' id='word_1_147' title='bbox 1060 404 1100 429; x_wconf 75' lang='lat' dir='ltr'><strong>vis</strong></span> <span class='ocrx_word' id='word_1_148' title='bbox 1124 403 1233 430; x_wconf 88' lang='lat' dir='ltr'><strong>laudum</strong></span> <span class='ocrx_word' id='word_1_149' title='bbox 1261 405 1347 431; x_wconf 85' lang='lat' dir='ltr'><strong>honor</strong></span> <span class='ocrx_word' id='word_1_150' title='bbox 1370 410 1395 431; x_wconf 86' lang='lat' dir='ltr'><strong>et</strong></span> <span class='ocrx_word' id='word_1_151' title='bbox 1425 406 1510 438; x_wconf 75' lang='lat' dir='ltr'><strong>gloria</strong></span> <span class='ocrx_word' id='word_1_152' title='bbox 1537 406 1720 440; x_wconf 83' lang='lat' dir='ltr'><strong>impenditur;</strong></span> 
     </span>
    </p>
   </div>
   <div class='ocr_carea' id='block_1_23' title="bbox 935 450 1722 485">
    <p class='ocr_par' dir='ltr' id='par_1_23' title="bbox 935 450 1722 485">
     <span class='ocr_line' id='line_1_23' title="bbox 935 450 1722 485; baseline 0.005 -12"><span class='ocrx_word' id='word_1_153' title='bbox 935 454 1022 481; x_wconf 81' lang='lat' dir='ltr'><strong>neque</strong></span> <span class='ocrx_word' id='word_1_154' title='bbox 1038 452 1127 474; x_wconf 85' lang='lat' dir='ltr'><strong>tamen</strong></span> <span class='ocrx_word' id='word_1_155' title='bbox 1146 450 1234 475; x_wconf 77' lang='lat' dir='ltr'><strong>serius</strong></span> <span class='ocrx_word' id='word_1_156' title='bbox 1250 457 1298 483; x_wconf 86' lang='lat' dir='ltr'><strong>per</strong></span> <span class='ocrx_word' id='word_1_157' title='bbox 1322 458 1414 477; x_wconf 83' lang='lat' dir='ltr'><strong>sacras</strong></span> <span class='ocrx_word' id='word_1_158' title='bbox 1439 451 1585 484; x_wconf 78' lang='lat' dir='ltr'><strong>imagines,</strong></span> <span class='ocrx_word' id='word_1_159' title='bbox 1608 451 1634 478; x_wconf 89' lang='lat' dir='ltr'><strong>id</strong></span> <span class='ocrx_word' id='word_1_160' title='bbox 1650 452 1722 485; x_wconf 89' lang='lat' dir='ltr'><strong>quod</strong></span> 
     </span>
    </p>
   </div>
   <div class='ocr_carea' id='block_1_24' title="bbox 934 492 1720 530">
    <p class='ocr_par' dir='ltr' id='par_1_24' title="bbox 934 492 1720 530">
     <span class='ocr_line' id='line_1_24' title="bbox 934 492 1720 530; baseline 0.006 -13"><span class='ocrx_word' id='word_1_161' title='bbox 934 499 984 518; x_wconf 81' lang='lat' dir='ltr'><strong>nos</strong></span> <span class='ocrx_word' id='word_1_162' title='bbox 1009 492 1128 527; x_wconf 75' lang='lat' dir='ltr'><strong>religiosi</strong></span> <span class='ocrx_word' id='word_1_163' title='bbox 1155 501 1188 521; x_wconf 76' lang='lat' dir='ltr'><strong>ac</strong></span> <span class='ocrx_word' id='word_1_164' title='bbox 1217 494 1427 529; x_wconf 85' lang='lat' dir='ltr'><strong>philontartyres</strong></span> <span class='ocrx_word' id='word_1_165' title='bbox 1455 497 1533 522; x_wconf 83' lang='lat' dir='ltr'><strong>valde</strong></span> <span class='ocrx_word' id='word_1_166' title='bbox 1563 497 1720 530; x_wconf 82' lang='lat' dir='ltr'><strong>satagimus.</strong></span> 
     </span>
    </p>
   </div>
   <div class='ocr_carea' id='block_1_25' title="bbox 934 535 1721 573">
    <p class='ocr_par' dir='ltr' id='par_1_25' title="bbox 934 535 1721 573">
     <span class='ocr_line' id='line_1_25' title="bbox 934 535 1721 573; baseline 0.006 -12"><span class='ocrx_word' id='word_1_167' title='bbox 934 535 1110 564; x_wconf 78' lang='lat' dir='ltr'><strong>Veneramini</strong></span> <span class='ocrx_word' id='word_1_168' title='bbox 1131 545 1196 573; x_wconf 76' lang='lat' dir='ltr'><strong>ergo</strong></span> <span class='ocrx_word' id='word_1_169' title='bbox 1217 539 1378 571; x_wconf 81' lang='lat' dir='ltr'><strong>certamina,</strong></span> <span class='ocrx_word' id='word_1_170' title='bbox 1396 540 1529 566; x_wconf 91' lang='lat' dir='ltr'><strong>honorate</strong></span> <span class='ocrx_word' id='word_1_171' title='bbox 1550 540 1721 572; x_wconf 86' lang='lat' dir='ltr'><strong>memoriam,</strong></span> 
     </span>
    </p>
   </div>
   <div class='ocr_carea' id='block_1_26' title="bbox 934 580 1724 618">
    <p class='ocr_par' dir='ltr' id='par_1_26' title="bbox 934 580 1724 618">
     <span class='ocr_line' id='line_1_26' title="bbox 934 580 1724 618; baseline 0.004 -11"><span class='ocrx_word' id='word_1_172' title='bbox 934 580 1051 608; x_wconf 81' lang='lat' dir='ltr'><strong>celebria</strong></span> <span class='ocrx_word' id='word_1_173' title='bbox 1070 582 1113 609; x_wconf 89' lang='lat' dir='ltr'><strong>illa</strong></span> <span class='ocrx_word' id='word_1_174' title='bbox 1134 583 1257 610; x_wconf 90' lang='lat' dir='ltr'><strong>facinora</strong></span> <span class='ocrx_word' id='word_1_175' title='bbox 1278 585 1448 611; x_wconf 73' lang='lat' dir='ltr'><strong>admirantes</strong></span> <span class='ocrx_word' id='word_1_176' title='bbox 1466 588 1628 618; x_wconf 77' lang='lat' dir='ltr'><strong>martyrum,</strong></span> <span class='ocrx_word' id='word_1_177' title='bbox 1654 591 1724 618; x_wconf 86' lang='lat' dir='ltr'><strong>quos</strong></span> 
     </span>
    </p>
   </div>
   <div class='ocr_carea' id='block_1_27' title="bbox 937 626 1723 665">
    <p class='ocr_par' dir='ltr' id='par_1_27' title="bbox 937 626 1723 665">
     <span class='ocr_line' id='line_1_27' title="bbox 937 626 1723 665; baseline 0.005 -12"><span class='ocrx_word' id='word_1_178' title='bbox 937 626 1001 654; x_wconf 72' lang='lat' dir='ltr'><strong>fera:</strong></span> <span class='ocrx_word' id='word_1_179' title='bbox 1016 635 1124 662; x_wconf 89' lang='lat' dir='ltr'><strong>quoque</strong></span> <span class='ocrx_word' id='word_1_180' title='bbox 1139 630 1318 662; x_wconf 83' lang='lat' dir='ltr'><strong>ernbuerunt,</strong></span> <span class='ocrx_word' id='word_1_181' title='bbox 1332 631 1431 664; x_wconf 84' lang='lat' dir='ltr'><strong>quibus</strong></span> <span class='ocrx_word' id='word_1_182' title='bbox 1448 630 1518 665; x_wconf 75' lang='lat' dir='ltr'><strong>ignis</strong></span> <span class='ocrx_word' id='word_1_183' title='bbox 1534 638 1606 665; x_wconf 73' lang='lat' dir='ltr'><strong>szepe</strong></span> <span class='ocrx_word' id='word_1_184' title='bbox 1621 631 1723 663; x_wconf 87' lang='lat' dir='ltr'><strong>cessit,</strong></span> 
     </span>
    </p>
   </div>
   <div class='ocr_carea' id='block_1_28' title="bbox 938 672 1724 710">
    <p class='ocr_par' dir='ltr' id='par_1_28' title="bbox 938 672 1724 710">
     <span class='ocr_line' id='line_1_28' title="bbox 938 672 1724 710; baseline 0.006 -12"><span class='ocrx_word' id='word_1_185' title='bbox 938 672 1195 709; x_wconf 34' lang='lat' dir='ltr'><strong>ferrum-infractum</strong></span> <span class='ocrx_word' id='word_1_186' title='bbox 1209 680 1250 702; x_wconf 87' lang='lat' dir='ltr'><strong>est.</strong></span> <span class='ocrx_word' id='word_1_187' title='bbox 1265 680 1292 702; x_wconf 91' lang='lat' dir='ltr'><strong>et</strong></span> <span class='ocrx_word' id='word_1_188' title='bbox 1307 676 1445 708; x_wconf 77' lang='lat' dir='ltr'><strong>obtusum,</strong></span> <span class='ocrx_word' id='word_1_189' title='bbox 1463 676 1585 710; x_wconf 67' lang='lat' dir='ltr'><strong>poenales</strong></span> <span class='ocrx_word' id='word_1_190' title='bbox 1609 677 1724 709; x_wconf 74' lang='lat' dir='ltr'><strong>dirupta:</strong></span> 
     </span>
    </p>
   </div>
   <div class='ocr_carea' id='block_1_29' title="bbox 937 719 1726 755">
    <p class='ocr_par' dir='ltr' id='par_1_29' title="bbox 937 719 1726 755">
     <span class='ocr_line' id='line_1_29' title="bbox 937 719 1726 755; baseline 0.005 -12"><span class='ocrx_word' id='word_1_191' title='bbox 937 723 1001 744; x_wconf 83' lang='lat' dir='ltr'><strong>sunt</strong></span> <span class='ocrx_word' id='word_1_192' title='bbox 1017 719 1163 753; x_wconf 71' lang='lat' dir='ltr'><strong>machinw;</strong></span> <span class='ocrx_word' id='word_1_193' title='bbox 1189 725 1217 747; x_wconf 88' lang='lat' dir='ltr'><strong>et</strong></span> <span class='ocrx_word' id='word_1_194' title='bbox 1240 727 1320 748; x_wconf 84' lang='lat' dir='ltr'><strong>sensu</strong></span> <span class='ocrx_word' id='word_1_195' title='bbox 1343 721 1545 755; x_wconf 82' lang='lat' dir='ltr'><strong>quodammodo</strong></span> <span class='ocrx_word' id='word_1_196' title='bbox 1572 725 1643 747; x_wconf 85' lang='lat' dir='ltr'><strong>tacta</strong></span> <span class='ocrx_word' id='word_1_197' title='bbox 1669 720 1726 747; x_wconf 89' lang='lat' dir='ltr'><strong>ele-</strong></span> 
     </span>
    </p>
   </div>
   <div class='ocr_carea' id='block_1_30' title="bbox 938 766 1726 799">
    <p class='ocr_par' dir='ltr' id='par_1_30' title="bbox 938 766 1726 799">
     <span class='ocr_line' id='line_1_30' title="bbox 938 766 1726 799; baseline 0.005 -10"><span class='ocrx_word' id='word_1_198' title='bbox 938 768 1039 796; x_wconf 84' lang='lat' dir='ltr'><strong>menta,</strong></span> <span class='ocrx_word' id='word_1_199' title='bbox 1063 770 1212 799; x_wconf 81' lang='lat' dir='ltr'><strong>martyrum</strong></span> <span class='ocrx_word' id='word_1_200' title='bbox 1233 773 1297 799; x_wconf 76' lang='lat' dir='ltr'><strong>erga</strong></span> <span class='ocrx_word' id='word_1_201' title='bbox 1313 773 1484 792; x_wconf 82' lang='lat' dir='ltr'><strong>counnunem</strong></span> <span class='ocrx_word' id='word_1_202' title='bbox 1503 766 1646 793; x_wconf 86' lang='lat' dir='ltr'><strong>Dominum</strong></span> <span class='ocrx_word' id='word_1_203' title='bbox 1661 766 1726 793; x_wconf 85' lang='lat' dir='ltr'><strong>cha-</strong></span> 
     </span>
    </p>
   </div>
   <div class='ocr_carea' id='block_1_31' title="bbox 939 809 1487 842">
    <p class='ocr_par' dir='ltr' id='par_1_31' title="bbox 939 809 1487 842">
     <span class='ocr_line' id='line_1_31' title="bbox 939 809 1487 842; baseline 0.007 -8"><span class='ocrx_word' id='word_1_204' title='bbox 939 809 1046 836; x_wconf 84' lang='lat' dir='ltr'><strong>ritatem</strong></span> <span class='ocrx_word' id='word_1_205' title='bbox 1057 831 1064 842; x_wconf 83' lang='lat'><strong>,</strong></span> <span class='ocrx_word' id='word_1_206' title='bbox 1077 818 1125 837; x_wconf 89' lang='lat' dir='ltr'><strong>ceu</strong></span> <span class='ocrx_word' id='word_1_207' title='bbox 1139 818 1271 838; x_wconf 87' lang='lat' dir='ltr'><strong>conserva</strong></span> <span class='ocrx_word' id='word_1_208' title='bbox 1283 812 1400 839; x_wconf 87' lang='lat' dir='ltr'><strong>reverita</strong></span> <span class='ocrx_word' id='word_1_209' title='bbox 1413 816 1487 838; x_wconf 90' lang='lat' dir='ltr'><strong>sunt.</strong></span> 
     </span>
    </p>
   </div>
   <div class='ocr_carea' id='block_1_32' title="bbox 90 851 1726 894">
    <p class='ocr_par' dir='ltr' id='par_1_32' title="bbox 90 851 1726 894">
     <span class='ocr_line' id='line_1_32' title="bbox 90 851 1726 894; baseline 0.005 -18"><span class='ocrx_word' id='word_1_210' title='bbox 90 851 138 876; x_wconf 74' lang='grc' dir='ltr'>καὶ</span> <span class='ocrx_word' id='word_1_211' title='bbox 155 851 190 877; x_wconf 71' lang='grc' dir='ltr'><strong>τὰ</strong></span> <span class='ocrx_word' id='word_1_212' title='bbox 215 851 382 887; x_wconf 68' lang='grc' dir='ltr'><strong>κολαστήρια</strong></span> <span class='ocrx_word' id='word_1_213' title='bbox 410 852 591 887; x_wconf 76' lang='grc' dir='ltr'>περιάγνυται</span> <span class='ocrx_word' id='word_1_214' title='bbox 615 854 882 889; x_wconf 82' lang='grc' dir='ltr'>μηχανουργήματα,</span> <span class='ocrx_word' id='word_1_215' title='bbox 904 856 1024 890; x_wconf 81' lang='grc' dir='ltr'>στοιχεῖα</span> <span class='ocrx_word' id='word_1_216' title='bbox 1058 856 1087 882; x_wconf 81' lang='grc' dir='ltr'>δὲ</span> <span class='ocrx_word' id='word_1_217' title='bbox 1119 857 1214 894; x_wconf 82' lang='grc' dir='ltr'>ὥσπερ</span> <span class='ocrx_word' id='word_1_218' title='bbox 1239 858 1267 884; x_wconf 81' lang='grc' dir='ltr'>ἐν</span> <span class='ocrx_word' id='word_1_219' title='bbox 1283 857 1408 893; x_wconf 78' lang='grc' dir='ltr'><strong>αἰσθήσει</strong></span> <span class='ocrx_word' id='word_1_220' title='bbox 1432 858 1574 893; x_wconf 84' lang='grc' dir='ltr'>γινόμενα,</span> <span class='ocrx_word' id='word_1_221' title='bbox 1588 857 1638 893; x_wconf 85' lang='grc' dir='ltr'>τὴν</span> <span class='ocrx_word' id='word_1_222' title='bbox 1658 857 1726 893; x_wconf 74' lang='grc' dir='ltr'>πρὸς</span> 
     </span>
    </p>
   </div>
   <div class='ocr_carea' id='block_1_33' title="bbox 90 896 1096 937">
    <p class='ocr_par' dir='ltr' id='par_1_33' title="bbox 90 896 1096 937">
     <span class='ocr_line' id='line_1_33' title="bbox 90 896 1096 937; baseline 0.008 -16"><span class='ocrx_word' id='word_1_223' title='bbox 90 897 135 922; x_wconf 64' lang='grc' dir='ltr'><strong>τὸν</strong></span> <span class='ocrx_word' id='word_1_224' title='bbox 157 897 248 922; x_wconf 69' lang='grc' dir='ltr'>κοινὸν</span> <span class='ocrx_word' id='word_1_225' title='bbox 266 898 406 933; x_wconf 81' lang='grc' dir='ltr'>Δεσπότην</span> <span class='ocrx_word' id='word_1_226' title='bbox 434 897 645 933; x_wconf 78' lang='grc' dir='ltr'><strong>εὐγνωμοσύνην</strong></span> <span class='ocrx_word' id='word_1_227' title='bbox 673 896 717 925; x_wconf 75' lang='grc' dir='ltr'>οἷα</span> <span class='ocrx_word' id='word_1_228' title='bbox 745 899 877 934; x_wconf 75' lang='grc' dir='ltr'>ὁμόδουλα</span> <span class='ocrx_word' id='word_1_229' title='bbox 895 901 1096 937; x_wconf 82' lang='grc' dir='ltr'>δεδυσὼπηται.</span> 
     </span>
    </p>
   </div>
   <div class='ocr_carea' id='block_1_34' title="bbox 127 941 886 978">
    <p class='ocr_par' dir='ltr' id='par_1_34' title="bbox 127 941 886 978">
     <span class='ocr_line' id='line_1_34' title="bbox 127 941 886 978; baseline 0.007 -12"><span class='ocrx_word' id='word_1_230' title='bbox 127 944 180 974; x_wconf 78' lang='grc' dir='ltr'>νγτ.</span> <span class='ocrx_word' id='word_1_231' title='bbox 201 941 237 966; x_wconf 86' lang='grc' dir='ltr'><strong><em>Ἢ</em></strong></span> <span class='ocrx_word' id='word_1_232' title='bbox 251 941 330 967; x_wconf 80' lang='grc' dir='ltr'>τοῦτο</span> <span class='ocrx_word' id='word_1_233' title='bbox 354 941 404 975; x_wconf 76' lang='grc' dir='ltr'>μὲν</span> <span class='ocrx_word' id='word_1_234' title='bbox 420 942 484 976; x_wconf 87' lang='grc' dir='ltr'>ὑμῖν</span> <span class='ocrx_word' id='word_1_235' title='bbox 499 943 528 968; x_wconf 78' lang='grc' dir='ltr'>οὺ</span> <span class='ocrx_word' id='word_1_236' title='bbox 545 942 632 974; x_wconf 70' lang='grc' dir='ltr'>δοκεῖς</span> <span class='ocrx_word' id='word_1_237' title='bbox 657 943 832 978; x_wconf 73' lang='grc' dir='ltr'>βδελύττεσθε</span> <span class='ocrx_word' id='word_1_238' title='bbox 855 945 886 972; x_wconf 80' lang='grc' dir='ltr'>δὲ</span> 
     </span>
    </p>
   </div>
   <div class='ocr_carea' id='block_1_35' title="bbox 940 941 1726 978">
    <p class='ocr_par' dir='ltr' id='par_1_35' title="bbox 972 946 1726 977">
     <span class='ocr_line' id='line_1_35' title="bbox 972 946 1726 977; baseline 0.007 -5"><span class='ocrx_word' id='word_1_239' title='bbox 972 946 1017 973; x_wconf 81' lang='grc'><strong>55.</strong></span> <span class='ocrx_word' id='word_1_240' title='bbox 1039 947 1079 973; x_wconf 82' lang='lat' dir='ltr'><strong>An</strong></span> <span class='ocrx_word' id='word_1_241' title='bbox 1109 955 1172 975; x_wconf 82' lang='lat' dir='ltr'><strong>vero</strong></span> <span class='ocrx_word' id='word_1_242' title='bbox 1189 948 1268 975; x_wconf 88' lang='lat' dir='ltr'><strong>aliter</strong></span> <span class='ocrx_word' id='word_1_243' title='bbox 1286 954 1333 975; x_wconf 78' lang='lat' dir='ltr'><strong>vos</strong></span> <span class='ocrx_word' id='word_1_244' title='bbox 1353 948 1537 975; x_wconf 79' lang='lat' dir='ltr'><strong>existimatis?</strong></span> <span class='ocrx_word' id='word_1_245' title='bbox 1554 949 1726 977; x_wconf 84' lang='lat' dir='ltr'><strong>Aversamini</strong></span> 
     </span>
    </p>
   </div>
   <div class='ocr_carea' id='block_1_36' title="bbox 91 986 886 1022">
    <p class='ocr_par' dir='ltr' id='par_1_36' title="bbox 91 986 886 1022">
     <span class='ocr_line' id='line_1_36' title="bbox 91 986 886 1022; baseline 0.008 -10"><span class='ocrx_word' id='word_1_246' title='bbox 91 986 140 1018; x_wconf 72' lang='grc' dir='ltr'>τὰς</span> <span class='ocrx_word' id='word_1_247' title='bbox 152 986 210 1013; x_wconf 79' lang='grc' dir='ltr'>τῶν</span> <span class='ocrx_word' id='word_1_248' title='bbox 220 987 306 1020; x_wconf 78' lang='grc' dir='ltr'>ἁγίων</span> <span class='ocrx_word' id='word_1_249' title='bbox 327 987 489 1022; x_wconf 76' lang='grc' dir='ltr'>πρεσὸείας,</span> <span class='ocrx_word' id='word_1_250' title='bbox 513 988 696 1016; x_wconf 83' lang='grc' dir='ltr'>διασκάπτετε</span> <span class='ocrx_word' id='word_1_251' title='bbox 717 989 745 1015; x_wconf 84' lang='grc' dir='ltr'>δὲ</span> <span class='ocrx_word' id='word_1_252' title='bbox 765 990 816 1021; x_wconf 78' lang='grc' dir='ltr'><strong>τὰς</strong></span> <span class='ocrx_word' id='word_1_253' title='bbox 832 991 886 1018; x_wconf 81' lang='grc' dir='ltr'>τῶν</span> 
     </span>
    </p>
   </div>
   <div class='ocr_carea' id='block_1_37' title="bbox 93 1033 887 1072">
    <p class='ocr_par' dir='ltr' id='par_1_37' title="bbox 93 1033 887 1072">
     <span class='ocr_line' id='line_1_37' title="bbox 93 1033 887 1072; baseline 0.006 -13"><span class='ocrx_word' id='word_1_254' title='bbox 93 1033 175 1060; x_wconf 85' lang='grc' dir='ltr'>θείων</span> <span class='ocrx_word' id='word_1_255' title='bbox 189 1033 394 1070; x_wconf 79' lang='grc' dir='ltr'>θυσιαστηρίων</span> <span class='ocrx_word' id='word_1_256' title='bbox 410 1035 486 1070; x_wconf 77' lang='grc' dir='ltr'>ἱερὰς</span> <span class='ocrx_word' id='word_1_257' title='bbox 501 1035 652 1071; x_wconf 75' lang='grc' dir='ltr'>τραπέζας,</span> <span class='ocrx_word' id='word_1_258' title='bbox 666 1037 710 1063; x_wconf 83' lang='grc' dir='ltr'>ἵνα</span> <span class='ocrx_word' id='word_1_259' title='bbox 724 1038 774 1071; x_wconf 82' lang='grc' dir='ltr'>τῆς</span> <span class='ocrx_word' id='word_1_260' title='bbox 788 1038 887 1072; x_wconf 77' lang='grc' dir='ltr'>φλογὸς</span> 
     </span>
    </p>
   </div>
   <div class='ocr_carea' id='block_1_38' title="bbox 93 1080 888 1119">
    <p class='ocr_par' dir='ltr' id='par_1_38' title="bbox 93 1080 888 1119">
     <span class='ocr_line' id='line_1_38' title="bbox 93 1080 888 1119; baseline 0.008 -14"><span class='ocrx_word' id='word_1_261' title='bbox 93 1080 148 1106; x_wconf 80' lang='grc' dir='ltr'>τῶν</span> <span class='ocrx_word' id='word_1_262' title='bbox 164 1080 302 1114; x_wconf 71' lang='grc' dir='ltr'>λειψάνων</span> <span class='ocrx_word' id='word_1_263' title='bbox 318 1081 420 1114; x_wconf 73' lang='grc' dir='ltr'>αὐτῶν,</span> <span class='ocrx_word' id='word_1_264' title='bbox 442 1082 571 1117; x_wconf 78' lang='grc' dir='ltr'>καθάπερ</span> <span class='ocrx_word' id='word_1_265' title='bbox 587 1083 601 1107; x_wconf 87' lang='grc' dir='ltr'>ὁ</span> <span class='ocrx_word' id='word_1_266' title='bbox 628 1082 786 1116; x_wconf 83' lang='grc' dir='ltr'>διδάσκαλος</span> <span class='ocrx_word' id='word_1_267' title='bbox 810 1084 888 1119; x_wconf 79' lang='grc' dir='ltr'>ὑμῶν</span> 
     </span>
    </p>
   </div>
   <div class='ocr_carea' id='block_1_39' title="bbox 95 1126 887 1164">
    <p class='ocr_par' dir='ltr' id='par_1_39' title="bbox 95 1126 887 1164">
     <span class='ocr_line' id='line_1_39' title="bbox 95 1126 887 1164; baseline 0.005 -12"><span class='ocrx_word' id='word_1_268' title='bbox 95 1127 238 1161; x_wconf 80' lang='grc' dir='ltr'>Μαμωνᾱς</span> <span class='ocrx_word' id='word_1_269' title='bbox 254 1126 351 1161; x_wconf 65' lang='grc' dir='ltr'>ἔδρασε</span> <span class='ocrx_word' id='word_1_270' title='bbox 368 1136 398 1153; x_wconf 80' lang='grc' dir='ltr'><strong>τε</strong></span> <span class='ocrx_word' id='word_1_271' title='bbox 415 1128 462 1154; x_wconf 79' lang='grc' dir='ltr'>καὶ</span> <span class='ocrx_word' id='word_1_272' title='bbox 475 1127 604 1161; x_wconf 76' lang='grc' dir='ltr'>ἐδίδαξεν,</span> <span class='ocrx_word' id='word_1_273' title='bbox 624 1129 815 1164; x_wconf 73' lang='grc' dir='ltr'>ἐμφορηθῆτες</span> <span class='ocrx_word' id='word_1_274' title='bbox 833 1129 887 1156; x_wconf 80' lang='grc' dir='ltr'><strong>Καὶ</strong></span> 
     </span>
    </p>
   </div>
   <div class='ocr_carea' id='block_1_40' title="bbox 95 1173 888 1209">
    <p class='ocr_par' dir='ltr' id='par_1_40' title="bbox 95 1173 888 1209">
     <span class='ocr_line' id='line_1_40' title="bbox 95 1173 888 1209; baseline 0.004 -10"><span class='ocrx_word' id='word_1_275' title='bbox 95 1173 297 1208; x_wconf 83' lang='grc' dir='ltr'>καταχραίνετε</span> <span class='ocrx_word' id='word_1_276' title='bbox 323 1173 414 1202; x_wconf 75' lang='grc' dir='ltr'>αὐτῶν</span> <span class='ocrx_word' id='word_1_277' title='bbox 439 1174 502 1205; x_wconf 77' lang='grc' dir='ltr'>τοὺς</span> <span class='ocrx_word' id='word_1_278' title='bbox 525 1174 690 1209; x_wconf 74' lang='grc' dir='ltr'>σεεασμίους</span> <span class='ocrx_word' id='word_1_279' title='bbox 712 1175 814 1208; x_wconf 78' lang='grc' dir='ltr'>οἴκους,</span> <span class='ocrx_word' id='word_1_280' title='bbox 841 1176 888 1202; x_wconf 69' lang='grc' dir='ltr'><strong>καὶ</strong></span> 
     </span>
    </p>
   </div>
   <div class='ocr_carea' id='block_1_41' title="bbox 96 1219 886 1256">
    <p class='ocr_par' dir='ltr' id='par_1_41' title="bbox 96 1219 886 1256">
     <span class='ocr_line' id='line_1_41' title="bbox 96 1219 886 1256; baseline 0.005 -12"><span class='ocrx_word' id='word_1_281' title='bbox 96 1219 188 1252; x_wconf 67' lang='grc' dir='ltr'>πὶσης</span> <span class='ocrx_word' id='word_1_282' title='bbox 211 1219 343 1251; x_wconf 81' lang='grc' dir='ltr'>δυσωδίας</span> <span class='ocrx_word' id='word_1_283' title='bbox 363 1220 410 1246; x_wconf 71' lang='grc' dir='ltr'><strong>καὶ</strong></span> <span class='ocrx_word' id='word_1_284' title='bbox 437 1220 635 1255; x_wconf 77' lang='grc' dir='ltr'><strong>αἰσχρουργίας</strong></span> <span class='ocrx_word' id='word_1_285' title='bbox 653 1221 886 1256; x_wconf 80' lang='grc' dir='ltr'>ἁποπληροῧντες,</span> 
     </span>
    </p>
   </div>
   <div class='ocr_carea' id='block_1_42' title="bbox 95 1264 889 1302">
    <p class='ocr_par' dir='ltr' id='par_1_42' title="bbox 95 1264 889 1302">
     <span class='ocr_line' id='line_1_42' title="bbox 95 1264 889 1302; baseline 0.005 -12"><span class='ocrx_word' id='word_1_286' title='bbox 95 1264 302 1299; x_wconf 70' lang='grc' dir='ltr'>καταμολύνετε</span> <span class='ocrx_word' id='word_1_287' title='bbox 317 1265 364 1291; x_wconf 74' lang='grc' dir='ltr'>καὶ</span> <span class='ocrx_word' id='word_1_288' title='bbox 376 1265 522 1300; x_wconf 73' lang='grc' dir='ltr'>βεϐηλοῦτε</span> <span class='ocrx_word' id='word_1_289' title='bbox 535 1266 569 1292; x_wconf 78' lang='grc' dir='ltr'>τὰ</span> <span class='ocrx_word' id='word_1_290' title='bbox 585 1266 660 1299; x_wconf 81' lang='grc' dir='ltr'>ἆγια,</span> <span class='ocrx_word' id='word_1_291' title='bbox 671 1266 729 1302; x_wconf 78' lang='grc' dir='ltr'>ἅμα</span> <span class='ocrx_word' id='word_1_292' title='bbox 737 1268 792 1298; x_wconf 80' lang='grc' dir='ltr'>τοῖς</span> <span class='ocrx_word' id='word_1_293' title='bbox 806 1268 889 1302; x_wconf 81' lang='grc' dir='ltr'>ἱεροῖς</span> 
     </span>
    </p>
   </div>
   <div class='ocr_carea' id='block_1_43' title="bbox 96 1309 888 1348">
    <p class='ocr_par' dir='ltr' id='par_1_43' title="bbox 96 1309 888 1348">
     <span class='ocr_line' id='line_1_43' title="bbox 96 1309 888 1348; baseline 0.006 -13"><span class='ocrx_word' id='word_1_294' title='bbox 96 1310 188 1336; x_wconf 68' lang='grc' dir='ltr'>αὐτῶν</span> <span class='ocrx_word' id='word_1_295' title='bbox 203 1311 396 1346; x_wconf 80' lang='grc' dir='ltr'>ἑκτυτιὼμασι,</span> <span class='ocrx_word' id='word_1_296' title='bbox 423 1312 458 1337; x_wconf 79' lang='grc' dir='ltr'>δι’</span> <span class='ocrx_word' id='word_1_297' title='bbox 478 1309 516 1338; x_wconf 86' lang='grc' dir='ltr'>ὧν</span> <span class='ocrx_word' id='word_1_298' title='bbox 545 1312 618 1339; x_wconf 82' lang='grc' dir='ltr'>αἵτε</span> <span class='ocrx_word' id='word_1_299' title='bbox 645 1313 782 1348; x_wconf 79' lang='grc' dir='ltr'>ἀριστεῖαι</span> <span class='ocrx_word' id='word_1_300' title='bbox 800 1315 847 1340; x_wconf 78' lang='grc' dir='ltr'>καὶ</span> <span class='ocrx_word' id='word_1_301' title='bbox 862 1314 888 1340; x_wconf 87' lang='grc' dir='ltr'>οἱ</span> 
     </span>
    </p>
   </div>
   <div class='ocr_carea' id='block_1_44' title="bbox 97 1354 888 1393">
    <p class='ocr_par' dir='ltr' id='par_1_44' title="bbox 97 1354 888 1393">
     <span class='ocr_line' id='line_1_44' title="bbox 97 1354 888 1393; baseline 0.006 -12"><span class='ocrx_word' id='word_1_302' title='bbox 97 1356 218 1391; x_wconf 74' lang='grc' dir='ltr'>ἀοίδιμοι</span> <span class='ocrx_word' id='word_1_303' title='bbox 233 1354 309 1383; x_wconf 83' lang='grc' dir='ltr'>ἆθλοι</span> <span class='ocrx_word' id='word_1_304' title='bbox 322 1357 424 1389; x_wconf 70' lang='grc' dir='ltr'>αὐτῶν,</span> <span class='ocrx_word' id='word_1_305' title='bbox 439 1357 534 1393; x_wconf 84' lang='grc' dir='ltr'>ὥσπερ</span> <span class='ocrx_word' id='word_1_306' title='bbox 551 1359 612 1390; x_wconf 79' lang='grc' dir='ltr'>ταῖς</span> <span class='ocrx_word' id='word_1_307' title='bbox 627 1358 739 1393; x_wconf 75' lang='grc' dir='ltr'>βίϐλοις,</span> <span class='ocrx_word' id='word_1_308' title='bbox 752 1358 824 1385; x_wconf 73' lang='grc' dir='ltr'>οὕτω</span> <span class='ocrx_word' id='word_1_309' title='bbox 837 1361 888 1386; x_wconf 83' lang='grc' dir='ltr'>κάν</span> 
     </span>
    </p>
   </div>
   <div class='ocr_carea' id='block_1_45' title="bbox 98 1402 890 1438">
    <p class='ocr_par' dir='ltr' id='par_1_45' title="bbox 98 1402 890 1438">
     <span class='ocr_line' id='line_1_45' title="bbox 98 1402 890 1438; baseline 0.004 -11"><span class='ocrx_word' id='word_1_310' title='bbox 98 1403 159 1432; x_wconf 75' lang='grc' dir='ltr'>ταῖς</span> <span class='ocrx_word' id='word_1_311' title='bbox 180 1402 342 1436; x_wconf 73' lang='grc' dir='ltr'><strong>ἐκκλησίαις</strong></span> <span class='ocrx_word' id='word_1_312' title='bbox 359 1403 472 1434; x_wconf 74' lang='grc' dir='ltr'>καὶτοῖς</span> <span class='ocrx_word' id='word_1_313' title='bbox 488 1403 597 1436; x_wconf 84' lang='grc' dir='ltr'>πίναξιν</span> <span class='ocrx_word' id='word_1_314' title='bbox 618 1403 808 1438; x_wconf 77' lang='grc' dir='ltr'>ὲμπρέποντες</span> <span class='ocrx_word' id='word_1_315' title='bbox 823 1405 890 1431; x_wconf 75' lang='grc' dir='ltr'>ἁνα-</span> 
     </span>
    </p>
   </div>
   <div class='ocr_carea' id='block_1_46' title="bbox 97 1447 887 1483">
    <p class='ocr_par' dir='ltr' id='par_1_46' title="bbox 97 1447 887 1483">
     <span class='ocr_line' id='line_1_46' title="bbox 97 1447 887 1483; baseline 0.004 -11"><span class='ocrx_word' id='word_1_316' title='bbox 97 1455 218 1481; x_wconf 79' lang='grc' dir='ltr'>γραπτοι</span> <span class='ocrx_word' id='word_1_317' title='bbox 233 1447 433 1483; x_wconf 80' lang='grc' dir='ltr'>παραδέδονται</span> <span class='ocrx_word' id='word_1_318' title='bbox 449 1456 455 1463; x_wconf 88' lang='grc'><strong>·</strong></span> <span class='ocrx_word' id='word_1_319' title='bbox 470 1447 541 1475; x_wconf 79' lang='grc' dir='ltr'>ὥστε</span> <span class='ocrx_word' id='word_1_320' title='bbox 560 1449 624 1479; x_wconf 74' lang='grc' dir='ltr'>τοὺς</span> <span class='ocrx_word' id='word_1_321' title='bbox 651 1447 887 1483; x_wconf 75' lang='grc' dir='ltr'>ἀναθεωροῦντας,</span> 
     </span>
    </p>
   </div>
   <div class='ocr_carea' id='block_1_47' title="bbox 98 1493 889 1529">
    <p class='ocr_par' dir='ltr' id='par_1_47' title="bbox 98 1493 889 1529">
     <span class='ocr_line' id='line_1_47' title="bbox 98 1493 889 1529; baseline 0.004 -12"><span class='ocrx_word' id='word_1_322' title='bbox 98 1493 166 1527; x_wconf 74' lang='grc' dir='ltr'>πρὸς</span> <span class='ocrx_word' id='word_1_323' title='bbox 181 1493 263 1527; x_wconf 80' lang='grc' dir='ltr'>ζῆλον</span> <span class='ocrx_word' id='word_1_324' title='bbox 277 1493 327 1528; x_wconf 83' lang='grc' dir='ltr'>τῆς</span> <span class='ocrx_word' id='word_1_325' title='bbox 348 1494 517 1529; x_wconf 74' lang='grc' dir='ltr'>θεομιμήτου</span> <span class='ocrx_word' id='word_1_326' title='bbox 531 1494 621 1520; x_wconf 77' lang='grc' dir='ltr'>αὐτῶν</span> <span class='ocrx_word' id='word_1_327' title='bbox 644 1493 785 1525; x_wconf 74' lang='grc' dir='ltr'>πολιτείας</span> <span class='ocrx_word' id='word_1_328' title='bbox 812 1494 889 1521; x_wconf 86' lang='grc' dir='ltr'>διαν-</span> 
     </span>
    </p>
   </div>
   <div class='ocr_carea' id='block_1_48' title="bbox 99 1538 890 1576">
    <p class='ocr_par' dir='ltr' id='par_1_48' title="bbox 99 1538 890 1576">
     <span class='ocr_line' id='line_1_48' title="bbox 99 1538 890 1576; baseline 0.003 -12"><span class='ocrx_word' id='word_1_329' title='bbox 99 1538 238 1565; x_wconf 74' lang='grc' dir='ltr'>ίετασθαι’</span> <span class='ocrx_word' id='word_1_330' title='bbox 251 1540 365 1566; x_wconf 74' lang='grc' dir='ltr'>καὶτῶν</span> <span class='ocrx_word' id='word_1_331' title='bbox 379 1540 482 1575; x_wconf 78' lang='grc' dir='ltr'>βὶὄλων</span> <span class='ocrx_word' id='word_1_332' title='bbox 493 1541 582 1567; x_wconf 77' lang='grc' dir='ltr'>αὐτῶν</span> <span class='ocrx_word' id='word_1_333' title='bbox 590 1550 665 1572; x_wconf 79' lang='grc' dir='ltr'>τινας</span> <span class='ocrx_word' id='word_1_334' title='bbox 676 1540 716 1575; x_wconf 83' lang='grc' dir='ltr'>τῷ</span> <span class='ocrx_word' id='word_1_335' title='bbox 727 1541 795 1576; x_wconf 64' lang='grc' dir='ltr'>πυρὶ</span> <span class='ocrx_word' id='word_1_336' title='bbox 804 1549 890 1575; x_wconf 84' lang='grc' dir='ltr'>παρα-</span> 
     </span>
    </p>
   </div>
   <div class='ocr_carea' id='block_1_49' title="bbox 96 1584 887 1622">
    <p class='ocr_par' dir='ltr' id='par_1_49' title="bbox 96 1584 887 1622">
     <span class='ocr_line' id='line_1_49' title="bbox 96 1584 887 1622; baseline 0.005 -12"><span class='ocrx_word' id='word_1_337' title='bbox 96 1584 226 1616; x_wconf 73' lang='grc' dir='ltr'>διδόντες,</span> <span class='ocrx_word' id='word_1_338' title='bbox 246 1586 320 1612; x_wconf 73' lang='grc' dir='ltr'>κὸνιν</span> <span class='ocrx_word' id='word_1_339' title='bbox 338 1587 385 1612; x_wconf 79' lang='grc' dir='ltr'>καὶ</span> <span class='ocrx_word' id='word_1_340' title='bbox 398 1587 501 1622; x_wconf 65' lang='grc' dir='ltr'>τέφραν</span> <span class='ocrx_word' id='word_1_341' title='bbox 518 1586 658 1619; x_wconf 79' lang='grc' dir='ltr'>ἀποδεῖξαι</span> <span class='ocrx_word' id='word_1_342' title='bbox 678 1587 887 1620; x_wconf 74' lang='grc' dir='ltr'>διηγωνίσασθε,</span> 
     </span>
    </p>
   </div>
   <div class='ocr_carea' id='block_1_50' title="bbox 940 994 1725 1030">
    <p class='ocr_par' dir='ltr' id='par_1_50' title="bbox 940 994 1725 1030">
     <span class='ocr_line' id='line_1_50' title="bbox 940 994 1725 1030; baseline 0.005 -11"><span class='ocrx_word' id='word_1_343' title='bbox 940 998 1029 1020; x_wconf 87' lang='lat' dir='ltr'><strong>autem</strong></span> <span class='ocrx_word' id='word_1_344' title='bbox 1057 1000 1214 1021; x_wconf 87' lang='lat' dir='ltr'><strong>sanctorum</strong></span> <span class='ocrx_word' id='word_1_345' title='bbox 1246 1002 1360 1028; x_wconf 84' lang='lat' dir='ltr'><strong>preces,</strong></span> <span class='ocrx_word' id='word_1_346' title='bbox 1384 994 1517 1022; x_wconf 86' lang='lat' dir='ltr'><strong>sutfoditis</strong></span> <span class='ocrx_word' id='word_1_347' title='bbox 1548 1000 1725 1030; x_wconf 74' lang='lat' dir='ltr'><strong>augustorum</strong></span> 
     </span>
    </p>
   </div>
   <div class='ocr_carea' id='block_1_51' title="bbox 939 1039 1728 1071">
    <p class='ocr_par' dir='ltr' id='par_1_51' title="bbox 939 1039 1728 1071">
     <span class='ocr_line' id='line_1_51' title="bbox 939 1039 1728 1071; baseline 0.003 -6"><span class='ocrx_word' id='word_1_348' title='bbox 939 1039 1068 1066; x_wconf 86' lang='lat' dir='ltr'><strong>altarium</strong></span> <span class='ocrx_word' id='word_1_349' title='bbox 1086 1048 1178 1067; x_wconf 85' lang='lat' dir='ltr'><strong>sacras</strong></span> <span class='ocrx_word' id='word_1_350' title='bbox 1199 1045 1319 1071; x_wconf 85' lang='lat' dir='ltr'><strong>mensas,</strong></span> <span class='ocrx_word' id='word_1_351' title='bbox 1336 1044 1365 1067; x_wconf 90' lang='lat' dir='ltr'><strong>ut</strong></span> <span class='ocrx_word' id='word_1_352' title='bbox 1380 1039 1489 1067; x_wconf 85' lang='lat' dir='ltr'><strong>ﬂ.nutna</strong></span> <span class='ocrx_word' id='word_1_353' title='bbox 1501 1048 1533 1067; x_wconf 77' lang='lat' dir='ltr'><strong>ex</strong></span> <span class='ocrx_word' id='word_1_354' title='bbox 1551 1041 1646 1067; x_wconf 85' lang='lat' dir='ltr'><strong>horum</strong></span> <span class='ocrx_word' id='word_1_355' title='bbox 1664 1041 1728 1068; x_wconf 87' lang='lat' dir='ltr'><strong>reli-</strong></span> 
     </span>
    </p>
   </div>
   <div class='ocr_carea' id='block_1_52' title="bbox 939 1084 1727 1118">
    <p class='ocr_par' dir='ltr' id='par_1_52' title="bbox 939 1084 1727 1118">
     <span class='ocr_line' id='line_1_52' title="bbox 939 1084 1727 1118; baseline 0.003 -7"><span class='ocrx_word' id='word_1_356' title='bbox 939 1085 1011 1118; x_wconf 88' lang='lat' dir='ltr'><strong>quiis</strong></span> <span class='ocrx_word' id='word_1_357' title='bbox 1023 1086 1155 1118; x_wconf 80' lang='lat' dir='ltr'><strong>ardente,</strong></span> <span class='ocrx_word' id='word_1_358' title='bbox 1174 1086 1255 1112; x_wconf 89' lang='lat' dir='ltr'><strong>sicuti</strong></span> <span class='ocrx_word' id='word_1_359' title='bbox 1280 1090 1369 1112; x_wconf 73' lang='lat' dir='ltr'><strong>vester</strong></span> <span class='ocrx_word' id='word_1_360' title='bbox 1393 1084 1530 1111; x_wconf 71' lang='lat' dir='ltr'><strong>Mammas</strong></span> <span class='ocrx_word' id='word_1_361' title='bbox 1553 1085 1617 1112; x_wconf 81' lang='lat' dir='ltr'><strong>fecit</strong></span> <span class='ocrx_word' id='word_1_362' title='bbox 1631 1093 1663 1113; x_wconf 87' lang='lat' dir='ltr'><strong>ac</strong></span> <span class='ocrx_word' id='word_1_363' title='bbox 1679 1086 1727 1113; x_wconf 87' lang='lat' dir='ltr'><strong>do-</strong></span> 
     </span>
    </p>
   </div>
   <div class='ocr_carea' id='block_1_53' title="bbox 940 1131 1726 1166">
    <p class='ocr_par' dir='ltr' id='par_1_53' title="bbox 940 1131 1726 1166">
     <span class='ocr_line' id='line_1_53' title="bbox 940 1131 1726 1166; baseline 0.001 -8"><span class='ocrx_word' id='word_1_364' title='bbox 940 1131 1010 1164; x_wconf 90' lang='lat' dir='ltr'><strong>cuit,</strong></span> <span class='ocrx_word' id='word_1_365' title='bbox 1045 1132 1242 1166; x_wconf 78' lang='lat' dir='ltr'><strong>perfruamini?</strong></span> <span class='ocrx_word' id='word_1_366' title='bbox 1266 1132 1299 1159; x_wconf 88' lang='lat' dir='ltr'><strong>Et</strong></span> <span class='ocrx_word' id='word_1_367' title='bbox 1329 1132 1497 1159; x_wconf 78' lang='lat' dir='ltr'><strong>venerabiles</strong></span> <span class='ocrx_word' id='word_1_368' title='bbox 1530 1133 1626 1159; x_wconf 84' lang='lat' dir='ltr'><strong>horum</strong></span> <span class='ocrx_word' id='word_1_369' title='bbox 1655 1133 1726 1160; x_wconf 65' lang='lat' dir='ltr'><strong>mdes</strong></span> 
     </span>
    </p>
   </div>
   <div class='ocr_carea' id='block_1_54' title="bbox 940 1177 1726 1212">
    <p class='ocr_par' dir='ltr' id='par_1_54' title="bbox 940 1177 1726 1212">
     <span class='ocr_line' id='line_1_54' title="bbox 940 1177 1726 1212; baseline 0.001 -10"><span class='ocrx_word' id='word_1_370' title='bbox 940 1177 1126 1210; x_wconf 83' lang='lat' dir='ltr'><strong>conspurcatis</strong></span> <span class='ocrx_word' id='word_1_371' title='bbox 1137 1197 1144 1209; x_wconf 90' lang='lat'><strong>,</strong></span> <span class='ocrx_word' id='word_1_372' title='bbox 1158 1177 1288 1211; x_wconf 90' lang='lat' dir='ltr'><strong>omnique</strong></span> <span class='ocrx_word' id='word_1_373' title='bbox 1303 1177 1389 1203; x_wconf 88' lang='lat' dir='ltr'><strong>fetore</strong></span> <span class='ocrx_word' id='word_1_374' title='bbox 1404 1184 1435 1203; x_wconf 88' lang='lat' dir='ltr'><strong>ac</strong></span> <span class='ocrx_word' id='word_1_375' title='bbox 1453 1177 1617 1211; x_wconf 90' lang='lat' dir='ltr'><strong>turpitudine</strong></span> <span class='ocrx_word' id='word_1_376' title='bbox 1632 1177 1726 1212; x_wconf 60' lang='lat' dir='ltr'><strong>opplcv</strong></span> 
     </span>
    </p>
   </div>
   <div class='ocr_carea' id='block_1_55' title="bbox 941 1221 1727 1256">
    <p class='ocr_par' dir='ltr' id='par_1_55' title="bbox 941 1221 1727 1256">
     <span class='ocr_line' id='line_1_55' title="bbox 941 1221 1727 1256; baseline 0.001 -9"><span class='ocrx_word' id='word_1_377' title='bbox 941 1221 984 1253; x_wconf 79' lang='lat' dir='ltr'><strong>tis,</strong></span> <span class='ocrx_word' id='word_1_378' title='bbox 1007 1226 1100 1248; x_wconf 82' lang='lat' dir='ltr'><strong>sancta</strong></span> <span class='ocrx_word' id='word_1_379' title='bbox 1121 1221 1242 1256; x_wconf 87' lang='lat' dir='ltr'><strong>pollnitis</strong></span> <span class='ocrx_word' id='word_1_380' title='bbox 1258 1226 1286 1249; x_wconf 92' lang='lat' dir='ltr'><strong>et</strong></span> <span class='ocrx_word' id='word_1_381' title='bbox 1299 1221 1451 1256; x_wconf 85' lang='lat' dir='ltr'><strong>profanatis</strong></span> <span class='ocrx_word' id='word_1_382' title='bbox 1471 1229 1532 1248; x_wconf 80' lang='lat' dir='ltr'><strong>rum</strong></span> <span class='ocrx_word' id='word_1_383' title='bbox 1556 1221 1663 1248; x_wconf 87' lang='lat' dir='ltr'><strong>illormn</strong></span> <span class='ocrx_word' id='word_1_384' title='bbox 1682 1229 1727 1248; x_wconf 82' lang='lat' dir='ltr'><strong>sa-</strong></span> 
     </span>
    </p>
   </div>
   <div class='ocr_carea' id='block_1_56' title="bbox 939 1266 1726 1301">
    <p class='ocr_par' dir='ltr' id='par_1_56' title="bbox 939 1266 1726 1301">
     <span class='ocr_line' id='line_1_56' title="bbox 939 1266 1726 1301; baseline -0.003 -7"><span class='ocrx_word' id='word_1_385' title='bbox 939 1267 994 1294; x_wconf 90' lang='lat' dir='ltr'><strong>cris</strong></span> <span class='ocrx_word' id='word_1_386' title='bbox 1005 1267 1152 1299; x_wconf 65' lang='lat' dir='ltr'><strong>caelaturis,</strong></span> <span class='ocrx_word' id='word_1_387' title='bbox 1164 1267 1263 1301; x_wconf 84' lang='lat' dir='ltr'><strong>quibus</strong></span> <span class='ocrx_word' id='word_1_388' title='bbox 1277 1272 1425 1301; x_wconf 84' lang='lat' dir='ltr'><strong>martyrum</strong></span> <span class='ocrx_word' id='word_1_389' title='bbox 1439 1273 1482 1293; x_wconf 88' lang='lat' dir='ltr'><strong>res</strong></span> <span class='ocrx_word' id='word_1_390' title='bbox 1495 1266 1622 1300; x_wconf 70' lang='lat' dir='ltr'><strong>praeclare</strong></span> <span class='ocrx_word' id='word_1_391' title='bbox 1632 1272 1726 1300; x_wconf 75' lang='lat' dir='ltr'><strong>ges-ur,</strong></span> 
     </span>
    </p>
   </div>
   <div class='ocr_carea' id='block_1_57' title="bbox 940 1311 1728 1345">
    <p class='ocr_par' dir='ltr' id='par_1_57' title="bbox 940 1311 1728 1345">
     <span class='ocr_line' id='line_1_57' title="bbox 940 1311 1728 1345; baseline -0.001 -6"><span class='ocrx_word' id='word_1_392' title='bbox 940 1317 966 1339; x_wconf 93' lang='lat' dir='ltr'><strong>et</strong></span> <span class='ocrx_word' id='word_1_393' title='bbox 981 1312 1099 1339; x_wconf 86' lang='lat' dir='ltr'><strong>celebria</strong></span> <span class='ocrx_word' id='word_1_394' title='bbox 1115 1313 1273 1345; x_wconf 78' lang='lat' dir='ltr'><strong>certamina,</strong></span> <span class='ocrx_word' id='word_1_395' title='bbox 1291 1320 1339 1339; x_wconf 88' lang='lat' dir='ltr'><strong>ceu</strong></span> <span class='ocrx_word' id='word_1_396' title='bbox 1361 1312 1389 1338; x_wconf 83' lang='lat' dir='ltr'><strong>tit</strong></span> <span class='ocrx_word' id='word_1_397' title='bbox 1404 1312 1429 1338; x_wconf 86' lang='lat' dir='ltr'><strong>iu</strong></span> <span class='ocrx_word' id='word_1_398' title='bbox 1446 1311 1523 1339; x_wconf 87' lang='lat' dir='ltr'><strong>libris</strong></span> <span class='ocrx_word' id='word_1_399' title='bbox 1545 1312 1581 1338; x_wconf 84' lang='lat' dir='ltr'><strong>ita</strong></span> <span class='ocrx_word' id='word_1_400' title='bbox 1599 1311 1624 1338; x_wconf 94' lang='lat' dir='ltr'><strong>in</strong></span> <span class='ocrx_word' id='word_1_401' title='bbox 1640 1311 1728 1338; x_wconf 85' lang='lat' dir='ltr'><strong>eccle-</strong></span> 
     </span>
    </p>
   </div>
   <div class='ocr_carea' id='block_1_58' title="bbox 940 1357 1728 1392">
    <p class='ocr_par' dir='ltr' id='par_1_58' title="bbox 940 1357 1728 1392">
     <span class='ocr_line' id='line_1_58' title="bbox 940 1357 1728 1392; baseline -0.001 -8"><span class='ocrx_word' id='word_1_402' title='bbox 940 1358 989 1385; x_wconf 85' lang='lat' dir='ltr'><strong>siis</strong></span> <span class='ocrx_word' id='word_1_403' title='bbox 1016 1365 1048 1385; x_wconf 86' lang='lat' dir='ltr'><strong>ac</strong></span> <span class='ocrx_word' id='word_1_404' title='bbox 1076 1358 1175 1385; x_wconf 84' lang='lat' dir='ltr'><strong>tabulis</strong></span> <span class='ocrx_word' id='word_1_405' title='bbox 1193 1357 1334 1392; x_wconf 81' lang='lat' dir='ltr'><strong>splendide</strong></span> <span class='ocrx_word' id='word_1_406' title='bbox 1359 1357 1431 1391; x_wconf 88' lang='lat' dir='ltr'><strong>picta</strong></span> <span class='ocrx_word' id='word_1_407' title='bbox 1458 1357 1637 1384; x_wconf 86' lang='lat' dir='ltr'><strong>exhibentur.</strong></span> <span class='ocrx_word' id='word_1_408' title='bbox 1658 1357 1728 1389; x_wconf 83' lang='lat' dir='ltr'><strong>Quin</strong></span> 
     </span>
    </p>
   </div>
   <div class='ocr_carea' id='block_1_59' title="bbox 939 1402 1728 1437">
    <p class='ocr_par' dir='ltr' id='par_1_59' title="bbox 939 1402 1728 1437">
     <span class='ocr_line' id='line_1_59' title="bbox 939 1402 1728 1437; baseline -0.001 -7"><span class='ocrx_word' id='word_1_409' title='bbox 939 1403 1007 1431; x_wconf 87' lang='lat' dir='ltr'><strong>adeo</strong></span> <span class='ocrx_word' id='word_1_410' title='bbox 1032 1404 1109 1431; x_wconf 85' lang='lat' dir='ltr'><strong>libris</strong></span> <span class='ocrx_word' id='word_1_411' title='bbox 1135 1403 1217 1430; x_wconf 89' lang='lat' dir='ltr'><strong>etiam</strong></span> <span class='ocrx_word' id='word_1_412' title='bbox 1242 1403 1345 1437; x_wconf 86' lang='lat' dir='ltr'><strong>aliquot</strong></span> <span class='ocrx_word' id='word_1_413' title='bbox 1367 1403 1431 1430; x_wconf 86' lang='lat' dir='ltr'><strong>talia</strong></span> <span class='ocrx_word' id='word_1_414' title='bbox 1448 1402 1651 1430; x_wconf 86' lang='lat' dir='ltr'><strong>continentibus</strong></span> <span class='ocrx_word' id='word_1_415' title='bbox 1672 1403 1728 1436; x_wconf 75' lang='lat' dir='ltr'><strong>igni</strong></span> 
     </span>
    </p>
   </div>
   <div class='ocr_carea' id='block_1_60' title="bbox 941 1448 1728 1483">
    <p class='ocr_par' dir='ltr' id='par_1_60' title="bbox 941 1448 1728 1483">
     <span class='ocr_line' id='line_1_60' title="bbox 941 1448 1728 1483; baseline -0.001 -7"><span class='ocrx_word' id='word_1_416' title='bbox 941 1449 1058 1481; x_wconf 81' lang='lat' dir='ltr'><strong>traditis,</strong></span> <span class='ocrx_word' id='word_1_417' title='bbox 1077 1450 1196 1476; x_wconf 87' lang='lat' dir='ltr'><strong>cinerem</strong></span> <span class='ocrx_word' id='word_1_418' title='bbox 1212 1448 1387 1483; x_wconf 81' lang='lat' dir='ltr'><strong>favillamque</strong></span> <span class='ocrx_word' id='word_1_419' title='bbox 1409 1450 1458 1476; x_wconf 90' lang='lat' dir='ltr'><strong>hos</strong></span> <span class='ocrx_word' id='word_1_420' title='bbox 1471 1448 1625 1475; x_wconf 87' lang='lat' dir='ltr'><strong>eﬂiciendos</strong></span> <span class='ocrx_word' id='word_1_421' title='bbox 1646 1455 1728 1475; x_wconf 87' lang='lat' dir='ltr'><strong>cura-</strong></span> 
     </span>
    </p>
   </div>
   <div class='ocr_carea' id='block_1_61' title="bbox 941 1494 1729 1526">
    <p class='ocr_par' dir='ltr' id='par_1_61' title="bbox 941 1494 1729 1526">
     <span class='ocr_line' id='line_1_61' title="bbox 941 1494 1729 1526; baseline 0 -5"><span class='ocrx_word' id='word_1_422' title='bbox 941 1495 1010 1526; x_wconf 88' lang='lat' dir='ltr'><strong>stis,</strong></span> <span class='ocrx_word' id='word_1_423' title='bbox 1031 1499 1059 1521; x_wconf 91' lang='lat' dir='ltr'><strong>ut</strong></span> <span class='ocrx_word' id='word_1_424' title='bbox 1075 1495 1115 1522; x_wconf 92' lang='lat' dir='ltr'><strong>sic</strong></span> <span class='ocrx_word' id='word_1_425' title='bbox 1131 1495 1214 1521; x_wconf 90' lang='lat' dir='ltr'><strong>etiam</strong></span> <span class='ocrx_word' id='word_1_426' title='bbox 1240 1499 1395 1522; x_wconf 87' lang='lat' dir='ltr'><strong>sanctorqu</strong></span> <span class='ocrx_word' id='word_1_427' title='bbox 1421 1494 1580 1522; x_wconf 86' lang='lat' dir='ltr'><strong>memoriam</strong></span> <span class='ocrx_word' id='word_1_428' title='bbox 1606 1494 1729 1521; x_wconf 89' lang='lat' dir='ltr'><strong>funditus</strong></span> 
     </span>
    </p>
   </div>
   <div class='ocr_carea' id='block_1_62' title="bbox 940 1540 1729 1575">
    <p class='ocr_par' dir='ltr' id='par_1_62' title="bbox 940 1540 1729 1575">
     <span class='ocr_line' id='line_1_62' title="bbox 940 1540 1729 1575; baseline -0.001 -7"><span class='ocrx_word' id='word_1_429' title='bbox 940 1540 1097 1568; x_wconf 88' lang='lat' dir='ltr'><strong>aboleretis.</strong></span> <span class='ocrx_word' id='word_1_430' title='bbox 1109 1540 1166 1568; x_wconf 83' lang='lat' dir='ltr'><strong>Jam</strong></span> <span class='ocrx_word' id='word_1_431' title='bbox 1186 1547 1249 1567; x_wconf 90' lang='lat' dir='ltr'><strong>vero</strong></span> <span class='ocrx_word' id='word_1_432' title='bbox 1269 1541 1313 1575; x_wconf 86' lang='lat' dir='ltr'><strong>qui</strong></span> <span class='ocrx_word' id='word_1_433' title='bbox 1333 1541 1369 1567; x_wconf 85' lang='lat' dir='ltr'><strong>ita</strong></span> <span class='ocrx_word' id='word_1_434' title='bbox 1387 1541 1517 1568; x_wconf 83' lang='lat' dir='ltr'><strong>adversus</strong></span> <span class='ocrx_word' id='word_1_435' title='bbox 1530 1545 1639 1568; x_wconf 88' lang='lat' dir='ltr'><strong>sanctos</strong></span> <span class='ocrx_word' id='word_1_436' title='bbox 1656 1542 1729 1567; x_wconf 90' lang='lat' dir='ltr'><strong>inso-</strong></span> 
     </span>
    </p>
   </div>
   <div class='ocr_carea' id='block_1_63' title="bbox 941 1585 1729 1621">
    <p class='ocr_par' dir='ltr' id='par_1_63' title="bbox 941 1585 1729 1621">
     <span class='ocr_line' id='line_1_63' title="bbox 941 1585 1729 1621; baseline -0.004 -7"><span class='ocrx_word' id='word_1_437' title='bbox 941 1589 1045 1615; x_wconf 79' lang='lat' dir='ltr'><strong>lescunt</strong></span> <span class='ocrx_word' id='word_1_438' title='bbox 1059 1586 1154 1621; x_wconf 91' lang='lat' dir='ltr'><strong>(prout</strong></span> <span class='ocrx_word' id='word_1_439' title='bbox 1165 1593 1198 1612; x_wconf 79' lang='lat' dir='ltr'><strong>ex</strong></span> <span class='ocrx_word' id='word_1_440' title='bbox 1219 1593 1247 1612; x_wconf 88' lang='lat' dir='ltr'><strong>re</strong></span> <span class='ocrx_word' id='word_1_441' title='bbox 1268 1586 1407 1620; x_wconf 67' lang='lat' dir='ltr'><strong>praesenti,</strong></span> <span class='ocrx_word' id='word_1_442' title='bbox 1424 1586 1540 1620; x_wconf 88' lang='lat' dir='ltr'><strong>quisque</strong></span> <span class='ocrx_word' id='word_1_443' title='bbox 1555 1586 1639 1616; x_wconf 83' lang='lat' dir='ltr'><strong>volel,</strong></span> <span class='ocrx_word' id='word_1_444' title='bbox 1656 1585 1729 1612; x_wconf 84' lang='lat' dir='ltr'><strong>allir-</strong></span> 
     </span>
    </p>
   </div>
   <div class='ocr_carea' id='block_1_64' title="bbox 97 1629 886 1667">
    <p class='ocr_par' dir='ltr' id='par_1_64' title="bbox 97 1629 886 1667">
     <span class='ocr_line' id='line_1_64' title="bbox 97 1629 886 1667; baseline 0.005 -13"><span class='ocrx_word' id='word_1_445' title='bbox 97 1629 142 1655; x_wconf 77' lang='grc' dir='ltr'>ἵνα</span> <span class='ocrx_word' id='word_1_446' title='bbox 157 1630 206 1655; x_wconf 76' lang='grc' dir='ltr'>καὶ</span> <span class='ocrx_word' id='word_1_447' title='bbox 221 1630 266 1656; x_wconf 77' lang='grc' dir='ltr'><strong>διὰ</strong></span> <span class='ocrx_word' id='word_1_448' title='bbox 278 1630 382 1657; x_wconf 79' lang='grc' dir='ltr'>τούτων</span> <span class='ocrx_word' id='word_1_449' title='bbox 395 1631 445 1666; x_wconf 85' lang='grc' dir='ltr'>τὴν</span> <span class='ocrx_word' id='word_1_450' title='bbox 462 1632 574 1667; x_wconf 80' lang='grc' dir='ltr'>μνήμην</span> <span class='ocrx_word' id='word_1_451' title='bbox 604 1631 695 1658; x_wconf 71' lang='grc' dir='ltr'>αὐτῶν</span> <span class='ocrx_word' id='word_1_452' title='bbox 712 1631 803 1658; x_wconf 83' lang='grc' dir='ltr'>τέλεον</span> <span class='ocrx_word' id='word_1_453' title='bbox 820 1632 886 1658; x_wconf 86' lang='grc' dir='ltr'>ἁπο-</span> 
     </span>
    </p>
   </div>
   <div class='ocr_carea' id='block_1_65' title="bbox 940 1629 1728 1667">
    <p class='ocr_par' dir='ltr' id='par_1_65' title="bbox 942 1631 1728 1666">
     <span class='ocr_line' id='line_1_65' title="bbox 942 1631 1728 1666; baseline -0.006 -5"><span class='ocrx_word' id='word_1_454' title='bbox 942 1633 1067 1661; x_wconf 86' lang='lat' dir='ltr'><strong>mationis</strong></span> <span class='ocrx_word' id='word_1_455' title='bbox 1096 1632 1238 1659; x_wconf 83' lang='lat' dir='ltr'><strong>veritatem</strong></span> <span class='ocrx_word' id='word_1_456' title='bbox 1256 1632 1409 1666; x_wconf 86' lang='lat' dir='ltr'><strong>comperire</strong></span> <span class='ocrx_word' id='word_1_457' title='bbox 1434 1631 1566 1666; x_wconf 83' lang='lat' dir='ltr'><strong>poterit),</strong></span> <span class='ocrx_word' id='word_1_458' title='bbox 1591 1631 1653 1665; x_wconf 90' lang='lat' dir='ltr'><strong>quid</strong></span> <span class='ocrx_word' id='word_1_459' title='bbox 1677 1637 1728 1657; x_wconf 85' lang='lat' dir='ltr'><strong>non</strong></span> 
     </span>
    </p>
   </div>
   <div class='ocr_carea' id='block_1_66' title="bbox 98 1675 890 1712">
    <p class='ocr_par' dir='ltr' id='par_1_66' title="bbox 98 1675 890 1712">
     <span class='ocr_line' id='line_1_66' title="bbox 98 1675 890 1712; baseline 0.005 -12"><span class='ocrx_word' id='word_1_460' title='bbox 98 1675 215 1710; x_wconf 72' lang='grc' dir='ltr'>σόἐσητε</span> <span class='ocrx_word' id='word_1_461' title='bbox 230 1683 236 1690; x_wconf 84' lang='grc'><em>’</em></span> <span class='ocrx_word' id='word_1_462' title='bbox 252 1676 276 1701; x_wconf 87' lang='grc' dir='ltr'>οἱ</span> <span class='ocrx_word' id='word_1_463' title='bbox 289 1675 362 1702; x_wconf 75' lang='grc' dir='ltr'>οὕτω</span> <span class='ocrx_word' id='word_1_464' title='bbox 374 1677 428 1702; x_wconf 83' lang='grc' dir='ltr'>τῶν</span> <span class='ocrx_word' id='word_1_465' title='bbox 443 1677 529 1710; x_wconf 82' lang='grc' dir='ltr'>ἁγίων</span> <span class='ocrx_word' id='word_1_466' title='bbox 555 1677 836 1712; x_wconf 78' lang='grc' dir='ltr'>κατανεανιευόμενοι,</span> <span class='ocrx_word' id='word_1_467' title='bbox 853 1677 890 1709; x_wconf 83' lang='grc' dir='ltr'>ὡς</span> 
     </span>
    </p>
   </div>
   <div class='ocr_carea' id='block_1_67' title="bbox 96 1721 890 1758">
    <p class='ocr_par' dir='ltr' id='par_1_67' title="bbox 96 1721 890 1758">
     <span class='ocr_line' id='line_1_67' title="bbox 96 1721 890 1758; baseline 0.003 -12"><span class='ocrx_word' id='word_1_468' title='bbox 96 1722 129 1747; x_wconf 78' lang='grc' dir='ltr'>ἐκ</span> <span class='ocrx_word' id='word_1_469' title='bbox 143 1721 198 1747; x_wconf 82' lang='grc' dir='ltr'>τῶν</span> <span class='ocrx_word' id='word_1_470' title='bbox 210 1722 354 1756; x_wconf 77' lang='grc' dir='ltr'><strong>παρόντων</strong></span> <span class='ocrx_word' id='word_1_471' title='bbox 371 1723 406 1749; x_wconf 82' lang='grc' dir='ltr'>τὰ</span> <span class='ocrx_word' id='word_1_472' title='bbox 428 1722 476 1748; x_wconf 76' lang='grc' dir='ltr'>τοῦ</span> <span class='ocrx_word' id='word_1_473' title='bbox 500 1722 618 1758; x_wconf 73' lang='grc' dir='ltr'>ἀληθοῦς</span> <span class='ocrx_word' id='word_1_474' title='bbox 639 1723 830 1758; x_wconf 81' lang='grc' dir='ltr'>τεκμήρασθαι</span> <span class='ocrx_word' id='word_1_475' title='bbox 851 1723 890 1758; x_wconf 81' lang='grc' dir='ltr'>τῷ</span> 
     </span>
    </p>
   </div>
   <div class='ocr_carea' id='block_1_68' title="bbox 98 1766 890 1804">
    <p class='ocr_par' dir='ltr' id='par_1_68' title="bbox 98 1766 890 1804">
     <span class='ocr_line' id='line_1_68' title="bbox 98 1766 890 1804; baseline 0.004 -13"><span class='ocrx_word' id='word_1_476' title='bbox 98 1766 260 1802; x_wconf 75' lang='grc' dir='ltr'>βουλομένῳ</span> <span class='ocrx_word' id='word_1_477' title='bbox 273 1767 357 1794; x_wconf 75' lang='grc' dir='ltr'>παντὶ</span> <span class='ocrx_word' id='word_1_478' title='bbox 369 1767 416 1794; x_wconf 69' lang='grc' dir='ltr'>καὶ</span> <span class='ocrx_word' id='word_1_479' title='bbox 425 1768 541 1794; x_wconf 84' lang='grc' dir='ltr'>συνιδεῖν</span> <span class='ocrx_word' id='word_1_480' title='bbox 552 1768 640 1800; x_wconf 79' lang='grc' dir='ltr'>ἔξεστι</span> <span class='ocrx_word' id='word_1_481' title='bbox 654 1777 660 1784; x_wconf 92' lang='grc'><strong>·</strong></span> <span class='ocrx_word' id='word_1_482' title='bbox 675 1768 701 1794; x_wconf 84' lang='grc' dir='ltr'><strong>τί</strong></span> <span class='ocrx_word' id='word_1_483' title='bbox 715 1769 765 1794; x_wconf 76' lang='grc' dir='ltr'>οὐκ</span> <span class='ocrx_word' id='word_1_484' title='bbox 778 1768 890 1804; x_wconf 77' lang='grc' dir='ltr'>ἔμελλον</span> 
     </span>
    </p>
   </div>
   <div class='ocr_carea' id='block_1_69' title="bbox 95 1811 890 1849">
    <p class='ocr_par' dir='ltr' id='par_1_69' title="bbox 95 1811 890 1849">
     <span class='ocr_line' id='line_1_69' title="bbox 95 1811 890 1849; baseline 0.004 -12"><span class='ocrx_word' id='word_1_485' title='bbox 95 1811 152 1837; x_wconf 84' lang='grc' dir='ltr'>τῶν</span> <span class='ocrx_word' id='word_1_486' title='bbox 169 1812 266 1838; x_wconf 84' lang='grc' dir='ltr'>δεινῶν</span> <span class='ocrx_word' id='word_1_487' title='bbox 281 1813 329 1839; x_wconf 77' lang='grc' dir='ltr'>καὶ</span> <span class='ocrx_word' id='word_1_488' title='bbox 344 1813 470 1840; x_wconf 79' lang='grc' dir='ltr'><strong>ἐκτόπων</strong></span> <span class='ocrx_word' id='word_1_489' title='bbox 490 1814 529 1844; x_wconf 81' lang='grc' dir='ltr'><strong>εις</strong></span> <span class='ocrx_word' id='word_1_490' title='bbox 544 1814 644 1845; x_wconf 84' lang='grc' dir='ltr'>αὐτοὺς</span> <span class='ocrx_word' id='word_1_491' title='bbox 668 1814 788 1849; x_wconf 82' lang='grc' dir='ltr'>δράσειν,</span> <span class='ocrx_word' id='word_1_492' title='bbox 811 1815 890 1849; x_wconf 75' lang='grc' dir='ltr'>εἰπερ</span> 
     </span>
    </p>
   </div>
   <div class='ocr_carea' id='block_1_70' title="bbox 96 1858 889 1895">
    <p class='ocr_par' dir='ltr' id='par_1_70' title="bbox 96 1858 889 1895">
     <span class='ocr_line' id='line_1_70' title="bbox 96 1858 889 1895; baseline 0.005 -13"><span class='ocrx_word' id='word_1_493' title='bbox 96 1858 189 1889; x_wconf 64' lang='grc' dir='ltr'>αὐτοῖς</span> <span class='ocrx_word' id='word_1_494' title='bbox 208 1859 390 1893; x_wconf 78' lang='grc' dir='ltr'>συνήκμασαν</span> <span class='ocrx_word' id='word_1_495' title='bbox 402 1859 464 1886; x_wconf 81' lang='grc' dir='ltr'>καθ’</span> <span class='ocrx_word' id='word_1_496' title='bbox 479 1859 508 1886; x_wconf 77' lang='grc' dir='ltr'>ὃν</span> <span class='ocrx_word' id='word_1_497' title='bbox 523 1860 618 1894; x_wconf 78' lang='grc' dir='ltr'>χρόνον</span> <span class='ocrx_word' id='word_1_498' title='bbox 632 1860 661 1885; x_wconf 81' lang='grc' dir='ltr'>ὲν</span> <span class='ocrx_word' id='word_1_499' title='bbox 685 1860 748 1894; x_wconf 79' lang='grc' dir='ltr'>τῇδε</span> <span class='ocrx_word' id='word_1_500' title='bbox 775 1861 808 1894; x_wconf 81' lang='grc' dir='ltr'>τῇ</span> <span class='ocrx_word' id='word_1_501' title='bbox 833 1860 889 1895; x_wconf 82' lang='grc' dir='ltr'>ζωῇ</span> 
     </span>
    </p>
   </div>
   <div class='ocr_carea' id='block_1_71' title="bbox 96 1904 889 1941">
    <p class='ocr_par' dir='ltr' id='par_1_71' title="bbox 96 1904 889 1941">
     <span class='ocr_line' id='line_1_71' title="bbox 96 1904 889 1941; baseline 0 -10"><span class='ocrx_word' id='word_1_502' title='bbox 96 1905 252 1937; x_wconf 71' lang='grc' dir='ltr'>ὲῦιὸτευον;</span> <span class='ocrx_word' id='word_1_503' title='bbox 267 1904 322 1941; x_wconf 84' lang='grc' dir='ltr'>ἆρα</span> <span class='ocrx_word' id='word_1_504' title='bbox 337 1906 398 1940; x_wconf 82' lang='grc' dir='ltr'><strong>οὐχὶ</strong></span> <span class='ocrx_word' id='word_1_505' title='bbox 416 1906 470 1932; x_wconf 83' lang='grc' dir='ltr'><strong>τῶν</strong></span> <span class='ocrx_word' id='word_1_506' title='bbox 485 1906 628 1940; x_wconf 84' lang='grc' dir='ltr'>παρόντων</span> <span class='ocrx_word' id='word_1_507' title='bbox 642 1905 733 1932; x_wconf 86' lang='grc' dir='ltr'>πολλώ</span> <span class='ocrx_word' id='word_1_508' title='bbox 759 1906 844 1941; x_wconf 79' lang='grc' dir='ltr'>χείρω</span> <span class='ocrx_word' id='word_1_509' title='bbox 859 1914 889 1931; x_wconf 86' lang='grc' dir='ltr'><strong>τε</strong></span> 
     </span>
    </p>
   </div>
   <div class='ocr_carea' id='block_1_72' title="bbox 97 1949 572 1984">
    <p class='ocr_par' dir='ltr' id='par_1_72' title="bbox 97 1949 572 1984">
     <span class='ocr_line' id='line_1_72' title="bbox 97 1949 572 1984; baseline 0 -8"><span class='ocrx_word' id='word_1_510' title='bbox 97 1951 239 1982; x_wconf 72' lang='grc' dir='ltr'>εὐσεὸεἱας</span> <span class='ocrx_word' id='word_1_511' title='bbox 251 1949 377 1982; x_wconf 76' lang='grc' dir='ltr'>ἔνστασις</span> <span class='ocrx_word' id='word_1_512' title='bbox 393 1950 572 1984; x_wconf 83' lang='grc' dir='ltr'>διεδείκνυτο;</span> 
     </span>
    </p>
   </div>
   <div class='ocr_carea' id='block_1_73' title="bbox 133 1996 890 2030">
    <p class='ocr_par' dir='ltr' id='par_1_73' title="bbox 133 1996 890 2030">
     <span class='ocr_line' id='line_1_73' title="bbox 133 1996 890 2030; baseline -0.001 -7"><span class='ocrx_word' id='word_1_513' title='bbox 133 1997 181 2023; x_wconf 84' lang='grc' dir='ltr'>νδ¹.</span> <span class='ocrx_word' id='word_1_514' title='bbox 205 1996 278 2023; x_wconf 76' lang='grc' dir='ltr'><strong>Ἀλλ’</strong></span> <span class='ocrx_word' id='word_1_515' title='bbox 293 1996 511 2023; x_wconf 70' lang='grc' dir='ltr'>ὑποπλάττονται</span> <span class='ocrx_word' id='word_1_516' title='bbox 527 1997 577 2030; x_wconf 86' lang='grc' dir='ltr'>μὲν</span> <span class='ocrx_word' id='word_1_517' title='bbox 589 1996 638 2022; x_wconf 82' lang='grc' dir='ltr'>οὐκ</span> <span class='ocrx_word' id='word_1_518' title='bbox 654 1996 763 2022; x_wconf 75' lang='grc' dir='ltr'>ἀσεϐεῖν</span> <span class='ocrx_word' id='word_1_519' title='bbox 774 1996 813 2027; x_wconf 81' lang='grc' dir='ltr'><strong>εἰς</strong></span> <span class='ocrx_word' id='word_1_520' title='bbox 827 1996 890 2027; x_wconf 90' lang='grc' dir='ltr'>τοὺς</span> 
     </span>
    </p>
   </div>
   <div class='ocr_carea' id='block_1_74' title="bbox 96 2042 890 2076">
    <p class='ocr_par' dir='ltr' id='par_1_74' title="bbox 96 2042 890 2076">
     <span class='ocr_line' id='line_1_74' title="bbox 96 2042 890 2076; baseline -0.001 -7"><span class='ocrx_word' id='word_1_521' title='bbox 96 2044 191 2074; x_wconf 73' lang='grc' dir='ltr'>ναοὺς,</span> <span class='ocrx_word' id='word_1_522' title='bbox 219 2042 451 2076; x_wconf 78' lang='grc' dir='ltr'>παραλογίζονται</span> <span class='ocrx_word' id='word_1_523' title='bbox 478 2042 506 2068; x_wconf 83' lang='grc' dir='ltr'>δὲ</span> <span class='ocrx_word' id='word_1_524' title='bbox 529 2042 651 2073; x_wconf 78' lang='grc' dir='ltr'>ἑαυτοὺς,</span> <span class='ocrx_word' id='word_1_525' title='bbox 680 2042 817 2076; x_wconf 73' lang='grc' dir='ltr'>λέγοντες,</span> <span class='ocrx_word' id='word_1_526' title='bbox 849 2043 890 2068; x_wconf 85' lang='grc' dir='ltr'>ὅτι</span> 
     </span>
    </p>
   </div>
   <div class='ocr_carea' id='block_1_75' title="bbox 100 2084 893 2122">
    <p class='ocr_par' dir='ltr' id='par_1_75' title="bbox 100 2084 893 2122">
     <span class='ocr_line' id='line_1_75' title="bbox 100 2084 893 2122; baseline 0.001 -10"><span class='ocrx_word' id='word_1_527' title='bbox 100 2098 109 2112; x_wconf 73' lang='grc' dir='ltr'><strong>ι</strong></span> <span class='ocrx_word' id='word_1_528' title='bbox 117 2087 209 2122; x_wconf 71' lang='grc' dir='ltr'>’Ἄγιδί</span> <span class='ocrx_word' id='word_1_529' title='bbox 217 2088 286 2113; x_wconf 83' lang='grc' dir='ltr'>εἰσιν</span> <span class='ocrx_word' id='word_1_530' title='bbox 296 2084 381 2119; x_wconf 76' lang='grc' dir='ltr'>οὗτοι,</span> <span class='ocrx_word' id='word_1_531' title='bbox 389 2086 433 2113; x_wconf 81' lang='grc' dir='ltr'><strong>διὰ</strong></span> <span class='ocrx_word' id='word_1_532' title='bbox 440 2085 490 2118; x_wconf 58' lang='grc' dir='ltr'><strong>τὰς</strong></span> <span class='ocrx_word' id='word_1_533' title='bbox 500 2086 665 2120; x_wconf 74' lang='grc' dir='ltr'>τελουμένας</span> <span class='ocrx_word' id='word_1_534' title='bbox 674 2086 778 2118; x_wconf 81' lang='grc' dir='ltr'>θυσίας,</span> <span class='ocrx_word' id='word_1_535' title='bbox 788 2087 893 2118; x_wconf 80' lang='grc' dir='ltr'>καὶτὰς</span> 
     </span>
    </p>
   </div>
   <div class='ocr_carea' id='block_1_76' title="bbox 98 2132 891 2168">
    <p class='ocr_par' dir='ltr' id='par_1_76' title="bbox 98 2132 891 2168">
     <span class='ocr_line' id='line_1_76' title="bbox 98 2132 891 2168; baseline -0.001 -9"><span class='ocrx_word' id='word_1_536' title='bbox 98 2133 176 2168; x_wconf 73' lang='grc' dir='ltr'>ἱερὰς</span> <span class='ocrx_word' id='word_1_537' title='bbox 186 2133 271 2167; x_wconf 69' lang='grc' dir='ltr'>εὐχὰς</span> <span class='ocrx_word' id='word_1_538' title='bbox 286 2133 334 2159; x_wconf 74' lang='grc' dir='ltr'>καὶ</span> <span class='ocrx_word' id='word_1_539' title='bbox 346 2133 577 2168; x_wconf 78' lang='grc' dir='ltr'>ὲπικλήσεις,τὰς</span> <span class='ocrx_word' id='word_1_540' title='bbox 592 2133 638 2159; x_wconf 84' lang='grc' dir='ltr'><strong>ἐπὶ</strong></span> <span class='ocrx_word' id='word_1_541' title='bbox 649 2133 704 2159; x_wconf 82' lang='grc' dir='ltr'>τῶν</span> <span class='ocrx_word' id='word_1_542' title='bbox 719 2132 891 2167; x_wconf 78' lang='grc' dir='ltr'>ὲδραιώσεων</span> 
     </span>
    </p>
   </div>
   <div class='ocr_carea' id='block_1_77' title="bbox 96 2178 890 2215">
    <p class='ocr_par' dir='ltr' id='par_1_77' title="bbox 96 2178 890 2215">
     <span class='ocr_line' id='line_1_77' title="bbox 96 2178 890 2215; baseline -0.001 -9"><span class='ocrx_word' id='word_1_543' title='bbox 96 2180 187 2206; x_wconf 62' lang='grc' dir='ltr'>αὑτῶν</span> <span class='ocrx_word' id='word_1_544' title='bbox 203 2179 440 2215; x_wconf 82' lang='grc' dir='ltr'>ίερολογουμένας.</span> <span class='ocrx_word' id='word_1_545' title='bbox 461 2189 470 2204; x_wconf 78' lang='grc' dir='ltr'><strong>ι</strong></span> <span class='ocrx_word' id='word_1_546' title='bbox 484 2178 550 2205; x_wconf 82' lang='grc' dir='ltr'>Εἶτα</span> <span class='ocrx_word' id='word_1_547' title='bbox 565 2179 624 2210; x_wconf 86' lang='grc' dir='ltr'>πῶς</span> <span class='ocrx_word' id='word_1_548' title='bbox 640 2180 690 2206; x_wconf 73' lang='grc' dir='ltr'>οὐκ</span> <span class='ocrx_word' id='word_1_549' title='bbox 704 2179 828 2205; x_wconf 75' lang='grc' dir='ltr'>ἁσύνετοι</span> <span class='ocrx_word' id='word_1_550' title='bbox 843 2179 890 2205; x_wconf 78' lang='grc' dir='ltr'><strong>καί</strong></span> 
     </span>
    </p>
   </div>
   <div class='ocr_carea' id='block_1_78' title="bbox 95 2225 890 2261">
    <p class='ocr_par' dir='ltr' id='par_1_78' title="bbox 95 2225 890 2261">
     <span class='ocr_line' id='line_1_78' title="bbox 95 2225 890 2261; baseline 0 -9"><span class='ocrx_word' id='word_1_551' title='bbox 95 2226 274 2261; x_wconf 77' lang='grc' dir='ltr'>ἀπόπληκτοι</span> <span class='ocrx_word' id='word_1_552' title='bbox 290 2226 418 2260; x_wconf 81' lang='grc' dir='ltr'>πάμπαν,</span> <span class='ocrx_word' id='word_1_553' title='bbox 436 2225 467 2251; x_wconf 87' lang='grc' dir='ltr'>οὺ</span> <span class='ocrx_word' id='word_1_554' title='bbox 489 2225 625 2257; x_wconf 81' lang='grc' dir='ltr'>συνιέντες</span> <span class='ocrx_word' id='word_1_555' title='bbox 643 2226 680 2257; x_wconf 82' lang='grc' dir='ltr'>ὡς</span> <span class='ocrx_word' id='word_1_556' title='bbox 695 2225 756 2252; x_wconf 78' lang='grc' dir='ltr'>καθ’</span> <span class='ocrx_word' id='word_1_557' title='bbox 771 2225 830 2252; x_wconf 78' lang='grc' dir='ltr'>ὅλον</span> <span class='ocrx_word' id='word_1_558' title='bbox 844 2225 890 2252; x_wconf 82' lang='grc' dir='ltr'>τὸν</span> 
     </span>
    </p>
   </div>
   <div class='ocr_carea' id='block_1_79' title="bbox 96 2271 889 2307">
    <p class='ocr_par' dir='ltr' id='par_1_79' title="bbox 96 2271 889 2307">
     <span class='ocr_line' id='line_1_79' title="bbox 96 2271 889 2307; baseline 0.001 -10"><span class='ocrx_word' id='word_1_559' title='bbox 96 2272 162 2298; x_wconf 76' lang='grc' dir='ltr'>ναὸν</span> <span class='ocrx_word' id='word_1_560' title='bbox 175 2271 224 2297; x_wconf 79' lang='grc' dir='ltr'><strong>τοῦ</strong></span> <span class='ocrx_word' id='word_1_561' title='bbox 242 2272 381 2307; x_wconf 78' lang='grc' dir='ltr'>ἀγιασμοῦ</span> <span class='ocrx_word' id='word_1_562' title='bbox 396 2272 523 2307; x_wconf 81' lang='grc' dir='ltr'>διαφοιτᾷ</span> <span class='ocrx_word' id='word_1_563' title='bbox 536 2272 625 2307; x_wconf 81' lang='grc' dir='ltr'>χάρις,</span> <span class='ocrx_word' id='word_1_564' title='bbox 644 2271 691 2298; x_wconf 80' lang='grc' dir='ltr'><strong>καί</strong></span> <span class='ocrx_word' id='word_1_565' title='bbox 706 2273 723 2307; x_wconf 83' lang='grc' dir='ltr'>ὴ</span> <span class='ocrx_word' id='word_1_566' title='bbox 745 2271 792 2298; x_wconf 78' lang='grc' dir='ltr'><strong>τοῦ</strong></span> <span class='ocrx_word' id='word_1_567' title='bbox 809 2272 889 2306; x_wconf 85' lang='grc' dir='ltr'>ἁγίου</span> 
     </span>
    </p>
   </div>
   <div class='ocr_carea' id='block_1_80' title="bbox 96 2309 928 2357">
    <p class='ocr_par' dir='ltr' id='par_1_80' title="bbox 96 2309 928 2357">
     <span class='ocr_line' id='line_1_80' title="bbox 96 2309 928 2357; baseline 0.001 -15"><span class='ocrx_word' id='word_1_568' title='bbox 96 2317 239 2351; x_wconf 77' lang='grc' dir='ltr'>παρουσία</span> <span class='ocrx_word' id='word_1_569' title='bbox 254 2316 428 2352; x_wconf 85' lang='grc' dir='ltr'>Πνεύματος;</span> <span class='ocrx_word' id='word_1_570' title='bbox 445 2317 475 2343; x_wconf 71' lang='grc' dir='ltr'>οὗ</span> <span class='ocrx_word' id='word_1_571' title='bbox 492 2318 545 2352; x_wconf 82' lang='grc' dir='ltr'>γὰρ</span> <span class='ocrx_word' id='word_1_572' title='bbox 564 2318 596 2343; x_wconf 74' lang='grc' dir='ltr'>ἐκ</span> <span class='ocrx_word' id='word_1_573' title='bbox 620 2317 718 2357; x_wconf 86' lang='grc' dir='ltr'>μέτρου</span> <span class='ocrx_word' id='word_1_574' title='bbox 743 2317 844 2347; x_wconf 74' lang='grc' dir='ltr'>δίδοται</span> <span class='ocrx_word' id='word_1_575' title='bbox 859 2317 889 2344; x_wconf 76' lang='grc' dir='ltr'>τὸ</span> <span class='ocrx_word' id='word_1_576' title='bbox 906 2309 928 2335; x_wconf 74' lang='grc' dir='ltr'>υ</span> 
     </span>
    </p>
   </div>
   <div class='ocr_carea' id='block_1_81' title="bbox 97 2361 886 2398">
    <p class='ocr_par' dir='ltr' id='par_1_81' title="bbox 97 2361 886 2398">
     <span class='ocr_line' id='line_1_81' title="bbox 97 2361 886 2398; baseline 0.003 -11"><span class='ocrx_word' id='word_1_577' title='bbox 97 2362 221 2396; x_wconf 77' lang='grc' dir='ltr'>Πνεῦμα·</span> <span class='ocrx_word' id='word_1_578' title='bbox 237 2361 340 2388; x_wconf 78' lang='grc' dir='ltr'>οὐδὲτὸ</span> <span class='ocrx_word' id='word_1_579' title='bbox 351 2362 402 2396; x_wconf 81' lang='grc' dir='ltr'>μὲν</span> <span class='ocrx_word' id='word_1_580' title='bbox 415 2362 462 2388; x_wconf 79' lang='grc' dir='ltr'>τοῦ</span> <span class='ocrx_word' id='word_1_581' title='bbox 476 2362 540 2388; x_wconf 70' lang='grc' dir='ltr'>ναοῦ</span> <span class='ocrx_word' id='word_1_582' title='bbox 556 2362 637 2397; x_wconf 78' lang='grc' dir='ltr'>μέρος</span> <span class='ocrx_word' id='word_1_583' title='bbox 648 2362 697 2398; x_wconf 85' lang='grc' dir='ltr'>τὴν</span> <span class='ocrx_word' id='word_1_584' title='bbox 707 2363 787 2397; x_wconf 81' lang='grc' dir='ltr'>χάριν</span> <span class='ocrx_word' id='word_1_585' title='bbox 803 2371 886 2398; x_wconf 84' lang='grc' dir='ltr'>προσ-</span> 
     </span>
    </p>
   </div>
   <div class='ocr_carea' id='block_1_82' title="bbox 96 2401 890 2444">
    <p class='ocr_par' dir='ltr' id='par_1_82' title="bbox 96 2401 890 2444">
     <span class='ocr_line' id='line_1_82' title="bbox 96 2401 890 2444; baseline 0.003 -11"><span class='ocrx_word' id='word_1_586' title='bbox 96 2408 206 2441; x_wconf 76' lang='grc' dir='ltr'>άγεται,</span> <span class='ocrx_word' id='word_1_587' title='bbox 226 2407 258 2433; x_wconf 76' lang='grc' dir='ltr'>τὸ</span> <span class='ocrx_word' id='word_1_588' title='bbox 280 2407 309 2433; x_wconf 81' lang='grc' dir='ltr'>δὲ</span> <span class='ocrx_word' id='word_1_589' title='bbox 325 2408 428 2442; x_wconf 86' lang='grc' dir='ltr'>ταύτης</span> <span class='ocrx_word' id='word_1_590' title='bbox 445 2401 665 2443; x_wconf 71' lang='grc' dir='ltr'>ἀπολιμπάνεται</span> <span class='ocrx_word' id='word_1_591' title='bbox 679 2416 685 2422; x_wconf 93' lang='grc'><strong>·</strong></span> <span class='ocrx_word' id='word_1_592' title='bbox 705 2409 721 2444; x_wconf 79' lang='grc' dir='ltr'>ἢ</span> <span class='ocrx_word' id='word_1_593' title='bbox 750 2409 805 2444; x_wconf 68' lang='grc' dir='ltr'><strong>γὰρ</strong></span> <span class='ocrx_word' id='word_1_594' title='bbox 829 2408 890 2440; x_wconf 79' lang='grc' dir='ltr'>ὂλος</span> 
     </span>
    </p>
   </div>
   <div class='ocr_carea' id='block_1_83' title="bbox 98 2451 887 2489">
    <p class='ocr_par' dir='ltr' id='par_1_83' title="bbox 98 2451 887 2489">
     <span class='ocr_line' id='line_1_83' title="bbox 98 2451 887 2489; baseline 0.003 -11"><span class='ocrx_word' id='word_1_595' title='bbox 98 2454 120 2478; x_wconf 85' lang='grc' dir='ltr'>ἱε</span> <span class='ocrx_word' id='word_1_596' title='bbox 128 2453 172 2487; x_wconf 62' lang='lat' dir='ltr'><strong>pd;</strong></span> <span class='ocrx_word' id='word_1_597' title='bbox 188 2461 219 2478; x_wconf 87' lang='grc' dir='ltr'>τε</span> <span class='ocrx_word' id='word_1_598' title='bbox 228 2453 274 2478; x_wconf 71' lang='grc' dir='ltr'>καὶ</span> <span class='ocrx_word' id='word_1_599' title='bbox 290 2451 378 2486; x_wconf 80' lang='grc' dir='ltr'>ἇγιος,</span> <span class='ocrx_word' id='word_1_600' title='bbox 395 2453 411 2488; x_wconf 82' lang='grc' dir='ltr'>ἢ</span> <span class='ocrx_word' id='word_1_601' title='bbox 435 2453 494 2484; x_wconf 82' lang='grc' dir='ltr'>ὅλος</span> <span class='ocrx_word' id='word_1_602' title='bbox 509 2454 609 2488; x_wconf 77' lang='grc' dir='ltr'>ἐναγής</span> <span class='ocrx_word' id='word_1_603' title='bbox 621 2462 649 2480; x_wconf 88' lang='grc' dir='ltr'>τε</span> <span class='ocrx_word' id='word_1_604' title='bbox 666 2454 713 2480; x_wconf 73' lang='grc' dir='ltr'>καὶ</span> <span class='ocrx_word' id='word_1_605' title='bbox 724 2453 887 2489; x_wconf 79' lang='grc' dir='ltr'>ἀκάθαρτος.</span> 
     </span>
    </p>
   </div>
   <div class='ocr_carea' id='block_1_84' title="bbox 103 2495 888 2534">
    <p class='ocr_par' dir='ltr' id='par_1_84' title="bbox 103 2495 888 2534">
     <span class='ocr_line' id='line_1_84' title="bbox 103 2495 888 2534; baseline 0.005 -12"><span class='ocrx_word' id='word_1_606' title='bbox 103 2498 184 2523; x_wconf 79' lang='grc' dir='ltr'>Ἀλλὰ</span> <span class='ocrx_word' id='word_1_607' title='bbox 207 2497 240 2523; x_wconf 77' lang='grc' dir='ltr'>σύ</span> <span class='ocrx_word' id='word_1_608' title='bbox 257 2506 300 2531; x_wconf 85' lang='grc' dir='ltr'><strong>γε,</strong></span> <span class='ocrx_word' id='word_1_609' title='bbox 326 2495 349 2524; x_wconf 83' lang='grc' dir='ltr'><strong>ὦ</strong></span> <span class='ocrx_word' id='word_1_610' title='bbox 364 2498 606 2534; x_wconf 78' lang='grc' dir='ltr'>φιλαπερίγραπτε</span> <span class='ocrx_word' id='word_1_611' title='bbox 637 2499 685 2525; x_wconf 74' lang='grc' dir='ltr'>καὶ</span> <span class='ocrx_word' id='word_1_612' title='bbox 704 2500 888 2534; x_wconf 73' lang='grc' dir='ltr'>μισόμαρτυς,</span> 
     </span>
    </p>
   </div>
   <div class='ocr_carea' id='block_1_85' title="bbox 98 2543 889 2580">
    <p class='ocr_par' dir='ltr' id='par_1_85' title="bbox 98 2543 889 2580">
     <span class='ocr_line' id='line_1_85' title="bbox 98 2543 889 2580; baseline 0.004 -12"><span class='ocrx_word' id='word_1_613' title='bbox 98 2543 280 2578; x_wconf 76' lang='grc' dir='ltr'>περιγράφων</span> <span class='ocrx_word' id='word_1_614' title='bbox 290 2544 335 2569; x_wconf 81' lang='grc' dir='ltr'>τὸν</span> <span class='ocrx_word' id='word_1_615' title='bbox 350 2545 495 2579; x_wconf 69' lang='grc' dir='ltr'>ἁγιασμὸν,</span> <span class='ocrx_word' id='word_1_616' title='bbox 518 2545 548 2570; x_wconf 82' lang='grc' dir='ltr'>τὸ</span> <span class='ocrx_word' id='word_1_617' title='bbox 565 2546 619 2571; x_wconf 78' lang='grc' dir='ltr'>πᾶν</span> <span class='ocrx_word' id='word_1_618' title='bbox 635 2545 795 2580; x_wconf 77' lang='grc' dir='ltr'>ἀποστερεῖς</span> <span class='ocrx_word' id='word_1_619' title='bbox 807 2546 889 2580; x_wconf 82' lang='grc' dir='ltr'>ἀνοή-</span> 
     </span>
    </p>
   </div>
   <div class='ocr_carea' id='block_1_86' title="bbox 98 2586 889 2627">
    <p class='ocr_par' dir='ltr' id='par_1_86' title="bbox 98 2586 889 2627">
     <span class='ocr_line' id='line_1_86' title="bbox 98 2586 889 2627; baseline 0.004 -13"><span class='ocrx_word' id='word_1_620' title='bbox 98 2598 163 2621; x_wconf 81' lang='grc' dir='ltr'>τως,</span> <span class='ocrx_word' id='word_1_621' title='bbox 179 2586 202 2622; x_wconf 84' lang='grc' dir='ltr'><strong>ᾧ</strong></span> <span class='ocrx_word' id='word_1_622' title='bbox 223 2589 255 2615; x_wconf 80' lang='grc' dir='ltr'><strong>τὸ</strong></span> <span class='ocrx_word' id='word_1_623' title='bbox 270 2589 361 2622; x_wconf 82' lang='grc' dir='ltr'>πλέον,</span> <span class='ocrx_word' id='word_1_624' title='bbox 387 2591 412 2616; x_wconf 85' lang='grc' dir='ltr'>εί</span> <span class='ocrx_word' id='word_1_625' title='bbox 426 2591 478 2626; x_wconf 85' lang='grc' dir='ltr'><strong>χρὴ</strong></span> <span class='ocrx_word' id='word_1_626' title='bbox 505 2591 767 2627; x_wconf 75' lang='grc' dir='ltr'>παρῤησιασάμενον</span> <span class='ocrx_word' id='word_1_627' title='bbox 791 2592 889 2623; x_wconf 83' lang='grc' dir='ltr'>εἰπεῖν,</span> 
     </span>
    </p>
   </div>
   <div class='ocr_carea' id='block_1_87' title="bbox 99 2637 890 2673">
    <p class='ocr_par' dir='ltr' id='par_1_87' title="bbox 99 2637 890 2673">
     <span class='ocr_line' id='line_1_87' title="bbox 99 2637 890 2673; baseline 0.004 -12"><span class='ocrx_word' id='word_1_628' title='bbox 99 2637 260 2670; x_wconf 70' lang='grc' dir='ltr'>πρόσεστιν,</span> <span class='ocrx_word' id='word_1_629' title='bbox 277 2637 478 2672; x_wconf 72' lang='grc' dir='ltr'>ὑφαιρούμενος</span> <span class='ocrx_word' id='word_1_630' title='bbox 489 2645 497 2653; x_wconf 79' lang='grc'><strong>’</strong></span> <span class='ocrx_word' id='word_1_631' title='bbox 522 2638 616 2673; x_wconf 77' lang='grc' dir='ltr'>ἐπειδὴ</span> <span class='ocrx_word' id='word_1_632' title='bbox 638 2637 725 2664; x_wconf 72' lang='grc' dir='ltr'>ταῦτα</span> <span class='ocrx_word' id='word_1_633' title='bbox 737 2638 785 2664; x_wconf 75' lang='grc' dir='ltr'><strong>καὶ</strong></span> <span class='ocrx_word' id='word_1_634' title='bbox 802 2638 890 2670; x_wconf 83' lang='grc' dir='ltr'>ἄλλως</span> 
     </span>
    </p>
   </div>
   <div class='ocr_carea' id='block_1_88' title="bbox 101 2682 890 2718">
    <p class='ocr_par' dir='ltr' id='par_1_88' title="bbox 101 2682 890 2718">
     <span class='ocr_line' id='line_1_88' title="bbox 101 2682 890 2718; baseline 0.004 -12"><span class='ocrx_word' id='word_1_635' title='bbox 101 2689 248 2716; x_wconf 69' lang='grc' dir='ltr'>μειεχουσι</span> <span class='ocrx_word' id='word_1_636' title='bbox 277 2682 387 2717; x_wconf 80' lang='grc' dir='ltr'>χάριτος</span> <span class='ocrx_word' id='word_1_637' title='bbox 403 2690 410 2698; x_wconf 80' lang='grc'><em>’</em></span> <span class='ocrx_word' id='word_1_638' title='bbox 427 2682 521 2718; x_wconf 79' lang='grc' dir='ltr'>ὥσπερ</span> <span class='ocrx_word' id='word_1_639' title='bbox 544 2683 597 2718; x_wconf 81' lang='grc' dir='ltr'><strong>γὰρ</strong></span> <span class='ocrx_word' id='word_1_640' title='bbox 619 2683 645 2709; x_wconf 79' lang='lat' dir='ltr'><strong>oi</strong></span> <span class='ocrx_word' id='word_1_641' title='bbox 675 2684 734 2710; x_wconf 67' lang='grc' dir='ltr'>ναοὶ</span> <span class='ocrx_word' id='word_1_642' title='bbox 757 2683 807 2718; x_wconf 81' lang='grc' dir='ltr'>τὴν</span> <span class='ocrx_word' id='word_1_643' title='bbox 835 2683 890 2709; x_wconf 80' lang='grc' dir='ltr'>τῶν</span> 
     </span>
    </p>
   </div>
   <div class='ocr_carea' id='block_1_89' title="bbox 98 2726 891 2763">
    <p class='ocr_par' dir='ltr' id='par_1_89' title="bbox 98 2726 891 2763">
     <span class='ocr_line' id='line_1_89' title="bbox 98 2726 891 2763; baseline 0.003 -11"><span class='ocrx_word' id='word_1_644' title='bbox 98 2726 185 2759; x_wconf 78' lang='grc' dir='ltr'>ἁγίων</span> <span class='ocrx_word' id='word_1_645' title='bbox 211 2727 373 2763; x_wconf 74' lang='grc' dir='ltr'>ἐπωνυμίαν</span> <span class='ocrx_word' id='word_1_646' title='bbox 397 2728 530 2763; x_wconf 76' lang='grc' dir='ltr'>δέχονται,</span> <span class='ocrx_word' id='word_1_647' title='bbox 560 2728 632 2755; x_wconf 75' lang='grc' dir='ltr'>οὕτω</span> <span class='ocrx_word' id='word_1_648' title='bbox 657 2729 706 2755; x_wconf 72' lang='grc' dir='ltr'><strong>καὶ</strong></span> <span class='ocrx_word' id='word_1_649' title='bbox 728 2729 763 2756; x_wconf 75' lang='grc' dir='ltr'><strong>τὰ</strong></span> <span class='ocrx_word' id='word_1_650' title='bbox 787 2728 891 2755; x_wconf 85' lang='grc' dir='ltr'>τούτων</span> 
     </span>
    </p>
   </div>
   <div class='ocr_carea' id='block_1_90' title="bbox 98 2771 890 2810">
    <p class='ocr_par' dir='ltr' id='par_1_90' title="bbox 98 2771 890 2810">
     <span class='ocr_line' id='line_1_90' title="bbox 98 2771 890 2810; baseline 0.006 -11"><span class='ocrx_word' id='word_1_651' title='bbox 98 2771 394 2810; x_wconf 76' lang='grc' dir='ltr'>ἀπεικονίσματα,τὴν</span> <span class='ocrx_word' id='word_1_652' title='bbox 410 2775 506 2810; x_wconf 79' lang='grc' dir='ltr'>κλῆσιν</span> <span class='ocrx_word' id='word_1_653' title='bbox 526 2775 617 2801; x_wconf 80' lang='grc' dir='ltr'>αὐτῶν</span> <span class='ocrx_word' id='word_1_654' title='bbox 640 2775 682 2802; x_wconf 72' lang='grc' dir='ltr'><strong>διὰ</strong></span> <span class='ocrx_word' id='word_1_655' title='bbox 708 2776 754 2810; x_wconf 78' lang='grc' dir='ltr'>τῆς</span> <span class='ocrx_word' id='word_1_656' title='bbox 774 2776 890 2810; x_wconf 73' lang='grc' dir='ltr'>ἐπιγρα-</span> 
     </span>
    </p>
   </div>
   <div class='ocr_carea' id='block_1_91' title="bbox 139 2851 646 2888">
    <p class='ocr_par' dir='ltr' id='par_1_91' title="bbox 139 2851 646 2888">
     <span class='ocr_line' id='line_1_91' title="bbox 139 2851 646 2888; baseline 0.008 -11"><span class='ocrx_word' id='word_1_657' title='bbox 139 2851 161 2867; x_wconf 90' lang='grc'><strong>¹¹</strong></span> <span class='ocrx_word' id='word_1_658' title='bbox 180 2851 272 2887; x_wconf 74' lang='lat' dir='ltr'><strong>Ineg.</strong></span> <span class='ocrx_word' id='word_1_659' title='bbox 290 2861 319 2885; x_wconf 87' lang='grc' dir='ltr'><strong>ιι,</strong></span> <span class='ocrx_word' id='word_1_660' title='bbox 331 2853 376 2880; x_wconf 73' lang='grc'><strong>50.</strong></span> <span class='ocrx_word' id='word_1_661' title='bbox 416 2854 437 2869; x_wconf 84' lang='grc'><strong>¹³</strong></span> <span class='ocrx_word' id='word_1_662' title='bbox 451 2852 528 2881; x_wconf 76' lang='lat' dir='ltr'><strong>Joan.</strong></span> <span class='ocrx_word' id='word_1_663' title='bbox 543 2863 584 2888; x_wconf 81' lang='lat' dir='ltr'><strong>tu,</strong></span> <span class='ocrx_word' id='word_1_664' title='bbox 603 2854 646 2881; x_wconf 67' lang='lat' dir='ltr'><strong>Si.</strong></span> 
     </span>
    </p>
   </div>
   <div class='ocr_carea' id='block_1_92' title="bbox 942 1677 1729 1711">
    <p class='ocr_par' dir='ltr' id='par_1_92' title="bbox 942 1677 1729 1711">
     <span class='ocr_line' id='line_1_92' title="bbox 942 1677 1729 1711; baseline -0.003 -5"><span class='ocrx_word' id='word_1_665' title='bbox 942 1682 1021 1706; x_wconf 86' lang='lat' dir='ltr'><strong>erant</strong></span> <span class='ocrx_word' id='word_1_666' title='bbox 1034 1677 1122 1705; x_wconf 84' lang='lat' dir='ltr'><strong>acturi</strong></span> <span class='ocrx_word' id='word_1_667' title='bbox 1138 1678 1302 1704; x_wconf 80' lang='lat' dir='ltr'><strong>horrendum</strong></span> <span class='ocrx_word' id='word_1_668' title='bbox 1324 1682 1403 1711; x_wconf 90' lang='lat' dir='ltr'><strong>atque</strong></span> <span class='ocrx_word' id='word_1_669' title='bbox 1419 1677 1577 1704; x_wconf 87' lang='lat' dir='ltr'><strong>incredibile</strong></span> <span class='ocrx_word' id='word_1_670' title='bbox 1596 1677 1729 1704; x_wconf 85' lang='lat' dir='ltr'><strong>adrersns</strong></span> 
     </span>
    </p>
   </div>
   <div class='ocr_carea' id='block_1_93' title="bbox 941 1722 1730 1756">
    <p class='ocr_par' dir='ltr' id='par_1_93' title="bbox 941 1722 1730 1756">
     <span class='ocr_line' id='line_1_93' title="bbox 941 1722 1730 1756; baseline -0.005 -5"><span class='ocrx_word' id='word_1_671' title='bbox 941 1728 1062 1755; x_wconf 85' lang='lat' dir='ltr'><strong>sanctos,</strong></span> <span class='ocrx_word' id='word_1_672' title='bbox 1078 1723 1102 1750; x_wconf 88' lang='lat' dir='ltr'><strong>si</strong></span> <span class='ocrx_word' id='word_1_673' title='bbox 1124 1723 1191 1749; x_wconf 80' lang='lat' dir='ltr'><strong>forte</strong></span> <span class='ocrx_word' id='word_1_674' title='bbox 1208 1723 1234 1748; x_wconf 93' lang='lat' dir='ltr'><strong>in</strong></span> <span class='ocrx_word' id='word_1_675' title='bbox 1251 1730 1282 1749; x_wconf 90' lang='lat' dir='ltr'><strong>ea</strong></span> <span class='ocrx_word' id='word_1_676' title='bbox 1302 1726 1424 1756; x_wconf 87' lang='lat' dir='ltr'><strong>tempora</strong></span> <span class='ocrx_word' id='word_1_677' title='bbox 1445 1722 1616 1753; x_wconf 83' lang='lat' dir='ltr'><strong>incidissent,</strong></span> <span class='ocrx_word' id='word_1_678' title='bbox 1633 1722 1730 1755; x_wconf 80' lang='lat' dir='ltr'><strong>quibus</strong></span> 
     </span>
    </p>
   </div>
   <div class='ocr_carea' id='block_1_94' title="bbox 942 1766 1731 1802">
    <p class='ocr_par' dir='ltr' id='par_1_94' title="bbox 942 1766 1731 1802">
     <span class='ocr_line' id='line_1_94' title="bbox 942 1766 1731 1802; baseline -0.005 -6"><span class='ocrx_word' id='word_1_679' title='bbox 942 1770 979 1796; x_wconf 94' lang='lat' dir='ltr'><strong>illi</strong></span> <span class='ocrx_word' id='word_1_680' title='bbox 1005 1767 1151 1796; x_wconf 77' lang='lat' dir='ltr'><strong>vixerunt?</strong></span> <span class='ocrx_word' id='word_1_681' title='bbox 1171 1766 1266 1795; x_wconf 88' lang='lat' dir='ltr'><strong>Nonne</strong></span> <span class='ocrx_word' id='word_1_682' title='bbox 1295 1772 1369 1794; x_wconf 84' lang='lat' dir='ltr'><strong>tanto</strong></span> <span class='ocrx_word' id='word_1_683' title='bbox 1392 1766 1483 1802; x_wconf 85' lang='lat' dir='ltr'><strong>pejora</strong></span> <span class='ocrx_word' id='word_1_684' title='bbox 1503 1767 1682 1801; x_wconf 72' lang='lat' dir='ltr'><strong>praesentibus</strong></span> <span class='ocrx_word' id='word_1_685' title='bbox 1702 1772 1731 1793; x_wconf 86' lang='lat' dir='ltr'><strong>et</strong></span> 
     </span>
    </p>
   </div>
   <div class='ocr_carea' id='block_1_95' title="bbox 942 1813 1727 1849">
    <p class='ocr_par' dir='ltr' id='par_1_95' title="bbox 942 1813 1727 1849">
     <span class='ocr_line' id='line_1_95' title="bbox 942 1813 1727 1849; baseline -0.004 -8"><span class='ocrx_word' id='word_1_686' title='bbox 942 1815 1043 1842; x_wconf 88' lang='lat' dir='ltr'><strong>diriora</strong></span> <span class='ocrx_word' id='word_1_687' title='bbox 1060 1813 1200 1846; x_wconf 88' lang='lat' dir='ltr'><strong>fecissent,</strong></span> <span class='ocrx_word' id='word_1_688' title='bbox 1222 1818 1325 1849; x_wconf 87' lang='lat' dir='ltr'><strong>quanto</strong></span> <span class='ocrx_word' id='word_1_689' title='bbox 1342 1814 1428 1848; x_wconf 86' lang='lat' dir='ltr'><strong>major</strong></span> <span class='ocrx_word' id='word_1_690' title='bbox 1446 1813 1541 1841; x_wconf 85' lang='lat' dir='ltr'><strong>horum</strong></span> <span class='ocrx_word' id='word_1_691' title='bbox 1558 1821 1621 1849; x_wconf 80' lang='lat' dir='ltr'><strong>erga</strong></span> <span class='ocrx_word' id='word_1_692' title='bbox 1638 1820 1727 1840; x_wconf 77' lang='lat' dir='ltr'><strong>veram</strong></span> 
     </span>
    </p>
   </div>
   <div class='ocr_carea' id='block_1_96' title="bbox 944 1860 1439 1895">
    <p class='ocr_par' dir='ltr' id='par_1_96' title="bbox 944 1860 1439 1895">
     <span class='ocr_line' id='line_1_96' title="bbox 944 1860 1439 1895; baseline 0 -9"><span class='ocrx_word' id='word_1_693' title='bbox 944 1860 1100 1895; x_wconf 83' lang='lat' dir='ltr'><strong>religionem</strong></span> <span class='ocrx_word' id='word_1_694' title='bbox 1118 1860 1273 1887; x_wconf 84' lang='lat' dir='ltr'><strong>adversatio</strong></span> <span class='ocrx_word' id='word_1_695' title='bbox 1293 1860 1439 1887; x_wconf 89' lang='lat' dir='ltr'><strong>cernilur?</strong></span> 
     </span>
    </p>
   </div>
   <div class='ocr_carea' id='block_1_97' title="bbox 908 1902 1730 1940">
    <p class='ocr_par' dir='ltr' id='par_1_97' title="bbox 908 1902 1730 1940">
     <span class='ocr_line' id='line_1_97' title="bbox 908 1902 1730 1940; baseline -0.004 -8"><span class='ocrx_word' id='word_1_696' title='bbox 908 1906 953 1932; x_wconf 77' lang='grc' dir='ltr'><strong>καί</strong></span> <span class='ocrx_word' id='word_1_697' title='bbox 987 1902 1177 1940; x_wconf 74' lang='grc' dir='ltr'>χαλεπώτερα,</span> <span class='ocrx_word' id='word_1_698' title='bbox 1193 1904 1247 1939; x_wconf 84' lang='grc' dir='ltr'><strong>ὅσῳ</strong></span> <span class='ocrx_word' id='word_1_699' title='bbox 1266 1904 1313 1931; x_wconf 73' lang='grc' dir='ltr'>καὶ</span> <span class='ocrx_word' id='word_1_700' title='bbox 1345 1903 1447 1939; x_wconf 79' lang='grc' dir='ltr'>μείζων</span> <span class='ocrx_word' id='word_1_701' title='bbox 1465 1904 1583 1940; x_wconf 78' lang='grc' dir='ltr'>αὖτοῖςή</span> <span class='ocrx_word' id='word_1_702' title='bbox 1598 1904 1666 1939; x_wconf 78' lang='grc' dir='ltr'>ὑπὲρ</span> <span class='ocrx_word' id='word_1_703' title='bbox 1678 1902 1730 1938; x_wconf 83' lang='grc' dir='ltr'>τῆς</span> 
     </span>
    </p>
   </div>
   <div class='ocr_carea' id='block_1_98' title="bbox 966 1996 1729 2030">
    <p class='ocr_par' dir='ltr' id='par_1_98' title="bbox 966 1996 1729 2030">
     <span class='ocr_line' id='line_1_98' title="bbox 966 1996 1729 2030; baseline 0.001 -6"><span class='ocrx_word' id='word_1_704' title='bbox 966 1996 1010 2024; x_wconf 74' lang='lat' dir='ltr'><strong>5L</strong></span> <span class='ocrx_word' id='word_1_705' title='bbox 1029 1996 1082 2024; x_wconf 89' lang='lat' dir='ltr'><strong>Sed</strong></span> <span class='ocrx_word' id='word_1_706' title='bbox 1097 1996 1170 2023; x_wconf 89' lang='lat' dir='ltr'><strong>enim</strong></span> <span class='ocrx_word' id='word_1_707' title='bbox 1192 1996 1323 2023; x_wconf 88' lang='lat' dir='ltr'><strong>simulant</strong></span> <span class='ocrx_word' id='word_1_708' title='bbox 1344 2002 1372 2023; x_wconf 83' lang='lat' dir='ltr'><strong>se</strong></span> <span class='ocrx_word' id='word_1_709' title='bbox 1392 1996 1525 2023; x_wconf 82' lang='lat' dir='ltr'><strong>adversus</strong></span> <span class='ocrx_word' id='word_1_710' title='bbox 1539 1996 1638 2030; x_wconf 86' lang='lat' dir='ltr'><strong>templa</strong></span> <span class='ocrx_word' id='word_1_711' title='bbox 1658 1997 1729 2025; x_wconf 86' lang='lat' dir='ltr'><strong>irrc-</strong></span> 
     </span>
    </p>
   </div>
   <div class='ocr_carea' id='block_1_99' title="bbox 942 2040 1730 2077">
    <p class='ocr_par' dir='ltr' id='par_1_99' title="bbox 942 2040 1730 2077">
     <span class='ocr_line' id='line_1_99' title="bbox 942 2040 1730 2077; baseline 0 -8"><span class='ocrx_word' id='word_1_712' title='bbox 942 2042 1037 2077; x_wconf 77' lang='lat' dir='ltr'><strong>ligiose</strong></span> <span class='ocrx_word' id='word_1_713' title='bbox 1061 2049 1114 2069; x_wconf 91' lang='lat' dir='ltr'><strong>non</strong></span> <span class='ocrx_word' id='word_1_714' title='bbox 1137 2049 1232 2077; x_wconf 72' lang='lat' dir='ltr'><strong>agere;</strong></span> <span class='ocrx_word' id='word_1_715' title='bbox 1248 2042 1295 2069; x_wconf 85' lang='lat' dir='ltr'><strong>sed</strong></span> <span class='ocrx_word' id='word_1_716' title='bbox 1316 2041 1365 2076; x_wconf 74' lang='lat' dir='ltr'><strong>ipsi</strong></span> <span class='ocrx_word' id='word_1_717' title='bbox 1384 2041 1436 2069; x_wconf 85' lang='lat' dir='ltr'><strong>sibi</strong></span> <span class='ocrx_word' id='word_1_718' title='bbox 1450 2040 1539 2068; x_wconf 89' lang='lat' dir='ltr'><strong>fucum</strong></span> <span class='ocrx_word' id='word_1_719' title='bbox 1562 2041 1663 2069; x_wconf 87' lang='lat' dir='ltr'><strong>faciunt</strong></span> <span class='ocrx_word' id='word_1_720' title='bbox 1685 2043 1730 2069; x_wconf 70' lang='lat' dir='ltr'><strong>«li-</strong></span> 
     </span>
    </p>
   </div>
   <div class='ocr_carea' id='block_1_100' title="bbox 942 2087 1729 2122">
    <p class='ocr_par' dir='ltr' id='par_1_100' title="bbox 942 2087 1729 2122">
     <span class='ocr_line' id='line_1_100' title="bbox 942 2087 1729 2122; baseline 0 -7"><span class='ocrx_word' id='word_1_721' title='bbox 942 2092 1037 2116; x_wconf 85' lang='lat' dir='ltr'><strong>centes</strong></span> <span class='ocrx_word' id='word_1_722' title='bbox 1054 2096 1060 2114; x_wconf 95' lang='lat'>:</span> <span class='ocrx_word' id='word_1_723' title='bbox 1080 2097 1088 2114; x_wconf 76' lang='grc' dir='ltr'><strong>ε</strong></span> <span class='ocrx_word' id='word_1_724' title='bbox 1108 2088 1162 2115; x_wconf 85' lang='lat' dir='ltr'><strong>Ista</strong></span> <span class='ocrx_word' id='word_1_725' title='bbox 1181 2088 1288 2122; x_wconf 85' lang='lat' dir='ltr'><strong>quidem</strong></span> <span class='ocrx_word' id='word_1_726' title='bbox 1306 2092 1398 2114; x_wconf 87' lang='lat' dir='ltr'><strong>sancta</strong></span> <span class='ocrx_word' id='word_1_727' title='bbox 1415 2094 1486 2119; x_wconf 85' lang='lat' dir='ltr'><strong>esse,</strong></span> <span class='ocrx_word' id='word_1_728' title='bbox 1501 2087 1536 2114; x_wconf 92' lang='lat' dir='ltr'><strong>ob</strong></span> <span class='ocrx_word' id='word_1_729' title='bbox 1553 2087 1606 2114; x_wconf 89' lang='lat' dir='ltr'><strong>illic</strong></span> <span class='ocrx_word' id='word_1_730' title='bbox 1621 2093 1729 2122; x_wconf 70' lang='lat' dir='ltr'><strong>perat-ta</strong></span> 
     </span>
    </p>
   </div>
   <div class='ocr_carea' id='block_1_101' title="bbox 942 2132 1730 2169">
    <p class='ocr_par' dir='ltr' id='par_1_101' title="bbox 942 2132 1730 2169">
     <span class='ocr_line' id='line_1_101' title="bbox 942 2132 1730 2169; baseline 0.001 -10"><span class='ocrx_word' id='word_1_731' title='bbox 942 2133 1087 2165; x_wconf 81' lang='lat' dir='ltr'><strong>sacriﬁcia,</strong></span> <span class='ocrx_word' id='word_1_732' title='bbox 1102 2138 1129 2160; x_wconf 93' lang='lat' dir='ltr'><strong>et</strong></span> <span class='ocrx_word' id='word_1_733' title='bbox 1144 2141 1236 2160; x_wconf 85' lang='lat' dir='ltr'><strong>sacras</strong></span> <span class='ocrx_word' id='word_1_734' title='bbox 1253 2140 1346 2167; x_wconf 86' lang='lat' dir='ltr'><strong>preces</strong></span> <span class='ocrx_word' id='word_1_735' title='bbox 1358 2137 1439 2167; x_wconf 87' lang='lat' dir='ltr'><strong>atque</strong></span> <span class='ocrx_word' id='word_1_736' title='bbox 1454 2132 1652 2166; x_wconf 82' lang='lat' dir='ltr'><strong>invocationes,</strong></span> <span class='ocrx_word' id='word_1_737' title='bbox 1670 2142 1730 2169; x_wconf 73' lang='lat' dir='ltr'><strong>qua:</strong></span> 
     </span>
    </p>
   </div>
   <div class='ocr_carea' id='block_1_102' title="bbox 944 2178 1731 2214">
    <p class='ocr_par' dir='ltr' id='par_1_102' title="bbox 944 2178 1731 2214">
     <span class='ocr_line' id='line_1_102' title="bbox 944 2178 1731 2214; baseline 0.001 -9"><span class='ocrx_word' id='word_1_738' title='bbox 944 2179 971 2205; x_wconf 92' lang='lat' dir='ltr'><strong>in</strong></span> <span class='ocrx_word' id='word_1_739' title='bbox 993 2185 1086 2205; x_wconf 87' lang='lat' dir='ltr'><strong>eorum</strong></span> <span class='ocrx_word' id='word_1_740' title='bbox 1104 2178 1309 2206; x_wconf 84' lang='lat' dir='ltr'><strong>fundationibus</strong></span> <span class='ocrx_word' id='word_1_741' title='bbox 1329 2179 1406 2205; x_wconf 88' lang='lat' dir='ltr'><strong>fiunt.</strong></span> <span class='ocrx_word' id='word_1_742' title='bbox 1425 2187 1434 2203; x_wconf 84' lang='grc'><strong>›</strong></span> <span class='ocrx_word' id='word_1_743' title='bbox 1453 2178 1535 2214; x_wconf 77' lang='lat' dir='ltr'><strong>Atqui</strong></span> <span class='ocrx_word' id='word_1_744' title='bbox 1555 2179 1648 2213; x_wconf 87' lang='lat' dir='ltr'><strong>quidni</strong></span> <span class='ocrx_word' id='word_1_745' title='bbox 1669 2185 1731 2207; x_wconf 77' lang='lat' dir='ltr'><strong>sunt</strong></span> 
     </span>
    </p>
   </div>
   <div class='ocr_carea' id='block_1_103' title="bbox 944 2223 1730 2259">
    <p class='ocr_par' dir='ltr' id='par_1_103' title="bbox 944 2223 1730 2259">
     <span class='ocr_line' id='line_1_103' title="bbox 944 2223 1730 2259; baseline 0.004 -9"><span class='ocrx_word' id='word_1_746' title='bbox 944 2223 1009 2250; x_wconf 86' lang='lat' dir='ltr'><strong>fatui</strong></span> <span class='ocrx_word' id='word_1_747' title='bbox 1028 2223 1172 2258; x_wconf 80' lang='lat' dir='ltr'><strong>stolidique</strong></span> <span class='ocrx_word' id='word_1_748' title='bbox 1185 2223 1308 2256; x_wconf 89' lang='lat' dir='ltr'><strong>omnino,</strong></span> <span class='ocrx_word' id='word_1_749' title='bbox 1328 2231 1390 2251; x_wconf 92' lang='lat' dir='ltr'><strong>cum</strong></span> <span class='ocrx_word' id='word_1_750' title='bbox 1410 2231 1462 2250; x_wconf 93' lang='lat' dir='ltr'><strong>non</strong></span> <span class='ocrx_word' id='word_1_751' title='bbox 1485 2224 1638 2259; x_wconf 79' lang='lat' dir='ltr'><strong>intelligant</strong></span> <span class='ocrx_word' id='word_1_752' title='bbox 1666 2234 1730 2252; x_wconf 75' lang='lat' dir='ltr'><strong>san—</strong></span> 
     </span>
    </p>
   </div>
   <div class='ocr_carea' id='block_1_104' title="bbox 944 2268 1730 2305">
    <p class='ocr_par' dir='ltr' id='par_1_104' title="bbox 944 2268 1730 2305">
     <span class='ocr_line' id='line_1_104' title="bbox 944 2268 1730 2305; baseline 0 -9"><span class='ocrx_word' id='word_1_753' title='bbox 944 2269 1119 2297; x_wconf 87' lang='lat' dir='ltr'><strong>ctificationis</strong></span> <span class='ocrx_word' id='word_1_754' title='bbox 1132 2269 1247 2303; x_wconf 75' lang='lat' dir='ltr'><strong>gratiam</strong></span> <span class='ocrx_word' id='word_1_755' title='bbox 1264 2269 1406 2303; x_wconf 83' lang='lat' dir='ltr'><strong>sanctique</strong></span> <span class='ocrx_word' id='word_1_756' title='bbox 1421 2268 1539 2304; x_wconf 89' lang='lat' dir='ltr'><strong>Spiritus</strong></span> <span class='ocrx_word' id='word_1_757' title='bbox 1557 2270 1730 2305; x_wconf 64' lang='lat' dir='ltr'><strong>praesentiam</strong></span> 
     </span>
    </p>
   </div>
   <div class='ocr_carea' id='block_1_105' title="bbox 943 2315 1732 2350">
    <p class='ocr_par' dir='ltr' id='par_1_105' title="bbox 943 2315 1732 2350">
     <span class='ocr_line' id='line_1_105' title="bbox 943 2315 1732 2350; baseline 0.001 -9"><span class='ocrx_word' id='word_1_758' title='bbox 943 2315 976 2342; x_wconf 85' lang='lat' dir='ltr'><strong>ad</strong></span> <span class='ocrx_word' id='word_1_759' title='bbox 992 2320 1076 2342; x_wconf 88' lang='lat' dir='ltr'><strong>totum</strong></span> <span class='ocrx_word' id='word_1_760' title='bbox 1095 2315 1221 2350; x_wconf 88' lang='lat' dir='ltr'><strong>templum</strong></span> <span class='ocrx_word' id='word_1_761' title='bbox 1240 2315 1393 2350; x_wconf 84' lang='lat' dir='ltr'><strong>pertinere?</strong></span> <span class='ocrx_word' id='word_1_762' title='bbox 1408 2323 1495 2349; x_wconf 89' lang='lat' dir='ltr'><strong>neque</strong></span> <span class='ocrx_word' id='word_1_763' title='bbox 1510 2316 1582 2342; x_wconf 91' lang='lat' dir='ltr'><strong>enim</strong></span> <span class='ocrx_word' id='word_1_764' title='bbox 1603 2316 1635 2342; x_wconf 87' lang='lat' dir='ltr'><strong>ad</strong></span> <span class='ocrx_word' id='word_1_765' title='bbox 1657 2323 1732 2342; x_wconf 84' lang='lat' dir='ltr'><strong>tuen-</strong></span> 
     </span>
    </p>
   </div>
   <div class='ocr_carea' id='block_1_106' title="bbox 943 2360 1730 2395">
    <p class='ocr_par' dir='ltr' id='par_1_106' title="bbox 943 2360 1730 2395">
     <span class='ocr_line' id='line_1_106' title="bbox 943 2360 1730 2395; baseline -0.001 -7"><span class='ocrx_word' id='word_1_766' title='bbox 943 2368 1034 2389; x_wconf 83' lang='lat' dir='ltr'><strong>suram</strong></span> <span class='ocrx_word' id='word_1_767' title='bbox 1052 2361 1133 2388; x_wconf 89' lang='lat' dir='ltr'><strong>datur</strong></span> <span class='ocrx_word' id='word_1_768' title='bbox 1151 2360 1316 2395; x_wconf 81' lang='lat' dir='ltr'><strong>Spiritus“;</strong></span> <span class='ocrx_word' id='word_1_769' title='bbox 1333 2368 1420 2395; x_wconf 86' lang='lat' dir='ltr'><strong>neque</strong></span> <span class='ocrx_word' id='word_1_770' title='bbox 1435 2368 1498 2395; x_wconf 85' lang='lat' dir='ltr'><strong>pars</strong></span> <span class='ocrx_word' id='word_1_771' title='bbox 1511 2361 1620 2395; x_wconf 87' lang='lat' dir='ltr'><strong>quidem</strong></span> <span class='ocrx_word' id='word_1_772' title='bbox 1638 2362 1730 2395; x_wconf 82' lang='lat' dir='ltr'><strong>templi</strong></span> 
     </span>
    </p>
   </div>
   <div class='ocr_carea' id='block_1_107' title="bbox 942 2407 1728 2442">
    <p class='ocr_par' dir='ltr' id='par_1_107' title="bbox 942 2407 1728 2442">
     <span class='ocr_line' id='line_1_107' title="bbox 942 2407 1728 2442; baseline 0 -8"><span class='ocrx_word' id='word_1_773' title='bbox 942 2407 1028 2442; x_wconf 79' lang='lat' dir='ltr'><strong>gratia</strong></span> <span class='ocrx_word' id='word_1_774' title='bbox 1054 2407 1193 2439; x_wconf 86' lang='lat' dir='ltr'><strong>imbuitur,</strong></span> <span class='ocrx_word' id='word_1_775' title='bbox 1210 2414 1273 2442; x_wconf 88' lang='lat' dir='ltr'><strong>pars</strong></span> <span class='ocrx_word' id='word_1_776' title='bbox 1294 2411 1383 2434; x_wconf 80' lang='lat' dir='ltr'><strong>autent</strong></span> <span class='ocrx_word' id='word_1_777' title='bbox 1398 2407 1448 2434; x_wconf 88' lang='lat' dir='ltr'><strong>hac</strong></span> <span class='ocrx_word' id='word_1_778' title='bbox 1466 2407 1635 2434; x_wconf 87' lang='lat' dir='ltr'><strong>destituitur.</strong></span> <span class='ocrx_word' id='word_1_779' title='bbox 1661 2407 1728 2434; x_wconf 88' lang='lat' dir='ltr'><strong>Nam</strong></span> 
     </span>
    </p>
   </div>
   <div class='ocr_carea' id='block_1_108' title="bbox 942 2453 1731 2488">
    <p class='ocr_par' dir='ltr' id='par_1_108' title="bbox 942 2453 1731 2488">
     <span class='ocr_line' id='line_1_108' title="bbox 942 2453 1731 2488; baseline 0 -9"><span class='ocrx_word' id='word_1_780' title='bbox 942 2454 985 2480; x_wconf 88' lang='lat' dir='ltr'><strong>vel</strong></span> <span class='ocrx_word' id='word_1_781' title='bbox 1003 2457 1087 2480; x_wconf 91' lang='lat' dir='ltr'><strong>totum</strong></span> <span class='ocrx_word' id='word_1_782' title='bbox 1114 2460 1222 2480; x_wconf 86' lang='lat' dir='ltr'><strong>sacrum</strong></span> <span class='ocrx_word' id='word_1_783' title='bbox 1239 2457 1280 2480; x_wconf 90' lang='lat' dir='ltr'><strong>est</strong></span> <span class='ocrx_word' id='word_1_784' title='bbox 1307 2457 1335 2480; x_wconf 86' lang='lat' dir='ltr'><strong>et</strong></span> <span class='ocrx_word' id='word_1_785' title='bbox 1354 2457 1497 2485; x_wconf 85' lang='lat' dir='ltr'><strong>sanctum,</strong></span> <span class='ocrx_word' id='word_1_786' title='bbox 1522 2453 1563 2481; x_wconf 88' lang='lat' dir='ltr'><strong>vel</strong></span> <span class='ocrx_word' id='word_1_787' title='bbox 1589 2453 1731 2488; x_wconf 86' lang='lat' dir='ltr'><strong>profanum</strong></span> 
     </span>
    </p>
   </div>
   <div class='ocr_carea' id='block_1_109' title="bbox 944 2498 1731 2535">
    <p class='ocr_par' dir='ltr' id='par_1_109' title="bbox 944 2498 1731 2535">
     <span class='ocr_line' id='line_1_109' title="bbox 944 2498 1731 2535; baseline 0 -9"><span class='ocrx_word' id='word_1_788' title='bbox 944 2504 1029 2527; x_wconf 91' lang='lat' dir='ltr'><strong>totum</strong></span> <span class='ocrx_word' id='word_1_789' title='bbox 1045 2501 1127 2534; x_wconf 85' lang='lat' dir='ltr'><strong>atque</strong></span> <span class='ocrx_word' id='word_1_790' title='bbox 1142 2498 1282 2533; x_wconf 88' lang='lat' dir='ltr'><strong>pollutum.</strong></span> <span class='ocrx_word' id='word_1_791' title='bbox 1298 2499 1332 2526; x_wconf 78' lang='lat' dir='ltr'><strong>At</strong></span> <span class='ocrx_word' id='word_1_792' title='bbox 1347 2503 1384 2530; x_wconf 85' lang='lat' dir='ltr'><strong>tu,</strong></span> <span class='ocrx_word' id='word_1_793' title='bbox 1397 2499 1450 2533; x_wconf 57' lang='lat' dir='ltr'><strong>.qui</strong></span> <span class='ocrx_word' id='word_1_794' title='bbox 1465 2499 1731 2535; x_wconf 87' lang='lat' dir='ltr'><strong>incircumscriptum</strong></span> 
     </span>
    </p>
   </div>
   <div class='ocr_carea' id='block_1_110' title="bbox 945 2545 1733 2580">
    <p class='ocr_par' dir='ltr' id='par_1_110' title="bbox 945 2545 1733 2580">
     <span class='ocr_line' id='line_1_110' title="bbox 945 2545 1733 2580; baseline 0.001 -8"><span class='ocrx_word' id='word_1_795' title='bbox 945 2553 1030 2578; x_wconf 84' lang='lat' dir='ltr'><strong>amas,</strong></span> <span class='ocrx_word' id='word_1_796' title='bbox 1054 2550 1081 2573; x_wconf 91' lang='lat' dir='ltr'><strong>et</strong></span> <span class='ocrx_word' id='word_1_797' title='bbox 1107 2551 1241 2580; x_wconf 84' lang='lat' dir='ltr'><strong>martyres</strong></span> <span class='ocrx_word' id='word_1_798' title='bbox 1255 2545 1318 2572; x_wconf 88' lang='lat' dir='ltr'><strong>odio</strong></span> <span class='ocrx_word' id='word_1_799' title='bbox 1336 2545 1430 2577; x_wconf 86' lang='lat' dir='ltr'><strong>habes,</strong></span> <span class='ocrx_word' id='word_1_800' title='bbox 1454 2547 1516 2572; x_wconf 91' lang='lat' dir='ltr'><strong>dum</strong></span> <span class='ocrx_word' id='word_1_801' title='bbox 1534 2545 1733 2573; x_wconf 85' lang='lat' dir='ltr'><strong>sanctificatio-</strong></span> 
     </span>
    </p>
   </div>
   <div class='ocr_carea' id='block_1_111' title="bbox 945 2590 1731 2626">
    <p class='ocr_par' dir='ltr' id='par_1_111' title="bbox 945 2590 1731 2626">
     <span class='ocr_line' id='line_1_111' title="bbox 945 2590 1731 2626; baseline 0.001 -9"><span class='ocrx_word' id='word_1_802' title='bbox 945 2598 1006 2617; x_wconf 85' lang='lat' dir='ltr'><strong>nem</strong></span> <span class='ocrx_word' id='word_1_803' title='bbox 1026 2591 1240 2623; x_wconf 87' lang='lat' dir='ltr'><strong>circumscribis,</strong></span> <span class='ocrx_word' id='word_1_804' title='bbox 1259 2598 1316 2617; x_wconf 84' lang='lat' dir='ltr'><strong>rem</strong></span> <span class='ocrx_word' id='word_1_805' title='bbox 1339 2595 1422 2617; x_wconf 90' lang='lat' dir='ltr'><strong>totam</strong></span> <span class='ocrx_word' id='word_1_806' title='bbox 1446 2590 1610 2626; x_wconf 86' lang='lat' dir='ltr'><strong>insipienter</strong></span> <span class='ocrx_word' id='word_1_807' title='bbox 1628 2591 1731 2624; x_wconf 78' lang='lat' dir='ltr'><strong>aufers,</strong></span> 
     </span>
    </p>
   </div>
   <div class='ocr_carea' id='block_1_112' title="bbox 944 2636 1730 2671">
    <p class='ocr_par' dir='ltr' id='par_1_112' title="bbox 944 2636 1730 2671">
     <span class='ocr_line' id='line_1_112' title="bbox 944 2636 1730 2671; baseline -0.001 -8"><span class='ocrx_word' id='word_1_808' title='bbox 944 2637 1007 2670; x_wconf 85' lang='lat' dir='ltr'><strong>quia</strong></span> <span class='ocrx_word' id='word_1_809' title='bbox 1033 2637 1076 2663; x_wconf 90' lang='lat' dir='ltr'><strong>cui</strong></span> <span class='ocrx_word' id='word_1_810' title='bbox 1103 2637 1163 2671; x_wconf 90' lang='lat' dir='ltr'><strong>plus</strong></span> <span class='ocrx_word' id='word_1_811' title='bbox 1189 2637 1278 2668; x_wconf 86' lang='lat' dir='ltr'><strong>inest,</strong></span> <span class='ocrx_word' id='word_1_812' title='bbox 1307 2636 1330 2663; x_wconf 83' lang='lat' dir='ltr'><strong>si</strong></span> <span class='ocrx_word' id='word_1_813' title='bbox 1347 2636 1517 2664; x_wconf 82' lang='lat' dir='ltr'><strong>confidenter</strong></span> <span class='ocrx_word' id='word_1_814' title='bbox 1533 2637 1624 2663; x_wconf 80' lang='lat' dir='ltr'><strong>dicere</strong></span> <span class='ocrx_word' id='word_1_815' title='bbox 1648 2637 1730 2668; x_wconf 80' lang='lat' dir='ltr'><strong>iit‘ct,</strong></span> 
     </span>
    </p>
   </div>
   <div class='ocr_carea' id='block_1_113' title="bbox 944 2675 1730 2718">
    <p class='ocr_par' dir='ltr' id='par_1_113' title="bbox 944 2675 1730 2718">
     <span class='ocr_line' id='line_1_113' title="bbox 944 2675 1730 2718; baseline -0.003 -8"><span class='ocrx_word' id='word_1_816' title='bbox 944 2683 1101 2716; x_wconf 84' lang='lat' dir='ltr'><strong>subtrahis;</strong></span> <span class='ocrx_word' id='word_1_817' title='bbox 1131 2675 1258 2718; x_wconf 84' lang='lat' dir='ltr'><strong>quoniam</strong></span> <span class='ocrx_word' id='word_1_818' title='bbox 1286 2682 1343 2709; x_wconf 69' lang='lat' dir='ltr'><strong>hinc</strong></span> <span class='ocrx_word' id='word_1_819' title='bbox 1369 2682 1478 2709; x_wconf 88' lang='lat' dir='ltr'><strong>aliunde</strong></span> <span class='ocrx_word' id='word_1_820' title='bbox 1506 2682 1587 2709; x_wconf 88' lang='lat' dir='ltr'><strong>etiam</strong></span> <span class='ocrx_word' id='word_1_821' title='bbox 1613 2681 1730 2715; x_wconf 75' lang='lat' dir='ltr'><strong>gratiam</strong></span> 
     </span>
    </p>
   </div>
   <div class='ocr_carea' id='block_1_114' title="bbox 945 2726 1733 2764">
    <p class='ocr_par' dir='ltr' id='par_1_114' title="bbox 945 2726 1733 2764">
     <span class='ocr_line' id='line_1_114' title="bbox 945 2726 1733 2764; baseline -0.004 -9"><span class='ocrx_word' id='word_1_822' title='bbox 945 2728 1121 2764; x_wconf 86' lang='lat' dir='ltr'><strong>participant.</strong></span> <span class='ocrx_word' id='word_1_823' title='bbox 1142 2727 1209 2755; x_wconf 86' lang='lat' dir='ltr'><strong>Nam</strong></span> <span class='ocrx_word' id='word_1_824' title='bbox 1228 2728 1298 2755; x_wconf 87' lang='lat' dir='ltr'><strong>sicut</strong></span> <span class='ocrx_word' id='word_1_825' title='bbox 1313 2728 1412 2763; x_wconf 88' lang='lat' dir='ltr'><strong>templa</strong></span> <span class='ocrx_word' id='word_1_826' title='bbox 1433 2735 1446 2755; x_wconf 85' lang='lat' dir='ltr'><strong>a</strong></span> <span class='ocrx_word' id='word_1_827' title='bbox 1463 2727 1567 2754; x_wconf 84' lang='lat' dir='ltr'><strong>sanctis</strong></span> <span class='ocrx_word' id='word_1_828' title='bbox 1586 2726 1667 2753; x_wconf 87' lang='lat' dir='ltr'><strong>rebus</strong></span> <span class='ocrx_word' id='word_1_829' title='bbox 1685 2734 1733 2760; x_wconf 88' lang='lat' dir='ltr'><strong>ap-</strong></span> 
     </span>
    </p>
   </div>
   <div class='ocr_carea' id='block_1_115' title="bbox 946 2771 1731 2809">
    <p class='ocr_par' dir='ltr' id='par_1_115' title="bbox 946 2771 1731 2809">
     <span class='ocr_line' id='line_1_115' title="bbox 946 2771 1731 2809; baseline -0.003 -7"><span class='ocrx_word' id='word_1_830' title='bbox 946 2774 1118 2809; x_wconf 83' lang='lat' dir='ltr'><strong>pellationem</strong></span> <span class='ocrx_word' id='word_1_831' title='bbox 1140 2774 1286 2808; x_wconf 85' lang='lat' dir='ltr'><strong>accipiunt,</strong></span> <span class='ocrx_word' id='word_1_832' title='bbox 1302 2774 1338 2801; x_wconf 84' lang='lat' dir='ltr'><strong>ita</strong></span> <span class='ocrx_word' id='word_1_833' title='bbox 1354 2778 1382 2802; x_wconf 91' lang='lat' dir='ltr'><strong>et</strong></span> <span class='ocrx_word' id='word_1_834' title='bbox 1403 2778 1559 2801; x_wconf 88' lang='lat' dir='ltr'><strong>sanctorum</strong></span> <span class='ocrx_word' id='word_1_835' title='bbox 1583 2771 1731 2800; x_wconf 86' lang='lat' dir='ltr'><strong>simulacra</strong></span> 
     </span>
    </p>
   </div>
  </div>
