1945 3078
218 150 270 184 479

736 153 765 182 S.
787 151 995 182 NICEPHORI
1014 151 1266 184 PATlllARCII/E
1285 154 1338 184 (ΣΡ.

1803 156 1860 188 480

219 213 317 233 nomen
341 208 436 234 horum
462 206 623 240 iusuiptum
638 210 736 240 gerunt
750 226 758 238 ,
775 212 856 241 atque
876 207 926 234 hoc
942 196 1004 233 sam

1069 206 1109 240 >ῆς
1120 206 1244 241 φέρουσι,
1261 209 1405 245 καὶταύτῃ
1419 210 1579 244 ἁγιάζονται
1591 221 1599 228 ·
1616 213 1682 247 εἰδή
1695 212 1793 243 πιστός
1809 220 1856 238 σοι

220 252 391 282 ctilicautur;
409 252 430 278 si
446 256 518 278 certe
532 251 670 279 credibilis
688 252 736 279 tibi
749 253 914 287 minimeque
931 261 1008 279 men-

220 297 271 322 dax
290 298 368 323 testis
390 303 431 323 cst
448 297 583 330 Christus,
601 297 647 332 qui
669 298 723 324 vim
744 299 863 325 nominis
878 299 1008 333 gratiam-

222 351 273 375 quc
298 342 418 368 declarat
449 343 543 369 dicens
572 351 581 370 ε
606 342 640 369 In
663 345 767 371 nomine
796 353 853 371 meo
878 345 1009 372 dwmom‘a

221 388 325 421 ej’cieut
336 388 368 413 ³⁵.
384 388 414 414 Et
428 396 488 421 qua:
505 388 540 415 ibi
556 390 698 423 sequentia
708 391 821 418 scimus.
837 390 888 417 Et:
905 390 957 423 Qui
969 399 1011 417 re-

222 433 283 464 cipit
312 435 468 467 prop/letam
495 434 521 460 in
556 435 659 460 nomine
687 435 838 470 prophelaz,
866 437 1009 463 mercedem

221 479 352 511 propheta:
374 479 493 512 accipiet:
517 479 549 505 Et
564 480 609 513 qui
631 481 723 514 recipit
741 482 845 515 justum
862 483 889 508 in
905 482 1010 508 nomine

220 521 300 555 justi,
320 523 463 550 mercedem
481 523 547 556 iuin
567 525 676 558 accipiet
687 525 720 552 “.
735 525 785 556 Qui
801 533 866 559 ergo
885 526 918 552 ad
937 533 1012 552 mar-

222 567 292 601 tyris
309 568 436 601 templum
458 570 587 602 accurrit,
604 571 637 597 ad
654 571 798 605 imaginem
814 571 918 605 pariter
931 579 1011 599 acce-

222 614 274 640 dit.
294 614 416 647 L‘traque
429 614 535 647 opiﬁcia
550 621 612 642 sunt
625 621 651 643 et
672 617 750 651 127
770 617 796 643 in
815 617 1012 652 ambobusgra-

225 659 261 684 tia
278 660 382 685 callem.
404 659 516 694 lnsupcr
539 668 604 687 vero
625 661 670 695 qui
693 661 821 696 religiose
847 663 1012 695 accesserit,

225 704 467 731 sanc:ilicationem
480 705 515 731 ob
535 705 614 732 ﬁdem
634 707 770 740 propriam
789 706 893 740 (66-67)
918 714 1014 734 conse-

225 755 334 783 quetur.
351 750 378 776 Si
395 758 459 785 ergo
474 755 567 778 sancta
583 756 646 778 sunt
664 751 762 786 templa
786 760 819 779 ac
836 753 990 780 veneranda
1004 772 1012 784 ,

232 802 343 822 necesse
387 801 428 822 est
457 796 544 823 sancti
575 803 682 831 quoque
713 797 830 824 hominis
867 798 1012 832 imaginem

227 847 348 868 sanciam
368 849 428 869 esse
448 849 480 868 ac
497 843 696 875 venerabilem;
715 843 838 877 nihilque
861 843 905 870 hic
922 843 1013 878 profa-

229 895 291 913 num
307 895 366 914 esse
380 892 426 914 aut
440 887 582 921 pollutum.
595 887 672 920 Quod
689 888 710 915 si
727 889 776 915 has
790 888 918 923 profanas
932 888 1014 921 dicis,

228 932 349 967 profecto
363 933 445 960 etiam
469 933 594 960 ecclesiae
607 932 730 968 profante
743 939 805 960 sunt
821 943 827 960 :
842 941 1014 961 communem

227 979 299 1006 enim
315 984 341 1005 et
361 986 408 1013 per
432 980 523 1006 omnia
539 979 664 1007 dilfusam
681 984 792 1007 constat
814 987 875 1007 esse
893 980 1017 1011 sanetili;

228 1025 375 1051 cntionem.
390 1025 516 1058 Alioquin
540 1024 703 1059 imaginibus
724 1025 775 1052 alia
787 1032 855 1059 opus
868 1030 940 1052 esset
951 1033 1015 1053 san-

227 1070 410 1102 ctiﬁcatione,
428 1070 600 1103 fundalione,
616 1071 764 1106 precibus,
788 1072 918 1099 encaeniis
938 1071 1015 1105 aliis:

229 1117 396 1150 alteriusque
435 1117 581 1144 adventum
622 1117 741 1151 Spiritus
774 1117 1015 1152 prazstolahuntur.

228 1162 305 1200 Quod
320 1163 340 1189 si
359 1167 386 1189 tu
405 1170 453 1196 per
470 1171 551 1189 uuam
574 1170 648 1195 rem,
666 1163 780 1190 alterum
798 1163 878 1190 simul
897 1164 1015 1196 avertis,

229 1207 401 1234 mmtilestum
416 1213 442 1234 te
453 1208 574 1235 ostendis
588 1214 746 1235 sanctarum
759 1216 850 1235 rerum
864 1209 1015 1239 inimicum.

228 1258 255 1279 vt
273 1254 380 1288 quidem
403 1253 616 1281 furiosissimum
638 1254 742 1282 hostem
767 1259 849 1289 atque
867 1254 1016 1282 acerbissi-

228 1308 313 1332 mum.
332 1300 394 1334 quia
414 1300 598 1327 mulestissimi
625 1301 673 1327 tibi
694 1305 759 1327 sunt
779 1301 866 1327 sancti
891 1301 973 1328 etiam
990 1301 1016 1328 in

229 1345 346 1381 imagine
360 1345 487 1378 spectati.
511 1344 655 1379 Propterea
673 1349 700 1371 tu
718 1345 837 1378 subruis,
855 1346 1017 1380 prosternis,

228 1391 330 1425 spolias
346 1391 443 1425 tcumla
455 1411 463 1422 ,
477 1391 541 1425 quia
556 1396 648 1421 sancta
669 1396 744 1419 sunt.
760 1391 856 1419 Nonne
872 1393 908 1419 ita
930 1397 976 1419 tuo
992 1397 1019 1420 te

230 1437 387 1464 testimonio
405 1445 514 1464 osorem
538 1437 701 1471 hostemque
720 1442 879 1465 sanctorum
900 1438 1019 1472 probas}

231 1485 407 1510 thuuonstras
432 1483 524 1516 enim,
541 1483 647 1514 etiamsi
671 1484 775 1516 nolles,
795 1492 931 1511 summam
958 1491 1020 1512 esse

1059 253 1073 278 ὁ
1087 252 1202 286 Χριστὸς
1215 254 1262 280 καὶ
1277 254 1477 288 ἀψευδέστατος
1490 257 1608 292 μάρτυς,
1624 257 1674 293 τὴν
1687 259 1720 285 ἐκ
1729 258 1780 284 τοῦ
1797 258 1860 284 ὀνό-

1062 306 1145 332 ματος
1164 299 1239 333 ίσχὺν
1253 300 1300 326 καὶ
1311 301 1391 336 χάριν
1405 302 1557 337 διασαφῶν.
1579 303 1631 330 Ἐν
1658 303 1697 336 τῷ
1724 303 1856 337 ὀνόματί

1057 352 1127 378 μου.
1134 344 1230 379 λέγων,
1239 346 1377 380 δαιμόνια
1387 348 1559 376 ἐκϐαλοῦσι.
1568 350 1622 376 Καὶ
1631 349 1649 376 ἃ
1658 350 1764 380 τούτοις
1773 349 1799 375 ῐσ
1806 358 1858 383 μεν

1061 390 1192 425 ἑπόμενα.
1208 391 1263 418 Καὶ
1278 393 1294 418 ό
1313 391 1475 427 δεχόμενος
1497 394 1656 428 προφήτην
1675 394 1710 420 ἐν
1730 394 1861 428 ἐνόμιιτι

1060 436 1227 470 προφήτου.
1236 438 1512 473 μισθὸνπροερήτου
1523 439 1664 474 λήψεται.
1678 440 1732 466 Καὶ
1745 442 1762 467 d
1770 440 1862 473 δεχό-

1059 489 1152 514 μενος
1163 481 1281 508 δίκαιον
1293 485 1336 515 εις
1347 483 1440 517 ὄνομα
1454 484 1582 517 δικαίου,
1603 485 1713 519 μισθὸν
1737 486 1862 512 δίκαιον

1062 526 1201 560 λήψεται.
1212 526 1240 553 '0
1251 528 1340 554 τοίνυν
1349 528 1388 563 τῷ
1396 529 1452 564 ναῷ
1461 530 1636 566 προστρέχων
1645 531 1690 557 τοῦ
1704 530 1860 566 μάρτυρος1

1063 570 1110 596 καὶ
1125 572 1157 605 τῇ
1173 571 1258 597 εικόνι
1275 571 1407 604 ὡσαύτως
1419 574 1544 609 πρόσεισι
1558 582 1564 589 '
1583 575 1685 610 κτίσμα
1706 575 1754 602 καὶ
1767 575 1860 601 ταῦτα

1064 618 1190 648 κάκεῖνα,
1208 617 1255 643 καὶ
1270 618 1312 643 ἐπ’
1327 619 1428 653 ἀμφοῖν
1441 620 1456 654 ὴ
1472 620 1550 655 χάρις
1562 621 1579 655 ἡ
1597 621 1665 656 αὐτή
1676 629 1685 638 -
1701 621 1783 647 πλέον
1800 621 1831 647 δὲ
1846 621 1862 647 ὁ

1064 662 1169 693 πιστῶς
1180 662 1302 697 προσιὼν
1316 664 1371 695 ἕξει
1400 665 1470 691 κατὰ
1497 666 1547 700 τὴν
1566 667 1671 693 οέκείαν
1699 667 1794 693 πίστιν
1829 667 1862 693 τὸ

1064 707 1236 740 ἁγιάζεσθαι.
1249 709 1334 744 Εἴπερ
1348 708 1394 736 οὖν
1405 711 1430 736 oi
1443 713 1502 737 ναοὶ
1514 711 1597 746 ἅγιοι,
1609 713 1656 738 καὶ
1670 713 1704 738 τὰ
1718 713 1746 738 ἐν
1764 713 1862 743 αὐτοῖς

1064 752 1155 779 πάντα
1167 753 1233 787 ἆγια
1247 754 1294 780 καὶ
1309 754 1456 790 σεῦάσμια,
1469 756 1576 791 ἀνάγκη
1593 757 1640 783 καὶ
1653 757 1698 783 τὸν
1710 757 1758 783 τοῦ
1774 757 1859 789 ἁγίου

1065 799 1231 834 χαρακτῆρα
1251 800 1328 834 ἅγιον
1356 798 1426 827 εἶναι
1449 802 1497 827 καὶ
1516 802 1677 837 σεϐάσμιον,
1702 803 1750 830 καὶ
1778 803 1862 830 οὐδὲν

1065 843 1183 871 ἐνταῦθα
1197 844 1294 878 ἐναγὲς
1310 846 1357 872 καὶ
1371 846 1527 882 ἀκάθαρτον
1538 856 1545 862 ”
1564 849 1588 873 εἰ
1603 847 1631 873 δὲ
1647 848 1734 874 ταῦτα
1761 847 1861 878 καλεῖς

1030 879 1052 907 Β
1068 888 1164 924 ἐναγῆ,
1178 889 1276 916 οὐκοῦν
1292 891 1338 916 καὶ
1367 891 1395 917 αἱ
1429 892 1588 927 Ἐκκλησίαι
1616 894 1723 927 ἐναγεῖς
1740 901 1748 920 τ
1766 893 1862 924 κοινὸς

1068 935 1123 970 γὰρ
1141 936 1187 962 καὶ
1201 935 1245 962 διὰ
1259 937 1370 963 πάντων
1387 938 1488 972 φοιτῶν
1522 939 1656 965 δέδεικται
1672 940 1686 965 ό
1708 939 1860 973 ἁγιασμός.

1067 983 1216 1018 Δεήσονται
1229 983 1324 1010 λοιπὸν
1335 985 1382 1010 καὶ
1399 985 1492 1020 ἑτέρου
1507 986 1657 1021 ἀγιασμοῦ,
1687 986 1863 1021 ἑδραιώσεών

1067 1037 1096 1054 τε
1108 1029 1155 1055 καὶ
1170 1028 1258 1064 εὐχῶν
1273 1029 1322 1056 καὶ
1341 1031 1528 1065 ὲγκαινισμῶν
1555 1032 1668 1068 ἑτέρων,
1700 1033 1748 1058 καὶ
1774 1032 1862 1058 ἄλλον

1067 1073 1241 1109 ἐπιφοίτησιν
1258 1074 1412 1107 ὲκδέξονται
1440 1076 1617 1111 Πνεύματος·
1644 1079 1668 1104 ei
1682 1078 1711 1104 δὲ
1730 1077 1776 1104 διὰ
1808 1076 1858 1103 τοῦ

1067 1121 1128 1152 ἑνὸς
1147 1120 1238 1147 καὶτὸ
1252 1121 1347 1156 ἕτερον
1363 1122 1575 1157 καταστρέφεις,
1598 1123 1717 1158 φανερὸν
1745 1123 1863 1149 σεαυτὸν

1068 1167 1252 1202 κατέστησας.
1265 1167 1306 1193 ὅτι
1321 1168 1418 1202 ἐχθρὸς
1436 1166 1462 1194 εἷ
1475 1168 1530 1194 τῶν
1540 1169 1637 1202 ἁγίων,
1654 1169 1700 1195 καὶ
1725 1169 1835 1204 ὲχθρῶν
1849 1170 1864 1195 ὁ

1067 1212 1287 1247 δυσμενέστατος
1314 1214 1362 1239 καὶ
1383 1214 1560 1250 πικρότατος,
1582 1215 1677 1250 ἐπειδὴ
1708 1214 1862 1250 βαρύτατοέ

1069 1259 1111 1284 σοί
1126 1259 1196 1285 εἰσιν
1216 1260 1241 1285 οἱ
1264 1259 1337 1293 ἆγιοι
1363 1260 1410 1286 καὶ
1427 1261 1456 1287 ἐν
1473 1261 1558 1287 εἰκόνι
1576 1261 1759 1296 βλεπόμενοι·
1790 1260 1861 1287 ἀλλὰ

1068 1303 1113 1330 διὰ
1127 1303 1208 1330 τοῦτο
1226 1304 1393 1340 ἁνορύττεις,
1424 1305 1468 1332 διὰ
1492 1305 1572 1332 τοῦτο
1589 1305 1784 1337 καταὸἀλλεις,
1816 1305 1863 1331 διὰ

1068 1350 1148 1376 ’τοῦτο
1159 1351 1340 1385 ἀποκοσμεῖς,
1364 1352 1405 1378 ὅτι
1430 1352 1501 1386 ἆγιοί
1517 1353 1589 1378 εἰσιν
1606 1353 1630 1378 οἱ
1657 1352 1768 1387 ναοί-ἧ
1797 1351 1862 1386 οὐχὶ

1070 1395 1184 1423 σεαυτοῦ
1203 1398 1429 1431 καταμαρτυρεῖς
1449 1397 1504 1423 τῶν
1524 1398 1613 1432 ἁγίων
1635 1396 1706 1424 εἶναι
1735 1397 1861 1432 δυσμενῆ

1070 1442 1117 1468 καὶ
1128 1441 1275 1475 πολέμιον,
1293 1442 1429 1474 Δεικνΰεις
1446 1443 1501 1478 γὰρ
1515 1444 1562 1469 καὶ
1576 1443 1613 1478 μὴ
1630 1442 1805 1478 βουλόμενος,
1820 1442 1863 1468 ὅτι

1068 1487 1187 1522 Ιτοσαύτη
1200 1488 1217 1522 ἡ
1237 1488 1328 1522 σχέσις
1344 1488 1392 1514 καὶ
1401 1489 1538 1520 οἰκείωσις
1547 1489 1649 1515 τούτων
1661 1489 1729 1524 πρὸς
1744 1487 1862 1522 ἄλληλα,

231 1531 325 1556 horum
344 1530 414 1557 inter
429 1536 457 1556 se
471 1529 631 1556 relationem
645 1534 672 1556 et
688 1530 927 1561 necessitudinem.
945 1530 1015 1557 sacri

1069 1533 1116 1560 τοῦ
1131 1542 1161 1560 τε
1180 1532 1253 1568 ἱεροῦ
1269 1533 1355 1564 οἴκου,
1372 1534 1455 1568 φημὶ,
1475 1535 1522 1560 καὶ
1538 1534 1682 1561 τῶνθείων
1699 1534 1862 1569 εἰκονισμάη

233 1583 328 1609 nempe
348 1576 438 1609 templi
454 1580 482 1602 et
496 1579 673 1610 augustarum
690 1575 851 1610 imaginum,
867 1576 931 1610 quia
947 1583 1018 1602 nunc

231 1622 312 1649 simul
337 1622 515 1650 destruuntur
530 1627 556 1648 et
582 1621 797 1656 persecutionem
816 1622 1017 1656 experiuntur;

230 1670 307 1696 velut
323 1674 402 1695 antea
417 1676 432 1695 a
447 1667 611 1696 Christianis
624 1667 754 1695 fabricata
774 1669 831 1696 haec
843 1669 946 1703 pariter
959 1669 1019 1697 lue-

233 1719 294 1741 rant
308 1719 334 1741 et
351 1715 495 1741 honorata.

266 1771 312 1799 55.
337 1771 484 1806 Postquam
508 1771 601 1805 itaque
624 1775 708 1798 temet
732 1770 843 1798 Christo
865 1775 893 1798 et
916 1771 1021 1799 sanctis

232 1818 444 1845 infensissitnutn
461 1817 618 1850 ostendisti,
633 1818 757 1852 sequitur
769 1823 798 1844 ut
811 1818 885 1852 paria
901 1819 932 1845 de
946 1826 1021 1853 sym-

233 1867 300 1892 bolis
317 1872 426 1899 quoque
439 1864 592 1891 caelestium
607 1869 635 1890 et
649 1864 872 1898 incorporearum
886 1864 1019 1890 virtuttnu

233 1911 337 1937 sentias
351 1914 433 1944 atque
449 1910 580 1944 loquaris.
596 1909 664 1936 Nam
679 1909 780 1936 Christi
797 1909 877 1936 rebus
894 1909 1020 1942 sublatis,

232 1957 289 1983 hmc
303 1963 410 1990 quoque
422 1954 503 1982 simul
517 1954 617 1981 auferri
630 1954 788 1987 destruique
800 1961 948 1988 congruum
962 1957 1020 1984 est;

234 2007 261 2027 nt
291 2002 353 2028 hinc
379 2002 460 2027 etiam
490 1999 635 2026 Marcionis
664 1998 832 2032 Manetisque
859 1998 1022 2026 inﬁdelitate

231 2054 314 2083 atque
337 2048 474 2074 allicismo
495 2046 621 2073 laborare
641 2047 801 2080 coarguaris
814 2066 821 2077 .
839 2044 1021 2079 Veteremque

232 2101 259 2123 et
275 2095 375 2122 Novam
391 2094 560 2128 Scripturam
575 2092 692 2120 ludibrio
704 2092 824 2126 risuique
837 2092 948 2124 habere,
962 2091 1020 2126 plc-

234 2149 316 2176 raquc
330 2149 362 2168 ex
377 2141 419 2167 his
434 2140 526 2167 delere
538 2143 566 2167 et
577 2139 722 2174 expellere,
739 2138 894 2173 loquentem
908 2139 935 2165 in
955 2138 1020 2172 ipsis

233 2187 317 2214 Deum
343 2186 543 2221 reprehendere
559 2195 567 2214 ς
592 2190 620 2212 et
641 2185 663 2212 si
677 2184 744 2211 nihil
767 2184 851 2216 aliud,
867 2188 942 2211 certe
961 2184 1021 2210 illos

233 2232 419 2264 ilheruhinos,
435 2231 480 2266 qui
497 2238 564 2257 auro
582 2238 649 2264 puro
665 2229 758 2257 ductili
776 2229 883 2256 formati
899 2228 1019 2260 fuerunt,
1038 2218 1060 2245 D

234 2278 289 2305 Dco
307 2278 427 2304 omnium
449 2276 564 2304 Domino
585 2276 712 2311 jubcnte,
733 2275 887 2311 Moysisque
907 2275 1019 2302 oraculo

231 2323 362 2356 conﬂati,
380 2329 462 2357 atque
484 2323 556 2349 haud
577 2323 666 2349 minus
698 2322 853 2356 apostolicis
876 2322 966 2348 verbis
985 2321 1018 2354 ⁸⁷,

233 2369 371 2401 honorati,
387 2368 527 2396 latreutici
543 2368 632 2395 cultus
647 2375 709 2394 eum
729 2367 1022 2400 czeterisjustillcatio-

233 2423 292 2447 nes,
314 2422 363 2442 ccu
388 2414 509 2449 symbolo
532 2414 612 2448 hujus
639 2414 810 2448 regulaeque,
832 2414 962 2446 vocitati;
991 2414 1023 2440 de

233 2462 332 2495 quibus
348 2461 430 2488 latius
446 2461 509 2487 alibi
527 2469 634 2496 quoque
650 2469 665 2488 a
681 2461 758 2488 nobis
774 2460 824 2487 fuit
842 2461 1022 2495 disputatum.

1071 1587 1136 1610 των,
1151 1578 1192 1604 ὅτι
1204 1577 1252 1605 καὶ
1271 1577 1520 1614 συγκαθαιροῦνται
1534 1578 1662 1613 ἀλλήλοις
1685 1579 1732 1604 καὶ
1747 1579 1864 1604 συνδιω-

1071 1633 1174 1657 κονται,
1195 1624 1322 1660 καθάπερ
1350 1625 1447 1651 καὶτὸ
1475 1626 1539 1660 πρὶν
1575 1625 1652 1660 παρὰ
1682 1624 1862 1659 Χριστιανοῖς

1072 1670 1344 1706 συγκαταρτιζόμενα
1358 1670 1407 1705 ήδη
1426 1669 1474 1696 καὶ
1487 1669 1644 1703 ὲδοξάζοντο
1658 1670 1726 1705 ἅμα,

1107 1769 1154 1797 νε¹.
1178 1768 1315 1804 Ὀπηνίκα
1329 1767 1376 1795 οὖν
1393 1768 1489 1804 {cequ
1500 1768 1620 1805 Χριστοῦ
1639 1768 1687 1795 καὶ
1702 1767 1757 1794 τῶν
1775 1768 1863 1802 ἁγίων

1071 1816 1086 1842 ὁ
1100 1815 1235 1850 ἔχθιστος,
1252 1815 1400 1842 ἀκόλουθον
1415 1815 1503 1842 ταῦτα
1521 1815 1569 1841 καὶ
1585 1815 1651 1850 περὶ
1678 1814 1733 1840 τῶν
1761 1813 1864 1848 συμϐό-

1071 1861 1125 1887 λων
1140 1860 1194 1887 τῶν
1204 1860 1339 1896 οὐρανίων
1353 1861 1400 1887 καὶ
1419 1861 1574 1895 ἀσωμάτων
1588 1861 1698 1895 φρονεῖν
1709 1860 1755 1886 καὶ
1773 1859 1862 1892 λέγειν

1071 1906 1214 1941 δυνάμεων
1225 1913 1232 1922 ·
1245 1907 1286 1932 ὃτι
1301 1905 1395 1941 ἐπειδὴ
1412 1905 1446 1932 τὰ
1463 1906 1510 1932 τοῦ
1528 1905 1648 1942 Χριστοῦ
1668 1905 1860 1935 καταλέλυται,

1072 1953 1120 1978 καὶ
1134 1952 1222 1978 ταῦτα
1237 1951 1494 1985 συγκαταλελύσθαι
1517 1952 1564 1978 καὶ
1581 1949 1861 1985 συγκαταϐεόλῆσθαι

1071 1997 1146 2029 ἄξιον
1159 2005 1166 2012 ·
1181 1997 1223 2023 ἵνα
1242 1997 1408 2032 κατάφωρος
1423 1997 1491 2032 γένῃ
1512 1996 1652 2024 κάνταῦθα
1667 1996 1718 2030 τὴν
1730 1994 1861 2030 Μαρκίω-

1072 2051 1115 2073 νος
1129 2043 1174 2068 καὶ
1201 2042 1340 2074 Μάνεντος
1355 2042 1441 2069 νοσῶν
1458 2043 1589 2069 ἀπιστίαν
1607 2043 1652 2068 καὶ
1678 2041 1786 2072 ἀθεῖαν,
1803 2040 1860 2067 Πα-

1071 2087 1150 2115 λαιὰν
1162 2097 1191 2114 τε
1209 2088 1256 2115 καὶ
1280 2088 1353 2115 Νέαν
1377 2087 1489 2123 Γραφὴν
1509 2087 1738 2122 καταμωμεῖσθαί
1760 2094 1789 2112 τε
1817 2085 1862 2111 καὶ

1072 2134 1267 2161 ἀποσκώπτειν
1282 2133 1372 2166 εἰδὼς,
1398 2134 1506 2161 ἀθετεῖν
1523 2142 1552 2160 τε
1577 2133 1680 2160 τούτων
1706 2132 1793 2158 πολλὰ
1815 2131 1861 2157 καὶ

1073 2182 1316 2218 ἀποσκορακίζειν,
1329 2181 1433 2209 καὶτὸν
1448 2183 1476 2208 ἐν
1504 2182 1602 2212 αὑταῖς
1623 2181 1780 2215 λαλήσαντα
1796 2179 1862 2205 Θεὸν

1073 2229 1241 2263 δυσφημεῖν·
1262 2229 1310 2255 καὶ
1337 2229 1363 2254 εἰ
1394 2228 1432 2263 μή
1460 2236 1487 2254 τι
1515 2227 1590 2256 ἄλλο,
1615 2226 1650 2253 τά
1676 2234 1707 2260 γε
1731 2224 1863 2260 χερουᾶμ

1075 2276 1176 2308 ἐκεῖνα,
1190 2274 1207 2301 ἃ
1222 2274 1254 2310 δὴ
1274 2274 1379 2310 χρυσίῳ
1395 2273 1509 2309 καθαρῷ
1523 2273 1666 2309 διήλασταὶ
1682 2281 1711 2298 τε
1737 2271 1784 2297 καὶ
1813 2278 1863 2295 πε-

1074 2322 1194 2356 ποίηται,
1208 2321 1276 2347 Θεοῦ
1294 2321 1344 2355 μὲν
1356 2320 1403 2347 τοῦ
1419 2320 1529 2347 πάντων
1545 2318 1724 2350 δεσπόζοντος
1745 2324 1861 2352 προστε-

1073 2367 1198 2402 ταχὸτος,
1209 2366 1331 2398 Μωσέως
1346 2366 1374 2392 δὲ
1388 2366 1621 2401 θεοκλυτήσαντος
1631 2362 1861 2398 συμπηγνύμενα,

1073 2413 1256 2448 δεδοξασμένα.
1270 2413 1318 2447 μὲν
1331 2413 1378 2439 καὶ
1396 2412 1533 2446 σεῦὰσμια
1544 2413 1592 2438 καὶ
1605 2411 1690 2444 Ἀγια
1705 2408 1802 2442 ἁγίων,
1814 2407 1863 2433 καὶ

1074 2458 1225 2494 τηνικαῦτα
1239 2459 1288 2484 καὶ
1303 2458 1368 2484 ὄντα
1383 2457 1432 2484 καὶ
1449 2455 1722 2492 προσαγορευόμενα,
1737 2453 1811 2480 οὐδὲν
1834 2452 1862 2478 δὲ

232 2507 325 2544 ἦττον,
343 2507 389 2534 καὶ
401 2506 477 2542 παρὰ
485 2507 525 2542 ’τῷ
537 2507 710 2542 omnem;
721 2507 793 2542 λόγῳ
807 2506 963 2542 τιμώμενα,
994 2505 1041 2532 καὶ
1058 2504 1230 2539 δικαιώματα
1261 2503 1390 2539 λατρείας
1407 2503 1477 2538 μετὰ
1489 2503 1543 2529 τῶν
1559 2501 1646 2529 ἄλλων
1676 2499 1722 2527 καὶ
1741 2498 1778 2530 ὼς
1796 2499 1862 2533 σύμ-

213 2550 215 2579 ἷ
234 2555 300 2582 δολα
318 2555 365 2582 καὶ
391 2554 487 2590 θεσμοὶ
512 2554 615 2589 ταύτης
633 2553 890 2590 κατονομαξόμενα,
906 2553 972 2588 περὶ
987 2549 1024 2579 ὢν
1044 2551 1212 2586 πλατύτερον
1221 2550 1267 2577 καὶ
1280 2550 1309 2576 ὲν
1325 2549 1507 2584 ὲτέροις’ὴμῖν
1520 2547 1686 2582 διείληπται.

268 2614 314 2642 56.
332 2613 409 2642 Nunc
426 2615 534 2642 demum
555 2615 606 2642 hoc
624 2615 672 2642 tibi
688 2614 777 2641 adhuc
794 2613 930 2648 adjectum
950 2612 1025 2640 solli—

234 2663 298 2689 c'at.
323 2661 441 2697 Nempe,
464 2662 536 2697 quod
560 2661 663 2689 Iudaeis
684 2660 816 2696 ingratior
832 2665 860 2688 et
882 2664 1024 2688 contmna-

269 2743 291 2758 "
304 2741 386 2769 Marc.
401 2749 454 2772 xw,
474 2741 514 2767 l7.
554 2740 576 2756 ⁵⁸
590 2739 685 2766 Matth.
710 2747 736 2771 Χ,
755 2739 799 2769 il,

233 2823 247 2837 ‘
268 2819 374 2854 (66—67)
395 2819 492 2850 llccte;
518 2824 580 2854 nam
598 2824 724 2854 nequea
746 2817 833 2843 sacris
858 2815 1018 2854 imaginibus

234 2849 345 2890 nequeo
363 2849 587 2888 ierilplispropric
599 2849 868 2884 sanctiﬁcamur,sctl
885 2859 898 2877 a
916 2849 1020 2884 religio-

1114 2610 1167 2643 νςῖ
1183 2610 1239 2637 Νὖν
1254 2609 1281 2636 δὲ
1292 2609 1373 2636 τοῦτο
1387 2609 1467 2644 μόνον
1483 2606 1631 2642 προστεθὲν
1643 2605 1796 2640 ἀποχρήσει
1806 2612 1861 2630 σοι·

1077 2659 1118 2685 ὅτι
1134 2656 1229 2692 ἐπειδὴ
1253 2657 1299 2683 καὶ
1331 2655 1468 2682 Ἰουδαίων
1497 2652 1524 2681 εἷ
1546 2651 1786 2689 ὰγνωμονέστεροε
1816 2650 1862 2676 καὶ

896 2738 916 2753 ⁸⁷
937 2736 1020 2764 llehr.
1041 2744 1078 2769 lx,
1096 2734 1121 2762 5.

1075 2813 1113 2874 siis
1131 2812 1230 2852 nostris
1247 2812 1363 2844 artibus,
1379 2818 1412 2839 ex
1428 2810 1523 2838 intimo
1539 2809 1628 2837 animo
1643 2807 1686 2844 pic
1702 2808 1857 2840 sinccrcque

1078 2856 1092 2874 e
1105 2851 1183 2874 tcttts.
1379 2872 1382 2874 .

1078 2851 1183 2876 elicitis.
