1945 3078
226 155 278 186 483

736 154 765 182 S.
789 153 996 183 NICEPIIOBI
1017 151 1268 184 PATRIARCH/E
1287 154 1340 184 (ΖΡ.

1803 153 1858 184 484

229 210 274 236 Dei
303 208 404 236 locutio
434 212 554 234 nostram
587 206 703 234 volentis
729 211 855 233 naturam
883 207 1011 233 condere.

1066 207 1113 241 τὴν
1129 207 1191 233 καθ’
1212 208 1288 242 ἡμᾶς
1304 207 1456 241 ὑποστῆσαι
1473 205 1636 241 βουλομένου
1663 205 1745 240 φύσιν
1756 215 1763 221 ’
1795 204 1859 232 εἶτα

229 255 332 282 Deinde
345 259 404 288 post
416 254 488 287 prius
502 253 602 280 dictum
621 261 628 279 ε
648 251 679 278 Et
697 252 757 286 fecit
779 252 847 278 Deus
868 252 1012 283 hominem,

229 300 263 326 nd
287 299 425 333 imaginem
453 298 499 324 Dci
519 298 580 331 fecit
603 297 687 324 illum.
711 298 745 324 Et
770 298 866 323 deinde
891 307 897 325 :
920 296 1012 323 Germit

230 345 346 370 Adamn:
368 343 495 374 Set/tum,
512 343 546 369 ad
572 343 711 377 imaginem
726 347 748 368 et
769 342 878 374 speciem
897 342 1012 368 “tum”.

229 390 315 423 Atque
333 393 373 422 ut,
390 388 451 416 aliis
467 388 670 423 prmtermissis,
687 395 718 414 ea
733 395 792 422 qua:
809 387 888 421 longo
905 387 1013 421 quidem

229 439 349 468 tempore
369 433 485 466 distant,
500 433 546 460 sed
566 438 655 460 tamen
675 432 749 466 justo
767 432 898 459 vocabulo
920 439 1014 459 sensa-

227 486 280 516 que
296 483 460 521 congruunt,
480 479 505 505 in
527 478 643 505 medium
664 477 821 510 offeramus,
842 477 953 504 Paulum
975 478 1015 504 lo-

228 529 357 559 quentem
386 524 527 550 audiamus
555 533 561 550 :
590 523 662 550 Sicut
688 524 848 558 portavimus
873 523 1014 557 imaginem

229 571 339 602 terreni,
362 570 399 596 ita
422 569 533 596 caelestis
555 577 656 604 quoque
673 574 805 604 portemus
826 569 966 603 imaginem
979 569 1013 594 τ¹.

230 615 331 649 Utique
356 615 423 642 satis
447 615 504 642 haec
526 622 585 642 esse
608 615 699 649 judico
712 635 718 646 ,
739 622 826 650 neque
846 615 925 641 nobis
946 621 1015 648 opus

229 669 290 688 esse
314 660 436 694 longiore
465 668 591 688 sermone
626 661 658 688 ad
678 661 716 688 rei
739 660 885 695 proposita:
905 660 1015 687 demon-

229 707 400 734 strationem.
410 707 474 739 Quae
488 707 558 733 enim
572 706 657 739 major
670 707 904 741 auctoritasquam
916 705 1016 740 Moysis

230 756 258 779 et
271 751 363 778 Pauli?
378 751 474 778 Dicant
489 759 553 786 ergo
573 751 651 778 nobis
666 751 692 778 hi
706 751 752 785 qui
767 751 852 785 ipsum
873 751 922 777 hoc
935 757 1016 776 voca-

231 796 323 824 bulum
349 798 486 829 abnuunt,
502 803 585 830 seque
606 796 640 823 ab
657 796 773 830 imagine
787 795 834 822 Dci
859 795 1016 829 longissime

231 841 410 874 submovent,
428 846 510 874 atque
530 843 564 868 ab
587 841 646 875 ejus
669 842 763 876 gratiae
786 841 1011 875 participatione,

231 889 253 914 si
279 888 389 920 omnia,
413 896 472 922 quae
496 889 547 916 hoc
574 889 681 916 nomine
708 893 837 920 utuntur,
864 888 1015 915 veneranda

231 938 295 960 sunt
309 938 336 960 et
350 934 519 960 honorabilia
531 953 538 966 ,
559 939 669 968 propter
683 941 776 960 eorum
792 933 862 959 uttde
878 933 1016 959 deducun-

232 983 274 1005 tur
290 979 463 1013 dignitatem,
481 987 530 1006 cur
542 979 597 1014 jam
616 979 716 1006 Christi
736 983 764 1005 et
777 983 932 1005 sanctorunt
949 978 1016 1005 ima-

230 1024 337 1057 ginibus
355 1024 530 1058 ignominiam
557 1032 761 1059 quaquaversus
782 1029 809 1051 et
830 1029 1015 1059 contemptum

230 1070 395 1104 aspergunt?
415 1071 503 1104 Atque
530 1075 559 1097 ut
587 1078 619 1097 ex
649 1070 852 1097 sublimioribus
875 1075 956 1104 atque
982 1071 1015 1096 ab

230 1116 289 1148 ipsa
325 1115 457 1151 theologia
483 1117 633 1143 oralionem
662 1116 775 1148 ordiar,
803 1115 887 1143 Filius
913 1116 958 1143 Dei
985 1123 1016 1143 ac

230 1161 302 1188 Deus
325 1166 428 1194 noster,
446 1170 506 1189 cum
523 1162 604 1189 Patre
626 1170 676 1189 suo
696 1161 768 1190 Deus
790 1162 893 1197 pariter
908 1162 1015 1194 dictus,

231 1213 357 1243 tanquam
387 1209 446 1244 ejus
475 1200 563 1244 imago
594 1210 744 1238 honoratur
772 1215 871 1244 praeter
899 1216 1015 1238 cteteras

228 1253 350 1288 ejusdem
366 1254 572 1288 appellatimtes,
591 1261 618 1282 et
632 1255 801 1289 gloriﬁcatur
818 1265 824 1282 :
842 1255 895 1288 Qui
907 1261 956 1287 est,
975 1256 1016 1282 in-

229 1300 288 1334 quit
300 1299 400 1327 Paulus
411 1301 444 1332 τι,
459 1301 546 1334 ima‘go
560 1300 608 1327 Dei
624 1301 762 1328 invisibilis
777 1301 844 1335 (69).
862 1302 950 1336 Atque
966 1302 1016 1330 hoc

230 1345 399 1379 potissimum
424 1346 556 1373 vocabulo
588 1346 737 1380 gloriantur
760 1347 877 1380 theologi
899 1352 926 1374 et
951 1355 1016 1381 gau—

229 1391 305 1418 dent.
331 1391 385 1418 Sed
416 1399 520 1424 nonne,
553 1397 662 1426 propter
689 1392 815 1427 imaginis
836 1393 1014 1425 vocabulum,

230 1435 327 1463 Filium
346 1444 452 1470 quoque
469 1437 562 1464 hostes
584 1436 631 1464 Dei
654 1445 669 1463 a
686 1443 798 1471 paterna
811 1438 896 1473 gloria
913 1443 941 1465 et
957 1439 1016 1465 uui-

231 1488 286 1509 tate
318 1488 422 1509 naturae
445 1482 656 1510 abalienabunt?
686 1483 805 1516 Deinde,
830 1488 857 1510 et
887 1488 1016 1518 angustus

1066 253 1178 287 μετὰ-ιὰ
1196 253 1342 288 εἰρημένα,
1358 253 1410 279 Καὶ
1422 254 1566 286 ἐποίησεν
1586 254 1602 278 ὁ
1628 252 1699 284 Θεὸς
1725 252 1780 278 τὸν
1803 252 1859 278 ὒν-

1065 300 1196 331 θρωπον”
1217 299 1394 325 κατέὶκόνα
1417 298 1492 325 Θεοῦ
1507 298 1652 331 ἐποίησεν
1675 298 1786 324 αὐτόν·
1807 298 1859 324 καὶ

1064 344 1093 369 ἐν
1108 345 1164 375 τοῖς
1181 344 1250 378 μετὰ
1264 344 1350 370 ταῦτα
1363 353 1369 359 ·
1393 344 1571 377 Ἐγέννησρν
1593 343 1680 377 Ἀδὰμ
1702 343 1756 369 τόν
1779 343 1858 376 Σὴθ,

1065 390 1140 417 κατὰ
1154 390 1211 424 τὴν
1223 391 1325 417 εἰκόνα
1340 390 1389 416 καὶ
1402 391 1478 417 κατὰ
1493 389 1550 423 τὴν
1574 389 1656 416 ἰδέαν
1672 389 1776 416 αὑτοῦ.
1795 389 1859 415 Ἵνα

1064 435 1092 461 δὲ
1110 435 1192 462 τᾶλλα
1217 436 1360 468 παρέντες,
1390 436 1423 462 τὰ
1437 435 1476 470 τῷ
1498 435 1597 471 μακρῷ
1619 435 1669 470 μὲν
1688 435 1857 470 διεστηκότα

1065 481 1166 516 χρόνῳ,
1179 481 1218 515 τῷ
1234 481 1263 507 δὲ
1286 482 1359 517 ὀρθῷ
1383 481 1544 517 συνημμένα
1558 482 1630 516 λόγῳ
1657 481 1705 508 καὶ
1729 482 1793 512 τοῖς
1812 481 1859 506 ὲν-

1065 526 1162 559 νοίαις,
1179 528 1219 559 εἰς
1235 528 1317 562 μέσον
1339 527 1463 562 θείημεν,
1484 526 1528 554 οἶα
1546 528 1622 562 παρὰ.
1642 527 1749 554 Παύλου
1777 526 1859 560 λέγε-

1065 582 1109 600 ται
1134 573 1307 609 ἀκουσόμεθα
1320 581 1326 589 ⁸
1349 567 1424 609 φησι
1439 573 1503 609 γὰρ,
1522 574 1564 600 ὅτι
1579 574 1695 607 Ὠσπερ
1710 573 1858 607 ἐφορέσα-

1063 628 1120 654 μεν
1130 619 1187 653 τὴν
1202 621 1306 646 εἰκόνα
1320 619 1373 646 τοῦ
1390 619 1504 653 χοϊκοῦ,
1526 618 1701 653 φορέσωμεν
1724 619 1775 645 καὶ
1796 618 1857 650 τὴν

1065 667 1167 692 εὶκόγη
1178 666 1230 692 τοῦ
1240 665 1432 698 ἐπουρανίου.
1451 664 1521 691 Ἀλλ’
1533 665 1658 699 ἀποχρῆν
1669 662 1746 698 οἶμαι
1760 665 1856 695 ταυτὶ,

1066 712 1113 737 καὶ
1129 711 1159 737 οὐ
1175 711 1284 746 δεήσειν
1296 710 1475 745 μακροτέρων
1487 710 1553 744 ἡμῖν
1567 709 1656 743 λόγων
1673 710 1712 739 είς
1728 709 1777 744 τὴν
1799 709 1857 736 τῶν

1066 757 1257 792 προκειμένων
1272 757 1426 789 ἀπόδειξιν·
1443 756 1470 781 τί
1488 755 1542 790 γὰρ
1555 755 1678 786 Μωσέως
1707 755 1723 790 ἢ
1743 755 1856 781 Παύλου

1066 802 1292 838 ἁξιολογὼτερον;
1306 801 1487 836 Φραζέτωσαν
1498 799 1544 827 οὗν
1559 801 1625 835 ἡμῖν
1635 801 1659 827 οἱ
1675 801 1722 826 καὶ
1733 799 1858 834 τοῦνομα

1067 849 1226 884 ἠρνημένοι,
1242 849 1289 874 καὶ
1306 848 1352 874 τοῦ
1362 847 1433 873 εἶναι
1448 846 1514 873 κατ’⁴
1528 847 1622 872 εἰκόνα
1634 845 1703 872 Θεοῦ
1718 846 1753 877 ὡς
1786 847 1859 881 πορ-

1069 896 1182 930 ρωτάτω
1198 894 1435 929 ἀποπεμπόμενοι,
1445 893 1552 927 καὶτῆς
1569 892 1693 918 ἐντεῦθεν
1707 892 1858 926 ἀμέηεκτοι

1067 942 1177 975 χάριτος
1188 950 1195 956 ·
1209 941 1232 967 εἱ
1248 941 1338 967 πάντα
1353 941 1387 966 τὰ
1402 940 1451 974 τῆς
1467 939 1654 974 προσηγορίας
1666 937 1768 972 ταύτης
1792 946 1859 971 μετ-

1066 989 1214 1024 εσχηκότα,
1236 989 1314 1024 τίμιοι
1343 990 1390 1014 καὶ
1405 987 1508 1020 ἔνδοξα,
1535 988 1566 1013 ὲκ
1588 987 1638 1019 τῆς
1653 982 1692 1012 ὧν
1708 985 1857 1020 παρήχθη-

1068 1044 1117 1061 σαν
1147 1035 1226 1069 δόξης
1249 1035 1328 1061 τοῦτο
1354 1034 1537 1068 ἐνεγκάμε-να,
1560 1032 1586 1058 τί
1602 1033 1704 1066 δήποτε
1724 1033 1786 1063 ταῖς
1807 1032 1857 1057 re}

1067 1080 1186 1115 Χριστοῦ
1203 1081 1248 1106 καὶ
1264 1080 1317 1106 τῶν
1333 1079 1418 1113 ἁγίων
1433 1079 1547 1110 εἰκόσιν,
1567 1079 1599 1104 ὲκ
1613 1079 1720 1104 πάντων
1738 1078 1769 1104 τὸ
1793 1079 1856 1105 ἅδο-

1067 1126 1111 1159 ξον
1122 1127 1167 1152 καὶ
1176 1126 1360 1156 ἀπόπτυστον,
1370 1125 1588 1160 ἁπορρίπτουσι;
1611 1125 1667 1151 Καὶ
1681 1125 1725 1150 ἵνα
1743 1126 1775 1151 ἑκ
1802 1125 1857 1151 τῶν

1068 1171 1242 1207 ὑψηλοτέρων
1253 1171 1300 1197 καὶ
1314 1171 1364 1206 τῆς
1377 1170 1517 1204 θεολογίας
1535 1170 1620 1203 αὐτῆς
1636 1169 1683 1195 τοῦ
1695 1169 1776 1203 λόγου
1791 1179 1857 1196 κατ-

1067 1218 1206 1252 άρξωμαι,
1223 1218 1236 1242 ὁ
1254 1217 1315 1248 Υἱὸς
1334 1216 1379 1242 τοῦ
1400 1215 1468 1242 Θεοῦ
1484 1216 1531 1242 καὶ
1541 1214 1607 1246 Θεὸς
1623 1215 1702 1250 ἡμῶν
1712 1215 1753 1250 τῷ
1768 1215 1857 1250 [Ia-rp!

1068 1262 1341 1297 συνθεολογούμενος,
1364 1262 1402 1293 ὡς
1432 1262 1514 1287 εἰκὼν
1534 1260 1616 1287 αὑτοῦ
1642 1262 1755 1295 τιμᾶται
1787 1262 1858 1295 μετὰ

1066 1308 1120 1334 τῶν
1136 1307 1223 1334 ἄλλων
1240 1306 1445 1343 προσηγοριῶν,
1471 1306 1519 1332 καὶ
1541 1304 1692 1338 δοξάζεται.
1722 1306 1776 1338 Ὃς
1801 1306 1855 1340 γάρ

1066 1354 1142 1384 ἐστι,
1158 1353 1253 1388 φησὶν,
1279 1352 1368 1379 elatior
1389 1352 1442 1379 τοῦ
1460 1351 1535 1379 Θεοῦ
1558 1352 1611 1378 τοῦ
1638 1352 1768 1386 ἀοράτου
1781 1361 1789 1367 ο
1810 1354 1858 1378 καὶ

1066 1399 1152 1435 ταύτῃ
1169 1399 1270 1434 μᾶλλον
1296 1399 1327 1424 οί
1346 1398 1467 1432 Θεολόγοι
1489 1397 1699 1433 ὲνσεμνύνονται
1724 1399 1758 1433 τῇ
1777 1399 1856 1432 φωνῇ

1067 1446 1112 1472 καὶ
1127 1444 1331 1480 συγχαίρουσιν.
1354 1444 1436 1470 Ἀλλὰ
1454 1444 1560 1478 μήποτε
1580 1443 1624 1470 διὰ
1638 1444 1669 1469 τὸ
1683 1444 1732 1478 τῆς
1748 1445 1857 1476 εἰκόνος

1066 1490 1160 1524 ὖνομα,
1181 1490 1226 1515 καὶ
1245 1489 1290 1516 τὸν
1306 1489 1370 1515 Υἱὺν
1394 1490 1417 1515 οί
1433 1489 1562 1524 θεομάχοι
1583 1489 1634 1523 τῆς
1652 1489 1794 1524 [ἰατρικῆς
1810 1489 1857 1515 δό-

230 1527 351 1561 angelus.
372 1527 460 1562 imago
481 1527 527 1555 Dei
547 1533 599 1560 est,
623 1530 763 1563 speculum
782 1537 891 1562 purum.
916 1530 1012 1556 imma-

1068 1534 1116 1570 ξης
1132 1535 1179 1561 καὶ
1195 1535 1335 1569 συμφυΐας
1351 1534 1595 1569 ἀλλοτριώσουσιν;
1614 1534 1710 1560 ἔπειτα
1731 1535 1757 1561 δὲ
1773 1536 1822 1561 καὶ
1843 1537 1856 1562 ό

230 1572 362 1604 culatum,
381 1572 609 1606 limpidissimum.
625 1573 731 1601 Idcirco
750 1574 919 1602 honorabilis
933 1582 1016 1610 ange-

231 1617 287 1648 lus;
302 1617 419 1652 itemque
435 1619 526 1650 homo,
542 1623 634 1653 utpote
649 1619 682 1646 ad
695 1620 840 1654 imaginem
853 1620 898 1646 Dei
917 1619 1014 1652 factus,

230 1667 257 1690 et
271 1662 317 1690 Dei
336 1664 424 1698 imago
447 1665 606 1698 appellatus.
628 1665 775 1699 Propterea
798 1666 824 1692 in
843 1665 945 1692 honore
967 1666 1016 1693 ha—

230 1708 319 1741 betur,
348 1708 462 1742 ideoque
483 1709 563 1735 etiam
586 1709 672 1737 libero
689 1710 802 1737 arbitrio
822 1710 922 1745 pollet;
937 1716 965 1737 et
981 1711 1014 1738 ab

230 1754 290 1780 aliis
317 1754 406 1781 didert
429 1755 609 1786 animalibus,
644 1760 672 1782 et
693 1756 819 1782 omnibus
844 1755 1012 1783 dominatur.

229 1799 295 1826 Nam
309 1805 445 1833 quatenus
460 1804 565 1827 tantum
578 1805 701 1828 creatura
718 1805 760 1828 est
776 1805 804 1828 et
817 1800 929 1833 animal,
947 1801 1014 1828 nihil

229 1853 244 1872 a
268 1847 373 1872 caeteris
392 1845 490 1872 dill‘ert.
516 1845 622 1880 Alioqui
649 1853 682 1873 ne
705 1847 880 1881 cottspicuum
903 1846 1012 1880 quidem

229 1890 316 1918 oculis
341 1894 399 1922 est,
420 1891 483 1924 quid
508 1891 614 1918 dicatur
635 1891 660 1918 in
684 1891 793 1919 homine
814 1893 847 1918 ad
866 1892 1011 1927 imaginem

231 1936 296 1968 Dei;
315 1936 371 1962 sive
387 1936 466 1971 129
486 1941 602 1964 menteat.
616 1937 677 1971 quis
691 1942 786 1972 putare
803 1938 867 1964 velit
886 1943 911 1964 et
928 1938 1011 1966 animi

227 1982 281 2008 sint
313 1981 455 2009 rectrieem
485 1989 516 2009 ac
546 1983 749 2014 dominantem,
771 1983 828 2010 sive
856 1983 928 2010 aliud
948 1984 1011 2017 quid

226 2026 254 2055 in
282 2027 391 2054 homine
422 2028 566 2063 cogitabile
597 2028 672 2063 (70);
708 2028 840 2062 siquidem
873 2037 906 2056 ne
933 2030 1012 2064 hujus

229 2073 335 2109 quidem
371 2075 546 2109 archetypum
577 2074 604 2100 in
638 2082 754 2101 numero
788 2075 935 2102 visibilium
968 2084 1012 2104 re-

226 2127 285 2147 l'ull‘l
301 2125 352 2146 88L

260 2166 303 2193 59.
321 2165 454 2193 Praeterea
476 2166 561 2193 nostri
585 2174 693 2202 quoque
706 2167 873 2201 sacerdotes,
885 2168 947 2202 quia
963 2176 1010 2196 su-

1068 1581 1138 1612 θεῖος
1153 1581 1278 1615 ἅγγελος,
1295 1581 1377 1607 εἰκών
1391 1582 1448 1607 ἐστι
1459 1580 1504 1607 τοῦ
1521 1580 1600 1612 Θεοῦ,
1614 1580 1746 1616 ἔσοπτρον
1756 1583 1856 1616 ἀκραι-

1067 1626 1141 1661 φνὲς,
1157 1626 1336 1662 ὰκηὶλδωτον,
1351 1626 1542 1652 διειδέστατον.
1555 1626 1600 1651 Διὸ
1608 1626 1698 1659 τίμιος
1714 1627 1727 1652 ὁ
1739 1627 1856 1660 ἆγγελςς

1066 1672 1113 1698 καὶ
1127 1673 1140 1698 ὁ
1152 1672 1293 1707 ἄνθρωπος
1312 1672 1373 1698 κατ’
1385 1672 1478 1697 εἰκόνα
1502 1670 1569 1697 Θεοῦ
1585 1672 1782 1706 γεγενημένος,
1809 1674 1856 1698 καὶ

1065 1716 1147 1742 εἰκὼν
1171 1716 1238 1743 Θεοῦ
1263 1716 1409 1751 λεγόμενος
1424 1725 1431 1732 ·
1458 1716 1503 1742 διὰ
1531 1716 1612 1742 τοῦτο
1635 1717 1782 1751 τετίμηται
1807 1718 1855 1743 καὶ

1065 1762 1152 1797 ταύτῃ
1174 1761 1339 1797 χρηματίζει
1362 1762 1393 1788 τὺ
1411 1762 1596 1794 αὐτεξούσιον,
1621 1763 1669 1788 καὶ
1695 1763 1751 1789 τῶν
1766 1763 1854 1789 ἄλλων

1063 1807 1200 1842 διαφέρων
1220 1807 1309 1841 ζώων,
1324 1808 1394 1834 κατὰ
1408 1808 1515 1834 πάντων
1527 1808 1557 1834 τδ
1576 1810 1687 1843 κρατεῖν
1702 1809 1759 1844 ἔχει
1773 1819 1779 1824 -
1792 1809 1854 1836 ἐπεὶ

1064 1852 1133 1879 καθὸ
1147 1853 1252 1888 κτίσμα
1263 1854 1310 1880 καὶ
1324 1853 1417 1885 ἁπλῶς
1436 1853 1516 1885 ζῶον,
1536 1854 1639 1880 τούτων
1665 1855 1742 1880 οὐδὲν
1761 1855 1853 1891 διενή-

1065 1907 1148 1935 νοχε·
1170 1900 1260 1926 καίτοι
1280 1899 1341 1926 οὐδὲ
1364 1900 1462 1934 ὁρᾶται
1489 1899 1519 1925 τὺ
1539 1900 1611 1926 κατὰ
1633 1900 1677 1926 τὸν
1706 1901 1852 1936 ἄνθρωπον

1064 1945 1123 1971 κατ’
1142 1944 1233 1970 εἰκόνα
1249 1944 1395 1979 λεγόμενον
1411 1951 1418 1958 ·
1434 1943 1490 1970 εἴτε
1513 1944 1558 1970 τὸν
1579 1943 1642 1970 νοῦν
1664 1945 1735 1971 εἴποι
1754 1954 1798 1976 τις
1823 1947 1852 1971 τό

1063 1999 1092 2016 τε
1109 1990 1275 2025 ἡγεμονικὸν
1295 1990 1342 2017 καὶ
1367 1990 1494 2026 ἀρχικὸν,
1508 1990 1563 2016 εἴτε
1579 1999 1604 2016 τι
1632 1990 1696 2016 ἄλλο
1716 1991 1768 2016 τῶν
1788 1993 1850 2027 περὶ

1063 2036 1144 2063 αὑτὸν
1169 2036 1333 2070 νοουμένων,
1369 2036 1521 2072 ἐπειδήπερ
1555 2036 1615 2063 οὐδὲ
1644 2037 1675 2062 τὸ
1693 2038 1850 2072 ἀρχέτυπον

1062 2081 1159 2108 τούτου
1177 2081 1231 2108 τῶν
1249 2082 1396 2116 ὁρωμένων
1407 2081 1491 2108 ἐστίν.

1098 2168 1146 2195 νϐ’.
1167 2170 1227 2196 Ἔτι
1243 2170 1289 2196 καὶ
1304 2170 1328 2196 οἱ
1345 2170 1405 2196 καθ’
1420 2171 1494 2205 ἡμᾶς
1519 2172 1612 2206 ἱερεῖς,
1632 2173 1693 2199 ἐπεὶ
1716 2173 1772 2200 τῶν
1795 2175 1849 2201 ἄνω

224 2212 453 2246 permundialium
489 2213 614 2239 ordinum
635 2214 752 2247 speciem
776 2215 949 2248 exprimunt;
969 2221 1010 2242 et-

1066 2215 1219 2250 διακόσμων
1239 2216 1285 2242 καὶ
1302 2216 1405 2247 τάξεων
1419 2201 1653 2253 tinctione-Geten»;
1674 2219 1827 2254 ἐμφέρειαν
1839 2229 1846 2237 -

224 2259 296 2285 enim
314 2259 362 2285 hos
379 2263 576 2293 reprmscntant
593 2263 649 2284 tum
665 2259 691 2284 in
710 2260 797 2286 sacris
814 2260 941 2295 liturgiis,
952 2266 1008 2286 tttm

225 2304 250 2330 in
268 2304 327 2330 aliis
346 2304 442 2331 duinis
460 2312 529 2338 quas
552 2304 690 2331 celebrant
718 2305 919 2340 hymnologiis;
946 2314 1009 2340 pro-

225 2355 319 2384 pterea
337 2349 511 2376 honorabiles
524 2349 660 2376 habentur
679 2358 694 2376 a
714 2357 777 2376 vere
792 2350 843 2385 piis
856 2356 936 2385 atque
951 2359 1008 2378 mo-

223 2395 318 2421 destis.
338 2394 371 2422 Et
388 2395 491 2429 reliqua
512 2395 640 2422 Ecclesiae
655 2397 790 2424 ordinatio
809 2405 841 2424 ac
856 2397 1005 2431 dispositio,

222 2440 342 2467 cwlestis
359 2440 426 2466 anim
445 2440 562 2466 imitatio
579 2445 620 2467 est
644 2448 676 2467 ac
701 2441 797 2475 ﬁgura.
816 2441 882 2468 ltetn
905 2441 1007 2476 Moysis

223 2488 390 2521 legislatoris
410 2487 624 2520 tabernaculum,
639 2493 666 2515 et
678 2493 776 2516 cuncta
794 2488 848 2516 illic
865 2493 1004 2521 contenta,

222 2534 372 2560 antestium
390 2532 558 2567 aliarumque
569 2539 723 2560 creatarum
733 2541 823 2561 rerum
836 2533 1007 2561 resonantias

222 2578 352 2612 quasdam
375 2585 406 2604 ac
427 2578 620 2607 similitudines
642 2587 696 2613 pra:
722 2587 752 2606 se
782 2578 921 2611 ferebant.
936 2579 1007 2606 sicut

221 2625 256 2652 ab
269 2631 302 2652 eo
316 2624 475 2660 dispositum
492 2624 593 2652 fuerat.

254 2715 277 2731 "°
288 2715 355 2742 Gen.
372 2723 397 2748 ν,
412 2716 438 2743 5.
477 2717 497 2732 ⁷¹
516 2716 524 2743 l
543 2716 607 2744 Cor.
622 2724 665 2749 xv,
680 2717 724 2744 49.
763 2717 785 2732 ⁷¹
800 2715 892 2744 llCor.
912 2725 948 2751 tv,
964 2719 990 2746 4.

254 2773 309 2808 (69)
322 2773 513 2812 Animadverte
529 2773 743 2812 additamentum
760 2775 908 2812 invisibilis,
922 2776 1007 2812 ἀορά-

218 2815 265 2846 του
277 2828 284 2839 ,
300 2808 372 2846 quod
394 2813 446 2834 neu
466 2808 535 2846 apud
553 2807 734 2846 _Nieephorum
751 2810 848 2842 solum,
868 2812 915 2838 sed
935 2807 1006 2846 apud

219 2842 320 2877 aliquot
333 2843 412 2870 etiam
432 2843 538 2871 codices
553 2843 660 2878 legitur.

1063 2261 1228 2291 είκονίζουσι
1246 2261 1300 2295 γὰρ
1312 2261 1411 2292 αὐτοὺς
1428 2262 1499 2288 κατὰ
1510 2270 1538 2288 τε
1559 2262 1609 2294 τὰς
1632 2264 1708 2298 ἱερὰς
1723 2264 1847 2300 λειτουρ-

1062 2305 1136 2339 γίας,
1151 2305 1259 2337 καὶτὰς
1272 2305 1356 2337 ἄλλας
1376 2306 1452 2338 Θείας
1467 2307 1629 2342 ὑμνολογίας
1652 2309 1702 2339 τὰς
1722 2311 1787 2344 παρ’
1802 2311 1849 2337 αὐ-

1061 2351 1116 2377 τῶν
1134 2351 1316 2385 τελουμένας·
1334 2351 1377 2378 διὰ
1399 2352 1478 2378 τοῦτο
1491 2352 1577 2387 τίμιοι
1602 2354 1679 2388 παρὰ
1700 2355 1755 2381 τῶν
1772 2356 1850 2382 εὐσε-

1061 2396 1119 2422 ϐεῖν
1133 2396 1242 2423 εἰδότων
1263 2398 1310 2423 καὶ
1337 2398 1548 2432 σωφρονούντων
1561 2407 1568 2414 ⁸
1595 2401 1643 2426 καὶ
1659 2401 1675 2435 ὴ
1703 2401 1786 2437 λοιπὴ
1801 2404 1848 2438 τῆς

1066 2441 1229 2476 Ἐκκλησίας
1242 2442 1423 2478 διακόσμησις
1439 2445 1486 2470 καὶ
1498 2445 1622 2478 εὐταξία,
1640 2447 1694 2472 τῶν
1714 2448 1847 2481 οὐρανίων

1060 2487 1363 2522 εἰσὶν”ἀπομιμήματα
1392 2490 1439 2516 καὶ⁴
1464 2491 1634 2525 τυπώματα·
1664 2493 1710 2518 καὶ
1735 2494 1751 2527 ἡ
1778 2498 1847 2522 κατὰ

1061 2533 1163 2559 Μωσέα.
1183 2533 1211 2559 δὲ
1237 2533 1323 2569 σκηνὴ
1347 2535 1392 2560 τὸν
1409 2535 1569 2570 νομοθέτην,
1596 2537 1644 2563 καὶ
1666 2537 1700 2563 τὰ
1722 2538 1752 2564 ὲν
1778 2535 1844 2575 αὖτῇ

1060 2579 1161 2608 πάντα,
1178 2578 1233 2606 τῶν
1249 2579 1384 2614 οὐρανίων
1412 2580 1458 2606 καὶ
1474 2581 1525 2615 τῆς
1549 2581 1632 2616 ἄλλης
1656 2583 1773 2614 κτίσεως
1793 2585 1844 2610 ἁπ-

1061 2623 1194 2657 ηχήματά
1206 2632 1267 2650 τινα
1284 2624 1332 2650 καὶ
1348 2624 1508 2659 ὁμοιώματα
1517 2625 1610 2661 ἔφερε,
1623 2628 1750 2663 καθάπερ
1768 2630 1842 2664 αὐτῷ

1060 2669 1246 2696 διατέτακται.

1093 2780 1150 2814 (Ἡὶ)
1162 2779 1267 2807 Videsis
1283 2781 1467 2809 Cantacuzcni
1482 2789 1588 2816 quoque
1603 2781 1756 2816 opinionem
1773 2781 1840 2816 apud

1057 2823 1123 2847 nos,
1140 2823 1166 2849 p.
1183 2815 1234 2842 100
1259 2816 1320 2843 adn.
1339 2816 1383 2843 51.
