1945 3078
74 132 127 188 se.

427 156 740 187 ANTlI‘xRHETICUS
763 155 808 185 Ill
829 155 912 186 ADV.
932 154 1227 185 CONSTANTINUM
1248 153 1355 184 COPR.

1655 153 1707 185 486

112 213 143 244 ξ’.
163 212 234 247 Ἤδη
250 212 277 238 δὲ
293 212 338 238 καὶ
356 213 384 238 οἱ
399 213 470 248 ἱεραὶ
487 213 574 248 βίϐλοι
588 210 680 245 αὗται,
699 215 803 245 εἰκόνες
816 213 869 239 εἰσὶ

956 213 1000 239 60.
1015 214 1085 246 Quin
1101 214 1168 240 adeo
1186 213 1255 240 sar-ri
1273 213 1322 247 ipsi
1341 212 1400 239 libri
1412 233 1418 244 ,
1439 211 1577 238 hominum
1597 211 1642 244 qui
1661 218 1708 238 eos

75 259 132 285 τῶν
150 257 242 292 λόγων
257 258 311 283 τῶν
327 259 561 294 συγγεγραφότων
576 268 582 274 ·
599 259 633 286 δι’
652 260 743 286 αὐτῶν
755 260 810 293 γὰρ
823 259 870 286 καὶ

78 304 118 339 μὴ
133 304 271 339 παρόντες
292 304 336 330 ἀεὶ
365 304 542 338 φθέγγονται,
568 305 616 331 καὶ
640 306 711 332 κατὰ
742 305 870 332 τοσοῦτον

76 351 172 380 αὐτοῖς
187 349 352 383 ᾡκείωνται,
362 349 398 385 ὡς
410 349 456 376 καί
467 349 521 376 τῶν
534 351 714 386 γεγραφότων
723 350 813 377 αὐτῶν
823 350 871 385 φέ-

79 405 137 431 ρειν
151 396 195 422 ἐπ’
211 395 318 426 εὐθείας
330 395 364 422 τὰ
375 396 507 431 ὀνόματα·
520 398 594 424 οὕτω
608 397 662 432 γὰρ
672 396 722 434 τὴν
737 395 813 432 ἱερὰν
823 395 870 422 τοῦ

83 439 248 466 ’Δποστόλου
266 439 367 474 βίϐλον,
383 439 547 467 Ἀπόστολον
557 442 743 476 ὀνομάζομεν·
761 442 809 467 καὶ
820 442 870 475 τὴν

75 487 124 514 τοῦ
134 487 292 522 Προφήτου,
304 490 447 522 προφήτην
456 487 587 519 ὡσαύτως
598 488 736 522 καλοῦμεν
746 494 753 502 ·
765 487 813 514 καὶ
821 487 870 522 τὴν

76 533 122 559 τοῦ
130 532 327 566 εὐαγγελιστοῦ
338 533 447 567 ὁμοίως.
461 534 516 560 Καὶ
526 535 590 564 τοὺς
607 534 696 569 ἱεροὺς
708 534 808 565 οἴκους,
820 534 870 560 οὐκ

47 567 55 576 ’
77 579 106 603 ὲν
123 579 216 612 σχέσει
232 578 348 604 πάντοτε
363 578 480 613 λέγομεν
494 579 532 610 ὡς
547 579 633 611 τοῦδε,
653 579 721 606 ἀλλὰ
734 580 765 606 τὺ
779 580 870 607 πλεῖον

77 623 201 658 ἀσχέτως
218 623 292 650 τόνδε
308 624 450 659 φράζομεν
460 625 614 659 ὁμωνύμως
630 625 669 659 τῷ
683 625 871 660 ἐπικεκλημέ-

79 678 129 703 νῳ,
147 669 192 695 διὰ
209 669 257 704 τὴν
273 670 324 703 τῆς
348 670 543 705 προσηγορίας
557 671 700 697 κοινωνίαν
722 679 751 697 τε
765 671 812 697 καὶ
831 671 871 697 ol-

85 715 218 748 κίιότητα
231 723 239 730 ο
258 714 330 741 οὕτω
353 715 385 749 δὴ
408 715 456 742 καὶ
477 715 531 742 τῶν
551 717 597 742 ἐπὶ
621 716 672 751 γῆς
698 717 871 751 κρατούντων

79 760 196 791 είκόνες,
209 762 266 792 τοῖς
280 761 411 796 ὑπηκόοις
422 762 513 797 τίμιαι
529 762 604 797 παρὰ
614 761 752 791 τοσοῦτον,
771 763 810 788 ὅτι
825 763 871 788 καὶ

78 806 154 841 παρὰ
166 806 286 841 Χριστοῦ
302 808 384 842 τιμῆς
400 808 416 842 ἡ
428 808 570 843 Καίσαρος
582 807 696 841 ⁴Ιλξίωται
708 808 790 834 εἰκών
802 816 809 822 ·
822 807 871 834 καὶ

77 851 154 878 οὐδὲν
171 851 204 878 ἄν
214 851 289 887 εὖροι
301 860 342 883 τις
357 852 371 878 ὃ
393 852 460 887 πρός
472 862 498 879 τι
521 853 730 888 προηγούμενον
746 853 869 888 φέρεται,

77 898 91 923 ὃ
110 898 147 932 μὴ
170 898 203 924 δι’
221 899 288 924 αὐτὸ
303 899 392 925 ἐκεῖνο
408 898 458 933 τὴν
470 899 577 925 ἐκείνου
592 899 675 934 τιμὴν
688 899 868 933 προσάγεται,

78 941 122 970 οἷα
134 944 167 978 δὴ
185 943 236 977 τὴν
253 944 357 970 ἐκείνου
371 944 521 978 ἐμφανίζον
545 944 703 982 διάγνωσιν.
720 945 751 971 Ei
780 945 869 971 τοίνυν

79 990 173 1015 πάντα
182 989 269 1015 ταῦτα
279 990 313 1015 δι’
324 991 415 1016 ἐκεῖνα
427 991 514 1025 τίμια,
525 991 597 1021 τίνος
611 991 705 1017 ἕνεκεν
719 991 751 1017 ὲκ
760 991 870 1017 πάντων

78 1035 111 1061 τὰ
126 1034 284 1070 κρείττονος
298 1035 409 1061 πάντων
427 1036 615 1071 μετεσχηκότα
626 1036 716 1071 δόξης,
729 1037 804 1071 παρὰ
816 1037 870 1063 τῶν

78 1082 284 1116 Χριστομάχων
296 1082 434 1117 ἠτίμωται
445 1083 491 1108 καὶ
504 1082 685 1117 καθύϐρισται
694 1083 704 1116 ;’
717 1084 773 1109 Καὶ
786 1084 799 1109 ὁ
822 1083 870 1118 μὲν

79 1127 147 1158 Υἱὸς
170 1127 208 1158 ὼς
231 1127 314 1154 εἰκὼν
333 1129 380 1154 τοῦ
400 1129 506 1164 [ἰατρὸς
519 1129 677 1161 δοξάζεται·
699 1130 801 1160 είκόνες
815 1129 871 1164 γὰρ

78 1174 237 1209 ἀμφότερα,
250 1175 296 1201 καὶ
309 1173 349 1205 εἷς
363 1175 376 1201 ὁ
391 1175 434 1200 ἐπ’
444 1175 539 1206 αὑταῖς
548 1175 696 1208 λόγος,κᾶν
705 1176 740 1210 τῇ
748 1175 828 1210 οὐσίᾳ
841 1176 871 1201 τὸ

77 1220 208 1254 ὃιὰφορον
221 1220 319 1254 ἔχωσιν
329 1227 335 1234 ·
347 1220 360 1246 ὃ
374 1219 400 1246 δὲ
413 1220 530 1254 μάλιστα
541 1220 669 1247 αὐτῶντὸ
682 1220 796 1255 μανικὸν
810 1229 872 1255 στη-

77 1267 181 1294 λιτεύει
196 1268 243 1293 καῖ.
258 1267 450 1301 ἀναίσχυντον,
464 1267 543 1292 τοῦτο
555 1267 611 1297 τοῖς
620 1265 779 1300 λεγομένοις
788 1275 872 1301 προσ-

78 1312 240 1346 τεθήσεται·
252 1312 331 1346 ἴσμεν
341 1312 395 1346 γὰρ
411 1311 531 1342 ἅπαντες
549 1311 590 1337 ’ότι
599 1311 645 1336 καὶ
657 1310 755 1344 φαῦλοι
764 1310 870 1345 ἄνδρες,

77 1358 112 1384 τὰ
124 1357 181 1383 τῶν
190 1357 302 1390 φαύλων
316 1356 363 1383 καὶ
373 1356 489 1383 ἀνοσίων
500 1356 689 1390 τετιμηκότες.
702 1356 750 1382 καὶ
764 1356 873 1387 εἰκόνας

78 1403 173 1433 αὐτοῖς
190 1403 230 1432 είς
245 1402 356 1436 μνήμην
372 1401 503 1427 ἀνέθεσαν
515 1409 522 1416 ·
537 1399 581 1427 οἶα
597 1401 628 1435 δὴ
644 1402 690 1428 καὶ
704 1401 751 1427 τοῦ
770 1401 872 1436 τρόπου

78 1448 170 1473 αὐτῶν
185 1447 306 1482 ζηλωταὶ
317 1447 471 1480 γενόμενοι.
486 1448 533 1473 καὶ
546 1447 600 1473 τῶν
611 1447 736 1482 πράξεων
747 1446 871 1482 ἐρασταὶ,

79 1493 128 1518 καὶ
141 1492 181 1522 ὡς
197 1492 306 1517 οἰκείων
325 1491 373 1517 καὶ
388 1491 549 1526 ὁμοτρόπων
564 1491 740 1526 περιέποντες
755 1491 872 1518 διετέλε-

80 1546 140 1569 σαν,
160 1537 217 1563 εἴτε
229 1536 327 1571 ἀγνοίᾳ
344 1536 391 1562 τοῦ
418 1537 583 1571 κρείττονος,
610 1538 666 1563 εἴτε
690 1537 796 1572 αίρέσει
826 1537 872 1562 τοῦ

80 1582 298 1618 χείρονος.Ἀλλᾲ
305 1583 369 1617 παρ’
379 1582 502 1617 Ἕλλησι,
514 1583 591 1616 φασὶ,
606 1583 654 1609 καὶ
666 1582 811 1617 Ἑλλήνων,
826 1582 872 1608 καὶ

79 1629 160 1656 τοῦτο
183 1630 236 1663 τῆς
260 1629 374 1656 ἐκείνων
412 1628 616 1664 ὲμΰροντησίας
643 1630 692 1656 καὶ
722 1630 872 1663 παρανοίας

80 1673 157 1705 ἄξιον
169 1682 175 1687 -
192 1671 248 1708 ἆρα
256 1673 310 1708 γὰρ
322 1673 373 1700 οὐκ
386 1673 440 1700 ἔδει
457 1674 504 1700 καὶ
516 1675 696 1708 Χριστιανοὺς
708 1675 743 1701 τὰ
754 1673 872 1709 Χριστοῦ

81 1719 257 1754 σεόᾰτματος
277 1719 378 1750 παντὸς
395 1718 498 1751 ἀξιοῦν,
516 1720 562 1746 καὶ
587 1721 622 1746 τὰ
636 1721 690 1746 τῶν
708 1721 793 1755 ἁγίων
805 1721 874 1746 ἀπο-

83 1765 229 1800 σεμνύνειν
247 1773 279 1792 τε
305 1766 353 1792 καὶ
378 1765 571 1798 (ionici-260M;
590 1766 687 1802 ὥσπερ
703 1766 757 1802 γὰρ
780 1767 807 1792 αἱ
820 1766 875 1792 τῶν

82 1811 188 1844 ἐναγῶν
205 1811 314 1845 μνῆμαι
338 1810 483 1845 βδελυκταί
497 1811 549 1837 είσι
562 1811 611 1838 καὶ
623 1812 786 1847 ἀκάθαρτοι,
804 1812 875 1838 οὕτω

82 1857 131 1883 καὶ
144 1857 173 1882 αἱ
186 1856 240 1882 τῶν
254 1856 340 1889 ἁγίων
354 1857 494 1882 ὰσπασταὶ
508 1857 555 1884 καὶ
567 1857 707 1892 ἐράσμιοι.

889 1559 911 1586 (2

921 259 1090 294 scripserunt
1107 259 1237 294 imagines
1250 263 1323 286 sunt.
1338 259 1391 285 Per
1405 258 1456 285 hos
1467 257 1578 292 quippe,
1597 257 1706 283 illorum

921 311 1047 333 auctores
1069 313 1224 340 quanquam
1251 305 1380 332 absentes
1396 309 1527 339 perpetuo
1542 304 1707 338 loquuntur;

922 355 1054 384 tantaque
1076 350 1282 377 necessitudine
1295 357 1343 377 eos
1360 350 1514 383 attingunt,
1537 354 1567 376 ut
1583 348 1708 376 scriben-

921 397 987 424 timn
1008 398 1128 431 ipsorum
1146 397 1247 423 diserte
1262 403 1359 423 nomen
1377 401 1481 431 gerant.
1508 395 1554 422 Sic
1578 396 1650 422 enitn
1666 403 1694 421 sa

921 451 997 469 crum
1019 442 1138 477 Apostoli
1156 442 1254 470 librum
1268 463 1275 475 ,
1294 443 1451 476 Apostol-nn
1471 442 1654 476 appellamus;
1682 445 1709 467 ct

921 488 1065 523 Prophelae
1080 489 1190 521 librttm,
1215 489 1342 516 similiter
1370 488 1532 521 Prophetam
1557 495 1706 519 vocamus,

922 535 1037 570 parique
1059 535 1139 561 modo
1154 534 1335 569 Evangelislm
1351 534 1462 561 librum.
1490 533 1573 560 Sacra
1601 541 1709 567 quoque

923 579 1019 614 templa
1037 579 1108 607 haud
1132 580 1244 607 omnino
1261 588 1321 607 cum
1340 579 1473 606 relatione
1490 580 1523 605 ad
1537 579 1654 612 aliquem
1668 579 1709 605 di-

922 625 1021 658 cimus,
1037 626 1084 653 sed
1101 626 1262 660 plerumque
1281 626 1406 652 absolute
1426 625 1503 658 hujus
1522 625 1627 652 titulutn
1643 625 1711 651 dici-

922 678 983 697 tntts
1006 671 1200 706 homonymum
1215 671 1240 698 ei
1266 671 1310 697 cui
1333 670 1461 704 templum
1479 674 1521 697 est
1546 670 1708 699 dedicatum.

922 721 1033 751 propter
1053 716 1243 750 appellationis
1260 717 1483 742 communionem
1507 721 1535 742 et
1559 716 1710 742 necessitu-

924 763 1024 790 dinem.
1042 761 1088 789 Sic
1102 762 1184 789 etiam
1200 766 1373 795 terrenprum
1389 762 1542 796 principum
1564 761 1709 796 imagines,

924 812 1066 841 tantopere
1084 812 1148 835 sunt
1169 807 1287 834 subditis
1308 807 1486 839 honorandae,
1508 807 1571 841 quia
1589 811 1614 833 et
1633 806 1712 833 Chri-

922 858 980 880 stus
991 853 1107 880 Caesaris
1119 852 1263 888 imaginem
1276 854 1378 880 honore
1389 853 1513 888 dignatus
1528 857 1579 880 cst.
1592 852 1712 886 Denique

924 900 1024 927 nullam
1047 901 1190 934 quisquam
1212 908 1268 927 rem
1285 901 1434 933 comperiet
1448 920 1455 932 ,
1475 908 1535 935 qua:
1559 900 1592 926 ad
1610 899 1712 934 aliquid

924 951 955 974 ut
975 947 1009 973 ad
1027 946 1178 981 principale
1203 946 1334 977 refertur,
1361 953 1421 979 qua:
1444 946 1479 972 ob
1503 945 1528 972 id
1552 945 1638 980 ipsum
1658 952 1711 972 non

924 997 1113 1026 promereatur
1130 992 1272 1023 honorem,
1288 991 1350 1026 quia
1368 990 1439 1018 illius
1452 990 1610 1025 principalis
1624 990 1712 1017 idcam

923 1038 1028 1072 objicit.
1045 1037 1073 1064 Si
1086 1045 1152 1071 ergo
1164 1038 1222 1064 hzee
1237 1038 1349 1064 omnino
1361 1037 1460 1064 dictant
1474 1037 1509 1064 ob
1525 1044 1634 1063 causam
1650 1042 1712 1063 sunt

924 1084 1094 1111 honorabilia
1109 1104 1116 1116 ,
1133 1092 1183 1110 cur
1202 1084 1253 1110 ista
1269 1090 1328 1117 quae
1354 1089 1452 1118 praeter
1477 1087 1574 1110 caetera
1596 1083 1711 1117 gloriosa

924 1133 998 1160 sunt,
1016 1136 1030 1156 a
1048 1129 1151 1156 Christi
1171 1129 1295 1155 hostibus
1314 1128 1460 1163 ignominia
1484 1127 1637 1162 injuriaque
1656 1128 1713 1154 alli-

924 1175 1052 1201 eiuntur?
1061 1175 1093 1201 Et
1103 1174 1187 1201 Filius
1198 1174 1307 1209 quidem
1321 1173 1443 1201 utPatris
1451 1173 1540 1208 imago
1552 1174 1711 1201 honoratur.

924 1220 1004 1254 Atqui
1020 1220 1152 1253 imagines
1168 1223 1290 1253 utrmque
1306 1223 1380 1249 sunt.
1398 1219 1524 1253 idemque
1537 1219 1570 1246 de
1588 1220 1714 1254 utrisque

926 1265 954 1291 fit
970 1271 1075 1295 sermo,
1090 1271 1245 1298 quanquam
1261 1263 1414 1291 substantia
1428 1262 1566 1290 differunt.
1579 1265 1635 1297 Age
1650 1271 1714 1291 vero

926 1309 996 1344 quod
1012 1309 1148 1343 prtecipne
1166 1309 1305 1336 vesaniam
1323 1308 1439 1335 istorum
1461 1308 1714 1343 impudentiamqne

925 1355 1071 1390 ohjurgat,
1102 1355 1254 1382 addendum
1291 1355 1430 1389 praedictis
1463 1359 1600 1389 superest.
1639 1355 1713 1382 Satis

925 1407 1021 1428 Omnes
1037 1399 1163 1427 novimus
1177 1420 1184 1431 ,
1202 1408 1300 1433 pravos
1321 1401 1404 1427 etiam
1424 1400 1549 1427 homines
1564 1408 1712 1435 pravortnn

926 1451 953 1474 et
971 1446 1141 1480 impurorum
1163 1447 1302 1473 hominum
1325 1454 1368 1474 res
1384 1447 1487 1474 honore
1507 1447 1634 1482 prosequi
1649 1448 1715 1474 soli-

928 1497 980 1524 tos,
998 1497 1024 1518 et
1042 1491 1176 1527 imagines
1200 1493 1306 1519 illortnn
1325 1493 1464 1520 memoria:
1484 1493 1634 1527 dedicare;
1650 1495 1713 1528 quia

928 1547 1024 1575 nempe
1038 1547 1126 1567 mores
1142 1539 1249 1565 illormn
1259 1539 1432 1572 anitulantur,
1444 1544 1469 1566 et
1482 1543 1556 1574 gesta
1572 1540 1714 1573 adamant,

927 1585 1021 1620 eisque
1038 1593 1086 1612 ceu
1108 1585 1161 1612 sibi
1179 1584 1363 1612 familiaribus
1388 1585 1505 1618 vitaeque
1522 1586 1716 1613 consentaneis

927 1632 1036 1657 student
1047 1650 1054 1662 ,
1073 1638 1131 1657 snve
1154 1630 1277 1658 melioris
1293 1630 1331 1658 rei
1346 1631 1497 1664 ignorantia
1514 1652 1521 1664 ,
1540 1631 1598 1658 sive
1613 1631 1714 1666 pejoris

927 1676 1072 1703 electione.
1088 1676 1142 1703 Sed
1158 1677 1227 1708 haec,
1242 1676 1380 1710 inquiunt,
1394 1676 1501 1702 ellntica
1520 1681 1584 1703 sunt
1599 1682 1626 1703 et
1641 1678 1710 1711 apud

929 1723 1053 1749 ethnicos
1075 1722 1154 1753 fiunt,
1171 1729 1258 1756 eaque
1272 1721 1378 1748 lllorum
1396 1721 1548 1748 stoliditate
1567 1727 1593 1748 et
1609 1722 1716 1750 insania

930 1769 1010 1802 digna
1026 1773 1098 1795 sunt.
1117 1768 1199 1802 Atqui
1217 1775 1267 1803 ego
1284 1769 1340 1800 aio,
1366 1775 1456 1794 nonne
1472 1772 1610 1802 oporteret
1634 1769 1716 1795 etiam

930 1814 1113 1845 Christianos,
1127 1821 1295 1848 quaecunque
1309 1814 1342 1840 ad
1355 1813 1494 1841 Christum
1511 1814 1629 1841 attinent
1643 1815 1716 1841 omni

931 1859 1002 1886 cultu
1016 1859 1141 1895 dignari,
1159 1860 1276 1893 itemque
1294 1867 1337 1887 res
1359 1864 1518 1887 sanctorum
1543 1859 1718 1895 magnificare

81 1908 109 1929 et
125 1904 273 1938 amplecti?
284 1903 363 1931 Sicut
373 1904 446 1931 enim
460 1905 603 1940 impiorum
617 1911 792 1933 utomtmcnta
810 1906 993 1934 abominanda
1019 1912 1083 1934 sunt
1116 1911 1142 1934 et
1153 1907 1265 1942 polluta,
1281 1906 1317 1933 ita
1345 1912 1502 1935 sanctorum
1530 1907 1717 1943 amplectenda

82 1957 167 1985 atque
186 1952 326 1979 amabilia.

119 1998 171 2030 Ea’.
187 1997 236 2029 Τίς
250 1998 305 2033 γὰρ
320 1998 352 2024 οὺ
368 1998 525 2034 συμφήσειε
550 2000 605 2026 τῶν
618 1999 682 2026 νοῦν
700 2000 827 2035 ἑχόντων,
839 2001 879 2026 ὅτι

86 2046 110 2072 sl
128 2046 183 2072 τῶν
208 2046 320 2080 φαύλων
340 2047 506 2082 ἀρχετύπων
531 2047 621 2082 φαῦλα
642 2048 676 2075 τὰ
688 2048 878 2084 εἰκονίσματα,

85 2092 116 2123 ἐξ
131 2092 257 2126 ἀνάγκης
268 2092 316 2118 καὶ
330 2092 366 2118 τὰ
377 2092 432 2118 τῶν
456 2092 539 2127 ἱερῶν
551 2093 599 2119 καὶ
615 2094 700 2127 ἁγίων
715 2094 880 2128 ἁρχετύπων

86 2138 147 2172 ἱερᾶ
176 2146 205 2164 τε
232 2139 279 2164 καὶ
308 2139 373 2172 ἆγια
401 2139 436 2166 τὰ
458 2139 673 2174 ὰπεικάσματας
691 2137 732 2172 εἷς
752 2141 806 2176 γὰρ
835 2142 878 2167 ὲπ¹

85 2185 188 2218 ἀμφοῖν
202 2185 216 2210 ὁ
231 2184 322 2217 λόγος,
337 2184 408 2211 καθὸ
421 2185 527 2217 εἰκόνες
537 2193 544 2200 ·
561 2186 585 2211 ei
599 2186 647 2212 καὶ
665 2185 754 2217 ἄλλως
765 2187 799 2212 τὰ
826 2187 873 2212 ἀπ’

965 1997 1009 2024 (il.
1020 1997 1085 2031 Quis
1096 1997 1168 2025 enim
1179 1997 1288 2025 sobrius
1300 2006 1353 2025 non
1366 1998 1512 2031 concedet,
1524 1999 1594 2033 quod
1606 1999 1626 2026 si
1638 2000 1715 2027 malze

929 2042 1015 2076 frugis
1033 2044 1244 2079 archetyporum
1269 2044 1348 2071 malae
1369 2050 1433 2072 sunt
1451 2045 1584 2080 imagines
1599 2065 1606 2078 ,
1624 2053 1719 2073 neces-

929 2090 1003 2118 sario
1018 2096 1258 2118 sacrosanctorum
1271 2098 1379 2125 quoque
1398 2090 1609 2126 archetyporum
1622 2099 1718 2120 sacro-

928 2143 1030 2165 sanctae
1043 2137 1174 2172 imagines
1186 2138 1270 2164 sunt?
1283 2138 1354 2165 Idem
1367 2138 1438 2165 enim
1450 2139 1483 2165 de
1496 2139 1619 2173 utrisque
1627 2146 1718 2167 scrtno

930 2183 1019 2215 valet,
1035 2187 1169 2217 quatenus
1184 2184 1316 2218 imagines
1329 2188 1408 2215 sunt;
1423 2184 1530 2211 etiamsi
1546 2192 1605 2219 quae
1627 2186 1660 2212 iis
1675 2185 1717 2212 in—

85 2229 175 2256 αῠτῶν
192 2230 328 2264 νοούμενα
362 2231 410 2257 καὶ
422 2231 586 2266 δηλούμενα,
616 2231 717 2266 πολλὴν
749 2232 873 2266 ἐμφαίνει

931 2228 1090 2262 telliguntur
1114 2236 1147 2256 ac
1170 2230 1344 2260 denotantur,
1371 2230 1484 2256 multant
1514 2231 1717 2266 immanemque

86 2277 132 2301 καὶ
158 2275 335 2311 ἀσυγκρίτως
352 2276 402 2310 τὴν
430 2277 563 2311 διαφορὰν
577 2286 584 2292 ·
600 2277 667 2303 ἀλλὰ
682 2277 761 2312 δῆλον
781 2277 818 2308 ὡς
843 2277 878 2304 τὰ

85 2320 134 2347 τοῦ
147 2321 272 2355 Χριστοῦ
294 2321 389 2348 τέλεον
405 2321 582 2357 ὴθετηκότες,
598 2323 644 2349 καὶ
664 2322 719 2348 τῶν
733 2322 878 2357 μακαρίων

85 2366 199 2392 ἐκείνων
215 2366 322 2402 ἀνδρῶν
342 2367 387 2393 τὸν
404 2367 461 2402 βίον
481 2368 529 2394 καὶ
551 2367 600 2399 τὰς
615 2368 727 2403 ἀρετὰς,
741 2368 776 2395 τά
786 2377 815 2394 τε
831 2369 878 2395 ἀν-

85 2409 292 2444 δραγαθήματα
311 2410 525 2446 βδελυττόμενοι,
544 2412 590 2438 καὶ
605 2413 652 2438 ἐπὶ
676 2412 744 2448 μόνῃ
761 2414 793 2447 τῇ
811 2413 878 2448 μνή-

88 2463 125 2490 μῃ
142 2455 238 2482 αὐτῶν
259 2455 466 2491 δυσχεραίνουσί
476 2465 506 2482 τε
521 2457 569 2483 καὶ
590 2457 736 2492 ἄχθονται·
753 2458 815 2484 ἐπεὶ
830 2458 877 2484 καὶ

88 2501 142 2526 πᾶν
155 2500 261 2533 ἀγαθὸν
276 2501 393 2533 φευκτὸν
408 2501 549 2536 ἡγοῦνται,
563 2501 611 2528 καὶ
626 2503 679 2528 πᾶν
690 2502 793 2536 φαῦλον
804 2504 878 2538 αἱρε-

86 2544 142 2576 τῖιν,
163 2545 213 2571 καὶ
242 2544 390 2579 βαρύτατοι
410 2545 500 2574 αὐτοῖς
517 2547 584 2571 εἰσιν
596 2546 620 2572 οἱ
642 2546 713 2580 ἅγιοι
735 2547 823 2572 καὶέν
837 2548 877 2572 εί-

86 2590 146 2615 κόνι
166 2589 340 2624 βλεπόμενοι.
356 2590 388 2615 Ὢ
398 2590 447 2624 τῆς
457 2590 640 2624 ἀναλγησίαςί
652 2590 674 2617 ὃ)
685 2592 734 2626 τῆς
747 2592 876 2627 ἀναισθη-

87 2634 146 2665 σίας
161 2635 167 2661 !
187 2635 242 2661 πᾶν
261 2634 337 2666 ἔθνος
350 2636 384 2661 τὰ
399 2636 433 2670 τῇ
452 2635 585 2670 θρησκείᾳ
600 2637 773 2670 προσήκοντα
792 2646 877 2672 προσ-

87 2680 210 2713 ηκόντως
226 2681 296 2715 τιμᾷ
319 2680 366 2707 καὶ
389 2681 529 2716 περιέπει,
542 2681 642 2715 νόμους
656 2690 686 2707 τε
704 2683 750 2708 καὶ
766 2683 813 2718 ἔθη
831 2683 877 2709 καὶ

71 2719 136 2757 ’τὰς
152 2726 259 2753 ἄνωθεν
284 2727 376 2758 αὐτοῖς
395 2727 618 2761 παραδεδομένας
636 2728 663 2753 ἐν
677 2727 716 2762 τῷ
738 2728 788 2763 βίῳ
807 2729 877 2764 μυή-

88 2779 155 2804 σεις,
183 2772 401 2807 ἀπαρατρώτους
437 2773 580 2807 διατηρεῑ“
613 2773 687 2807 μόνοι
713 2773 741 2799 δὲ
768 2774 877 2800 πάντων

86 2817 258 2851 Χριστιανοὶ,
273 2819 322 2853 τῆς
338 2818 372 2845 δι’
389 2816 423 2854 ἧς
436 2818 598 2853 σεσώσμεοα
613 2819 660 2845 τοῦ
677 2819 757 2852 λόγου
775 2829 876 2854 συγκα-

86 2862 240 2896 ταὸάσεως,
259 2864 291 2891 τὰ
307 2864 430 2900 σύμϐολα
442 2873 470 2891 τε
488 2865 534 2892 καὶ
549 2865 655 2901 ὑπομνή
662 2873 734 2901 ματα
748 2867 875 2901 ἀνοηταί-

930 2273 1113 2301 differentiam
1132 2274 1244 2302 habent.
1266 2273 1319 2302 Sed
1341 2276 1511 2302 notissimttm
1526 2281 1580 2308 est,
1598 2276 1648 2304 hos
1671 2278 1717 2312 qui

929 2319 1040 2346 Christo
1067 2320 1176 2354 penitus
1197 2321 1256 2347 vale
1280 2321 1428 2353 dixerunt,
1446 2322 1590 2349 beatorum
1610 2331 1717 2358 quoque

930 2363 1038 2390 illorum
1048 2364 1167 2391 virorum
1188 2366 1270 2391 vitam
1284 2365 1454 2401 virtutesque
1465 2372 1492 2394 et
1503 2367 1582 2394 fortia
1596 2367 1717 2395 facinora

929 2409 1076 2441 detestari.
1098 2418 1129 2437 ac
1143 2411 1185 2438 vel
1201 2410 1258 2437 sola
1279 2411 1396 2445 ipsorum
1413 2413 1543 2439 memoria
1561 2415 1718 2449 eanperari

929 2460 956 2482 et
971 2456 1043 2490 angi.
1061 2455 1128 2482 Nam
1149 2456 1282 2491 quidquid
1298 2457 1376 2484 bona:
1394 2457 1478 2492 frugis
1495 2464 1558 2490 est,
1575 2461 1714 2486 vitandum

931 2507 1058 2534 censent,
1079 2503 1177 2529 malum
1193 2503 1274 2538 130
1288 2509 1382 2530 contra
1396 2504 1562 2539 eligendum,
1581 2507 1717 2534 molestis-

931 2547 1047 2582 simiqne
1065 2549 1130 2582 ipsis
1141 2550 1227 2575 sancti
1241 2554 1305 2577 sunt
1322 2550 1404 2577 etiam
1420 2551 1445 2577 in
1460 2551 1577 2586 imagine
1591 2555 1715 2587 spectati.

929 2593 951 2620 0
963 2593 1156 2621 stoliditatem!
1178 2602 1195 2622 0
1208 2596 1364 2629 stuporem!
1393 2597 1586 2632 Unusquisque
1601 2600 1718 2634 populus

928 2646 973 2666 res
997 2646 1077 2666 sacro
1104 2640 1188 2667 cultui
1205 2649 1338 2677 congruas
1356 2649 1539 2678 congruenter
1558 2645 1672 2673 honorat
1691 2653 1718 2673 et

928 2685 994 2712 colit
1007 2705 1014 2717 ,
1032 2685 1123 2721 leges,
1149 2687 1217 2714 ritus
1233 2707 1239 2718 ,
1258 2689 1372 2715 traditas
1390 2689 1455 2723 ipsis
1479 2691 1629 2724 antiquitus
1657 2691 1718 2718 vita:

929 2731 1041 2764 agendze
1063 2731 1203 2759 doctrinas
1224 2733 1367 2761 inviolatae
1385 2735 1554 2763 custodiunt.
1579 2736 1636 2764 Soli
1661 2745 1719 2763 om-

930 2776 1003 2802 nittm
1019 2775 1166 2804 Christiani
1185 2778 1293 2811 divinae,
1309 2788 1359 2814 qua
1375 2781 1440 2808 salvi
1452 2789 1556 2813 sumus,
1576 2782 1718 2818 indulgen-

930 2821 974 2848 tize
991 2823 1114 2856 symbols
1131 2829 1157 2850 et
1173 2831 1348 2852 monumenta
1365 2827 1447 2854 stulte
1459 2828 1610 2862 despiciunt
1624 2837 1630 2861 ;
1648 2838 1717 2864 quos

929 2873 1064 2896 ouortcrel
1084 2869 1270 2899 vehementius
1290 2872 1346 2899 haec
1361 2873 1461 2908 colere,
1479 2881 1559 2909 quam
1575 2883 1622 2903 sua
1639 2882 1717 2905 cxte-
