  <div class='ocr_page' id='page_1' title='image "/cluster/home/n/w/nwhite01/storage/ocr_20150623/100/njp.32101077772869/265.png"; bbox 0 0 1945 3078; ppageno 0'>
   <div class='ocr_carea' id='block_1_1' title="bbox 245 139 293 171">
    <p class='ocr_par' dir='ltr' id='par_1_1' title="bbox 245 139 293 171">
     <span class='ocr_line' id='line_1_1' title="bbox 245 139 293 171; baseline 0 -1"><span class='ocrx_word' id='word_1_1' title='bbox 245 139 293 171; x_wconf 63' lang='grc'><strong>491</strong></span> 
     </span>
    </p>
   </div>
   <div class='ocr_carea' id='block_1_2' title="bbox 245 193 1070 229">
    <p class='ocr_par' dir='ltr' id='par_1_2' title="bbox 245 193 1070 229">
     <span class='ocr_line' id='line_1_2' title="bbox 245 193 1070 229; baseline 0 -8"><span class='ocrx_word' id='word_1_2' title='bbox 245 203 284 221; x_wconf 80' lang='lat' dir='ltr'><strong>ris</strong></span> <span class='ocrx_word' id='word_1_3' title='bbox 300 194 378 228; x_wconf 78' lang='lat' dir='ltr'><strong>cgeiti</strong></span> <span class='ocrx_word' id='word_1_4' title='bbox 392 214 399 226; x_wconf 86' lang='lat'><strong>,</strong></span> <span class='ocrx_word' id='word_1_5' title='bbox 417 193 486 220; x_wconf 85' lang='lat' dir='ltr'><strong>adeo</strong></span> <span class='ocrx_word' id='word_1_6' title='bbox 500 197 527 220; x_wconf 86' lang='lat' dir='ltr'><strong>ut</strong></span> <span class='ocrx_word' id='word_1_7' title='bbox 546 201 579 221; x_wconf 85' lang='lat' dir='ltr'><strong>ne</strong></span> <span class='ocrx_word' id='word_1_8' title='bbox 593 194 673 222; x_wconf 88' lang='lat' dir='ltr'><strong>unius</strong></span> <span class='ocrx_word' id='word_1_9' title='bbox 685 194 795 228; x_wconf 83' lang='lat' dir='ltr'><strong>quidem</strong></span> <span class='ocrx_word' id='word_1_10' title='bbox 814 195 866 222; x_wconf 85' lang='lat' dir='ltr'><strong>diei</strong></span> <span class='ocrx_word' id='word_1_11' title='bbox 894 195 1032 229; x_wconf 86' lang='lat' dir='ltr'><strong>proprium</strong></span> <span class='ocrx_word' id='word_1_12' title='bbox 1049 199 1070 226; x_wconf 76' lang='grc' dir='ltr'>Α</span> 
     </span>
    </p>
   </div>
   <div class='ocr_carea' id='block_1_3' title="bbox 245 239 1032 275">
    <p class='ocr_par' dir='ltr' id='par_1_3' title="bbox 245 239 1032 275">
     <span class='ocr_line' id='line_1_3' title="bbox 245 239 1032 275; baseline 0.001 -11"><span class='ocrx_word' id='word_1_13' title='bbox 245 241 347 266; x_wconf 64' lang='grc' dir='ltr'>ιλᾱυιιιιιι</span> <span class='ocrx_word' id='word_1_14' title='bbox 364 240 492 271; x_wconf 77' lang='lat' dir='ltr'><strong>habeant,</strong></span> <span class='ocrx_word' id='word_1_15' title='bbox 509 246 541 265; x_wconf 78' lang='lat' dir='ltr'><strong>ex</strong></span> <span class='ocrx_word' id='word_1_16' title='bbox 557 239 645 267; x_wconf 76' lang='lat' dir='ltr'><strong>triviis</strong></span> <span class='ocrx_word' id='word_1_17' title='bbox 661 245 742 274; x_wconf 88' lang='lat' dir='ltr'><strong>atque</strong></span> <span class='ocrx_word' id='word_1_18' title='bbox 755 240 904 275; x_wconf 78' lang='lat' dir='ltr'><strong>gurgustiis</strong></span> <span class='ocrx_word' id='word_1_19' title='bbox 915 240 1032 272; x_wconf 82' lang='lat' dir='ltr'><strong>collecti,</strong></span> 
     </span>
    </p>
   </div>
   <div class='ocr_carea' id='block_1_4' title="bbox 246 284 1035 321">
    <p class='ocr_par' dir='ltr' id='par_1_4' title="bbox 246 284 1035 321">
     <span class='ocr_line' id='line_1_4' title="bbox 246 284 1035 321; baseline 0.001 -9"><span class='ocrx_word' id='word_1_20' title='bbox 246 294 280 312; x_wconf 83' lang='lat' dir='ltr'><strong>ne</strong></span> <span class='ocrx_word' id='word_1_21' title='bbox 302 294 332 312; x_wconf 77' lang='lat' dir='ltr'><strong>ea</strong></span> <span class='ocrx_word' id='word_1_22' title='bbox 353 286 463 319; x_wconf 79' lang='lat' dir='ltr'><strong>quidem</strong></span> <span class='ocrx_word' id='word_1_23' title='bbox 490 293 551 319; x_wconf 75' lang='lat' dir='ltr'><strong>quae</strong></span> <span class='ocrx_word' id='word_1_24' title='bbox 577 291 640 312; x_wconf 90' lang='lat' dir='ltr'><strong>ante</strong></span> <span class='ocrx_word' id='word_1_25' title='bbox 666 286 748 321; x_wconf 82' lang='lat' dir='ltr'><strong>pedes</strong></span> <span class='ocrx_word' id='word_1_26' title='bbox 769 284 861 320; x_wconf 83' lang='lat' dir='ltr'><strong>jaceat</strong></span> <span class='ocrx_word' id='word_1_27' title='bbox 885 285 1035 320; x_wconf 78' lang='lat' dir='ltr'><strong>intelligere</strong></span> 
     </span>
    </p>
   </div>
   <div class='ocr_carea' id='block_1_5' title="bbox 246 331 1035 367">
    <p class='ocr_par' dir='ltr' id='par_1_5' title="bbox 246 331 1035 367">
     <span class='ocr_line' id='line_1_5' title="bbox 246 331 1035 367; baseline 0.001 -9"><span class='ocrx_word' id='word_1_28' title='bbox 246 337 346 365; x_wconf 78' lang='lat' dir='ltr'><strong>queunt</strong></span> <span class='ocrx_word' id='word_1_29' title='bbox 366 341 372 357; x_wconf 91' lang='lat'>:</span> <span class='ocrx_word' id='word_1_30' title='bbox 394 338 512 364; x_wconf 80' lang='lat' dir='ltr'><strong>euinque</strong></span> <span class='ocrx_word' id='word_1_31' title='bbox 529 331 584 359; x_wconf 89' lang='lat' dir='ltr'><strong>sint</strong></span> <span class='ocrx_word' id='word_1_32' title='bbox 602 332 704 359; x_wconf 80' lang='lat' dir='ltr'><strong>ebriosi</strong></span> <span class='ocrx_word' id='word_1_33' title='bbox 728 339 760 359; x_wconf 88' lang='lat' dir='ltr'><strong>ac</strong></span> <span class='ocrx_word' id='word_1_34' title='bbox 780 336 934 367; x_wconf 82' lang='lat' dir='ltr'><strong>potatores,</strong></span> <span class='ocrx_word' id='word_1_35' title='bbox 951 332 1035 359; x_wconf 82' lang='lat' dir='ltr'><strong>vesti-</strong></span> 
     </span>
    </p>
   </div>
   <div class='ocr_carea' id='block_1_6' title="bbox 244 378 1035 413">
    <p class='ocr_par' dir='ltr' id='par_1_6' title="bbox 244 378 1035 413">
     <span class='ocr_line' id='line_1_6' title="bbox 244 378 1035 413; baseline 0.004 -10"><span class='ocrx_word' id='word_1_36' title='bbox 244 383 310 412; x_wconf 74' lang='lat' dir='ltr'><strong>gant</strong></span> <span class='ocrx_word' id='word_1_37' title='bbox 325 385 432 411; x_wconf 81' lang='lat' dir='ltr'><strong>semper</strong></span> <span class='ocrx_word' id='word_1_38' title='bbox 449 383 531 412; x_wconf 89' lang='lat' dir='ltr'><strong>atque</strong></span> <span class='ocrx_word' id='word_1_39' title='bbox 549 378 702 405; x_wconf 85' lang='lat' dir='ltr'><strong>odorantur</strong></span> <span class='ocrx_word' id='word_1_40' title='bbox 718 378 830 406; x_wconf 87' lang='lat' dir='ltr'><strong>ubinam</strong></span> <span class='ocrx_word' id='word_1_41' title='bbox 845 380 912 406; x_wconf 82' lang='lat' dir='ltr'><strong>ttant</strong></span> <span class='ocrx_word' id='word_1_42' title='bbox 924 386 1035 413; x_wconf 89' lang='lat' dir='ltr'><strong>compo-</strong></span> 
     </span>
    </p>
   </div>
   <div class='ocr_carea' id='block_1_7' title="bbox 246 423 1035 459">
    <p class='ocr_par' dir='ltr' id='par_1_7' title="bbox 246 423 1035 459">
     <span class='ocr_line' id='line_1_7' title="bbox 246 423 1035 459; baseline 0.003 -10"><span class='ocrx_word' id='word_1_43' title='bbox 246 423 361 450; x_wconf 90' lang='lat' dir='ltr'><strong>tationes</strong></span> <span class='ocrx_word' id='word_1_44' title='bbox 390 431 419 450; x_wconf 84' lang='lat' dir='ltr'><strong>et</strong></span> <span class='ocrx_word' id='word_1_45' title='bbox 439 423 655 452; x_wconf 78' lang='lat' dir='ltr'><strong>comessationes</strong></span> <span class='ocrx_word' id='word_1_46' title='bbox 682 425 716 451; x_wconf 90' lang='lat' dir='ltr'><strong>ad</strong></span> <span class='ocrx_word' id='word_1_47' title='bbox 736 431 806 458; x_wconf 85' lang='lat' dir='ltr'><strong>quas</strong></span> <span class='ocrx_word' id='word_1_48' title='bbox 834 425 1035 459; x_wconf 70' lang='lat' dir='ltr'><strong>promptissime</strong></span> 
     </span>
    </p>
   </div>
   <div class='ocr_carea' id='block_1_8' title="bbox 244 470 1034 505">
    <p class='ocr_par' dir='ltr' id='par_1_8' title="bbox 244 470 1034 505">
     <span class='ocr_line' id='line_1_8' title="bbox 244 470 1034 505; baseline 0.003 -9"><span class='ocrx_word' id='word_1_49' title='bbox 244 470 391 496; x_wconf 88' lang='lat' dir='ltr'><strong>convolant</strong></span> <span class='ocrx_word' id='word_1_50' title='bbox 405 478 413 503; x_wconf 86' lang='lat'><strong>;</strong></span> <span class='ocrx_word' id='word_1_51' title='bbox 427 475 454 496; x_wconf 91' lang='lat' dir='ltr'><strong>ut</strong></span> <span class='ocrx_word' id='word_1_52' title='bbox 466 477 498 497; x_wconf 82' lang='lat' dir='ltr'><strong>ex</strong></span> <span class='ocrx_word' id='word_1_53' title='bbox 513 470 636 497; x_wconf 77' lang='lat' dir='ltr'><strong>convivis</strong></span> <span class='ocrx_word' id='word_1_54' title='bbox 651 470 791 505; x_wconf 70' lang='lat' dir='ltr'><strong>symbolae</strong></span> <span class='ocrx_word' id='word_1_55' title='bbox 801 471 952 505; x_wconf 77' lang='lat' dir='ltr'><strong>capientes,</strong></span> <span class='ocrx_word' id='word_1_56' title='bbox 970 478 1034 505; x_wconf 75' lang='lat' dir='ltr'><strong>ege-</strong></span> 
     </span>
    </p>
   </div>
   <div class='ocr_carea' id='block_1_9' title="bbox 245 516 1035 551">
    <p class='ocr_par' dir='ltr' id='par_1_9' title="bbox 245 516 1035 551">
     <span class='ocr_line' id='line_1_9' title="bbox 245 516 1035 551; baseline 0 -8"><span class='ocrx_word' id='word_1_57' title='bbox 245 521 343 543; x_wconf 76' lang='lat' dir='ltr'><strong>statem</strong></span> <span class='ocrx_word' id='word_1_58' title='bbox 357 524 434 542; x_wconf 85' lang='lat' dir='ltr'><strong>suam</strong></span> <span class='ocrx_word' id='word_1_59' title='bbox 450 520 477 542; x_wconf 86' lang='lat' dir='ltr'><strong>et.</strong></span> <span class='ocrx_word' id='word_1_60' title='bbox 489 517 630 550; x_wconf 77' lang='lat' dir='ltr'><strong>angustias</strong></span> <span class='ocrx_word' id='word_1_61' title='bbox 645 517 777 544; x_wconf 83' lang='lat' dir='ltr'><strong>solemur.</strong></span> <span class='ocrx_word' id='word_1_62' title='bbox 793 516 832 543; x_wconf 78' lang='lat' dir='ltr'><strong>Ex</strong></span> <span class='ocrx_word' id='word_1_63' title='bbox 848 516 889 543; x_wconf 84' lang='lat' dir='ltr'><strong>his</strong></span> <span class='ocrx_word' id='word_1_64' title='bbox 904 516 1035 551; x_wconf 72' lang='lat' dir='ltr'><strong>contingit</strong></span> 
     </span>
    </p>
   </div>
   <div class='ocr_carea' id='block_1_10' title="bbox 242 561 1034 590">
    <p class='ocr_par' dir='ltr' id='par_1_10' title="bbox 242 561 1034 590">
     <span class='ocr_line' id='line_1_10' title="bbox 242 561 1034 590; baseline 0.003 -3"><span class='ocrx_word' id='word_1_65' title='bbox 242 561 528 588; x_wconf 67' lang='lat' dir='ltr'><strong>circumforaneorum</strong></span> <span class='ocrx_word' id='word_1_66' title='bbox 553 562 620 589; x_wconf 92' lang='lat' dir='ltr'><strong>illud</strong></span> <span class='ocrx_word' id='word_1_67' title='bbox 642 566 669 590; x_wconf 81' lang='lat' dir='ltr'><strong>et</strong></span> <span class='ocrx_word' id='word_1_68' title='bbox 696 562 870 590; x_wconf 80' lang='lat' dir='ltr'><strong>vitandorum</strong></span> <span class='ocrx_word' id='word_1_69' title='bbox 895 562 1034 590; x_wconf 87' lang='lat' dir='ltr'><strong>hominum</strong></span> 
     </span>
    </p>
   </div>
   <div class='ocr_carea' id='block_1_11' title="bbox 245 606 1036 642">
    <p class='ocr_par' dir='ltr' id='par_1_11' title="bbox 245 606 1036 642">
     <span class='ocr_line' id='line_1_11' title="bbox 245 606 1036 642; baseline 0.005 -10"><span class='ocrx_word' id='word_1_70' title='bbox 245 606 357 634; x_wconf 59' lang='lat' dir='ltr'><strong>conﬂari</strong></span> <span class='ocrx_word' id='word_1_71' title='bbox 373 607 597 634; x_wconf 84' lang='lat' dir='ltr'><strong>conventiculum</strong></span> <span class='ocrx_word' id='word_1_72' title='bbox 612 616 619 640; x_wconf 87' lang='lat'><strong>;</strong></span> <span class='ocrx_word' id='word_1_73' title='bbox 637 608 682 635; x_wconf 86' lang='lat' dir='ltr'><strong>ubi</strong></span> <span class='ocrx_word' id='word_1_74' title='bbox 705 608 886 636; x_wconf 80' lang='lat' dir='ltr'><strong>seditionibus</strong></span> <span class='ocrx_word' id='word_1_75' title='bbox 903 608 1036 642; x_wconf 87' lang='lat' dir='ltr'><strong>novisque</strong></span> 
     </span>
    </p>
   </div>
   <div class='ocr_carea' id='block_1_12' title="bbox 246 653 1038 689">
    <p class='ocr_par' dir='ltr' id='par_1_12' title="bbox 246 653 1038 689">
     <span class='ocr_line' id='line_1_12' title="bbox 246 653 1038 689; baseline 0.004 -11"><span class='ocrx_word' id='word_1_76' title='bbox 246 653 326 679; x_wconf 79' lang='lat' dir='ltr'><strong>rebus</strong></span> <span class='ocrx_word' id='word_1_77' title='bbox 342 653 445 680; x_wconf 87' lang='lat' dir='ltr'><strong>cietulis</strong></span> <span class='ocrx_word' id='word_1_78' title='bbox 458 653 585 688; x_wconf 75' lang='lat' dir='ltr'><strong>gaudent.</strong></span> <span class='ocrx_word' id='word_1_79' title='bbox 601 653 689 688; x_wconf 77' lang='lat' dir='ltr'><strong>Atque</strong></span> <span class='ocrx_word' id='word_1_80' title='bbox 702 654 799 682; x_wconf 89' lang='lat' dir='ltr'><strong>horum</strong></span> <span class='ocrx_word' id='word_1_81' title='bbox 816 654 924 689; x_wconf 88' lang='lat' dir='ltr'><strong>plurimi</strong></span> <span class='ocrx_word' id='word_1_82' title='bbox 938 654 1038 682; x_wconf 71' lang='lat' dir='ltr'><strong>militia</strong></span> 
     </span>
    </p>
   </div>
   <div class='ocr_carea' id='block_1_13' title="bbox 247 699 1036 735">
    <p class='ocr_par' dir='ltr' id='par_1_13' title="bbox 247 699 1036 735">
     <span class='ocr_line' id='line_1_13' title="bbox 247 699 1036 735; baseline 0.001 -9"><span class='ocrx_word' id='word_1_83' title='bbox 247 700 360 727; x_wconf 75' lang='lat' dir='ltr'><strong>reduces</strong></span> <span class='ocrx_word' id='word_1_84' title='bbox 373 705 446 732; x_wconf 88' lang='lat' dir='ltr'><strong>sunt,</strong></span> <span class='ocrx_word' id='word_1_85' title='bbox 458 701 484 726; x_wconf 93' lang='lat' dir='ltr'><strong>iu</strong></span> <span class='ocrx_word' id='word_1_86' title='bbox 499 708 550 734; x_wconf 88' lang='lat' dir='ltr'><strong>qua</strong></span> <span class='ocrx_word' id='word_1_87' title='bbox 562 699 596 726; x_wconf 89' lang='lat' dir='ltr'><strong>de</strong></span> <span class='ocrx_word' id='word_1_88' title='bbox 608 700 735 734; x_wconf 78' lang='lat' dir='ltr'><strong>pessimis</strong></span> <span class='ocrx_word' id='word_1_89' title='bbox 747 700 907 727; x_wconf 81' lang='lat' dir='ltr'><strong>criminibus</strong></span> <span class='ocrx_word' id='word_1_90' title='bbox 917 700 996 735; x_wconf 76' lang='lat'><strong>132</strong></span> <span class='ocrx_word' id='word_1_91' title='bbox 1008 704 1036 727; x_wconf 85' lang='lat' dir='ltr'><strong>et</strong></span> 
     </span>
    </p>
   </div>
   <div class='ocr_carea' id='block_1_14' title="bbox 246 745 1039 781">
    <p class='ocr_par' dir='ltr' id='par_1_14' title="bbox 246 745 1039 781">
     <span class='ocr_line' id='line_1_14' title="bbox 246 745 1039 781; baseline 0.003 -10"><span class='ocrx_word' id='word_1_92' title='bbox 246 745 414 772; x_wconf 73' lang='lat' dir='ltr'><strong>detestandis</strong></span> <span class='ocrx_word' id='word_1_93' title='bbox 439 745 556 772; x_wconf 79' lang='lat' dir='ltr'><strong>convicti</strong></span> <span class='ocrx_word' id='word_1_94' title='bbox 585 745 713 779; x_wconf 80' lang='lat' dir='ltr'><strong>inerunt;</strong></span> <span class='ocrx_word' id='word_1_95' title='bbox 739 745 781 773; x_wconf 89' lang='lat' dir='ltr'><strong>vel</strong></span> <span class='ocrx_word' id='word_1_96' title='bbox 806 747 869 781; x_wconf 85' lang='lat' dir='ltr'><strong>quia</strong></span> <span class='ocrx_word' id='word_1_97' title='bbox 882 745 938 779; x_wconf 85' lang='lat' dir='ltr'><strong>jam</strong></span> <span class='ocrx_word' id='word_1_98' title='bbox 955 752 1039 774; x_wconf 68' lang='lat' dir='ltr'><strong>aetate</strong></span> 
     </span>
    </p>
   </div>
   <div class='ocr_carea' id='block_1_15' title="bbox 246 790 1034 825">
    <p class='ocr_par' dir='ltr' id='par_1_15' title="bbox 246 790 1034 825">
     <span class='ocr_line' id='line_1_15' title="bbox 246 790 1034 825; baseline 0.004 -10"><span class='ocrx_word' id='word_1_99' title='bbox 246 791 352 817; x_wconf 82' lang='lat' dir='ltr'><strong>exoleta</strong></span> <span class='ocrx_word' id='word_1_100' title='bbox 384 790 502 818; x_wconf 84' lang='lat' dir='ltr'><strong>militare</strong></span> <span class='ocrx_word' id='word_1_101' title='bbox 531 795 688 825; x_wconf 88' lang='lat' dir='ltr'><strong>nequeunt,</strong></span> <span class='ocrx_word' id='word_1_102' title='bbox 720 791 781 818; x_wconf 90' lang='lat' dir='ltr'><strong>albo</strong></span> <span class='ocrx_word' id='word_1_103' title='bbox 805 791 943 819; x_wconf 83' lang='lat' dir='ltr'><strong>exercitus</strong></span> <span class='ocrx_word' id='word_1_104' title='bbox 971 796 1034 819; x_wconf 82' lang='lat' dir='ltr'><strong>sunt</strong></span> 
     </span>
    </p>
   </div>
   <div class='ocr_carea' id='block_1_16' title="bbox 245 836 1074 900">
    <p class='ocr_par' dir='ltr' id='par_1_16' title="bbox 245 836 1074 900">
     <span class='ocr_line' id='line_1_16' title="bbox 245 836 1074 900; baseline 0.004 -38"><span class='ocrx_word' id='word_1_105' title='bbox 245 836 383 870; x_wconf 80' lang='lat' dir='ltr'><strong>expuncti,</strong></span> <span class='ocrx_word' id='word_1_106' title='bbox 401 841 428 863; x_wconf 80' lang='lat' dir='ltr'><strong>et</strong></span> <span class='ocrx_word' id='word_1_107' title='bbox 446 837 480 863; x_wconf 85' lang='lat' dir='ltr'><strong>ab</strong></span> <span class='ocrx_word' id='word_1_108' title='bbox 496 837 581 864; x_wconf 84' lang='lat' dir='ltr'><strong>armis</strong></span> <span class='ocrx_word' id='word_1_109' title='bbox 596 845 706 865; x_wconf 84' lang='lat' dir='ltr'><strong>cessare</strong></span> <span class='ocrx_word' id='word_1_110' title='bbox 717 836 802 872; x_wconf 83' lang='lat' dir='ltr'><strong>jussi.</strong></span> <span class='ocrx_word' id='word_1_111' title='bbox 1050 868 1074 900; x_wconf 73' lang='grc' dir='ltr'>Β</span> 
     </span>
    </p>
   </div>
   <div class='ocr_carea' id='block_1_17' title="bbox 280 967 1034 1004">
    <p class='ocr_par' dir='ltr' id='par_1_17' title="bbox 280 967 1034 1004">
     <span class='ocr_line' id='line_1_17' title="bbox 280 967 1034 1004; baseline 0.004 -9"><span class='ocrx_word' id='word_1_112' title='bbox 280 968 324 995; x_wconf 76' lang='grc'><strong>65.</strong></span> <span class='ocrx_word' id='word_1_113' title='bbox 341 967 410 1001; x_wconf 52' lang='lat' dir='ltr'><strong>Quia</strong></span> <span class='ocrx_word' id='word_1_114' title='bbox 426 975 492 995; x_wconf 85' lang='lat' dir='ltr'><strong>vero</strong></span> <span class='ocrx_word' id='word_1_115' title='bbox 508 973 536 995; x_wconf 86' lang='lat' dir='ltr'><strong>et</strong></span> <span class='ocrx_word' id='word_1_116' title='bbox 558 968 648 1003; x_wconf 73' lang='lat' dir='ltr'><strong>lingua</strong></span> <span class='ocrx_word' id='word_1_117' title='bbox 672 973 698 995; x_wconf 88' lang='lat' dir='ltr'><strong>et</strong></span> <span class='ocrx_word' id='word_1_118' title='bbox 713 975 795 1003; x_wconf 87' lang='lat' dir='ltr'><strong>opere</strong></span> <span class='ocrx_word' id='word_1_119' title='bbox 810 973 874 996; x_wconf 87' lang='lat' dir='ltr'><strong>sunt</strong></span> <span class='ocrx_word' id='word_1_120' title='bbox 899 970 1034 1004; x_wconf 88' lang='lat' dir='ltr'><strong>c0rrupti,</strong></span> 
     </span>
    </p>
   </div>
   <div class='ocr_carea' id='block_1_18' title="bbox 246 1014 1035 1048">
    <p class='ocr_par' dir='ltr' id='par_1_18' title="bbox 246 1014 1035 1048">
     <span class='ocr_line' id='line_1_18' title="bbox 246 1014 1035 1048; baseline 0.004 -8"><span class='ocrx_word' id='word_1_121' title='bbox 246 1014 426 1048; x_wconf 58' lang='lat' dir='ltr'><strong>ptmaclitilius</strong></span> <span class='ocrx_word' id='word_1_122' title='bbox 443 1019 548 1041; x_wconf 80' lang='lat' dir='ltr'><strong>tantum</strong></span> <span class='ocrx_word' id='word_1_123' title='bbox 569 1014 693 1047; x_wconf 81' lang='lat' dir='ltr'><strong>inhiant,</strong></span> <span class='ocrx_word' id='word_1_124' title='bbox 709 1016 785 1042; x_wconf 86' lang='lat' dir='ltr'><strong>carni</strong></span> <span class='ocrx_word' id='word_1_125' title='bbox 804 1015 898 1048; x_wconf 86' lang='lat' dir='ltr'><strong>dediti,</strong></span> <span class='ocrx_word' id='word_1_126' title='bbox 916 1017 1035 1044; x_wconf 78' lang='lat' dir='ltr'><strong>ventris-</strong></span> 
     </span>
    </p>
   </div>
   <div class='ocr_carea' id='block_1_19' title="bbox 248 1058 1037 1096">
    <p class='ocr_par' dir='ltr' id='par_1_19' title="bbox 248 1058 1037 1096">
     <span class='ocr_line' id='line_1_19' title="bbox 248 1058 1037 1096; baseline 0.008 -11"><span class='ocrx_word' id='word_1_127' title='bbox 248 1068 299 1094; x_wconf 83' lang='lat' dir='ltr'><strong>que</strong></span> <span class='ocrx_word' id='word_1_128' title='bbox 316 1060 448 1094; x_wconf 73' lang='lat' dir='ltr'><strong>mancipia</strong></span> <span class='ocrx_word' id='word_1_129' title='bbox 462 1078 470 1091; x_wconf 92' lang='lat'><strong>,</strong></span> <span class='ocrx_word' id='word_1_130' title='bbox 485 1058 611 1094; x_wconf 81' lang='lat' dir='ltr'><strong>Deosque</strong></span> <span class='ocrx_word' id='word_1_131' title='bbox 629 1060 682 1088; x_wconf 88' lang='lat' dir='ltr'><strong>illis</strong></span> <span class='ocrx_word' id='word_1_132' title='bbox 700 1066 794 1088; x_wconf 90' lang='lat' dir='ltr'><strong>venter</strong></span> <span class='ocrx_word' id='word_1_133' title='bbox 807 1066 866 1094; x_wconf 86' lang='lat' dir='ltr'><strong>est,</strong></span> <span class='ocrx_word' id='word_1_134' title='bbox 884 1066 966 1096; x_wconf 84' lang='lat' dir='ltr'><strong>atque</strong></span> <span class='ocrx_word' id='word_1_135' title='bbox 979 1063 1037 1091; x_wconf 67' lang='lat' dir='ltr'><strong>haec</strong></span> 
     </span>
    </p>
   </div>
   <div class='ocr_carea' id='block_1_20' title="bbox 248 1107 1038 1141">
    <p class='ocr_par' dir='ltr' id='par_1_20' title="bbox 248 1107 1038 1141">
     <span class='ocr_line' id='line_1_20' title="bbox 248 1107 1038 1141; baseline 0.001 -8"><span class='ocrx_word' id='word_1_136' title='bbox 248 1107 396 1136; x_wconf 82' lang='lat' dir='ltr'><strong>mundana.</strong></span> <span class='ocrx_word' id='word_1_137' title='bbox 415 1110 441 1133; x_wconf 87' lang='lat' dir='ltr'><strong>et</strong></span> <span class='ocrx_word' id='word_1_138' title='bbox 457 1113 626 1141; x_wconf 80' lang='lat' dir='ltr'><strong>qmecunque</strong></span> <span class='ocrx_word' id='word_1_139' title='bbox 643 1114 691 1140; x_wconf 87' lang='lat' dir='ltr'><strong>per</strong></span> <span class='ocrx_word' id='word_1_140' title='bbox 705 1107 851 1141; x_wconf 78' lang='lat' dir='ltr'><strong>ingluviem</strong></span> <span class='ocrx_word' id='word_1_141' title='bbox 869 1107 897 1134; x_wconf 91' lang='lat' dir='ltr'><strong>in</strong></span> <span class='ocrx_word' id='word_1_142' title='bbox 913 1113 1038 1135; x_wconf 85' lang='lat' dir='ltr'><strong>ventrem</strong></span> 
     </span>
    </p>
   </div>
   <div class='ocr_carea' id='block_1_21' title="bbox 250 1153 1036 1188">
    <p class='ocr_par' dir='ltr' id='par_1_21' title="bbox 250 1153 1036 1188">
     <span class='ocr_line' id='line_1_21' title="bbox 250 1153 1036 1188; baseline 0.004 -10"><span class='ocrx_word' id='word_1_143' title='bbox 250 1158 414 1184; x_wconf 78' lang='lat' dir='ltr'><strong>transeunt,</strong></span> <span class='ocrx_word' id='word_1_144' title='bbox 440 1160 574 1179; x_wconf 81' lang='lat' dir='ltr'><strong>summam</strong></span> <span class='ocrx_word' id='word_1_145' title='bbox 602 1161 663 1180; x_wconf 82' lang='lat' dir='ltr'><strong>esse</strong></span> <span class='ocrx_word' id='word_1_146' title='bbox 694 1153 853 1180; x_wconf 80' lang='lat' dir='ltr'><strong>felicitatem</strong></span> <span class='ocrx_word' id='word_1_147' title='bbox 880 1153 1036 1188; x_wconf 79' lang='lat' dir='ltr'><strong>deﬁniunt;</strong></span> 
     </span>
    </p>
   </div>
   <div class='ocr_carea' id='block_1_22' title="bbox 249 1198 1038 1235">
    <p class='ocr_par' dir='ltr' id='par_1_22' title="bbox 249 1198 1038 1235">
     <span class='ocr_line' id='line_1_22' title="bbox 249 1198 1038 1235; baseline 0.004 -11"><span class='ocrx_word' id='word_1_148' title='bbox 249 1198 376 1232; x_wconf 82' lang='lat' dir='ltr'><strong>iuillaque</strong></span> <span class='ocrx_word' id='word_1_149' title='bbox 392 1199 418 1224; x_wconf 93' lang='lat' dir='ltr'><strong>in</strong></span> <span class='ocrx_word' id='word_1_150' title='bbox 436 1206 465 1225; x_wconf 89' lang='lat' dir='ltr'><strong>re</strong></span> <span class='ocrx_word' id='word_1_151' title='bbox 484 1199 596 1226; x_wconf 87' lang='lat' dir='ltr'><strong>meliore</strong></span> <span class='ocrx_word' id='word_1_152' title='bbox 610 1206 685 1235; x_wconf 70' lang='lat' dir='ltr'><strong>spent</strong></span> <span class='ocrx_word' id='word_1_153' title='bbox 705 1199 836 1234; x_wconf 78' lang='lat' dir='ltr'><strong>deligunt,</strong></span> <span class='ocrx_word' id='word_1_154' title='bbox 852 1200 920 1227; x_wconf 87' lang='lat' dir='ltr'><strong>nihil</strong></span> <span class='ocrx_word' id='word_1_155' title='bbox 936 1200 1038 1228; x_wconf 78' lang='lat' dir='ltr'><strong>celsius</strong></span> 
     </span>
    </p>
   </div>
   <div class='ocr_carea' id='block_1_23' title="bbox 248 1244 1038 1281">
    <p class='ocr_par' dir='ltr' id='par_1_23' title="bbox 248 1244 1038 1281">
     <span class='ocr_line' id='line_1_23' title="bbox 248 1244 1038 1281; baseline 0.003 -9"><span class='ocrx_word' id='word_1_156' title='bbox 248 1251 295 1273; x_wconf 84' lang='lat' dir='ltr'><strong>aut</strong></span> <span class='ocrx_word' id='word_1_157' title='bbox 311 1245 403 1272; x_wconf 84' lang='lat' dir='ltr'><strong>utilius</strong></span> <span class='ocrx_word' id='word_1_158' title='bbox 417 1249 584 1280; x_wconf 81' lang='lat' dir='ltr'><strong>spectantes.</strong></span> <span class='ocrx_word' id='word_1_159' title='bbox 601 1244 698 1272; x_wconf 85' lang='lat' dir='ltr'><strong>Divino</strong></span> <span class='ocrx_word' id='word_1_160' title='bbox 711 1249 799 1273; x_wconf 84' lang='lat' dir='ltr'><strong>autem</strong></span> <span class='ocrx_word' id='word_1_161' title='bbox 814 1246 915 1280; x_wconf 88' lang='lat' dir='ltr'><strong>judicio</strong></span> <span class='ocrx_word' id='word_1_162' title='bbox 935 1246 960 1273; x_wconf 92' lang='lat' dir='ltr'><strong>in</strong></span> <span class='ocrx_word' id='word_1_163' title='bbox 973 1253 1038 1281; x_wconf 77' lang='lat' dir='ltr'><strong>ege-</strong></span> 
     </span>
    </p>
   </div>
   <div class='ocr_carea' id='block_1_24' title="bbox 249 1291 1035 1327">
    <p class='ocr_par' dir='ltr' id='par_1_24' title="bbox 249 1291 1035 1327">
     <span class='ocr_line' id='line_1_24' title="bbox 249 1291 1035 1327; baseline 0.001 -8"><span class='ocrx_word' id='word_1_164' title='bbox 249 1297 320 1319; x_wconf 87' lang='lat' dir='ltr'><strong>state</strong></span> <span class='ocrx_word' id='word_1_165' title='bbox 347 1296 512 1324; x_wconf 79' lang='lat' dir='ltr'><strong>versantur,</strong></span> <span class='ocrx_word' id='word_1_166' title='bbox 531 1291 678 1326; x_wconf 89' lang='lat' dir='ltr'><strong>multisque</strong></span> <span class='ocrx_word' id='word_1_167' title='bbox 706 1293 840 1327; x_wconf 81' lang='lat' dir='ltr'><strong>angustiis</strong></span> <span class='ocrx_word' id='word_1_168' title='bbox 858 1298 1035 1327; x_wconf 86' lang='lat' dir='ltr'><strong>premuntur,</strong></span> 
     </span>
    </p>
   </div>
   <div class='ocr_carea' id='block_1_25' title="bbox 249 1332 1039 1373">
    <p class='ocr_par' dir='ltr' id='par_1_25' title="bbox 249 1332 1039 1373">
     <span class='ocr_line' id='line_1_25' title="bbox 249 1332 1039 1373; baseline 0.004 -9"><span class='ocrx_word' id='word_1_169' title='bbox 249 1338 399 1372; x_wconf 66' lang='lat' dir='ltr'><strong>praesertim</strong></span> <span class='ocrx_word' id='word_1_170' title='bbox 418 1343 562 1372; x_wconf 85' lang='lat' dir='ltr'><strong>postquam</strong></span> <span class='ocrx_word' id='word_1_171' title='bbox 579 1338 652 1372; x_wconf 72' lang='lat' dir='ltr'><strong>regia</strong></span> <span class='ocrx_word' id='word_1_172' title='bbox 678 1339 814 1373; x_wconf 83' lang='lat' dir='ltr'><strong>stipendia</strong></span> <span class='ocrx_word' id='word_1_173' title='bbox 839 1332 887 1366; x_wconf 76' lang='lat' dir='ltr'><strong>eos</strong></span> <span class='ocrx_word' id='word_1_174' title='bbox 905 1339 1039 1367; x_wconf 85' lang='lat' dir='ltr'><strong>destitue-</strong></span> 
     </span>
    </p>
   </div>
   <div class='ocr_carea' id='block_1_26' title="bbox 250 1383 1041 1420">
    <p class='ocr_par' dir='ltr' id='par_1_26' title="bbox 250 1383 1041 1420">
     <span class='ocr_line' id='line_1_26' title="bbox 250 1383 1041 1420; baseline 0.005 -11"><span class='ocrx_word' id='word_1_175' title='bbox 250 1389 315 1410; x_wconf 88' lang='lat' dir='ltr'><strong>runt</strong></span> <span class='ocrx_word' id='word_1_176' title='bbox 327 1403 334 1415; x_wconf 94' lang='lat'><strong>,</strong></span> <span class='ocrx_word' id='word_1_177' title='bbox 354 1391 387 1411; x_wconf 73' lang='lat' dir='ltr'><strong>ex</strong></span> <span class='ocrx_word' id='word_1_178' title='bbox 406 1383 505 1418; x_wconf 88' lang='lat' dir='ltr'><strong>quibus</strong></span> <span class='ocrx_word' id='word_1_179' title='bbox 517 1383 618 1410; x_wconf 85' lang='lat' dir='ltr'><strong>victum</strong></span> <span class='ocrx_word' id='word_1_180' title='bbox 636 1384 662 1410; x_wconf 91' lang='lat' dir='ltr'><strong>in</strong></span> <span class='ocrx_word' id='word_1_181' title='bbox 679 1385 765 1411; x_wconf 81' lang='lat' dir='ltr'><strong>armis</strong></span> <span class='ocrx_word' id='word_1_182' title='bbox 782 1385 977 1420; x_wconf 82' lang='lat' dir='ltr'><strong>percipiebant.</strong></span> <span class='ocrx_word' id='word_1_183' title='bbox 990 1385 1041 1413; x_wconf 86' lang='lat' dir='ltr'><strong>Pro</strong></span> 
     </span>
    </p>
   </div>
   <div class='ocr_carea' id='block_1_27' title="bbox 253 1429 1041 1464">
    <p class='ocr_par' dir='ltr' id='par_1_27' title="bbox 253 1429 1041 1464">
     <span class='ocr_line' id='line_1_27' title="bbox 253 1429 1041 1464; baseline 0.004 -8"><span class='ocrx_word' id='word_1_184' title='bbox 253 1437 380 1456; x_wconf 74' lang='lat' dir='ltr'><strong>tuerisura</strong></span> <span class='ocrx_word' id='word_1_185' title='bbox 398 1429 489 1463; x_wconf 84' lang='lat' dir='ltr'><strong>itaque</strong></span> <span class='ocrx_word' id='word_1_186' title='bbox 503 1434 530 1456; x_wconf 87' lang='lat' dir='ltr'><strong>et</strong></span> <span class='ocrx_word' id='word_1_187' title='bbox 546 1429 665 1464; x_wconf 83' lang='lat' dir='ltr'><strong>pondere</strong></span> <span class='ocrx_word' id='word_1_188' title='bbox 680 1431 896 1458; x_wconf 77' lang='lat' dir='ltr'><strong>necessariarum</strong></span> <span class='ocrx_word' id='word_1_189' title='bbox 912 1439 1001 1459; x_wconf 88' lang='lat' dir='ltr'><strong>rerum</strong></span> <span class='ocrx_word' id='word_1_190' title='bbox 1014 1436 1041 1459; x_wconf 89' lang='lat' dir='ltr'><strong>et</strong></span> 
     </span>
    </p>
   </div>
   <div class='ocr_carea' id='block_1_28' title="bbox 255 1474 1040 1511">
    <p class='ocr_par' dir='ltr' id='par_1_28' title="bbox 255 1474 1040 1511">
     <span class='ocr_line' id='line_1_28' title="bbox 255 1474 1040 1511; baseline 0.004 -12"><span class='ocrx_word' id='word_1_191' title='bbox 255 1474 428 1505; x_wconf 79' lang='lat' dir='ltr'><strong>vietualium,</strong></span> <span class='ocrx_word' id='word_1_192' title='bbox 443 1475 559 1508; x_wconf 83' lang='lat' dir='ltr'><strong>pretium</strong></span> <span class='ocrx_word' id='word_1_193' title='bbox 577 1474 656 1500; x_wconf 82' lang='lat' dir='ltr'><strong>veluti</strong></span> <span class='ocrx_word' id='word_1_194' title='bbox 673 1475 863 1509; x_wconf 80' lang='lat' dir='ltr'><strong>rcpendentes,</strong></span> <span class='ocrx_word' id='word_1_195' title='bbox 881 1475 1040 1511; x_wconf 81' lang='lat' dir='ltr'><strong>religionem</strong></span> 
     </span>
    </p>
   </div>
   <div class='ocr_carea' id='block_1_29' title="bbox 251 1520 1038 1556">
    <p class='ocr_par' dir='ltr' id='par_1_29' title="bbox 251 1520 1038 1556">
     <span class='ocr_line' id='line_1_29' title="bbox 251 1520 1038 1556; baseline 0.004 -10"><span class='ocrx_word' id='word_1_196' title='bbox 251 1528 330 1547; x_wconf 84' lang='lat' dir='ltr'><strong>suam</strong></span> <span class='ocrx_word' id='word_1_197' title='bbox 348 1520 452 1547; x_wconf 81' lang='lat' dir='ltr'><strong>ventris</strong></span> <span class='ocrx_word' id='word_1_198' title='bbox 470 1520 612 1547; x_wconf 77' lang='lat' dir='ltr'><strong>famulatui</strong></span> <span class='ocrx_word' id='word_1_199' title='bbox 630 1521 757 1548; x_wconf 85' lang='lat' dir='ltr'><strong>addicunt</strong></span> <span class='ocrx_word' id='word_1_200' title='bbox 773 1521 799 1548; x_wconf 87' lang='lat' dir='ltr'><strong>hi</strong></span> <span class='ocrx_word' id='word_1_201' title='bbox 814 1527 947 1556; x_wconf 85' lang='lat' dir='ltr'><strong>amentes,</strong></span> <span class='ocrx_word' id='word_1_202' title='bbox 962 1522 1038 1556; x_wconf 84' lang='lat' dir='ltr'><strong>copia</strong></span> 
     </span>
    </p>
   </div>
   <div class='ocr_carea' id='block_1_30' title="bbox 252 1567 1039 1603">
    <p class='ocr_par' dir='ltr' id='par_1_30' title="bbox 252 1567 1039 1603">
     <span class='ocr_line' id='line_1_30' title="bbox 252 1567 1039 1603; baseline 0.005 -12"><span class='ocrx_word' id='word_1_203' title='bbox 252 1567 342 1601; x_wconf 79' lang='lat' dir='ltr'><strong>potius</strong></span> <span class='ocrx_word' id='word_1_204' title='bbox 358 1569 456 1601; x_wconf 86' lang='lat' dir='ltr'><strong>dapnm</strong></span> <span class='ocrx_word' id='word_1_205' title='bbox 469 1588 476 1600; x_wconf 88' lang='lat'><strong>,</strong></span> <span class='ocrx_word' id='word_1_206' title='bbox 497 1574 577 1601; x_wconf 86' lang='lat' dir='ltr'><strong>quam</strong></span> <span class='ocrx_word' id='word_1_207' title='bbox 605 1567 768 1595; x_wconf 84' lang='lat' dir='ltr'><strong>rectitudine</strong></span> <span class='ocrx_word' id='word_1_208' title='bbox 785 1568 940 1603; x_wconf 79' lang='lat' dir='ltr'><strong>dogmalum</strong></span> <span class='ocrx_word' id='word_1_209' title='bbox 954 1587 962 1600; x_wconf 87' lang='lat'><strong>,</strong></span> <span class='ocrx_word' id='word_1_210' title='bbox 980 1576 1039 1596; x_wconf 87' lang='lat' dir='ltr'><strong>eam</strong></span> 
     </span>
    </p>
   </div>
   <div class='ocr_carea' id='block_1_31' title="bbox 251 1613 1042 1648">
    <p class='ocr_par' dir='ltr' id='par_1_31' title="bbox 251 1613 1042 1648">
     <span class='ocr_line' id='line_1_31' title="bbox 251 1613 1042 1648; baseline 0.003 -9"><span class='ocrx_word' id='word_1_211' title='bbox 251 1613 328 1640; x_wconf 80' lang='lat' dir='ltr'><strong>lant‘e</strong></span> <span class='ocrx_word' id='word_1_212' title='bbox 345 1613 493 1645; x_wconf 84' lang='lat' dir='ltr'><strong>librantes;</strong></span> <span class='ocrx_word' id='word_1_213' title='bbox 520 1613 598 1639; x_wconf 85' lang='lat' dir='ltr'><strong>amici</strong></span> <span class='ocrx_word' id='word_1_214' title='bbox 615 1613 724 1647; x_wconf 87' lang='lat' dir='ltr'><strong>quidem</strong></span> <span class='ocrx_word' id='word_1_215' title='bbox 749 1613 870 1648; x_wconf 82' lang='lat' dir='ltr'><strong>quandiu</strong></span> <span class='ocrx_word' id='word_1_216' title='bbox 898 1613 978 1641; x_wconf 84' lang='lat' dir='ltr'><strong>rebus</strong></span> <span class='ocrx_word' id='word_1_217' title='bbox 996 1621 1042 1641; x_wconf 92' lang='lat' dir='ltr'><strong>vo-</strong></span> 
     </span>
    </p>
   </div>
   <div class='ocr_carea' id='block_1_32' title="bbox 253 1659 1040 1694">
    <p class='ocr_par' dir='ltr' id='par_1_32' title="bbox 253 1659 1040 1694">
     <span class='ocr_line' id='line_1_32' title="bbox 253 1659 1040 1694; baseline 0.003 -9"><span class='ocrx_word' id='word_1_218' title='bbox 253 1659 349 1693; x_wconf 82' lang='lat' dir='ltr'><strong>luptati</strong></span> <span class='ocrx_word' id='word_1_219' title='bbox 363 1659 468 1686; x_wconf 79' lang='lat' dir='ltr'><strong>idoneis</strong></span> <span class='ocrx_word' id='word_1_220' title='bbox 482 1659 632 1692; x_wconf 86' lang='lat' dir='ltr'><strong>abundant,</strong></span> <span class='ocrx_word' id='word_1_221' title='bbox 646 1663 851 1694; x_wconf 86' lang='lat' dir='ltr'><strong>contemptores</strong></span> <span class='ocrx_word' id='word_1_222' title='bbox 862 1666 927 1687; x_wconf 80' lang='lat' dir='ltr'><strong>vero</strong></span> <span class='ocrx_word' id='word_1_223' title='bbox 940 1665 966 1686; x_wconf 89' lang='lat' dir='ltr'><strong>et.</strong></span> <span class='ocrx_word' id='word_1_224' title='bbox 979 1659 1040 1687; x_wconf 73' lang='lat' dir='ltr'><strong>ﬁdei</strong></span> 
     </span>
    </p>
   </div>
   <div class='ocr_carea' id='block_1_33' title="bbox 253 1705 1042 1740">
    <p class='ocr_par' dir='ltr' id='par_1_33' title="bbox 253 1705 1042 1740">
     <span class='ocr_line' id='line_1_33' title="bbox 253 1705 1042 1740; baseline 0 -8"><span class='ocrx_word' id='word_1_225' title='bbox 253 1710 353 1732; x_wconf 68' lang='lat' dir='ltr'><strong>nostra!</strong></span> <span class='ocrx_word' id='word_1_226' title='bbox 378 1709 569 1736; x_wconf 85' lang='lat' dir='ltr'><strong>accusatores,</strong></span> <span class='ocrx_word' id='word_1_227' title='bbox 587 1705 609 1731; x_wconf 90' lang='lat' dir='ltr'><strong>si</strong></span> <span class='ocrx_word' id='word_1_228' title='bbox 632 1705 695 1739; x_wconf 88' lang='lat' dir='ltr'><strong>quid</strong></span> <span class='ocrx_word' id='word_1_229' title='bbox 715 1705 908 1740; x_wconf 73' lang='lat' dir='ltr'><strong>prtedictorum</strong></span> <span class='ocrx_word' id='word_1_230' title='bbox 936 1706 1042 1733; x_wconf 86' lang='lat' dir='ltr'><strong>emolu-</strong></span> 
     </span>
    </p>
   </div>
   <div class='ocr_carea' id='block_1_34' title="bbox 253 1750 1042 1786">
    <p class='ocr_par' dir='ltr' id='par_1_34' title="bbox 253 1750 1042 1786">
     <span class='ocr_line' id='line_1_34' title="bbox 253 1750 1042 1786; baseline 0.003 -9"><span class='ocrx_word' id='word_1_231' title='bbox 253 1755 407 1778; x_wconf 83' lang='lat' dir='ltr'><strong>mentorum</strong></span> <span class='ocrx_word' id='word_1_232' title='bbox 430 1750 513 1777; x_wconf 78' lang='lat' dir='ltr'><strong>desit.</strong></span> <span class='ocrx_word' id='word_1_233' title='bbox 533 1750 594 1778; x_wconf 82' lang='lat' dir='ltr'><strong>Pari</strong></span> <span class='ocrx_word' id='word_1_234' title='bbox 611 1751 683 1777; x_wconf 86' lang='lat' dir='ltr'><strong>enim</strong></span> <span class='ocrx_word' id='word_1_235' title='bbox 705 1751 844 1779; x_wconf 81' lang='lat' dir='ltr'><strong>voluntate</strong></span> <span class='ocrx_word' id='word_1_236' title='bbox 867 1751 1042 1786; x_wconf 86' lang='lat' dir='ltr'><strong>moribusque</strong></span> 
     </span>
    </p>
   </div>
   <div class='ocr_carea' id='block_1_35' title="bbox 254 1797 1042 1831">
    <p class='ocr_par' dir='ltr' id='par_1_35' title="bbox 254 1797 1042 1831">
     <span class='ocr_line' id='line_1_35' title="bbox 254 1797 1042 1831; baseline 0 -7"><span class='ocrx_word' id='word_1_237' title='bbox 254 1801 317 1824; x_wconf 79' lang='lat' dir='ltr'><strong>sunt</strong></span> <span class='ocrx_word' id='word_1_238' title='bbox 332 1797 375 1823; x_wconf 84' lang='lat' dir='ltr'><strong>isti</strong></span> <span class='ocrx_word' id='word_1_239' title='bbox 389 1801 415 1823; x_wconf 85' lang='lat' dir='ltr'><strong>et</strong></span> <span class='ocrx_word' id='word_1_240' title='bbox 429 1801 564 1831; x_wconf 85' lang='lat' dir='ltr'><strong>quotquot</strong></span> <span class='ocrx_word' id='word_1_241' title='bbox 578 1797 604 1823; x_wconf 92' lang='lat' dir='ltr'><strong>in</strong></span> <span class='ocrx_word' id='word_1_242' title='bbox 620 1797 715 1824; x_wconf 87' lang='lat' dir='ltr'><strong>eadem</strong></span> <span class='ocrx_word' id='word_1_243' title='bbox 731 1797 891 1824; x_wconf 77' lang='lat' dir='ltr'><strong>inﬁdelitate</strong></span> <span class='ocrx_word' id='word_1_244' title='bbox 906 1803 986 1830; x_wconf 87' lang='lat' dir='ltr'><strong>sunt,</strong></span> <span class='ocrx_word' id='word_1_245' title='bbox 999 1803 1042 1825; x_wconf 83' lang='lat' dir='ltr'><strong>at-</strong></span> 
     </span>
    </p>
   </div>
   <div class='ocr_carea' id='block_1_36' title="bbox 251 1841 1044 1878">
    <p class='ocr_par' dir='ltr' id='par_1_36' title="bbox 251 1841 1044 1878">
     <span class='ocr_line' id='line_1_36' title="bbox 251 1841 1044 1878; baseline 0.004 -10"><span class='ocrx_word' id='word_1_246' title='bbox 251 1850 305 1878; x_wconf 87' lang='lat' dir='ltr'><strong>que</strong></span> <span class='ocrx_word' id='word_1_247' title='bbox 324 1842 360 1868; x_wconf 90' lang='lat' dir='ltr'><strong>illi</strong></span> <span class='ocrx_word' id='word_1_248' title='bbox 386 1842 449 1868; x_wconf 90' lang='lat' dir='ltr'><strong>olint</strong></span> <span class='ocrx_word' id='word_1_249' title='bbox 466 1850 497 1869; x_wconf 82' lang='lat' dir='ltr'><strong>ex</strong></span> <span class='ocrx_word' id='word_1_250' title='bbox 519 1841 680 1877; x_wconf 61' lang='lat' dir='ltr'><strong>Egyptiaca</strong></span> <span class='ocrx_word' id='word_1_251' title='bbox 703 1843 834 1870; x_wconf 82' lang='lat' dir='ltr'><strong>servitute</strong></span> <span class='ocrx_word' id='word_1_252' title='bbox 858 1843 985 1877; x_wconf 81' lang='lat' dir='ltr'><strong>liberati,</strong></span> <span class='ocrx_word' id='word_1_253' title='bbox 1010 1844 1044 1871; x_wconf 87' lang='lat' dir='ltr'><strong>si-</strong></span> 
     </span>
    </p>
   </div>
   <div class='ocr_carea' id='block_1_37' title="bbox 255 1888 1044 1924">
    <p class='ocr_par' dir='ltr' id='par_1_37' title="bbox 255 1888 1044 1924">
     <span class='ocr_line' id='line_1_37' title="bbox 255 1888 1044 1924; baseline 0.003 -9"><span class='ocrx_word' id='word_1_254' title='bbox 255 1889 401 1924; x_wconf 81' lang='lat' dir='ltr'><strong>milemque</strong></span> <span class='ocrx_word' id='word_1_255' title='bbox 427 1888 479 1915; x_wconf 91' lang='lat' dir='ltr'><strong>illis</strong></span> <span class='ocrx_word' id='word_1_256' title='bbox 502 1894 528 1915; x_wconf 87' lang='lat' dir='ltr'><strong>et</strong></span> <span class='ocrx_word' id='word_1_257' title='bbox 549 1896 708 1924; x_wconf 77' lang='lat' dir='ltr'><strong>germanam</strong></span> <span class='ocrx_word' id='word_1_258' title='bbox 732 1889 853 1923; x_wconf 73' lang='lat' dir='ltr'><strong>linguam</strong></span> <span class='ocrx_word' id='word_1_259' title='bbox 878 1897 1044 1924; x_wconf 87' lang='lat' dir='ltr'><strong>sensumque</strong></span> 
     </span>
    </p>
   </div>
   <div class='ocr_carea' id='block_1_38' title="bbox 256 1933 1044 1971">
    <p class='ocr_par' dir='ltr' id='par_1_38' title="bbox 256 1933 1044 1971">
     <span class='ocr_line' id='line_1_38' title="bbox 256 1933 1044 1971; baseline 0.003 -10"><span class='ocrx_word' id='word_1_260' title='bbox 256 1934 357 1961; x_wconf 80' lang='lat' dir='ltr'><strong>[tabent</strong></span> <span class='ocrx_word' id='word_1_261' title='bbox 378 1943 385 1961; x_wconf 88' lang='lat'>:</span> <span class='ocrx_word' id='word_1_262' title='bbox 403 1933 603 1970; x_wconf 78' lang='lat' dir='ltr'><strong>manifesteque</strong></span> <span class='ocrx_word' id='word_1_263' title='bbox 627 1935 734 1963; x_wconf 82' lang='lat' dir='ltr'><strong>illorum</strong></span> <span class='ocrx_word' id='word_1_264' title='bbox 753 1936 843 1963; x_wconf 89' lang='lat' dir='ltr'><strong>cultus</strong></span> <span class='ocrx_word' id='word_1_265' title='bbox 867 1936 966 1963; x_wconf 84' lang='lat' dir='ltr'><strong>indicia</strong></span> <span class='ocrx_word' id='word_1_266' title='bbox 988 1943 1044 1971; x_wconf 67' lang='lat' dir='ltr'><strong>prae</strong></span> 
     </span>
    </p>
   </div>
   <div class='ocr_carea' id='block_1_39' title="bbox 253 1981 1043 2016">
    <p class='ocr_par' dir='ltr' id='par_1_39' title="bbox 253 1981 1043 2016">
     <span class='ocr_line' id='line_1_39' title="bbox 253 1981 1043 2016; baseline 0.004 -9"><span class='ocrx_word' id='word_1_267' title='bbox 253 1989 283 2008; x_wconf 84' lang='lat' dir='ltr'><strong>se</strong></span> <span class='ocrx_word' id='word_1_268' title='bbox 297 1981 433 2012; x_wconf 79' lang='lat' dir='ltr'><strong>ferentes,</strong></span> <span class='ocrx_word' id='word_1_269' title='bbox 449 1981 471 2008; x_wconf 71' lang='lat' dir='ltr'><strong>si</strong></span> <span class='ocrx_word' id='word_1_270' title='bbox 487 1981 560 2008; x_wconf 81' lang='lat' dir='ltr'><strong>forte</strong></span> <span class='ocrx_word' id='word_1_271' title='bbox 573 1982 598 2008; x_wconf 90' lang='lat' dir='ltr'><strong>in</strong></span> <span class='ocrx_word' id='word_1_272' title='bbox 611 1982 714 2009; x_wconf 83' lang='lat' dir='ltr'><strong>similes</strong></span> <span class='ocrx_word' id='word_1_273' title='bbox 730 1983 849 2009; x_wconf 82' lang='lat' dir='ltr'><strong>incidant</strong></span> <span class='ocrx_word' id='word_1_274' title='bbox 859 1983 1043 2016; x_wconf 79' lang='lat' dir='ltr'><strong>calamitates,</strong></span> 
     </span>
    </p>
   </div>
   <div class='ocr_carea' id='block_1_40' title="bbox 256 2028 1044 2064">
    <p class='ocr_par' dir='ltr' id='par_1_40' title="bbox 256 2028 1044 2064">
     <span class='ocr_line' id='line_1_40' title="bbox 256 2028 1044 2064; baseline 0.001 -9"><span class='ocrx_word' id='word_1_275' title='bbox 256 2028 369 2056; x_wconf 78' lang='lat' dir='ltr'><strong>moleste</strong></span> <span class='ocrx_word' id='word_1_276' title='bbox 387 2028 478 2055; x_wconf 82' lang='lat' dir='ltr'><strong>lerunt</strong></span> <span class='ocrx_word' id='word_1_277' title='bbox 497 2033 523 2055; x_wconf 88' lang='lat' dir='ltr'><strong>et</strong></span> <span class='ocrx_word' id='word_1_278' title='bbox 538 2030 749 2056; x_wconf 76' lang='lat' dir='ltr'><strong>excandescunt.</strong></span> <span class='ocrx_word' id='word_1_279' title='bbox 770 2029 858 2064; x_wconf 81' lang='lat' dir='ltr'><strong>Atque</strong></span> <span class='ocrx_word' id='word_1_280' title='bbox 879 2034 906 2055; x_wconf 94' lang='lat' dir='ltr'><strong>ul</strong></span> <span class='ocrx_word' id='word_1_281' title='bbox 933 2030 969 2055; x_wconf 91' lang='lat' dir='ltr'><strong>illi</strong></span> <span class='ocrx_word' id='word_1_282' title='bbox 995 2030 1044 2056; x_wconf 87' lang='lat' dir='ltr'><strong>ad-</strong></span> 
     </span>
    </p>
   </div>
   <div class='ocr_carea' id='block_1_41' title="bbox 257 2074 1042 2110">
    <p class='ocr_par' dir='ltr' id='par_1_41' title="bbox 257 2074 1042 2110">
     <span class='ocr_line' id='line_1_41' title="bbox 257 2074 1042 2110; baseline 0 -9"><span class='ocrx_word' id='word_1_283' title='bbox 257 2083 351 2102; x_wconf 76' lang='lat' dir='ltr'><strong>vct&#39;stls</strong></span> <span class='ocrx_word' id='word_1_284' title='bbox 364 2074 536 2110; x_wconf 76' lang='lat' dir='ltr'><strong>legislatores</strong></span> <span class='ocrx_word' id='word_1_285' title='bbox 551 2076 690 2109; x_wconf 84' lang='lat' dir='ltr'><strong>ducesque</strong></span> <span class='ocrx_word' id='word_1_286' title='bbox 705 2083 769 2102; x_wconf 83' lang='lat' dir='ltr'><strong>suos</strong></span> <span class='ocrx_word' id='word_1_287' title='bbox 788 2075 910 2102; x_wconf 82' lang='lat' dir='ltr'><strong>seditiosi</strong></span> <span class='ocrx_word' id='word_1_288' title='bbox 933 2075 1042 2107; x_wconf 78' lang='lat' dir='ltr'><strong>fiebant,</strong></span> 
     </span>
    </p>
   </div>
   <div class='ocr_carea' id='block_1_42' title="bbox 255 2121 1045 2156">
    <p class='ocr_par' dir='ltr' id='par_1_42' title="bbox 255 2121 1045 2156">
     <span class='ocr_line' id='line_1_42' title="bbox 255 2121 1045 2156; baseline -0.001 -8"><span class='ocrx_word' id='word_1_289' title='bbox 255 2129 332 2148; x_wconf 81' lang='lat' dir='ltr'><strong>suam</strong></span> <span class='ocrx_word' id='word_1_290' title='bbox 357 2121 429 2148; x_wconf 83' lang='lat' dir='ltr'><strong>circa</strong></span> <span class='ocrx_word' id='word_1_291' title='bbox 455 2128 552 2148; x_wconf 88' lang='lat' dir='ltr'><strong>carnes</strong></span> <span class='ocrx_word' id='word_1_292' title='bbox 575 2127 602 2148; x_wconf 85' lang='lat' dir='ltr'><strong>et</strong></span> <span class='ocrx_word' id='word_1_293' title='bbox 622 2121 688 2148; x_wconf 84' lang='lat' dir='ltr'><strong>ollas</strong></span> <span class='ocrx_word' id='word_1_294' title='bbox 717 2121 883 2154; x_wconf 84' lang='lat' dir='ltr'><strong>sessionem,</strong></span> <span class='ocrx_word' id='word_1_295' title='bbox 913 2121 1045 2156; x_wconf 87' lang='lat' dir='ltr'><strong>panisque</strong></span> 
     </span>
    </p>
   </div>
   <div class='ocr_carea' id='block_1_43' title="bbox 256 2167 1046 2200">
    <p class='ocr_par' dir='ltr' id='par_1_43' title="bbox 256 2167 1046 2200">
     <span class='ocr_line' id='line_1_43' title="bbox 256 2167 1046 2200; baseline -0.001 -6"><span class='ocrx_word' id='word_1_296' title='bbox 256 2167 470 2199; x_wconf 83' lang='lat' dir='ltr'><strong>abundantiam,</strong></span> <span class='ocrx_word' id='word_1_297' title='bbox 497 2172 760 2198; x_wconf 77' lang='lat' dir='ltr'><strong>commemorantes;</strong></span> <span class='ocrx_word' id='word_1_298' title='bbox 790 2167 830 2194; x_wconf 80' lang='lat' dir='ltr'><strong>sic</strong></span> <span class='ocrx_word' id='word_1_299' title='bbox 850 2172 877 2193; x_wconf 86' lang='lat' dir='ltr'><strong>et</strong></span> <span class='ocrx_word' id='word_1_300' title='bbox 906 2167 933 2194; x_wconf 82' lang='grc' dir='ltr'><strong>Ιιί</strong></span> <span class='ocrx_word' id='word_1_301' title='bbox 959 2167 1046 2200; x_wconf 89' lang='lat' dir='ltr'><strong>impu-</strong></span> 
     </span>
    </p>
   </div>
   <div class='ocr_carea' id='block_1_44' title="bbox 757 139 1364 171">
    <p class='ocr_par' dir='ltr' id='par_1_44' title="bbox 757 139 1364 171">
     <span class='ocr_line' id='line_1_44' title="bbox 757 139 1364 171; baseline 0.002 -2"><span class='ocrx_word' id='word_1_302' title='bbox 757 139 788 170; x_wconf 89' lang='lat' dir='ltr'><strong>S.</strong></span> <span class='ocrx_word' id='word_1_303' title='bbox 809 140 1019 171; x_wconf 82' lang='lat' dir='ltr'><strong>NICEPHORI</strong></span> <span class='ocrx_word' id='word_1_304' title='bbox 1038 139 1289 170; x_wconf 69' lang='grc' dir='ltr'><strong>ΡΑἸἭΙΑΒΟΗᾸΞ</strong></span> <span class='ocrx_word' id='word_1_305' title='bbox 1309 139 1364 170; x_wconf 83' lang='lat' dir='ltr'><strong>CP.</strong></span> 
     </span>
    </p>
   </div>
   <div class='ocr_carea' id='block_1_45' title="bbox 1084 193 1873 230">
    <p class='ocr_par' dir='ltr' id='par_1_45' title="bbox 1084 193 1873 230">
     <span class='ocr_line' id='line_1_45' title="bbox 1084 193 1873 230; baseline 0.003 -10"><span class='ocrx_word' id='word_1_306' title='bbox 1084 195 1109 220; x_wconf 84' lang='grc' dir='ltr'>οἱ</span> <span class='ocrx_word' id='word_1_307' title='bbox 1121 194 1311 229; x_wconf 77' lang='grc' dir='ltr'><strong>ἀγροικότεροι</strong></span> <span class='ocrx_word' id='word_1_308' title='bbox 1326 194 1372 220; x_wconf 77' lang='grc' dir='ltr'><strong>καὶ</strong></span> <span class='ocrx_word' id='word_1_309' title='bbox 1389 193 1555 230; x_wconf 78' lang='grc' dir='ltr'><strong>χαμαίζηλοι</strong></span> <span class='ocrx_word' id='word_1_310' title='bbox 1573 193 1620 221; x_wconf 88' lang='grc' dir='ltr'>καὶ</span> <span class='ocrx_word' id='word_1_311' title='bbox 1634 193 1691 221; x_wconf 86' lang='grc' dir='ltr'><strong>τῶν</strong></span> <span class='ocrx_word' id='word_1_312' title='bbox 1713 194 1873 229; x_wconf 72' lang='grc' dir='ltr'>ἀναγκαίων</span> 
     </span>
    </p>
   </div>
   <div class='ocr_carea' id='block_1_46' title="bbox 1084 239 1874 276">
    <p class='ocr_par' dir='ltr' id='par_1_46' title="bbox 1084 239 1874 276">
     <span class='ocr_line' id='line_1_46' title="bbox 1084 239 1874 276; baseline 0.003 -10"><span class='ocrx_word' id='word_1_313' title='bbox 1084 241 1193 275; x_wconf 81' lang='grc' dir='ltr'>ἄποροι,</span> <span class='ocrx_word' id='word_1_314' title='bbox 1207 239 1254 266; x_wconf 72' lang='grc' dir='ltr'><strong>καὶ</strong></span> <span class='ocrx_word' id='word_1_315' title='bbox 1266 239 1362 266; x_wconf 74' lang='grc' dir='ltr'>οὐδ’ἃν</span> <span class='ocrx_word' id='word_1_316' title='bbox 1373 240 1480 276; x_wconf 76' lang='grc' dir='ltr'>ἡμέρας</span> <span class='ocrx_word' id='word_1_317' title='bbox 1494 241 1558 275; x_wconf 78' lang='grc' dir='ltr'>μιᾶς</span> <span class='ocrx_word' id='word_1_318' title='bbox 1574 241 1680 276; x_wconf 72' lang='grc' dir='ltr'>τροφῆς</span> <span class='ocrx_word' id='word_1_319' title='bbox 1697 241 1767 272; x_wconf 85' lang='grc' dir='ltr'>ίδίας</span> <span class='ocrx_word' id='word_1_320' title='bbox 1783 242 1874 268; x_wconf 80' lang='grc' dir='ltr'>ἐπισι-</span> 
     </span>
    </p>
   </div>
   <div class='ocr_carea' id='block_1_47' title="bbox 1085 285 1877 323">
    <p class='ocr_par' dir='ltr' id='par_1_47' title="bbox 1085 285 1877 323">
     <span class='ocr_line' id='line_1_47' title="bbox 1085 285 1877 323; baseline 0.004 -11"><span class='ocrx_word' id='word_1_321' title='bbox 1085 295 1098 312; x_wconf 82' lang='grc' dir='ltr'><strong>τ</strong></span> <span class='ocrx_word' id='word_1_322' title='bbox 1105 285 1210 317; x_wconf 72' lang='grc' dir='ltr'>ίζεσθαι</span> <span class='ocrx_word' id='word_1_323' title='bbox 1230 285 1416 321; x_wconf 82' lang='grc' dir='ltr'>ιὺπορίσειαν,</span> <span class='ocrx_word' id='word_1_324' title='bbox 1430 287 1462 314; x_wconf 72' lang='grc' dir='ltr'>ἐκ</span> <span class='ocrx_word' id='word_1_325' title='bbox 1481 286 1537 314; x_wconf 86' lang='grc' dir='ltr'><strong>τῶν</strong></span> <span class='ocrx_word' id='word_1_326' title='bbox 1545 287 1661 322; x_wconf 82' lang='grc' dir='ltr'><strong>τριόδων</strong></span> <span class='ocrx_word' id='word_1_327' title='bbox 1669 287 1717 314; x_wconf 64' lang='grc' dir='ltr'><strong>καλ⁵</strong></span> <span class='ocrx_word' id='word_1_328' title='bbox 1724 287 1780 314; x_wconf 79' lang='grc' dir='ltr'><strong>τῶν</strong></span> <span class='ocrx_word' id='word_1_329' title='bbox 1787 286 1877 323; x_wconf 75' lang='grc' dir='ltr'>βαρά-</span> 
     </span>
    </p>
   </div>
   <div class='ocr_carea' id='block_1_48' title="bbox 1086 332 1878 369">
    <p class='ocr_par' dir='ltr' id='par_1_48' title="bbox 1086 332 1878 369">
     <span class='ocr_line' id='line_1_48' title="bbox 1086 332 1878 369; baseline 0.001 -10"><span class='ocrx_word' id='word_1_330' title='bbox 1086 333 1158 369; x_wconf 88' lang='grc' dir='ltr'>θρων</span> <span class='ocrx_word' id='word_1_331' title='bbox 1171 332 1420 368; x_wconf 85' lang='grc' dir='ltr'>συναγηγερμένοι,</span> <span class='ocrx_word' id='word_1_332' title='bbox 1435 333 1496 360; x_wconf 83' lang='grc' dir='ltr'>οὐδὲ</span> <span class='ocrx_word' id='word_1_333' title='bbox 1511 333 1545 360; x_wconf 78' lang='grc' dir='ltr'><strong>τὰ</strong></span> <span class='ocrx_word' id='word_1_334' title='bbox 1566 334 1596 360; x_wconf 81' lang='grc' dir='ltr'>ὲν</span> <span class='ocrx_word' id='word_1_335' title='bbox 1612 334 1676 360; x_wconf 66' lang='grc' dir='ltr'><strong>ττοσ)⁵</strong></span> <span class='ocrx_word' id='word_1_336' title='bbox 1686 333 1716 360; x_wconf 83' lang='grc' dir='ltr'><strong>τί</strong></span> <span class='ocrx_word' id='word_1_337' title='bbox 1733 335 1798 360; x_wconf 86' lang='grc' dir='ltr'>ποτέ</span> <span class='ocrx_word' id='word_1_338' title='bbox 1818 335 1878 360; x_wconf 81' lang='grc' dir='ltr'>ἐστι</span> 
     </span>
    </p>
   </div>
   <div class='ocr_carea' id='block_1_49' title="bbox 1086 377 1876 414">
    <p class='ocr_par' dir='ltr' id='par_1_49' title="bbox 1086 377 1876 414">
     <span class='ocr_line' id='line_1_49' title="bbox 1086 377 1876 414; baseline 0.003 -10"><span class='ocrx_word' id='word_1_339' title='bbox 1086 378 1208 404; x_wconf 84' lang='grc' dir='ltr'><strong>συνιέναι</strong></span> <span class='ocrx_word' id='word_1_340' title='bbox 1223 377 1372 412; x_wconf 76' lang='grc' dir='ltr'><strong>ἰσχύοντες,</strong></span> <span class='ocrx_word' id='word_1_341' title='bbox 1391 379 1439 405; x_wconf 74' lang='grc' dir='ltr'>καὶ</span> <span class='ocrx_word' id='word_1_342' title='bbox 1461 378 1500 414; x_wconf 86' lang='grc' dir='ltr'>τῷ</span> <span class='ocrx_word' id='word_1_343' title='bbox 1511 378 1636 413; x_wconf 75' lang='grc' dir='ltr'>παροινοι</span> <span class='ocrx_word' id='word_1_344' title='bbox 1650 377 1720 405; x_wconf 79' lang='grc' dir='ltr'>εἶναι</span> <span class='ocrx_word' id='word_1_345' title='bbox 1734 379 1783 406; x_wconf 67' lang='grc' dir='ltr'><strong>καὶ</strong></span> <span class='ocrx_word' id='word_1_346' title='bbox 1799 380 1876 413; x_wconf 71' lang='grc' dir='ltr'>φιλοε</span> 
     </span>
    </p>
   </div>
   <div class='ocr_carea' id='block_1_50' title="bbox 1086 424 1879 461">
    <p class='ocr_par' dir='ltr' id='par_1_50' title="bbox 1086 424 1879 461">
     <span class='ocr_line' id='line_1_50' title="bbox 1086 424 1879 461; baseline 0.004 -11"><span class='ocrx_word' id='word_1_347' title='bbox 1086 425 1179 455; x_wconf 79' lang='grc' dir='ltr'>πόται,</span> <span class='ocrx_word' id='word_1_348' title='bbox 1192 433 1224 450; x_wconf 85' lang='grc' dir='ltr'><strong>πε</strong></span> <span class='ocrx_word' id='word_1_349' title='bbox 1229 424 1423 460; x_wconf 80' lang='grc' dir='ltr'>ριεργάζονται</span> <span class='ocrx_word' id='word_1_350' title='bbox 1433 425 1480 452; x_wconf 74' lang='grc' dir='ltr'><strong>καὶ</strong></span> <span class='ocrx_word' id='word_1_351' title='bbox 1489 425 1690 461; x_wconf 82' lang='grc' dir='ltr'>περισκοποΰσι</span> <span class='ocrx_word' id='word_1_352' title='bbox 1700 426 1804 461; x_wconf 81' lang='grc' dir='ltr'>συχνῶς</span> <span class='ocrx_word' id='word_1_353' title='bbox 1811 426 1879 454; x_wconf 77' lang='grc' dir='ltr'>ἔνθα</span> 
     </span>
    </p>
   </div>
   <div class='ocr_carea' id='block_1_51' title="bbox 1084 470 1879 507">
    <p class='ocr_par' dir='ltr' id='par_1_51' title="bbox 1084 470 1879 507">
     <span class='ocr_line' id='line_1_51' title="bbox 1084 470 1879 507; baseline 0.003 -11"><span class='ocrx_word' id='word_1_354' title='bbox 1084 477 1114 496; x_wconf 89' lang='grc' dir='ltr'><strong>τε</strong></span> <span class='ocrx_word' id='word_1_355' title='bbox 1129 470 1206 496; x_wconf 84' lang='grc' dir='ltr'>πότοι</span> <span class='ocrx_word' id='word_1_356' title='bbox 1220 471 1268 497; x_wconf 81' lang='grc' dir='ltr'>καὶ</span> <span class='ocrx_word' id='word_1_357' title='bbox 1285 471 1411 497; x_wconf 85' lang='grc' dir='ltr'>συσσίτια</span> <span class='ocrx_word' id='word_1_358' title='bbox 1435 471 1569 505; x_wconf 77' lang='grc' dir='ltr'>γίνονται,</span> <span class='ocrx_word' id='word_1_359' title='bbox 1588 472 1636 498; x_wconf 72' lang='grc' dir='ltr'>καὶ</span> <span class='ocrx_word' id='word_1_360' title='bbox 1661 472 1698 503; x_wconf 86' lang='grc' dir='ltr'><strong>ὡς</strong></span> <span class='ocrx_word' id='word_1_361' title='bbox 1725 472 1879 507; x_wconf 80' lang='grc' dir='ltr'>ὑπόπτεροι</span> 
     </span>
    </p>
   </div>
   <div class='ocr_carea' id='block_1_52' title="bbox 1086 515 1881 553">
    <p class='ocr_par' dir='ltr' id='par_1_52' title="bbox 1086 515 1881 553">
     <span class='ocr_line' id='line_1_52' title="bbox 1086 515 1881 553; baseline 0.004 -12"><span class='ocrx_word' id='word_1_362' title='bbox 1086 515 1282 550; x_wconf 79' lang='grc' dir='ltr'><strong>περιθέουσιν·</strong></span> <span class='ocrx_word' id='word_1_363' title='bbox 1311 516 1350 547; x_wconf 83' lang='grc' dir='ltr'>ὡς</span> <span class='ocrx_word' id='word_1_364' title='bbox 1377 516 1410 543; x_wconf 84' lang='grc' dir='ltr'>ἂν</span> <span class='ocrx_word' id='word_1_365' title='bbox 1450 517 1483 543; x_wconf 72' lang='grc' dir='ltr'>ἐκ</span> <span class='ocrx_word' id='word_1_366' title='bbox 1515 517 1570 543; x_wconf 88' lang='grc' dir='ltr'><strong>τῶν</strong></span> <span class='ocrx_word' id='word_1_367' title='bbox 1607 517 1881 553; x_wconf 80' lang='grc' dir='ltr'><strong>παρατυγχανόντων</strong></span> 
     </span>
    </p>
   </div>
   <div class='ocr_carea' id='block_1_53' title="bbox 1086 560 1879 598">
    <p class='ocr_par' dir='ltr' id='par_1_53' title="bbox 1086 560 1879 598">
     <span class='ocr_line' id='line_1_53' title="bbox 1086 560 1879 598; baseline 0.003 -11"><span class='ocrx_word' id='word_1_368' title='bbox 1086 560 1292 597; x_wconf 77' lang='grc' dir='ltr'>ὲρανισάμενοι,</span> <span class='ocrx_word' id='word_1_369' title='bbox 1307 560 1345 588; x_wconf 75' lang='grc' dir='ltr'>τὰ</span> <span class='ocrx_word' id='word_1_370' title='bbox 1354 561 1403 596; x_wconf 85' lang='grc' dir='ltr'>τῆς</span> <span class='ocrx_word' id='word_1_371' title='bbox 1414 561 1520 593; x_wconf 71' lang='grc' dir='ltr'>ἐνδείας</span> <span class='ocrx_word' id='word_1_372' title='bbox 1542 562 1590 588; x_wconf 81' lang='grc' dir='ltr'>καὶ</span> <span class='ocrx_word' id='word_1_373' title='bbox 1606 562 1725 597; x_wconf 82' lang='grc' dir='ltr'>ἀπορίας</span> <span class='ocrx_word' id='word_1_374' title='bbox 1744 571 1879 598; x_wconf 82' lang='grc' dir='ltr'>παραμυ-</span> 
     </span>
    </p>
   </div>
   <div class='ocr_carea' id='block_1_54' title="bbox 1086 604 1881 644">
    <p class='ocr_par' dir='ltr' id='par_1_54' title="bbox 1086 604 1881 644">
     <span class='ocr_line' id='line_1_54' title="bbox 1086 604 1881 644; baseline 0.003 -11"><span class='ocrx_word' id='word_1_375' title='bbox 1086 606 1216 642; x_wconf 79' lang='grc' dir='ltr'>θήσαιντο</span> <span class='ocrx_word' id='word_1_376' title='bbox 1226 615 1232 622; x_wconf 80' lang='lat'>&#39;</span> <span class='ocrx_word' id='word_1_377' title='bbox 1248 606 1278 640; x_wconf 74' lang='grc' dir='ltr'><strong>ἐξ</strong></span> <span class='ocrx_word' id='word_1_378' title='bbox 1291 604 1329 634; x_wconf 84' lang='grc' dir='ltr'>ὦν</span> <span class='ocrx_word' id='word_1_379' title='bbox 1341 607 1487 642; x_wconf 77' lang='grc' dir='ltr'>συμῦαίνει</span> <span class='ocrx_word' id='word_1_380' title='bbox 1499 607 1545 634; x_wconf 82' lang='grc' dir='ltr'><strong>τὸν</strong></span> <span class='ocrx_word' id='word_1_381' title='bbox 1565 608 1712 644; x_wconf 81' lang='grc' dir='ltr'>ἀγυρτώδη</span> <span class='ocrx_word' id='word_1_382' title='bbox 1726 609 1774 635; x_wconf 75' lang='grc' dir='ltr'>καὶ</span> <span class='ocrx_word' id='word_1_383' title='bbox 1793 609 1881 635; x_wconf 82' lang='grc' dir='ltr'>ἀπευ-</span> 
     </span>
    </p>
   </div>
   <div class='ocr_carea' id='block_1_55' title="bbox 1086 651 1882 687">
    <p class='ocr_par' dir='ltr' id='par_1_55' title="bbox 1086 651 1882 687">
     <span class='ocr_line' id='line_1_55' title="bbox 1086 651 1882 687; baseline 0.003 -9"><span class='ocrx_word' id='word_1_384' title='bbox 1086 651 1150 678; x_wconf 81' lang='grc' dir='ltr'>κτὸν</span> <span class='ocrx_word' id='word_1_385' title='bbox 1164 652 1269 678; x_wconf 67' lang='grc' dir='ltr'>ἐκεῖνον</span> <span class='ocrx_word' id='word_1_386' title='bbox 1282 651 1462 679; x_wconf 77' lang='grc' dir='ltr'><strong>συνίστασθαι</strong></span> <span class='ocrx_word' id='word_1_387' title='bbox 1476 652 1585 687; x_wconf 81' lang='grc' dir='ltr'>ὅμιλον·</span> <span class='ocrx_word' id='word_1_388' title='bbox 1602 653 1715 680; x_wconf 80' lang='grc' dir='ltr'>στάσεσί</span> <span class='ocrx_word' id='word_1_389' title='bbox 1727 661 1758 679; x_wconf 82' lang='grc' dir='ltr'><strong>τε</strong></span> <span class='ocrx_word' id='word_1_390' title='bbox 1769 653 1882 687; x_wconf 68' lang='grc' dir='ltr'>γὰρκαὶ</span> 
     </span>
    </p>
   </div>
   <div class='ocr_carea' id='block_1_56' title="bbox 1086 695 1883 733">
    <p class='ocr_par' dir='ltr' id='par_1_56' title="bbox 1086 695 1883 733">
     <span class='ocr_line' id='line_1_56' title="bbox 1086 695 1883 733; baseline 0.001 -9"><span class='ocrx_word' id='word_1_391' title='bbox 1086 698 1273 733; x_wconf 79' lang='grc' dir='ltr'>καινοτομίαις</span> <span class='ocrx_word' id='word_1_392' title='bbox 1288 698 1332 724; x_wconf 75' lang='grc' dir='ltr'>ἀεὶ</span> <span class='ocrx_word' id='word_1_393' title='bbox 1344 698 1488 733; x_wconf 76' lang='grc' dir='ltr'>χαίρουσιν</span> <span class='ocrx_word' id='word_1_394' title='bbox 1505 706 1511 714; x_wconf 83' lang='grc'><em>”</em></span> <span class='ocrx_word' id='word_1_395' title='bbox 1527 695 1566 726; x_wconf 83' lang='grc' dir='ltr'>ὧν</span> <span class='ocrx_word' id='word_1_396' title='bbox 1582 699 1606 725; x_wconf 78' lang='lat' dir='ltr'><strong>ei</strong></span> <span class='ocrx_word' id='word_1_397' title='bbox 1620 699 1742 726; x_wconf 85' lang='grc' dir='ltr'>πλεῖστοι</span> <span class='ocrx_word' id='word_1_398' title='bbox 1757 699 1812 725; x_wconf 81' lang='grc' dir='ltr'><strong>τῶν</strong></span> <span class='ocrx_word' id='word_1_399' title='bbox 1827 699 1883 725; x_wconf 80' lang='grc' dir='ltr'><strong>ἀπὸ</strong></span> 
     </span>
    </p>
   </div>
   <div class='ocr_carea' id='block_1_57' title="bbox 1087 744 1882 781">
    <p class='ocr_par' dir='ltr' id='par_1_57' title="bbox 1087 744 1882 781">
     <span class='ocr_line' id='line_1_57' title="bbox 1087 744 1882 781; baseline 0.001 -10"><span class='ocrx_word' id='word_1_400' title='bbox 1087 744 1234 781; x_wconf 81' lang='grc' dir='ltr'>στρατείας</span> <span class='ocrx_word' id='word_1_401' title='bbox 1264 744 1457 779; x_wconf 81' lang='grc' dir='ltr'>τυγχάνουσιν,</span> <span class='ocrx_word' id='word_1_402' title='bbox 1483 744 1528 771; x_wconf 77' lang='grc' dir='ltr'><strong>ἐπ’</strong></span> <span class='ocrx_word' id='word_1_403' title='bbox 1553 746 1656 778; x_wconf 84' lang='grc' dir='ltr'>αίτίαις</span> <span class='ocrx_word' id='word_1_404' title='bbox 1690 746 1882 780; x_wconf 71' lang='grc' dir='ltr'>φαυλοτάταις</span> 
     </span>
    </p>
   </div>
   <div class='ocr_carea' id='block_1_58' title="bbox 1087 791 1883 828">
    <p class='ocr_par' dir='ltr' id='par_1_58' title="bbox 1087 791 1883 828">
     <span class='ocr_line' id='line_1_58' title="bbox 1087 791 1883 828; baseline 0 -10"><span class='ocrx_word' id='word_1_405' title='bbox 1087 791 1134 818; x_wconf 77' lang='grc' dir='ltr'>καὶ</span> <span class='ocrx_word' id='word_1_406' title='bbox 1162 791 1406 826; x_wconf 82' lang='grc' dir='ltr'>ἀπηγορευμέναις</span> <span class='ocrx_word' id='word_1_407' title='bbox 1431 791 1647 826; x_wconf 81' lang='grc' dir='ltr'>πεφωραμένοι·</span> <span class='ocrx_word' id='word_1_408' title='bbox 1675 792 1692 828; x_wconf 85' lang='grc' dir='ltr'><strong>ἢ</strong></span> <span class='ocrx_word' id='word_1_409' title='bbox 1716 792 1754 823; x_wconf 86' lang='grc' dir='ltr'>ὼς</span> <span class='ocrx_word' id='word_1_410' title='bbox 1784 791 1883 827; x_wconf 76' lang='grc' dir='ltr'>ἔξωροι</span> 
     </span>
    </p>
   </div>
   <div class='ocr_carea' id='block_1_59' title="bbox 1087 836 1884 872">
    <p class='ocr_par' dir='ltr' id='par_1_59' title="bbox 1087 836 1884 872">
     <span class='ocr_line' id='line_1_59' title="bbox 1087 836 1884 872; baseline 0.001 -8"><span class='ocrx_word' id='word_1_411' title='bbox 1087 837 1136 864; x_wconf 83' lang='grc' dir='ltr'>καὶ</span> <span class='ocrx_word' id='word_1_412' title='bbox 1151 837 1309 872; x_wconf 83' lang='grc' dir='ltr'>ὑπέρακμοι</span> <span class='ocrx_word' id='word_1_413' title='bbox 1324 836 1478 864; x_wconf 80' lang='grc' dir='ltr'>ὁπλιτεύειν</span> <span class='ocrx_word' id='word_1_414' title='bbox 1491 838 1521 864; x_wconf 87' lang='grc' dir='ltr'>οὺ</span> <span class='ocrx_word' id='word_1_415' title='bbox 1550 837 1703 870; x_wconf 82' lang='grc' dir='ltr'>σθένοντες,</span> <span class='ocrx_word' id='word_1_416' title='bbox 1723 839 1779 864; x_wconf 84' lang='grc' dir='ltr'><strong>τῶν</strong></span> <span class='ocrx_word' id='word_1_417' title='bbox 1794 847 1884 865; x_wconf 84' lang='grc' dir='ltr'>κατα-</span> 
     </span>
    </p>
   </div>
   <div class='ocr_carea' id='block_1_60' title="bbox 1089 883 1883 919">
    <p class='ocr_par' dir='ltr' id='par_1_60' title="bbox 1089 883 1883 919">
     <span class='ocr_line' id='line_1_60' title="bbox 1089 883 1883 919; baseline 0.001 -9"><span class='ocrx_word' id='word_1_418' title='bbox 1089 883 1176 918; x_wconf 86' lang='grc' dir='ltr'>λόγων</span> <span class='ocrx_word' id='word_1_419' title='bbox 1205 883 1366 919; x_wconf 71' lang='grc' dir='ltr'>ἐξώσθησαν</span> <span class='ocrx_word' id='word_1_420' title='bbox 1393 883 1447 910; x_wconf 83' lang='grc' dir='ltr'><strong>τῶν</strong></span> <span class='ocrx_word' id='word_1_421' title='bbox 1471 884 1690 919; x_wconf 82' lang='grc' dir='ltr'>στρατιωτικῶν,</span> <span class='ocrx_word' id='word_1_422' title='bbox 1718 884 1774 912; x_wconf 86' lang='grc' dir='ltr'><strong>τῶν</strong></span> <span class='ocrx_word' id='word_1_423' title='bbox 1790 884 1883 911; x_wconf 78' lang='grc' dir='ltr'>ὃπλων</span> 
     </span>
    </p>
   </div>
   <div class='ocr_carea' id='block_1_61' title="bbox 1087 931 1329 966">
    <p class='ocr_par' dir='ltr' id='par_1_61' title="bbox 1087 931 1329 966">
     <span class='ocr_line' id='line_1_61' title="bbox 1087 931 1329 966; baseline -0.004 -8"><span class='ocrx_word' id='word_1_424' title='bbox 1087 931 1235 958; x_wconf 75' lang='grc' dir='ltr'>ἀποπεπαυ</span> <span class='ocrx_word' id='word_1_425' title='bbox 1242 931 1329 966; x_wconf 77' lang='grc' dir='ltr'>μένοι.</span> 
     </span>
    </p>
   </div>
   <div class='ocr_carea' id='block_1_62' title="bbox 1124 977 1885 1013">
    <p class='ocr_par' dir='ltr' id='par_1_62' title="bbox 1124 977 1885 1013">
     <span class='ocr_line' id='line_1_62' title="bbox 1124 977 1885 1013; baseline 0.001 -9"><span class='ocrx_word' id='word_1_426' title='bbox 1124 977 1174 1012; x_wconf 80' lang='grc' dir='ltr'><strong>ξγ’.</strong></span> <span class='ocrx_word' id='word_1_427' title='bbox 1198 977 1308 1013; x_wconf 81' lang='grc' dir='ltr'>Ἐπειδὴ</span> <span class='ocrx_word' id='word_1_428' title='bbox 1330 977 1359 1004; x_wconf 74' lang='grc' dir='ltr'>δὲ</span> <span class='ocrx_word' id='word_1_429' title='bbox 1373 977 1422 1004; x_wconf 76' lang='grc' dir='ltr'>καὶ</span> <span class='ocrx_word' id='word_1_430' title='bbox 1437 977 1509 1012; x_wconf 77' lang='grc' dir='ltr'>λόγῳ</span> <span class='ocrx_word' id='word_1_431' title='bbox 1538 977 1586 1004; x_wconf 71' lang='grc' dir='ltr'><strong>καὶ</strong></span> <span class='ocrx_word' id='word_1_432' title='bbox 1602 977 1701 1013; x_wconf 80' lang='grc' dir='ltr'>πράξει</span> <span class='ocrx_word' id='word_1_433' title='bbox 1722 977 1885 1013; x_wconf 86' lang='grc' dir='ltr'>κατεφθαρ-</span> 
     </span>
    </p>
   </div>
   <div class='ocr_carea' id='block_1_63' title="bbox 1088 1023 1883 1060">
    <p class='ocr_par' dir='ltr' id='par_1_63' title="bbox 1088 1023 1883 1060">
     <span class='ocr_line' id='line_1_63' title="bbox 1088 1023 1883 1060; baseline -0.001 -9"><span class='ocrx_word' id='word_1_434' title='bbox 1088 1024 1164 1060; x_wconf 79' lang='grc' dir='ltr'>μένοι</span> <span class='ocrx_word' id='word_1_435' title='bbox 1181 1024 1346 1059; x_wconf 78' lang='grc' dir='ltr'>ὑπάρχουσι,</span> <span class='ocrx_word' id='word_1_436' title='bbox 1371 1025 1427 1055; x_wconf 80' lang='grc' dir='ltr'>τοῖς</span> <span class='ocrx_word' id='word_1_437' title='bbox 1446 1023 1566 1058; x_wconf 81' lang='grc' dir='ltr'>παροῦσι</span> <span class='ocrx_word' id='word_1_438' title='bbox 1584 1024 1665 1059; x_wconf 84' lang='grc' dir='ltr'>μόνον</span> <span class='ocrx_word' id='word_1_439' title='bbox 1686 1025 1831 1059; x_wconf 75' lang='grc' dir='ltr'>κεχήνασι,</span> <span class='ocrx_word' id='word_1_440' title='bbox 1847 1026 1883 1060; x_wconf 76' lang='grc' dir='ltr'><strong>τῇ</strong></span> 
     </span>
    </p>
   </div>
   <div class='ocr_carea' id='block_1_64' title="bbox 1089 1070 1882 1106">
    <p class='ocr_par' dir='ltr' id='par_1_64' title="bbox 1089 1070 1882 1106">
     <span class='ocr_line' id='line_1_64' title="bbox 1089 1070 1882 1106; baseline 0 -8"><span class='ocrx_word' id='word_1_441' title='bbox 1089 1071 1173 1106; x_wconf 77' lang='grc' dir='ltr'>σαρκὶ</span> <span class='ocrx_word' id='word_1_442' title='bbox 1200 1071 1394 1106; x_wconf 84' lang='grc' dir='ltr'>προσθέμενοι,</span> <span class='ocrx_word' id='word_1_443' title='bbox 1423 1070 1472 1097; x_wconf 72' lang='grc' dir='ltr'>καὶ</span> <span class='ocrx_word' id='word_1_444' title='bbox 1499 1072 1532 1106; x_wconf 83' lang='grc' dir='ltr'><strong>τῇ</strong></span> <span class='ocrx_word' id='word_1_445' title='bbox 1557 1071 1659 1106; x_wconf 72' lang='grc' dir='ltr'>γαστρὶ</span> <span class='ocrx_word' id='word_1_446' title='bbox 1683 1070 1882 1106; x_wconf 78' lang='grc' dir='ltr'>ἐξανδραποδι-</span> 
     </span>
    </p>
   </div>
   <div class='ocr_carea' id='block_1_65' title="bbox 1088 1115 1883 1153">
    <p class='ocr_par' dir='ltr' id='par_1_65' title="bbox 1088 1115 1883 1153">
     <span class='ocr_line' id='line_1_65' title="bbox 1088 1115 1883 1153; baseline -0.003 -9"><span class='ocrx_word' id='word_1_447' title='bbox 1088 1117 1214 1153; x_wconf 78' lang='grc' dir='ltr'>ζόμενοι,</span> <span class='ocrx_word' id='word_1_448' title='bbox 1243 1117 1290 1144; x_wconf 73' lang='grc' dir='ltr'>καὶ</span> <span class='ocrx_word' id='word_1_449' title='bbox 1322 1116 1383 1148; x_wconf 83' lang='grc' dir='ltr'>θεὸς</span> <span class='ocrx_word' id='word_1_450' title='bbox 1409 1116 1501 1148; x_wconf 81' lang='grc' dir='ltr'>αὐτοῖς</span> <span class='ocrx_word' id='word_1_451' title='bbox 1535 1117 1551 1152; x_wconf 87' lang='grc' dir='ltr'>ὴ</span> <span class='ocrx_word' id='word_1_452' title='bbox 1588 1116 1692 1149; x_wconf 77' lang='grc' dir='ltr'>κοιλία,</span> <span class='ocrx_word' id='word_1_453' title='bbox 1713 1117 1761 1143; x_wconf 71' lang='grc' dir='ltr'>καὶ</span> <span class='ocrx_word' id='word_1_454' title='bbox 1792 1115 1883 1142; x_wconf 78' lang='grc' dir='ltr'>ταῦτα</span> 
     </span>
    </p>
   </div>
   <div class='ocr_carea' id='block_1_66' title="bbox 1088 1162 1885 1199">
    <p class='ocr_par' dir='ltr' id='par_1_66' title="bbox 1088 1162 1885 1199">
     <span class='ocr_line' id='line_1_66' title="bbox 1088 1162 1885 1199; baseline -0.004 -9"><span class='ocrx_word' id='word_1_455' title='bbox 1088 1163 1121 1199; x_wconf 81' lang='grc' dir='ltr'>δὴ</span> <span class='ocrx_word' id='word_1_456' title='bbox 1154 1163 1190 1190; x_wconf 79' lang='grc' dir='ltr'><strong>τὰ</strong></span> <span class='ocrx_word' id='word_1_457' title='bbox 1223 1162 1394 1198; x_wconf 85' lang='grc' dir='ltr'>περικόσμια</span> <span class='ocrx_word' id='word_1_458' title='bbox 1434 1162 1482 1189; x_wconf 82' lang='grc' dir='ltr'>καὶ</span> <span class='ocrx_word' id='word_1_459' title='bbox 1516 1163 1567 1189; x_wconf 81' lang='grc' dir='ltr'>ὅσα</span> <span class='ocrx_word' id='word_1_460' title='bbox 1596 1162 1666 1197; x_wconf 80' lang='grc' dir='ltr'>πρὸς</span> <span class='ocrx_word' id='word_1_461' title='bbox 1693 1162 1793 1197; x_wconf 70' lang='grc' dir='ltr'>λαιμὸν</span> <span class='ocrx_word' id='word_1_462' title='bbox 1834 1162 1885 1188; x_wconf 77' lang='grc' dir='ltr'>καὶ</span> 
     </span>
    </p>
   </div>
   <div class='ocr_carea' id='block_1_67' title="bbox 1089 1207 1883 1245">
    <p class='ocr_par' dir='ltr' id='par_1_67' title="bbox 1089 1207 1883 1245">
     <span class='ocr_line' id='line_1_67' title="bbox 1089 1207 1883 1245; baseline -0.003 -9"><span class='ocrx_word' id='word_1_463' title='bbox 1089 1210 1211 1245; x_wconf 80' lang='grc' dir='ltr'>γαστέρα</span> <span class='ocrx_word' id='word_1_464' title='bbox 1234 1211 1333 1245; x_wconf 84' lang='grc' dir='ltr'>χωρεῖ,</span> <span class='ocrx_word' id='word_1_465' title='bbox 1366 1209 1541 1244; x_wconf 74' lang='grc' dir='ltr'>εὐδαιμονίαν</span> <span class='ocrx_word' id='word_1_466' title='bbox 1574 1207 1644 1235; x_wconf 77' lang='grc' dir='ltr'>εἶναι</span> <span class='ocrx_word' id='word_1_467' title='bbox 1671 1209 1721 1243; x_wconf 83' lang='grc' dir='ltr'>τὴν</span> <span class='ocrx_word' id='word_1_468' title='bbox 1746 1208 1883 1235; x_wconf 70' lang='grc' dir='ltr'>ἀνωτάτω</span> 
     </span>
    </p>
   </div>
   <div class='ocr_carea' id='block_1_68' title="bbox 1092 1253 1885 1292">
    <p class='ocr_par' dir='ltr' id='par_1_68' title="bbox 1092 1253 1885 1292">
     <span class='ocr_line' id='line_1_68' title="bbox 1092 1253 1885 1292; baseline -0.001 -10"><span class='ocrx_word' id='word_1_469' title='bbox 1092 1255 1262 1292; x_wconf 81' lang='grc' dir='ltr'>μετροῦσιν·</span> <span class='ocrx_word' id='word_1_470' title='bbox 1286 1254 1331 1282; x_wconf 78' lang='grc' dir='ltr'><strong>ἐπ’</strong></span> <span class='ocrx_word' id='word_1_471' title='bbox 1360 1254 1448 1282; x_wconf 72' lang='grc' dir='ltr'>οὐδενὶ</span> <span class='ocrx_word' id='word_1_472' title='bbox 1477 1254 1506 1281; x_wconf 85' lang='grc' dir='ltr'>δὲ</span> <span class='ocrx_word' id='word_1_473' title='bbox 1532 1254 1670 1290; x_wconf 79' lang='grc' dir='ltr'>κρείττονι</span> <span class='ocrx_word' id='word_1_474' title='bbox 1696 1255 1745 1286; x_wconf 78' lang='grc' dir='ltr'><strong>τὰς</strong></span> <span class='ocrx_word' id='word_1_475' title='bbox 1771 1253 1885 1285; x_wconf 73' lang='grc' dir='ltr'>ἐλπίδας</span> 
     </span>
    </p>
   </div>
   <div class='ocr_carea' id='block_1_69' title="bbox 1090 1299 1885 1337">
    <p class='ocr_par' dir='ltr' id='par_1_69' title="bbox 1090 1299 1885 1337">
     <span class='ocr_line' id='line_1_69' title="bbox 1090 1299 1885 1337; baseline -0.004 -8"><span class='ocrx_word' id='word_1_476' title='bbox 1090 1301 1287 1337; x_wconf 82' lang='grc' dir='ltr'>ἀπερείδουσι,</span> <span class='ocrx_word' id='word_1_477' title='bbox 1330 1301 1397 1337; x_wconf 80' lang='grc' dir='ltr'>πρὸς</span> <span class='ocrx_word' id='word_1_478' title='bbox 1432 1301 1508 1327; x_wconf 65' lang='grc' dir='ltr'>οῦδὲν</span> <span class='ocrx_word' id='word_1_479' title='bbox 1543 1301 1599 1328; x_wconf 89' lang='grc' dir='ltr'>τῶν</span> <span class='ocrx_word' id='word_1_480' title='bbox 1640 1300 1818 1335; x_wconf 77' lang='grc' dir='ltr'>ὑψηλοτέρων</span> <span class='ocrx_word' id='word_1_481' title='bbox 1867 1299 1885 1334; x_wconf 80' lang='grc' dir='ltr'>ἢ</span> 
     </span>
    </p>
   </div>
   <div class='ocr_carea' id='block_1_70' title="bbox 1090 1346 1886 1382">
    <p class='ocr_par' dir='ltr' id='par_1_70' title="bbox 1090 1346 1886 1382">
     <span class='ocr_line' id='line_1_70' title="bbox 1090 1346 1886 1382; baseline -0.003 -7"><span class='ocrx_word' id='word_1_482' title='bbox 1090 1347 1321 1382; x_wconf 82' lang='grc' dir='ltr'>λυσιτελεστέρων</span> <span class='ocrx_word' id='word_1_483' title='bbox 1370 1346 1542 1382; x_wconf 78' lang='grc' dir='ltr'>βλέποντες·</span> <span class='ocrx_word' id='word_1_484' title='bbox 1585 1346 1713 1374; x_wconf 84' lang='grc' dir='ltr'>πένονται</span> <span class='ocrx_word' id='word_1_485' title='bbox 1742 1346 1770 1373; x_wconf 86' lang='grc' dir='ltr'>δὲ</span> <span class='ocrx_word' id='word_1_486' title='bbox 1800 1346 1886 1378; x_wconf 80' lang='grc' dir='ltr'>θείοις</span> 
     </span>
    </p>
   </div>
   <div class='ocr_carea' id='block_1_71' title="bbox 1091 1391 1887 1430">
    <p class='ocr_par' dir='ltr' id='par_1_71' title="bbox 1091 1391 1887 1430">
     <span class='ocr_line' id='line_1_71' title="bbox 1091 1391 1887 1430; baseline -0.004 -9"><span class='ocrx_word' id='word_1_487' title='bbox 1091 1394 1222 1430; x_wconf 79' lang='grc' dir='ltr'>κρίμασι,</span> <span class='ocrx_word' id='word_1_488' title='bbox 1237 1394 1285 1420; x_wconf 82' lang='grc' dir='ltr'>καὶ</span> <span class='ocrx_word' id='word_1_489' title='bbox 1302 1392 1406 1428; x_wconf 77' lang='grc' dir='ltr'>ἀπορίᾳ</span> <span class='ocrx_word' id='word_1_490' title='bbox 1419 1392 1505 1428; x_wconf 83' lang='grc' dir='ltr'>πολλῇ</span> <span class='ocrx_word' id='word_1_491' title='bbox 1534 1393 1684 1426; x_wconf 77' lang='grc' dir='ltr'>πιέζονται,</span> <span class='ocrx_word' id='word_1_492' title='bbox 1698 1392 1818 1427; x_wconf 80' lang='grc' dir='ltr'>μάλιστα</span> <span class='ocrx_word' id='word_1_493' title='bbox 1829 1391 1887 1418; x_wconf 84' lang='grc' dir='ltr'><strong>τῶν</strong></span> 
     </span>
    </p>
   </div>
   <div class='ocr_carea' id='block_1_72' title="bbox 1093 1434 1888 1475">
    <p class='ocr_par' dir='ltr' id='par_1_72' title="bbox 1093 1434 1888 1475">
     <span class='ocr_line' id='line_1_72' title="bbox 1093 1434 1888 1475; baseline -0.001 -10"><span class='ocrx_word' id='word_1_494' title='bbox 1093 1438 1240 1475; x_wconf 76' lang='grc' dir='ltr'>βασιλικῶν</span> <span class='ocrx_word' id='word_1_495' title='bbox 1254 1439 1418 1473; x_wconf 86' lang='grc' dir='ltr'>σιτηρεσίων</span> <span class='ocrx_word' id='word_1_496' title='bbox 1435 1438 1529 1469; x_wconf 81' lang='grc' dir='ltr'>αὐτοῖς</span> <span class='ocrx_word' id='word_1_497' title='bbox 1545 1437 1769 1468; x_wconf 73' lang='grc' dir='ltr'>ἐπιλελοιπότων,</span> <span class='ocrx_word' id='word_1_498' title='bbox 1787 1437 1835 1472; x_wconf 77' lang='grc' dir='ltr'>ἀφ’</span> <span class='ocrx_word' id='word_1_499' title='bbox 1849 1434 1888 1464; x_wconf 82' lang='grc' dir='ltr'>ὦν</span> 
     </span>
    </p>
   </div>
   <div class='ocr_carea' id='block_1_73' title="bbox 1093 1484 1886 1520">
    <p class='ocr_par' dir='ltr' id='par_1_73' title="bbox 1093 1484 1886 1520">
     <span class='ocr_line' id='line_1_73' title="bbox 1093 1484 1886 1520; baseline -0.004 -8"><span class='ocrx_word' id='word_1_500' title='bbox 1093 1486 1129 1512; x_wconf 87' lang='grc' dir='ltr'><strong>τά</strong></span> <span class='ocrx_word' id='word_1_501' title='bbox 1143 1485 1210 1520; x_wconf 70' lang='grc' dir='ltr'>πρὸ,</span> <span class='ocrx_word' id='word_1_502' title='bbox 1223 1485 1254 1511; x_wconf 83' lang='grc' dir='ltr'>τὸ</span> <span class='ocrx_word' id='word_1_503' title='bbox 1263 1484 1312 1519; x_wconf 77' lang='grc' dir='ltr'>ζῇν</span> <span class='ocrx_word' id='word_1_504' title='bbox 1328 1485 1398 1519; x_wconf 86' lang='grc' dir='ltr'><strong>μετά</strong></span> <span class='ocrx_word' id='word_1_505' title='bbox 1409 1484 1464 1510; x_wconf 92' lang='grc' dir='ltr'><strong>τῶν</strong></span> <span class='ocrx_word' id='word_1_506' title='bbox 1476 1484 1568 1510; x_wconf 81' lang='grc' dir='ltr'>ὅπλων</span> <span class='ocrx_word' id='word_1_507' title='bbox 1581 1484 1674 1515; x_wconf 75' lang='grc' dir='ltr'>αὐτοῖς</span> <span class='ocrx_word' id='word_1_508' title='bbox 1691 1484 1886 1518; x_wconf 81' lang='grc' dir='ltr'>περιεγίνετο’</span> 
     </span>
    </p>
   </div>
   <div class='ocr_carea' id='block_1_74' title="bbox 1094 1529 1888 1566">
    <p class='ocr_par' dir='ltr' id='par_1_74' title="bbox 1094 1529 1888 1566">
     <span class='ocr_line' id='line_1_74' title="bbox 1094 1529 1888 1566; baseline -0.004 -8"><span class='ocrx_word' id='word_1_509' title='bbox 1094 1532 1206 1566; x_wconf 83' lang='grc' dir='ltr'>μέτροις</span> <span class='ocrx_word' id='word_1_510' title='bbox 1221 1529 1288 1564; x_wconf 80' lang='grc' dir='ltr'>γοῦν</span> <span class='ocrx_word' id='word_1_511' title='bbox 1301 1529 1349 1556; x_wconf 78' lang='grc' dir='ltr'>καὶ</span> <span class='ocrx_word' id='word_1_512' title='bbox 1368 1529 1500 1565; x_wconf 81' lang='grc' dir='ltr'>σταθμοῖς</span> <span class='ocrx_word' id='word_1_513' title='bbox 1515 1529 1568 1556; x_wconf 87' lang='grc' dir='ltr'><strong>τῶν</strong></span> <span class='ocrx_word' id='word_1_514' title='bbox 1577 1529 1737 1564; x_wconf 73' lang='grc' dir='ltr'>ἀναγκαίων</span> <span class='ocrx_word' id='word_1_515' title='bbox 1750 1529 1800 1556; x_wconf 76' lang='grc' dir='ltr'>καὶ</span> <span class='ocrx_word' id='word_1_516' title='bbox 1818 1529 1888 1556; x_wconf 79' lang='grc' dir='ltr'>ἑδω-</span> 
     </span>
    </p>
   </div>
   <div class='ocr_carea' id='block_1_75' title="bbox 1092 1573 1889 1612">
    <p class='ocr_par' dir='ltr' id='par_1_75' title="bbox 1092 1573 1889 1612">
     <span class='ocr_line' id='line_1_75' title="bbox 1092 1573 1889 1612; baseline -0.003 -8"><span class='ocrx_word' id='word_1_517' title='bbox 1092 1577 1180 1612; x_wconf 82' lang='grc' dir='ltr'>δίμων</span> <span class='ocrx_word' id='word_1_518' title='bbox 1196 1576 1230 1603; x_wconf 76' lang='grc' dir='ltr'>τὰ</span> <span class='ocrx_word' id='word_1_519' title='bbox 1246 1575 1316 1603; x_wconf 74' lang='grc' dir='ltr'>ὤνια</span> <span class='ocrx_word' id='word_1_520' title='bbox 1330 1575 1582 1611; x_wconf 79' lang='grc' dir='ltr'>ἀπαριθμούμενοι,</span> <span class='ocrx_word' id='word_1_521' title='bbox 1608 1575 1658 1612; x_wconf 80' lang='grc' dir='ltr'>τὴν</span> <span class='ocrx_word' id='word_1_522' title='bbox 1683 1573 1774 1602; x_wconf 82' lang='grc' dir='ltr'>αὐτῶν</span> <span class='ocrx_word' id='word_1_523' title='bbox 1791 1575 1889 1602; x_wconf 84' lang='grc' dir='ltr'>πίστιν</span> 
     </span>
    </p>
   </div>
   <div class='ocr_carea' id='block_1_76' title="bbox 1093 1621 1888 1658">
    <p class='ocr_par' dir='ltr' id='par_1_76' title="bbox 1093 1621 1888 1658">
     <span class='ocr_line' id='line_1_76' title="bbox 1093 1621 1888 1658; baseline -0.003 -8"><span class='ocrx_word' id='word_1_524' title='bbox 1093 1624 1140 1650; x_wconf 73' lang='grc' dir='ltr'><strong>ἐπὶ</strong></span> <span class='ocrx_word' id='word_1_525' title='bbox 1157 1623 1190 1658; x_wconf 86' lang='grc' dir='ltr'>τῇ</span> <span class='ocrx_word' id='word_1_526' title='bbox 1205 1622 1254 1657; x_wconf 83' lang='grc' dir='ltr'>τῆς</span> <span class='ocrx_word' id='word_1_527' title='bbox 1266 1621 1386 1658; x_wconf 79' lang='grc' dir='ltr'>γαστρὸς</span> <span class='ocrx_word' id='word_1_528' title='bbox 1400 1621 1535 1657; x_wconf 75' lang='grc' dir='ltr'>θεραπείᾳ</span> <span class='ocrx_word' id='word_1_529' title='bbox 1551 1621 1740 1656; x_wconf 81' lang='grc' dir='ltr'>ὲπικρίνουσιν</span> <span class='ocrx_word' id='word_1_530' title='bbox 1753 1622 1778 1648; x_wconf 82' lang='grc' dir='ltr'>οἱ</span> <span class='ocrx_word' id='word_1_531' title='bbox 1797 1621 1888 1656; x_wconf 60' lang='grc' dir='ltr'>ἄφρον</span> 
     </span>
    </p>
   </div>
   <div class='ocr_carea' id='block_1_77' title="bbox 1093 1667 1890 1704">
    <p class='ocr_par' dir='ltr' id='par_1_77' title="bbox 1093 1667 1890 1704">
     <span class='ocr_line' id='line_1_77' title="bbox 1093 1667 1890 1704; baseline -0.003 -8"><span class='ocrx_word' id='word_1_532' title='bbox 1093 1676 1157 1701; x_wconf 88' lang='grc' dir='ltr'>νες·</span> <span class='ocrx_word' id='word_1_533' title='bbox 1187 1668 1317 1704; x_wconf 81' lang='grc' dir='ltr'>ἁδρότητι</span> <span class='ocrx_word' id='word_1_534' title='bbox 1351 1667 1507 1703; x_wconf 82' lang='grc' dir='ltr'>βρωμάτων</span> <span class='ocrx_word' id='word_1_535' title='bbox 1541 1669 1559 1703; x_wconf 83' lang='grc' dir='ltr'>ἢ</span> <span class='ocrx_word' id='word_1_536' title='bbox 1591 1667 1718 1703; x_wconf 80' lang='grc' dir='ltr'>ὀρθότητι</span> <span class='ocrx_word' id='word_1_537' title='bbox 1740 1668 1890 1703; x_wconf 76' lang='grc' dir='ltr'>δογμάτων</span> 
     </span>
    </p>
   </div>
   <div class='ocr_carea' id='block_1_78' title="bbox 1092 1714 1890 1750">
    <p class='ocr_par' dir='ltr' id='par_1_78' title="bbox 1092 1714 1890 1750">
     <span class='ocr_line' id='line_1_78' title="bbox 1092 1714 1890 1750; baseline -0.001 -8"><span class='ocrx_word' id='word_1_538' title='bbox 1092 1715 1195 1750; x_wconf 74' lang='grc' dir='ltr'>ταύτην</span> <span class='ocrx_word' id='word_1_539' title='bbox 1209 1714 1421 1747; x_wconf 81' lang='grc' dir='ltr'>ταλαντεύοντες</span> <span class='ocrx_word' id='word_1_540' title='bbox 1432 1722 1438 1729; x_wconf 89' lang='grc'>·</span> <span class='ocrx_word' id='word_1_541' title='bbox 1457 1715 1619 1750; x_wconf 77' lang='grc' dir='ltr'>στέργοντες</span> <span class='ocrx_word' id='word_1_542' title='bbox 1647 1715 1696 1749; x_wconf 75' lang='grc' dir='ltr'>μὲν</span> <span class='ocrx_word' id='word_1_543' title='bbox 1713 1715 1817 1741; x_wconf 77' lang='grc' dir='ltr'>ὁπόταν</span> <span class='ocrx_word' id='word_1_544' title='bbox 1832 1715 1890 1741; x_wconf 77' lang='grc' dir='ltr'><strong>τῶν</strong></span> 
     </span>
    </p>
   </div>
   <div class='ocr_carea' id='block_1_79' title="bbox 1093 1759 1889 1796">
    <p class='ocr_par' dir='ltr' id='par_1_79' title="bbox 1093 1759 1889 1796">
     <span class='ocr_line' id='line_1_79' title="bbox 1093 1759 1889 1796; baseline -0.001 -8"><span class='ocrx_word' id='word_1_545' title='bbox 1093 1761 1251 1795; x_wconf 72' lang='grc' dir='ltr'>ἀναγκαίων</span> <span class='ocrx_word' id='word_1_546' title='bbox 1277 1760 1324 1788; x_wconf 74' lang='grc' dir='ltr'>καὶ</span> <span class='ocrx_word' id='word_1_547' title='bbox 1354 1760 1409 1787; x_wconf 89' lang='grc' dir='ltr'><strong>τῶν</strong></span> <span class='ocrx_word' id='word_1_548' title='bbox 1432 1761 1494 1788; x_wconf 83' lang='grc' dir='ltr'>καθ’</span> <span class='ocrx_word' id='word_1_549' title='bbox 1523 1760 1621 1796; x_wconf 80' lang='grc' dir='ltr'>ἡδονὴν</span> <span class='ocrx_word' id='word_1_550' title='bbox 1653 1759 1707 1787; x_wconf 84' lang='grc' dir='ltr'>εἷεν</span> <span class='ocrx_word' id='word_1_551' title='bbox 1736 1761 1889 1796; x_wconf 75' lang='grc' dir='ltr'>διακορεῖς,</span> 
     </span>
    </p>
   </div>
   <div class='ocr_carea' id='block_1_80' title="bbox 1094 1806 1891 1842">
    <p class='ocr_par' dir='ltr' id='par_1_80' title="bbox 1094 1806 1891 1842">
     <span class='ocr_line' id='line_1_80' title="bbox 1094 1806 1891 1842; baseline 0 -9"><span class='ocrx_word' id='word_1_552' title='bbox 1094 1806 1300 1842; x_wconf 77' lang='grc' dir='ltr'>σχετλιάζοντες</span> <span class='ocrx_word' id='word_1_553' title='bbox 1333 1807 1362 1834; x_wconf 84' lang='grc' dir='ltr'>δὲ</span> <span class='ocrx_word' id='word_1_554' title='bbox 1387 1807 1435 1833; x_wconf 80' lang='grc' dir='ltr'><strong>καὶ</strong></span> <span class='ocrx_word' id='word_1_555' title='bbox 1465 1807 1516 1842; x_wconf 86' lang='grc' dir='ltr'>τὴν</span> <span class='ocrx_word' id='word_1_556' title='bbox 1545 1806 1608 1833; x_wconf 90' lang='grc' dir='ltr'>καθ’</span> <span class='ocrx_word' id='word_1_557' title='bbox 1635 1807 1710 1842; x_wconf 77' lang='grc' dir='ltr'>ἡμᾶς</span> <span class='ocrx_word' id='word_1_558' title='bbox 1743 1807 1891 1834; x_wconf 73' lang='grc' dir='ltr'>εὑσέὃειαν</span> 
     </span>
    </p>
   </div>
   <div class='ocr_carea' id='block_1_81' title="bbox 1094 1852 1889 1888">
    <p class='ocr_par' dir='ltr' id='par_1_81' title="bbox 1094 1852 1889 1888">
     <span class='ocr_line' id='line_1_81' title="bbox 1094 1852 1889 1888; baseline -0.001 -8"><span class='ocrx_word' id='word_1_559' title='bbox 1094 1853 1318 1888; x_wconf 79' lang='grc' dir='ltr'>καταιτιώμενοι,</span> <span class='ocrx_word' id='word_1_560' title='bbox 1333 1853 1416 1888; x_wconf 84' lang='grc' dir='ltr'>ἡνίκα</span> <span class='ocrx_word' id='word_1_561' title='bbox 1431 1853 1464 1880; x_wconf 82' lang='grc' dir='ltr'>ἄν</span> <span class='ocrx_word' id='word_1_562' title='bbox 1480 1861 1505 1879; x_wconf 90' lang='grc' dir='ltr'><strong>τι</strong></span> <span class='ocrx_word' id='word_1_563' title='bbox 1529 1852 1633 1880; x_wconf 82' lang='grc' dir='ltr'>τούτων</span> <span class='ocrx_word' id='word_1_564' title='bbox 1648 1854 1871 1888; x_wconf 67' lang='grc' dir='ltr'>ἀπολιμπάνοιτο</span> <span class='ocrx_word' id='word_1_565' title='bbox 1881 1861 1889 1867; x_wconf 92' lang='grc'><strong>·</strong></span> 
     </span>
    </p>
   </div>
   <div class='ocr_carea' id='block_1_82' title="bbox 1094 1897 1890 1934">
    <p class='ocr_par' dir='ltr' id='par_1_82' title="bbox 1094 1897 1890 1934">
     <span class='ocr_line' id='line_1_82' title="bbox 1094 1897 1890 1934; baseline -0.001 -9"><span class='ocrx_word' id='word_1_566' title='bbox 1094 1897 1285 1933; x_wconf 80' lang='grc' dir='ltr'>ὁμογνώμονες</span> <span class='ocrx_word' id='word_1_567' title='bbox 1301 1898 1356 1933; x_wconf 78' lang='grc' dir='ltr'>γὰρ</span> <span class='ocrx_word' id='word_1_568' title='bbox 1372 1899 1419 1924; x_wconf 74' lang='grc' dir='ltr'>καὶ</span> <span class='ocrx_word' id='word_1_569' title='bbox 1433 1897 1592 1933; x_wconf 85' lang='grc' dir='ltr'>ὁμότροποι,</span> <span class='ocrx_word' id='word_1_570' title='bbox 1609 1898 1687 1924; x_wconf 83' lang='grc' dir='ltr'>αὐτοί</span> <span class='ocrx_word' id='word_1_571' title='bbox 1703 1906 1733 1924; x_wconf 87' lang='grc' dir='ltr'><strong>τε</strong></span> <span class='ocrx_word' id='word_1_572' title='bbox 1751 1899 1798 1924; x_wconf 76' lang='grc' dir='ltr'>καὶ</span> <span class='ocrx_word' id='word_1_573' title='bbox 1812 1900 1837 1924; x_wconf 80' lang='grc' dir='ltr'>οἱ</span> <span class='ocrx_word' id='word_1_574' title='bbox 1855 1899 1890 1934; x_wconf 77' lang='grc' dir='ltr'>τῇ</span> 
     </span>
    </p>
   </div>
   <div class='ocr_carea' id='block_1_83' title="bbox 1097 1943 1888 1979">
    <p class='ocr_par' dir='ltr' id='par_1_83' title="bbox 1097 1943 1888 1979">
     <span class='ocr_line' id='line_1_83' title="bbox 1097 1943 1888 1979; baseline -0.001 -8"><span class='ocrx_word' id='word_1_575' title='bbox 1097 1945 1140 1979; x_wconf 80' lang='grc' dir='ltr'><strong>[σῃ</strong></span> <span class='ocrx_word' id='word_1_576' title='bbox 1155 1943 1270 1979; x_wconf 77' lang='grc' dir='ltr'>ἀπιστίᾳ</span> <span class='ocrx_word' id='word_1_577' title='bbox 1283 1943 1561 1978; x_wconf 81' lang='grc' dir='ltr'>κεκρατημένοι,τοῖς</span> <span class='ocrx_word' id='word_1_578' title='bbox 1583 1952 1650 1970; x_wconf 81' lang='grc' dir='ltr'>ποτε</span> <span class='ocrx_word' id='word_1_579' title='bbox 1662 1943 1714 1978; x_wconf 80' lang='grc' dir='ltr'>τῆς</span> <span class='ocrx_word' id='word_1_580' title='bbox 1730 1945 1888 1977; x_wconf 79' lang='grc' dir='ltr'>Αἰγυπτια-</span> 
     </span>
    </p>
   </div>
   <div class='ocr_carea' id='block_1_84' title="bbox 1096 1988 1893 2025">
    <p class='ocr_par' dir='ltr' id='par_1_84' title="bbox 1096 1988 1893 2025">
     <span class='ocr_line' id='line_1_84' title="bbox 1096 1988 1893 2025; baseline -0.001 -8"><span class='ocrx_word' id='word_1_581' title='bbox 1096 1991 1148 2025; x_wconf 77' lang='grc' dir='ltr'>κῆς</span> <span class='ocrx_word' id='word_1_582' title='bbox 1167 1990 1307 2016; x_wconf 85' lang='grc' dir='ltr'>ἀποπτᾶσι</span> <span class='ocrx_word' id='word_1_583' title='bbox 1322 1989 1446 2021; x_wconf 83' lang='grc' dir='ltr'>δουλείας</span> <span class='ocrx_word' id='word_1_584' title='bbox 1466 1988 1657 2024; x_wconf 78' lang='grc' dir='ltr'>γνωρίζονται,</span> <span class='ocrx_word' id='word_1_585' title='bbox 1691 1990 1846 2025; x_wconf 81' lang='grc' dir='ltr'>ὲφάμιλλόν</span> <span class='ocrx_word' id='word_1_586' title='bbox 1861 1999 1893 2016; x_wconf 80' lang='grc' dir='ltr'><strong>τε</strong></span> 
     </span>
    </p>
   </div>
   <div class='ocr_carea' id='block_1_85' title="bbox 1097 2035 1894 2070">
    <p class='ocr_par' dir='ltr' id='par_1_85' title="bbox 1097 2035 1894 2070">
     <span class='ocr_line' id='line_1_85' title="bbox 1097 2035 1894 2070; baseline 0.001 -8"><span class='ocrx_word' id='word_1_587' title='bbox 1097 2036 1188 2066; x_wconf 82' lang='grc' dir='ltr'>αὺτοῖς</span> <span class='ocrx_word' id='word_1_588' title='bbox 1206 2035 1253 2062; x_wconf 74' lang='grc' dir='ltr'>καὶ</span> <span class='ocrx_word' id='word_1_589' title='bbox 1276 2035 1376 2070; x_wconf 77' lang='grc' dir='ltr'>ίσοφυᾶ</span> <span class='ocrx_word' id='word_1_590' title='bbox 1396 2035 1445 2069; x_wconf 86' lang='grc' dir='ltr'>τὴν</span> <span class='ocrx_word' id='word_1_591' title='bbox 1471 2035 1599 2069; x_wconf 85' lang='grc' dir='ltr'>γλῶσσαν</span> <span class='ocrx_word' id='word_1_592' title='bbox 1631 2035 1680 2062; x_wconf 71' lang='grc' dir='ltr'>καὶ</span> <span class='ocrx_word' id='word_1_593' title='bbox 1703 2035 1734 2062; x_wconf 83' lang='grc' dir='ltr'><strong>τὺ</strong></span> <span class='ocrx_word' id='word_1_594' title='bbox 1759 2036 1894 2070; x_wconf 75' lang='grc' dir='ltr'>φρόνημα</span> 
     </span>
    </p>
   </div>
   <div class='ocr_carea' id='block_1_86' title="bbox 1098 2081 1895 2118">
    <p class='ocr_par' dir='ltr' id='par_1_86' title="bbox 1098 2081 1895 2118">
     <span class='ocr_line' id='line_1_86' title="bbox 1098 2081 1895 2118; baseline -0.001 -9"><span class='ocrx_word' id='word_1_595' title='bbox 1098 2082 1262 2118; x_wconf 80' lang='grc' dir='ltr'>κεκτημένοι</span> <span class='ocrx_word' id='word_1_596' title='bbox 1276 2090 1283 2098; x_wconf 77' lang='grc' dir='ltr'><strong>ο</strong></span> <span class='ocrx_word' id='word_1_597' title='bbox 1298 2083 1346 2108; x_wconf 75' lang='grc' dir='ltr'>καὶ</span> <span class='ocrx_word' id='word_1_598' title='bbox 1368 2081 1463 2116; x_wconf 83' lang='grc' dir='ltr'>σαφῶς</span> <span class='ocrx_word' id='word_1_599' title='bbox 1488 2081 1538 2116; x_wconf 75' lang='grc' dir='ltr'>τῆς</span> <span class='ocrx_word' id='word_1_600' title='bbox 1561 2081 1674 2108; x_wconf 78' lang='grc' dir='ltr'>ἐκείνων</span> <span class='ocrx_word' id='word_1_601' title='bbox 1690 2081 1843 2117; x_wconf 80' lang='grc' dir='ltr'>θρησκείας</span> <span class='ocrx_word' id='word_1_602' title='bbox 1859 2083 1895 2108; x_wconf 76' lang='grc' dir='ltr'>τὰ</span> 
     </span>
    </p>
   </div>
   <div class='ocr_carea' id='block_1_87' title="bbox 1097 2127 1894 2164">
    <p class='ocr_par' dir='ltr' id='par_1_87' title="bbox 1097 2127 1894 2164">
     <span class='ocr_line' id='line_1_87' title="bbox 1097 2127 1894 2164; baseline -0.003 -9"><span class='ocrx_word' id='word_1_603' title='bbox 1097 2129 1237 2164; x_wconf 78' lang='grc' dir='ltr'>τεκμήρια</span> <span class='ocrx_word' id='word_1_604' title='bbox 1252 2128 1393 2164; x_wconf 81' lang='grc' dir='ltr'>φέροντες,</span> <span class='ocrx_word' id='word_1_605' title='bbox 1403 2127 1446 2162; x_wconf 77' lang='grc' dir='ltr'><strong>ἐφ’</strong></span> <span class='ocrx_word' id='word_1_606' title='bbox 1460 2127 1576 2162; x_wconf 82' lang='grc' dir='ltr'>ὁμοίοις,</span> <span class='ocrx_word' id='word_1_607' title='bbox 1591 2127 1616 2153; x_wconf 84' lang='grc' dir='ltr'><strong>εί</strong></span> <span class='ocrx_word' id='word_1_608' title='bbox 1626 2136 1677 2154; x_wconf 86' lang='grc' dir='ltr'><strong>που</strong></span> <span class='ocrx_word' id='word_1_609' title='bbox 1691 2127 1894 2162; x_wconf 78' lang='grc' dir='ltr'>συμϐαίη,τοῐς</span> 
     </span>
    </p>
   </div>
   <div class='ocr_carea' id='block_1_88' title="bbox 1098 2173 1895 2209">
    <p class='ocr_par' dir='ltr' id='par_1_88' title="bbox 1098 2173 1895 2209">
     <span class='ocr_line' id='line_1_88' title="bbox 1098 2173 1895 2209; baseline 0 -9"><span class='ocrx_word' id='word_1_610' title='bbox 1098 2175 1256 2209; x_wconf 84' lang='grc' dir='ltr'>ἀτυχήμασι</span> <span class='ocrx_word' id='word_1_611' title='bbox 1279 2173 1480 2208; x_wconf 84' lang='grc' dir='ltr'>χαλεπαίνουσί</span> <span class='ocrx_word' id='word_1_612' title='bbox 1498 2182 1528 2200; x_wconf 89' lang='grc' dir='ltr'><strong>τε</strong></span> <span class='ocrx_word' id='word_1_613' title='bbox 1542 2174 1590 2200; x_wconf 82' lang='grc' dir='ltr'><strong>καὶ</strong></span> <span class='ocrx_word' id='word_1_614' title='bbox 1602 2173 1807 2208; x_wconf 75' lang='grc' dir='ltr'>ὲπαλγύνονται</span> <span class='ocrx_word' id='word_1_615' title='bbox 1822 2182 1829 2188; x_wconf 86' lang='grc'>·</span> <span class='ocrx_word' id='word_1_616' title='bbox 1845 2174 1895 2200; x_wconf 71' lang='grc' dir='ltr'>καὶ</span> 
     </span>
    </p>
   </div>
   <div class='ocr_carea' id='block_1_89' title="bbox 257 2211 1895 2256">
    <p class='ocr_par' dir='ltr' id='par_1_89' title="bbox 257 2211 1895 2256">
     <span class='ocr_line' id='line_1_89' title="bbox 257 2211 1895 2256; baseline 0 -16"><span class='ocrx_word' id='word_1_617' title='bbox 257 2213 352 2240; x_wconf 71' lang='grc' dir='ltr'>ιιι-ιιιετ</span> <span class='ocrx_word' id='word_1_618' title='bbox 369 2212 492 2239; x_wconf 85' lang='lat' dir='ltr'><strong>veritatis</strong></span> <span class='ocrx_word' id='word_1_619' title='bbox 511 2212 680 2246; x_wconf 68' lang='grc' dir='ltr'>ιιι-ωεοιιὶὺιιε</span> <span class='ocrx_word' id='word_1_620' title='bbox 694 2211 894 2246; x_wconf 70' lang='grc' dir='ltr'>υυιιιὶιιίριρίιιιο</span> <span class='ocrx_word' id='word_1_621' title='bbox 917 2212 1046 2239; x_wconf 73' lang='lat' dir='ltr'><strong>doctrinae</strong></span> <span class='ocrx_word' id='word_1_622' title='bbox 1062 2220 1086 2249; x_wconf 76' lang='grc' dir='ltr'><strong>ι)</strong></span> <span class='ocrx_word' id='word_1_623' title='bbox 1099 2219 1196 2256; x_wconf 77' lang='grc' dir='ltr'>ὥσπερ</span> <span class='ocrx_word' id='word_1_624' title='bbox 1213 2220 1315 2246; x_wconf 61' lang='grc' dir='ltr'><strong>ἐκεῖνοι</strong></span> <span class='ocrx_word' id='word_1_625' title='bbox 1328 2219 1384 2246; x_wconf 74' lang='grc' dir='ltr'><strong>τῶν</strong></span> <span class='ocrx_word' id='word_1_626' title='bbox 1394 2219 1549 2255; x_wconf 72' lang='grc' dir='ltr'>νομοθετῶν</span> <span class='ocrx_word' id='word_1_627' title='bbox 1561 2219 1608 2246; x_wconf 72' lang='grc' dir='ltr'><strong>και</strong></span> <span class='ocrx_word' id='word_1_628' title='bbox 1623 2219 1766 2255; x_wconf 74' lang='grc' dir='ltr'>ἀρχόντων</span> <span class='ocrx_word' id='word_1_629' title='bbox 1791 2220 1895 2252; x_wconf 68' lang='grc' dir='ltr'><strong>κατεξ-</strong></span> 
     </span>
    </p>
   </div>
   <div class='ocr_carea' id='block_1_90' title="bbox 256 2258 1044 2291">
    <p class='ocr_par' dir='ltr' id='par_1_90' title="bbox 256 2258 1044 2291">
     <span class='ocr_line' id='line_1_90' title="bbox 256 2258 1044 2291; baseline -0.003 -5"><span class='ocrx_word' id='word_1_630' title='bbox 256 2259 392 2286; x_wconf 85' lang='lat' dir='ltr'><strong>ministris</strong></span> <span class='ocrx_word' id='word_1_631' title='bbox 418 2258 631 2290; x_wconf 79' lang='lat' dir='ltr'><strong>maledicentes,</strong></span> <span class='ocrx_word' id='word_1_632' title='bbox 667 2258 858 2286; x_wconf 77' lang='lat' dir='ltr'><strong>scelestissime</strong></span> <span class='ocrx_word' id='word_1_633' title='bbox 892 2258 1044 2291; x_wconf 88' lang='lat' dir='ltr'><strong>blaterant,</strong></span> 
     </span>
    </p>
   </div>
   <div class='ocr_carea' id='block_1_91' title="bbox 256 2302 1045 2339">
    <p class='ocr_par' dir='ltr' id='par_1_91' title="bbox 256 2302 1045 2339">
     <span class='ocr_line' id='line_1_91' title="bbox 256 2302 1045 2339; baseline 0 -9"><span class='ocrx_word' id='word_1_634' title='bbox 256 2305 452 2339; x_wconf 85' lang='lat' dir='ltr'><strong>propemodum</strong></span> <span class='ocrx_word' id='word_1_635' title='bbox 477 2305 573 2331; x_wconf 82' lang='lat' dir='ltr'><strong>cadent</strong></span> <span class='ocrx_word' id='word_1_636' title='bbox 603 2305 740 2336; x_wconf 88' lang='lat' dir='ltr'><strong>dicentes,</strong></span> <span class='ocrx_word' id='word_1_637' title='bbox 770 2302 829 2339; x_wconf 75' lang='lat' dir='ltr'><strong>q&#39;ua:</strong></span> <span class='ocrx_word' id='word_1_638' title='bbox 857 2304 894 2330; x_wconf 93' lang='lat' dir='ltr'><strong>illi</strong></span> <span class='ocrx_word' id='word_1_639' title='bbox 924 2305 1045 2331; x_wconf 87' lang='lat' dir='ltr'><strong>divorum</strong></span> 
     </span>
    </p>
   </div>
   <div class='ocr_carea' id='block_1_92' title="bbox 258 2348 1045 2385">
    <p class='ocr_par' dir='ltr' id='par_1_92' title="bbox 258 2348 1045 2385">
     <span class='ocr_line' id='line_1_92' title="bbox 258 2348 1045 2385; baseline -0.001 -9"><span class='ocrx_word' id='word_1_640' title='bbox 258 2351 454 2385; x_wconf 87' lang='lat' dir='ltr'><strong>prophetarum</strong></span> <span class='ocrx_word' id='word_1_641' title='bbox 480 2350 525 2376; x_wconf 91' lang='lat' dir='ltr'><strong>uui</strong></span> <span class='ocrx_word' id='word_1_642' title='bbox 557 2350 731 2377; x_wconf 78' lang='lat' dir='ltr'><strong>adversantes</strong></span> <span class='ocrx_word' id='word_1_643' title='bbox 752 2361 758 2377; x_wconf 76' lang='grc' dir='ltr'><strong>ι</strong></span> <span class='ocrx_word' id='word_1_644' title='bbox 790 2348 941 2376; x_wconf 79' lang='lat' dir='ltr'><strong>Sermonem</strong></span> <span class='ocrx_word' id='word_1_645' title='bbox 967 2356 1045 2383; x_wconf 77' lang='lat' dir='ltr'><strong>quem</strong></span> 
     </span>
    </p>
   </div>
   <div class='ocr_carea' id='block_1_93' title="bbox 258 2393 1046 2430">
    <p class='ocr_par' dir='ltr' id='par_1_93' title="bbox 258 2393 1046 2430">
     <span class='ocr_line' id='line_1_93' title="bbox 258 2393 1046 2430; baseline -0.003 -8"><span class='ocrx_word' id='word_1_646' title='bbox 258 2395 332 2422; x_wconf 73' lang='lat' dir='ltr'><strong>nobis</strong></span> <span class='ocrx_word' id='word_1_647' title='bbox 349 2395 490 2430; x_wconf 84' lang='lat' dir='ltr'><strong>loquimini</strong></span> <span class='ocrx_word' id='word_1_648' title='bbox 506 2395 534 2421; x_wconf 88' lang='lat' dir='ltr'><strong>in</strong></span> <span class='ocrx_word' id='word_1_649' title='bbox 557 2395 660 2421; x_wconf 80' lang='lat' dir='ltr'><strong>nomine</strong></span> <span class='ocrx_word' id='word_1_650' title='bbox 679 2393 802 2426; x_wconf 82' lang='lat' dir='ltr'><strong>Domini,</strong></span> <span class='ocrx_word' id='word_1_651' title='bbox 817 2402 869 2421; x_wconf 83' lang='lat' dir='ltr'><strong>non</strong></span> <span class='ocrx_word' id='word_1_652' title='bbox 888 2394 1046 2425; x_wconf 74' lang='lat' dir='ltr'><strong>audiemus;</strong></span> 
     </span>
    </p>
   </div>
   <div class='ocr_carea' id='block_1_94' title="bbox 257 2438 1048 2475">
    <p class='ocr_par' dir='ltr' id='par_1_94' title="bbox 257 2438 1048 2475">
     <span class='ocr_line' id='line_1_94' title="bbox 257 2438 1048 2475; baseline -0.004 -8"><span class='ocrx_word' id='word_1_653' title='bbox 257 2449 319 2467; x_wconf 80' lang='lat' dir='ltr'><strong>unm</strong></span> <span class='ocrx_word' id='word_1_654' title='bbox 337 2440 456 2475; x_wconf 75' lang='lat' dir='ltr'><strong>faciendo</strong></span> <span class='ocrx_word' id='word_1_655' title='bbox 477 2440 605 2474; x_wconf 72' lang='lat' dir='ltr'><strong>faciemus</strong></span> <span class='ocrx_word' id='word_1_656' title='bbox 627 2440 753 2475; x_wconf 78' lang='lat' dir='ltr'><strong>quidquid</strong></span> <span class='ocrx_word' id='word_1_657' title='bbox 770 2447 815 2465; x_wconf 87' lang='lat' dir='ltr'><strong>ore</strong></span> <span class='ocrx_word' id='word_1_658' title='bbox 832 2438 1048 2473; x_wconf 73' lang='lat' dir='ltr'><strong>pronuntiaveri-</strong></span> 
     </span>
    </p>
   </div>
   <div class='ocr_carea' id='block_1_95' title="bbox 259 2485 1044 2522">
    <p class='ocr_par' dir='ltr' id='par_1_95' title="bbox 259 2485 1044 2522">
     <span class='ocr_line' id='line_1_95' title="bbox 259 2485 1044 2522; baseline -0.005 -8"><span class='ocrx_word' id='word_1_659' title='bbox 259 2496 330 2519; x_wconf 80' lang='lat' dir='ltr'><strong>mus,</strong></span> <span class='ocrx_word' id='word_1_660' title='bbox 348 2487 523 2520; x_wconf 71' lang='lat' dir='ltr'><strong>sacriﬁcando</strong></span> <span class='ocrx_word' id='word_1_661' title='bbox 540 2487 637 2522; x_wconf 69' lang='lat' dir='ltr'><strong>regina:</strong></span> <span class='ocrx_word' id='word_1_662' title='bbox 651 2487 720 2519; x_wconf 66' lang='lat' dir='ltr'><strong>(teli,</strong></span> <span class='ocrx_word' id='word_1_663' title='bbox 736 2491 758 2513; x_wconf 77' lang='lat' dir='ltr'><strong>et</strong></span> <span class='ocrx_word' id='word_1_664' title='bbox 772 2485 912 2512; x_wconf 79' lang='lat' dir='ltr'><strong>Iibatione:</strong></span> <span class='ocrx_word' id='word_1_665' title='bbox 927 2485 1044 2518; x_wconf 75' lang='lat' dir='ltr'><strong>libantia,</strong></span> 
     </span>
    </p>
   </div>
   <div class='ocr_carea' id='block_1_96' title="bbox 259 2531 1048 2568">
    <p class='ocr_par' dir='ltr' id='par_1_96' title="bbox 259 2531 1048 2568">
     <span class='ocr_line' id='line_1_96' title="bbox 259 2531 1048 2568; baseline -0.005 -8"><span class='ocrx_word' id='word_1_666' title='bbox 259 2534 338 2561; x_wconf 78' lang='lat' dir='ltr'><strong>sicuti</strong></span> <span class='ocrx_word' id='word_1_667' title='bbox 351 2538 374 2560; x_wconf 79' lang='lat' dir='ltr'><strong>et</strong></span> <span class='ocrx_word' id='word_1_668' title='bbox 395 2542 440 2560; x_wconf 73' lang='lat' dir='ltr'><strong>nos</strong></span> <span class='ocrx_word' id='word_1_669' title='bbox 462 2533 587 2568; x_wconf 66' lang='lat' dir='ltr'><strong>fecimus,</strong></span> <span class='ocrx_word' id='word_1_670' title='bbox 603 2541 648 2559; x_wconf 85' lang='lat' dir='ltr'><strong>nec</strong></span> <span class='ocrx_word' id='word_1_671' title='bbox 661 2541 712 2559; x_wconf 90' lang='lat' dir='ltr'><strong>non</strong></span> <span class='ocrx_word' id='word_1_672' title='bbox 724 2538 809 2566; x_wconf 75' lang='lat' dir='ltr'><strong>patres</strong></span> <span class='ocrx_word' id='word_1_673' title='bbox 827 2531 920 2563; x_wconf 80' lang='lat' dir='ltr'><strong>nostri,</strong></span> <span class='ocrx_word' id='word_1_674' title='bbox 936 2537 959 2557; x_wconf 84' lang='lat' dir='ltr'><strong>et</strong></span> <span class='ocrx_word' id='word_1_675' title='bbox 977 2538 1048 2564; x_wconf 79' lang='lat' dir='ltr'><strong>reges</strong></span> 
     </span>
    </p>
   </div>
   <div class='ocr_carea' id='block_1_97' title="bbox 260 2577 1048 2614">
    <p class='ocr_par' dir='ltr' id='par_1_97' title="bbox 260 2577 1048 2614">
     <span class='ocr_line' id='line_1_97' title="bbox 260 2577 1048 2614; baseline -0.005 -7"><span class='ocrx_word' id='word_1_676' title='bbox 260 2581 361 2612; x_wconf 71' lang='lat' dir='ltr'><strong>nostri,</strong></span> <span class='ocrx_word' id='word_1_677' title='bbox 386 2586 410 2607; x_wconf 74' lang='grc' dir='ltr'><strong>ιι</strong></span> <span class='ocrx_word' id='word_1_678' title='bbox 436 2580 567 2614; x_wconf 77' lang='lat' dir='ltr'><strong>principes</strong></span> <span class='ocrx_word' id='word_1_679' title='bbox 593 2580 676 2606; x_wconf 82' lang='lat' dir='ltr'><strong>nostri</strong></span> <span class='ocrx_word' id='word_1_680' title='bbox 700 2579 727 2605; x_wconf 82' lang='lat' dir='ltr'><strong>in</strong></span> <span class='ocrx_word' id='word_1_681' title='bbox 751 2579 902 2605; x_wconf 80' lang='lat' dir='ltr'><strong>civitatibus</strong></span> <span class='ocrx_word' id='word_1_682' title='bbox 926 2577 1005 2604; x_wconf 71' lang='lat' dir='ltr'><strong>Iuda:</strong></span> <span class='ocrx_word' id='word_1_683' title='bbox 1024 2582 1048 2603; x_wconf 77' lang='lat' dir='ltr'><strong>et</strong></span> 
     </span>
    </p>
   </div>
   <div class='ocr_carea' id='block_1_98' title="bbox 259 2624 1049 2660">
    <p class='ocr_par' dir='ltr' id='par_1_98' title="bbox 259 2624 1049 2660">
     <span class='ocr_line' id='line_1_98' title="bbox 259 2624 1049 2660; baseline -0.004 -7"><span class='ocrx_word' id='word_1_684' title='bbox 259 2634 334 2654; x_wconf 69' lang='lat' dir='ltr'><strong>citra</strong></span> <span class='ocrx_word' id='word_1_685' title='bbox 349 2627 507 2653; x_wconf 75' lang='lat' dir='ltr'><strong>Jerusalem.</strong></span> <span class='ocrx_word' id='word_1_686' title='bbox 531 2625 563 2652; x_wconf 84' lang='lat' dir='ltr'><strong>Et</strong></span> <span class='ocrx_word' id='word_1_687' title='bbox 583 2627 672 2660; x_wconf 55' lang='lat' dir='ltr'><strong>repleti</strong></span> <span class='ocrx_word' id='word_1_688' title='bbox 691 2626 804 2659; x_wconf 79' lang='lat' dir='ltr'><strong>panibus</strong></span> <span class='ocrx_word' id='word_1_689' title='bbox 818 2633 909 2651; x_wconf 82' lang='lat' dir='ltr'><strong>sumtu</strong></span> <span class='ocrx_word' id='word_1_690' title='bbox 921 2645 928 2656; x_wconf 91' lang='lat'><strong>,</strong></span> <span class='ocrx_word' id='word_1_691' title='bbox 945 2631 969 2651; x_wconf 79' lang='grc' dir='ltr'><strong>ει</strong></span> <span class='ocrx_word' id='word_1_692' title='bbox 988 2624 1049 2651; x_wconf 79' lang='lat' dir='ltr'><strong>bene</strong></span> 
     </span>
    </p>
   </div>
   <div class='ocr_carea' id='block_1_99' title="bbox 259 2673 1050 2709">
    <p class='ocr_par' dir='ltr' id='par_1_99' title="bbox 259 2673 1050 2709">
     <span class='ocr_line' id='line_1_99' title="bbox 259 2673 1050 2709; baseline -0.004 -9"><span class='ocrx_word' id='word_1_693' title='bbox 259 2675 333 2701; x_wconf 77' lang='lat' dir='ltr'><strong>nobis</strong></span> <span class='ocrx_word' id='word_1_694' title='bbox 353 2674 405 2709; x_wconf 78' lang='lat' dir='ltr'><strong>fuit</strong></span> <span class='ocrx_word' id='word_1_695' title='bbox 419 2694 426 2706; x_wconf 91' lang='lat'><strong>,</strong></span> <span class='ocrx_word' id='word_1_696' title='bbox 443 2679 468 2702; x_wconf 79' lang='lat' dir='ltr'><strong>et</strong></span> <span class='ocrx_word' id='word_1_697' title='bbox 484 2674 553 2700; x_wconf 83' lang='lat' dir='ltr'><strong>mula</strong></span> <span class='ocrx_word' id='word_1_698' title='bbox 569 2681 620 2700; x_wconf 86' lang='lat' dir='ltr'><strong>non</strong></span> <span class='ocrx_word' id='word_1_699' title='bbox 634 2681 725 2700; x_wconf 73' lang='lat' dir='ltr'><strong>sumus</strong></span> <span class='ocrx_word' id='word_1_700' title='bbox 739 2673 850 2706; x_wconf 72' lang='lat' dir='ltr'><strong>experti.</strong></span> <span class='ocrx_word' id='word_1_701' title='bbox 866 2674 899 2699; x_wconf 84' lang='lat' dir='ltr'><strong>At</strong></span> <span class='ocrx_word' id='word_1_702' title='bbox 911 2678 1050 2706; x_wconf 73' lang='lat' dir='ltr'><strong>postquam</strong></span> 
     </span>
    </p>
   </div>
   <div class='ocr_carea' id='block_1_100' title="bbox 258 2720 1050 2756">
    <p class='ocr_par' dir='ltr' id='par_1_100' title="bbox 258 2720 1050 2756">
     <span class='ocr_line' id='line_1_100' title="bbox 258 2720 1050 2756; baseline -0.005 -8"><span class='ocrx_word' id='word_1_703' title='bbox 258 2722 411 2756; x_wconf 78' lang='lat' dir='ltr'><strong>sacriﬁcare</strong></span> <span class='ocrx_word' id='word_1_704' title='bbox 431 2723 575 2748; x_wconf 76' lang='lat' dir='ltr'><strong>desivimus</strong></span> <span class='ocrx_word' id='word_1_705' title='bbox 597 2722 694 2754; x_wconf 66' lang='lat' dir='ltr'><strong>regine</strong></span> <span class='ocrx_word' id='word_1_706' title='bbox 715 2721 791 2752; x_wconf 63' lang='lat' dir='ltr'><strong>calli,</strong></span> <span class='ocrx_word' id='word_1_707' title='bbox 810 2720 942 2746; x_wconf 84' lang='lat' dir='ltr'><strong>imminuti</strong></span> <span class='ocrx_word' id='word_1_708' title='bbox 959 2727 1050 2746; x_wconf 76' lang='lat' dir='ltr'><strong>sumus</strong></span> 
     </span>
    </p>
   </div>
   <div class='ocr_carea' id='block_1_101' title="bbox 260 2764 1051 2802">
    <p class='ocr_par' dir='ltr' id='par_1_101' title="bbox 260 2764 1051 2802">
     <span class='ocr_line' id='line_1_101' title="bbox 260 2764 1051 2802; baseline -0.006 -7"><span class='ocrx_word' id='word_1_709' title='bbox 260 2776 349 2795; x_wconf 82' lang='lat' dir='ltr'><strong>omnes</strong></span> <span class='ocrx_word' id='word_1_710' title='bbox 361 2788 368 2800; x_wconf 89' lang='lat'><strong>,</strong></span> <span class='ocrx_word' id='word_1_711' title='bbox 385 2773 408 2794; x_wconf 78' lang='lat' dir='ltr'><strong>et</strong></span> <span class='ocrx_word' id='word_1_712' title='bbox 426 2768 515 2802; x_wconf 77' lang='lat' dir='ltr'><strong>gladio</strong></span> <span class='ocrx_word' id='word_1_713' title='bbox 539 2766 659 2801; x_wconf 68' lang='lat' dir='ltr'><strong>{notaque</strong></span> <span class='ocrx_word' id='word_1_714' title='bbox 674 2766 827 2800; x_wconf 80' lang='lat' dir='ltr'><strong>defecimus.</strong></span> <span class='ocrx_word' id='word_1_715' title='bbox 851 2765 983 2792; x_wconf 75' lang='lat' dir='ltr'><strong>Prwterea</strong></span> <span class='ocrx_word' id='word_1_716' title='bbox 1002 2764 1051 2791; x_wconf 77' lang='lat' dir='ltr'><strong>hac</strong></span> 
     </span>
    </p>
   </div>
   <div class='ocr_carea' id='block_1_102' title="bbox 260 2811 1052 2848">
    <p class='ocr_par' dir='ltr' id='par_1_102' title="bbox 260 2811 1052 2848">
     <span class='ocr_line' id='line_1_102' title="bbox 260 2811 1052 2848; baseline -0.004 -8"><span class='ocrx_word' id='word_1_717' title='bbox 260 2815 289 2840; x_wconf 84' lang='lat' dir='ltr'><strong>in</strong></span> <span class='ocrx_word' id='word_1_718' title='bbox 305 2815 409 2848; x_wconf 81' lang='lat' dir='ltr'><strong>regione</strong></span> <span class='ocrx_word' id='word_1_719' title='bbox 421 2814 521 2839; x_wconf 80' lang='lat' dir='ltr'><strong>diutius</strong></span> <span class='ocrx_word' id='word_1_720' title='bbox 538 2822 588 2839; x_wconf 84' lang='lat' dir='ltr'><strong>non</strong></span> <span class='ocrx_word' id='word_1_721' title='bbox 606 2813 780 2844; x_wconf 79' lang='lat' dir='ltr'><strong>ntunebimtu,</strong></span> <span class='ocrx_word' id='word_1_722' title='bbox 791 2812 825 2838; x_wconf 83' lang='lat' dir='ltr'><strong>ad</strong></span> <span class='ocrx_word' id='word_1_723' title='bbox 843 2811 948 2838; x_wconf 87' lang='lat' dir='ltr'><strong>Domini</strong></span> <span class='ocrx_word' id='word_1_724' title='bbox 966 2819 1052 2838; x_wconf 78' lang='lat' dir='ltr'><strong>vocem</strong></span> 
     </span>
    </p>
   </div>
   <div class='ocr_carea' id='block_1_103' title="bbox 260 2857 1052 2899">
    <p class='ocr_par' dir='ltr' id='par_1_103' title="bbox 260 2857 1052 2899">
     <span class='ocr_line' id='line_1_103' title="bbox 260 2857 1052 2899; baseline -0.001 -13"><span class='ocrx_word' id='word_1_725' title='bbox 260 2859 435 2893; x_wconf 72' lang='lat' dir='ltr'><strong>audiendam,</strong></span> <span class='ocrx_word' id='word_1_726' title='bbox 445 2859 490 2885; x_wconf 79' lang='lat' dir='ltr'><strong>sed</strong></span> <span class='ocrx_word' id='word_1_727' title='bbox 502 2867 528 2885; x_wconf 86' lang='lat' dir='ltr'><strong>ut</strong></span> <span class='ocrx_word' id='word_1_728' title='bbox 543 2857 689 2895; x_wconf 68' lang='lat' dir='ltr'><strong>.Eggptum</strong></span> <span class='ocrx_word' id='word_1_729' title='bbox 706 2857 949 2899; x_wconf 79' lang='lat' dir='ltr'><strong>commigrabimus,</strong></span> <span class='ocrx_word' id='word_1_730' title='bbox 970 2865 1052 2893; x_wconf 81' lang='lat' dir='ltr'><strong>mque</strong></span> 
     </span>
    </p>
   </div>
   <div class='ocr_carea' id='block_1_104' title="bbox 1097 2265 1894 2301">
    <p class='ocr_par' dir='ltr' id='par_1_104' title="bbox 1097 2265 1894 2301">
     <span class='ocr_line' id='line_1_104' title="bbox 1097 2265 1894 2301; baseline -0.003 -9"><span class='ocrx_word' id='word_1_731' title='bbox 1097 2267 1252 2299; x_wconf 87' lang='grc' dir='ltr'>ανῐσταντσ,</span> <span class='ocrx_word' id='word_1_732' title='bbox 1261 2266 1311 2301; x_wconf 83' lang='grc' dir='ltr'>τὴν</span> <span class='ocrx_word' id='word_1_733' title='bbox 1324 2266 1370 2292; x_wconf 72' lang='grc' dir='ltr'><strong>ἐπὶ</strong></span> <span class='ocrx_word' id='word_1_734' title='bbox 1384 2266 1438 2292; x_wconf 82' lang='grc' dir='ltr'><strong>τῶν</strong></span> <span class='ocrx_word' id='word_1_735' title='bbox 1449 2266 1538 2300; x_wconf 88' lang='grc' dir='ltr'>κρεῶν</span> <span class='ocrx_word' id='word_1_736' title='bbox 1547 2265 1596 2291; x_wconf 73' lang='grc' dir='ltr'>καὶ</span> <span class='ocrx_word' id='word_1_737' title='bbox 1608 2265 1731 2300; x_wconf 77' lang='grc' dir='ltr'>λεϐήτων</span> <span class='ocrx_word' id='word_1_738' title='bbox 1743 2265 1894 2300; x_wconf 59' lang='grc' dir='ltr'>καθέδραν,</span> 
     </span>
    </p>
   </div>
   <div class='ocr_carea' id='block_1_105' title="bbox 1098 2309 1897 2347">
    <p class='ocr_par' dir='ltr' id='par_1_105' title="bbox 1098 2309 1897 2347">
     <span class='ocr_line' id='line_1_105' title="bbox 1098 2309 1897 2347; baseline -0.001 -9"><span class='ocrx_word' id='word_1_739' title='bbox 1098 2312 1147 2338; x_wconf 76' lang='grc' dir='ltr'>καὶ</span> <span class='ocrx_word' id='word_1_740' title='bbox 1159 2311 1214 2338; x_wconf 85' lang='grc' dir='ltr'><strong>τῶν</strong></span> <span class='ocrx_word' id='word_1_741' title='bbox 1227 2312 1318 2347; x_wconf 72' lang='grc' dir='ltr'>ἄρτων</span> <span class='ocrx_word' id='word_1_742' title='bbox 1344 2311 1394 2346; x_wconf 82' lang='grc' dir='ltr'><strong>τὴν</strong></span> <span class='ocrx_word' id='word_1_743' title='bbox 1417 2311 1550 2345; x_wconf 69' lang='grc' dir='ltr'>ἀφθονίαν</span> <span class='ocrx_word' id='word_1_744' title='bbox 1563 2309 1784 2345; x_wconf 83' lang='grc' dir='ltr'>ἀνακαλούμενοι</span> <span class='ocrx_word' id='word_1_745' title='bbox 1797 2317 1805 2324; x_wconf 69' lang='grc'><strong><em>⁸</em></strong></span> <span class='ocrx_word' id='word_1_746' title='bbox 1820 2311 1897 2337; x_wconf 76' lang='grc' dir='ltr'>οὕτω</span> 
     </span>
    </p>
   </div>
   <div class='ocr_carea' id='block_1_106' title="bbox 1098 2355 1896 2393">
    <p class='ocr_par' dir='ltr' id='par_1_106' title="bbox 1098 2355 1896 2393">
     <span class='ocr_line' id='line_1_106' title="bbox 1098 2355 1896 2393; baseline -0.003 -9"><span class='ocrx_word' id='word_1_747' title='bbox 1098 2359 1146 2384; x_wconf 79' lang='grc' dir='ltr'>καὶ</span> <span class='ocrx_word' id='word_1_748' title='bbox 1161 2355 1235 2384; x_wconf 75' lang='grc' dir='ltr'>οὗτοι</span> <span class='ocrx_word' id='word_1_749' title='bbox 1249 2356 1546 2392; x_wconf 81' lang='grc' dir='ltr'>ἀπαναισχυντοῦντες,</span> <span class='ocrx_word' id='word_1_750' title='bbox 1565 2357 1613 2383; x_wconf 74' lang='grc' dir='ltr'>καὶ</span> <span class='ocrx_word' id='word_1_751' title='bbox 1626 2356 1680 2393; x_wconf 66' lang='grc' dir='ltr'><strong>τῶν</strong></span> <span class='ocrx_word' id='word_1_752' title='bbox 1693 2356 1827 2392; x_wconf 87' lang='grc' dir='ltr'>κηρύκων</span> <span class='ocrx_word' id='word_1_753' title='bbox 1844 2357 1896 2391; x_wconf 81' lang='grc' dir='ltr'>τῆς</span> 
     </span>
    </p>
   </div>
   <div class='ocr_carea' id='block_1_107' title="bbox 1097 2402 1896 2439">
    <p class='ocr_par' dir='ltr' id='par_1_107' title="bbox 1097 2402 1896 2439">
     <span class='ocr_line' id='line_1_107' title="bbox 1097 2402 1896 2439; baseline -0.003 -9"><span class='ocrx_word' id='word_1_754' title='bbox 1097 2403 1229 2439; x_wconf 81' lang='grc' dir='ltr'>ἀληθείας</span> <span class='ocrx_word' id='word_1_755' title='bbox 1247 2404 1294 2430; x_wconf 69' lang='grc' dir='ltr'>καὶ</span> <span class='ocrx_word' id='word_1_756' title='bbox 1311 2402 1357 2429; x_wconf 82' lang='grc' dir='ltr'>τὸν</span> <span class='ocrx_word' id='word_1_757' title='bbox 1374 2403 1453 2437; x_wconf 85' lang='grc' dir='ltr'>λόγον</span> <span class='ocrx_word' id='word_1_758' title='bbox 1466 2402 1514 2428; x_wconf 75' lang='grc' dir='ltr'><strong>τοῦ</strong></span> <span class='ocrx_word' id='word_1_759' title='bbox 1541 2403 1644 2439; x_wconf 71' lang='grc' dir='ltr'>Κυρίου</span> <span class='ocrx_word' id='word_1_760' title='bbox 1670 2402 1896 2437; x_wconf 80' lang='grc' dir='ltr'>διακονουμένων</span> 
     </span>
    </p>
   </div>
   <div class='ocr_carea' id='block_1_108' title="bbox 1099 2447 1896 2484">
    <p class='ocr_par' dir='ltr' id='par_1_108' title="bbox 1099 2447 1896 2484">
     <span class='ocr_line' id='line_1_108' title="bbox 1099 2447 1896 2484; baseline -0.004 -7"><span class='ocrx_word' id='word_1_761' title='bbox 1099 2449 1301 2481; x_wconf 78' lang='grc' dir='ltr'>καταϐοῶντες,</span> <span class='ocrx_word' id='word_1_762' title='bbox 1328 2447 1497 2475; x_wconf 85' lang='grc' dir='ltr'>ἀνοσιώτατα</span> <span class='ocrx_word' id='word_1_763' title='bbox 1514 2449 1777 2484; x_wconf 77' lang='grc' dir='ltr'>παραφθέγγονται,</span> <span class='ocrx_word' id='word_1_764' title='bbox 1797 2456 1896 2484; x_wconf 80' lang='grc' dir='ltr'>μονον·</span> 
     </span>
    </p>
   </div>
   <div class='ocr_carea' id='block_1_109' title="bbox 1099 2495 1896 2531">
    <p class='ocr_par' dir='ltr' id='par_1_109' title="bbox 1099 2495 1896 2531">
     <span class='ocr_line' id='line_1_109' title="bbox 1099 2495 1896 2531; baseline -0.003 -9"><span class='ocrx_word' id='word_1_765' title='bbox 1099 2498 1160 2531; x_wconf 73' lang='grc' dir='ltr'>ουχὶ</span> <span class='ocrx_word' id='word_1_766' title='bbox 1183 2495 1218 2522; x_wconf 79' lang='grc' dir='ltr'>τὰ</span> <span class='ocrx_word' id='word_1_767' title='bbox 1243 2495 1314 2522; x_wconf 85' lang='grc' dir='ltr'>αὐτὰ</span> <span class='ocrx_word' id='word_1_768' title='bbox 1339 2495 1465 2528; x_wconf 83' lang='grc' dir='ltr'>λέγοντες</span> <span class='ocrx_word' id='word_1_769' title='bbox 1489 2495 1561 2530; x_wconf 76' lang='grc' dir='ltr'>ἅπερ</span> <span class='ocrx_word' id='word_1_770' title='bbox 1589 2497 1708 2527; x_wconf 71' lang='grc' dir='ltr'>ἐκεῖνοι,</span> <span class='ocrx_word' id='word_1_771' title='bbox 1732 2495 1789 2521; x_wconf 81' lang='grc' dir='ltr'><strong>τῶν</strong></span> <span class='ocrx_word' id='word_1_772' title='bbox 1813 2495 1896 2521; x_wconf 81' lang='grc' dir='ltr'>θείων</span> 
     </span>
    </p>
   </div>
   <div class='ocr_carea' id='block_1_110' title="bbox 1100 2539 1895 2576">
    <p class='ocr_par' dir='ltr' id='par_1_110' title="bbox 1100 2539 1895 2576">
     <span class='ocr_line' id='line_1_110' title="bbox 1100 2539 1895 2576; baseline -0.003 -9"><span class='ocrx_word' id='word_1_773' title='bbox 1100 2541 1249 2576; x_wconf 64' lang='grc' dir='ltr'>προφητῶν</span> <span class='ocrx_word' id='word_1_774' title='bbox 1262 2549 1317 2567; x_wconf 89' lang='grc' dir='ltr'>τινι</span> <span class='ocrx_word' id='word_1_775' title='bbox 1332 2540 1602 2575; x_wconf 78' lang='grc' dir='ltr'>ἀντικαθιστὲιμενοι’</span> <span class='ocrx_word' id='word_1_776' title='bbox 1623 2540 1655 2566; x_wconf 91' lang='lat'><strong>&#39;0</strong></span> <span class='ocrx_word' id='word_1_777' title='bbox 1665 2540 1759 2574; x_wconf 70' lang='grc' dir='ltr'>λόγος</span> <span class='ocrx_word' id='word_1_778' title='bbox 1773 2539 1810 2566; x_wconf 81' lang='grc' dir='ltr'><strong>ὃν</strong></span> <span class='ocrx_word' id='word_1_779' title='bbox 1822 2540 1895 2566; x_wconf 70' lang='grc' dir='ltr'>ἐλα-</span> 
     </span>
    </p>
   </div>
   <div class='ocr_carea' id='block_1_111' title="bbox 1099 2585 1894 2621">
    <p class='ocr_par' dir='ltr' id='par_1_111' title="bbox 1099 2585 1894 2621">
     <span class='ocr_line' id='line_1_111' title="bbox 1099 2585 1894 2621; baseline -0.001 -8"><span class='ocrx_word' id='word_1_780' title='bbox 1099 2586 1216 2620; x_wconf 73' lang='grc' dir='ltr'>λήσατε</span> <span class='ocrx_word' id='word_1_781' title='bbox 1246 2587 1322 2620; x_wconf 77' lang='grc' dir='ltr'>πρὸς</span> <span class='ocrx_word' id='word_1_782' title='bbox 1350 2585 1430 2620; x_wconf 72' lang='grc' dir='ltr'><strong>ἡμᾶς</strong></span> <span class='ocrx_word' id='word_1_783' title='bbox 1459 2586 1499 2618; x_wconf 83' lang='grc' dir='ltr'>τῷ</span> <span class='ocrx_word' id='word_1_784' title='bbox 1524 2587 1646 2621; x_wconf 80' lang='grc' dir='ltr'>ὀνόματι</span> <span class='ocrx_word' id='word_1_785' title='bbox 1675 2587 1800 2620; x_wconf 74' lang='grc' dir='ltr'>Κυρίου,</span> <span class='ocrx_word' id='word_1_786' title='bbox 1838 2587 1894 2612; x_wconf 74' lang='grc' dir='ltr'>οὐκ</span> 
     </span>
    </p>
   </div>
   <div class='ocr_carea' id='block_1_112' title="bbox 1100 2630 1896 2666">
    <p class='ocr_par' dir='ltr' id='par_1_112' title="bbox 1100 2630 1896 2666">
     <span class='ocr_line' id='line_1_112' title="bbox 1100 2630 1896 2666; baseline -0.005 -7"><span class='ocrx_word' id='word_1_787' title='bbox 1100 2632 1293 2666; x_wconf 74' lang='grc' dir='ltr'>ἀκουσόμεθα</span> <span class='ocrx_word' id='word_1_788' title='bbox 1325 2631 1428 2666; x_wconf 79' lang='grc' dir='ltr'>ὑμῶν·</span> <span class='ocrx_word' id='word_1_789' title='bbox 1460 2631 1505 2658; x_wconf 83' lang='grc' dir='ltr'>ὅτι</span> <span class='ocrx_word' id='word_1_790' title='bbox 1543 2631 1702 2664; x_wconf 76' lang='grc' dir='ltr'>ποιοῦντες</span> <span class='ocrx_word' id='word_1_791' title='bbox 1723 2630 1896 2664; x_wconf 76' lang='grc' dir='ltr'>ποιήσομεν</span> 
     </span>
    </p>
   </div>
   <div class='ocr_carea' id='block_1_113' title="bbox 1101 2675 1897 2712">
    <p class='ocr_par' dir='ltr' id='par_1_113' title="bbox 1101 2675 1897 2712">
     <span class='ocr_line' id='line_1_113' title="bbox 1101 2675 1897 2712; baseline -0.004 -8"><span class='ocrx_word' id='word_1_792' title='bbox 1101 2678 1199 2704; x_wconf 81' lang='grc' dir='ltr'>πάντα</span> <span class='ocrx_word' id='word_1_793' title='bbox 1208 2677 1262 2704; x_wconf 78' lang='grc' dir='ltr'><strong>τὸν</strong></span> <span class='ocrx_word' id='word_1_794' title='bbox 1273 2677 1376 2712; x_wconf 74' lang='grc' dir='ltr'>λόγον,</span> <span class='ocrx_word' id='word_1_795' title='bbox 1389 2676 1423 2710; x_wconf 78' lang='grc' dir='ltr'>ὃς</span> <span class='ocrx_word' id='word_1_796' title='bbox 1432 2677 1668 2709; x_wconf 71' lang='grc' dir='ltr'>ἑξελεύσεταιέκ</span> <span class='ocrx_word' id='word_1_797' title='bbox 1681 2675 1733 2704; x_wconf 82' lang='grc' dir='ltr'><strong>τοῦ</strong></span> <span class='ocrx_word' id='word_1_798' title='bbox 1745 2677 1897 2710; x_wconf 72' lang='grc' dir='ltr'>στόματος</span> 
     </span>
    </p>
   </div>
   <div class='ocr_carea' id='block_1_114' title="bbox 1101 2722 1895 2759">
    <p class='ocr_par' dir='ltr' id='par_1_114' title="bbox 1101 2722 1895 2759">
     <span class='ocr_line' id='line_1_114' title="bbox 1101 2722 1895 2759; baseline -0.004 -8"><span class='ocrx_word' id='word_1_799' title='bbox 1101 2722 1319 2759; x_wconf 75' lang='grc' dir='ltr'><strong>ἡμῶν,θυμιᾷν</strong></span> <span class='ocrx_word' id='word_1_800' title='bbox 1344 2723 1380 2757; x_wconf 78' lang='grc' dir='ltr'>τῇ</span> <span class='ocrx_word' id='word_1_801' title='bbox 1403 2724 1580 2757; x_wconf 67' lang='grc' dir='ltr'>βασιλίσσῃ</span> <span class='ocrx_word' id='word_1_802' title='bbox 1598 2723 1652 2750; x_wconf 85' lang='grc' dir='ltr'>τοῦ</span> <span class='ocrx_word' id='word_1_803' title='bbox 1677 2723 1821 2757; x_wconf 61' lang='grc' dir='ltr'>οίιρανοῦ,</span> <span class='ocrx_word' id='word_1_804' title='bbox 1845 2723 1895 2749; x_wconf 78' lang='grc' dir='ltr'><strong>καὶ</strong></span> 
     </span>
    </p>
   </div>
   <div class='ocr_carea' id='block_1_115' title="bbox 1101 2767 1894 2803">
    <p class='ocr_par' dir='ltr' id='par_1_115' title="bbox 1101 2767 1894 2803">
     <span class='ocr_line' id='line_1_115' title="bbox 1101 2767 1894 2803; baseline -0.003 -8"><span class='ocrx_word' id='word_1_805' title='bbox 1101 2769 1247 2796; x_wconf 71' lang='grc' dir='ltr'>σπένδειν</span> <span class='ocrx_word' id='word_1_806' title='bbox 1255 2768 1332 2802; x_wconf 75' lang='grc' dir='ltr'>αὐτῇ</span> <span class='ocrx_word' id='word_1_807' title='bbox 1343 2769 1492 2802; x_wconf 80' lang='grc' dir='ltr'>σπονδὰς,</span> <span class='ocrx_word' id='word_1_808' title='bbox 1503 2769 1580 2796; x_wconf 80' lang='grc' dir='ltr'>καθὰ</span> <span class='ocrx_word' id='word_1_809' title='bbox 1595 2767 1785 2803; x_wconf 71' lang='grc' dir='ltr'>ἐποιήσαμεν</span> <span class='ocrx_word' id='word_1_810' title='bbox 1799 2768 1894 2802; x_wconf 79' lang='grc' dir='ltr'>ἡμεῖς,</span> 
     </span>
    </p>
   </div>
   <div class='ocr_carea' id='block_1_116' title="bbox 1103 2812 1895 2848">
    <p class='ocr_par' dir='ltr' id='par_1_116' title="bbox 1103 2812 1895 2848">
     <span class='ocr_line' id='line_1_116' title="bbox 1103 2812 1895 2848; baseline -0.001 -9"><span class='ocrx_word' id='word_1_811' title='bbox 1103 2813 1151 2839; x_wconf 77' lang='grc' dir='ltr'>καὶ</span> <span class='ocrx_word' id='word_1_812' title='bbox 1165 2814 1192 2839; x_wconf 86' lang='lat' dir='ltr'><strong>ot</strong></span> <span class='ocrx_word' id='word_1_813' title='bbox 1205 2812 1332 2846; x_wconf 77' lang='grc' dir='ltr'>πατέρες</span> <span class='ocrx_word' id='word_1_814' title='bbox 1343 2813 1439 2848; x_wconf 71' lang='grc' dir='ltr'>ἡμῶν,</span> <span class='ocrx_word' id='word_1_815' title='bbox 1453 2814 1501 2840; x_wconf 83' lang='grc' dir='ltr'>καὶ</span> <span class='ocrx_word' id='word_1_816' title='bbox 1532 2815 1559 2841; x_wconf 79' lang='grc' dir='ltr'>οι</span> <span class='ocrx_word' id='word_1_817' title='bbox 1579 2813 1724 2846; x_wconf 68' lang='grc' dir='ltr'>,βασιλεῖς</span> <span class='ocrx_word' id='word_1_818' title='bbox 1736 2812 1831 2847; x_wconf 72' lang='grc' dir='ltr'>ἡμῶν,</span> <span class='ocrx_word' id='word_1_819' title='bbox 1846 2812 1895 2838; x_wconf 70' lang='grc' dir='ltr'><strong>καί</strong></span> 
     </span>
    </p>
   </div>
   <div class='ocr_carea' id='block_1_117' title="bbox 1104 2859 1896 2896">
    <p class='ocr_par' dir='ltr' id='par_1_117' title="bbox 1104 2859 1896 2896">
     <span class='ocr_line' id='line_1_117' title="bbox 1104 2859 1896 2896; baseline 0 -10"><span class='ocrx_word' id='word_1_820' title='bbox 1104 2861 1130 2886; x_wconf 74' lang='lat' dir='ltr'><strong>cl</strong></span> <span class='ocrx_word' id='word_1_821' title='bbox 1156 2859 1301 2894; x_wconf 74' lang='grc' dir='ltr'>ἄρχοντες</span> <span class='ocrx_word' id='word_1_822' title='bbox 1315 2859 1400 2896; x_wconf 73' lang='grc' dir='ltr'>ἡμῶν</span> <span class='ocrx_word' id='word_1_823' title='bbox 1413 2861 1448 2888; x_wconf 80' lang='grc' dir='ltr'><strong>ἐν</strong></span> <span class='ocrx_word' id='word_1_824' title='bbox 1463 2861 1594 2889; x_wconf 68' lang='grc' dir='ltr'>πόλεσιν</span> <span class='ocrx_word' id='word_1_825' title='bbox 1611 2860 1710 2890; x_wconf 78' lang='grc' dir='ltr'>Ἰούδα</span> <span class='ocrx_word' id='word_1_826' title='bbox 1724 2860 1774 2888; x_wconf 72' lang='grc' dir='ltr'><strong>καί</strong></span> <span class='ocrx_word' id='word_1_827' title='bbox 1787 2859 1896 2894; x_wconf 75' lang='grc' dir='ltr'>ἔξωθεν</span> 
     </span>
    </p>
   </div>
  </div>
