1945 3078
77 120 131 152 493

429 117 745 149 ANTIRRHETICUS
765 117 811 147 III
832 117 916 147 λον,
937 117 1236 150 CONSTANTINUM
1257 116 1362 146 COPR.

1658 91 1709 148 tot

84 173 286 209 Ἰερουσαλήμ
300 182 306 190 ·
320 173 369 200 καὶ
384 173 584 207 ὲπλήσθημεν
605 173 713 207 ἄρτων,
736 172 787 199 καί
804 172 868 206 ἐγε-

926 172 1014 199 iellum
1032 173 1162 206 patiemur
1175 191 1182 201 .
1208 172 1327 205 lubrrque
1354 171 1467 198 sonitum
1491 180 1542 197 non
1561 173 1707 204 audiemus,

77 222 190 255 νόμεθα
205 220 344 254 χρηστοὶ,
364 219 413 246 καὶ
440 218 518 246 κακὰ
541 220 596 245 οὐκ
611 218 732 252 είδομεν
744 227 750 233 ·
768 218 818 244 καί
829 218 869 250 ὡς

77 265 255 300 διελίπομεν
283 265 447 300 θυμιῶντες
466 265 503 299 τῇ
518 265 693 300 ,βασιλίσσῃ
708 263 761 291 τοῦ
780 264 869 296 οὐρα-

923 225 968 243 nec
989 218 1066 250 panis
1093 217 1231 250 penuriam
1256 216 1415 246 sentiemus,
1446 220 1468 241 et
1491 215 1548 241 illic
1576 215 1709 242 habitabi-

922 270 979 288 mus
992 262 1025 288 "".

77 312 144 343 νοῦ,
160 312 375 347 ἡλιιττὼθημεν
386 311 507 344 πάντες,
523 311 571 337 καὶ
587 311 622 337 ἐν
632 311 766 345 ῥομφαίᾳ
782 309 876 336 καὶέν
894 307 970 343 ,λιμῷ
986 307 1182 342 ἐξελίπομεν·
1219 307 1261 333 ἔτι
1275 307 1348 342 πρὸς
1373 307 1488 339 τούτοις
1506 307 1542 333 οὺ
1572 306 1615 341 μὴ
1642 308 1712 334 καθ-

79 360 193 393 ίσωμεν
208 360 244 386 ἐν
263 358 302 393 τῇ
333 358 372 394 γῇ
391 360 484 393 ταύτῃ
517 357 592 392 πρὸς
623 357 657 384 τὸ
680 357 724 392 μὴ
747 357 875 384 ἀκοῦσαι
894 354 998 390 φωνῆς
1031 354 1207 388 Κυρίουβτι
1223 355 1266 387 εἰς
1285 354 1344 388 γῆν
1371 354 1522 388 Αἰγύπτου
1537 355 1712 381 εἰσελευσό-

76 407 165 440 galia,
194 406 292 432 καίού
313 405 356 439 μὴ
386 405 496 440 ἴδωμεν
520 399 668 439 πόλεμον,
699 403 747 431 καί
768 402 872 437 φωνῆς
890 402 1058 436 σάλπιγγος
1093 402 1129 428 οὺ
1146 400 1189 436 μὴ
1221 401 1407 436 ἀκούσωμεν,
1438 401 1486 427 καὶ
1503 401 1538 427 ἐν
1558 401 1657 435 ἄρτοις
1676 402 1712 428 οὐ

77 452 120 487 μὴ
137 451 330 486 πεινάσωμεν
343 451 393 478 καὶ
402 451 467 477 ἐκεῖ
482 450 659 484 οἰκήσομεν.

115 509 163 542 ξδ’.
179 507 301 535 Τοιαῦτα
312 507 344 542 δὴ
375 507 424 535 καὶ
450 508 486 533 τὰ
516 507 622 538 τούτοις
642 505 823 541 παραπλήσια
842 505 874 530 ἐκ

79 553 126 580 τοῦ
145 553 267 588 πονηροῦ
281 552 420 588 θησαυροῦ
435 552 486 587 τῆς
509 552 625 588 καρδίας
640 551 872 586 ἀπερευγόμενοι,

81 598 327 634 καταφλυαροῦσιν
348 599 427 634 ἡμῶν
446 599 495 632 τῆς
521 597 609 633 ὀρθῆς
630 597 678 623 καὶ
708 596 872 631 ἀδιαϐλήτου

80 644 161 679 δόξης
173 652 181 660 ·
216 644 427 680 φιλοτιμοῦνται
449 645 477 672 δὲ
493 645 542 671 ἐπὶ
559 645 592 679 τῇ
607 643 655 670 τοῦ
673 643 802 678 Μαμωνᾶ
819 642 878 668 Θεο-

82 692 178 724 στυγεί
197 691 289 718 πίστει
300 698 306 705 ·
327 691 481 726 εὐημερίαν
495 690 545 726 τὴν
562 691 669 717 ἐκείνου
681 689 874 724 ἀνοσιουργίαν

83 735 272 771 ἑπαυχοῦντες
283 745 291 753 ·
309 735 404 771 ὥσπερ
420 737 449 763 ὲν
468 736 554 771 ταύτῃ
572 735 810 770 ὲνευθηνούμενοι,
829 735 876 761 καὶ

81 782 193 817 ἀριομῷ
211 782 315 809 πλείονι
342 782 390 808 τόν
405 790 435 808 τε
452 783 525 808 σῖτον
545 782 593 808 καὶ
611 781 696 808 τᾶλλα
709 781 796 807 ὁπόσα
819 781 874 807 τῶν

81 828 248 862 ἐπιτηδείων
262 827 445 863 ἐξωνούμενοι
460 836 468 844 ν
485 827 536 854 οὐκ
553 828 600 853 ἐπὶ
620 827 660 862 τῷ
679 827 740 862 Θεῷ
752 827 790 862 τῷ
805 828 872 854 πάν-

82 882 137 900 των
155 873 267 908 ἀγαθῶν
294 873 465 909 παρεκτικῷ,
482 874 530 900 καὶ
547 874 596 908 τῆς
616 873 678 900 καθ’
706 874 783 908 ἡμᾶς
801 873 874 908 ζωῆς

82 921 222 954 προνοητῇ
239 920 287 946 καὶ
303 919 435 954 κηδεμόνι
460 919 510 953 τὴν
525 919 607 954 χάριν
628 919 815 950 ἀνατιθέντες.
836 919 869 945 Τί

81 966 137 1000 χρὴ
149 965 184 991 τὰ
195 965 282 992 πολλὰ
294 965 399 1005 λέιγεινς
410 964 547 999 ἐπιλείψει
556 965 610 1000 γὰρ
621 964 748 1000 ἡμᾶς’ὃιαὶ
756 965 770 990 ό
779 965 875 1000 χρόνος

82 1011 130 1038 καὶ
144 1012 158 1037 ὁ
172 1011 253 1044 λόγος
263 1011 351 1039 ταῦτα
361 1011 512 1044 διεξιόντας
524 1019 531 1026 ·
548 1010 631 1038 πόσαι
645 1011 700 1047 γὰρ
711 1011 744 1037 ἂν
753 1011 875 1045 γλῶσσαι

81 1055 132 1091 τὴν
154 1056 260 1083 τούτων
281 1057 436 1092 ὲξήρκεσαν
453 1048 574 1088 ἐξειπεῖν
587 1057 756 1092 δυστροπίαν
781 1065 811 1083 τε
827 1057 876 1084 καὶ

82 1102 274 1137 κακοήθειανς
289 1102 349 1134 ἐξὸν
362 1102 392 1129 ἒν
399 1102 461 1129 ἀντὶ
472 1102 584 1129 πάντων
596 1102 685 1128 εἰπεῖν
701 1102 749 1129 καὶ
772 1102 803 1129 τὸ
822 1103 876 1129 πᾶν

81 1148 270 1184 παραστῆσαι,
295 1149 335 1175 ὅτι
364 1157 374 1174 ι
409 1148 514 1174 Κακῶν
538 1148 709 1174 διδασκάλων
740 1149 814 1175 κακὰ
840 1149 875 1176 τὰ

83 1194 248 1229 μαθήματα,
264 1194 365 1230 μᾶλλον
383 1194 412 1220 δὲ
427 1194 555 1229 πονηρῶν
575 1195 746 1230 σπερμάτων
765 1195 874 1230 πονηρὰ

82 1240 120 1266 τὰ
142 1239 287 1274 γεώργια·
314 1249 324 1264 ι
354 1239 372 1266 ἃ
399 1239 453 1276 γὰρ
474 1240 574 1271 αὐτοὺς
597 1239 612 1265 ό
630 1240 676 1266 τοῦ
707 1241 875 1274 Εὑαγγελίου

82 1284 238 1317 ἁντίθετος,
248 1284 296 1311 καὶ
306 1285 356 1320 τῆς
370 1284 512 1316 εὐσεϐείας
523 1284 570 1320 ὲχθ
576 1285 621 1320 pb;
637 1285 685 1312 καὶ
704 1285 874 1320 ἀποστάτης,

82 1330 99 1356 6
113 1331 233 1364 empti);
253 1331 308 1357 τῶν
323 1331 452 1363 ζιζανίων
473 1330 607 1367 ἐμύησεν.
624 1331 653 1357 ὲν
673 1332 729 1362 τοῖς
750 1331 875 1366 ἀποῤῥή-

82 1384 142 1408 τοις
152 1376 259 1403 ἐκείνου
271 1377 318 1404 καὶ
328 1377 446 1407 ἀνοσίοις
455 1376 666 1411 τελιςκομένους
676 1376 874 1411 τελεστηρίοις,

83 1421 173 1447 ταῦτα
201 1422 249 1448 καὶ
280 1422 447 1457 φρονοῦσιν·
478 1422 525 1448 ἐπὶ
563 1421 669 1453 τούτοις
695 1423 721 1448 οι
749 1422 875 1457 δύστηνοι

84 1467 247 1502 στέργουσιν
291 1468 488 1503 ὲναυξηθέντες
525 1468 574 1495 καὶ
609 1468 873 1504 τελεσφορηθέντες·

957 501 1002 529 64.
1027 501 1089 530 “8:6
1110 506 1137 529 et
1161 501 1203 529 his
1219 502 1317 529 similia
1334 509 1366 529 ex
1385 502 1456 529 malo
1471 502 1561 530 cordis
1585 503 1712 531 thesauro

922 551 1097 578 cruciantes,
1131 551 1234 574 rectum
1264 551 1387 573 nostrum
1416 551 1444 573 et
1473 546 1712 581 irrcprebensibile

922 592 1017 626 dogma
1035 592 1161 623 irrident,
1177 592 1311 627 simulque
1324 592 1379 619 Deo
1392 592 1501 620 odibilis
1515 592 1645 621 Memoria:
1660 594 1713 622 fide

927 638 1096 672 gloriantur:
1123 637 1281 666 felicitatem
1308 639 1444 673 jactantcs
1473 646 1534 666 esse
1563 640 1712 674 nequitiam

925 684 984 718 ejus
996 703 1004 716 ,
1020 689 1112 718 utpote
1127 691 1161 711 ex
1177 684 1229 712 Irae
1248 685 1316 712 bene
1332 684 1427 711 nutriti
1443 704 1451 716 ,
1469 689 1496 712 et
1514 684 1713 713 abundantiore

925 731 1002 764 copia
1019 736 1074 757 tum
1092 731 1212 758 triticum
1227 736 1281 758 tum
1296 731 1452 758 necessaria
1465 731 1517 759 alia
1532 731 1714 768 retlimentes;

925 784 1014 811 neque
1037 776 1063 804 id
1078 782 1219 812 acceptum
1243 777 1376 804 bonorum
1392 778 1514 805 omnium
1537 780 1642 806 auctori
1659 779 1713 806 Deo

928 822 1087 854 referentes,
1105 830 1193 857 neque
1210 823 1270 850 vita:
1286 828 1385 851 nostra:
1401 824 1534 857 provisori
1550 830 1576 852 et
1591 826 1711 853 cttratori

926 867 1040 902 gratiam
1057 867 1213 896 reddentes.
1237 869 1349 896 Deﬁciet
1365 877 1413 897 nos
1431 875 1537 904 tempus
1551 876 1634 905 atque
1646 879 1711 898 0ra~

927 914 965 941 tio
984 913 1007 940 si
1025 914 1087 941 talia
1103 922 1311 950 persequemur.
1325 915 1392 943 Nam
1410 924 1471 951 quas
1490 917 1588 952 lingua:
1603 924 1714 952 possent

927 959 1024 986 horum
1042 960 1250 994 perversitatem
1273 960 1459 996 malitiamque
1471 963 1624 990 enarrare?
1640 963 1714 990 Satis

926 1010 967 1032 est
982 1013 1064 1031 unum
1081 1006 1167 1032 instar
1182 1006 1304 1033 omnium
1324 1007 1357 1033 ad
1374 1007 1527 1034 universam
1549 1015 1604 1035 rem
1621 1010 1712 1036 det-lu-

928 1049 1040 1077 randam
1056 1051 1146 1077 dicere
1163 1061 1170 1078 ;
1185 1059 1194 1076 ι
1214 1050 1343 1078 Malorum
1358 1052 1499 1079 doctorum
1517 1053 1596 1081 mulce
1610 1054 1714 1082 doctri-

927 1101 986 1126 nae;
1001 1094 1040 1120 vel
1057 1093 1190 1121 malorum
1206 1095 1340 1122 seminum
1358 1096 1428 1122 mala
1440 1103 1528 1131 seges.
1548 1107 1557 1123 ι
1576 1097 1642 1125 Nam
1655 1107 1714 1134 qua:

927 1140 988 1167 illos
1006 1140 1145 1175 Evangelii
1161 1141 1336 1168 adversarius
1351 1162 1357 1174 ,
1376 1149 1449 1169 vera:
1473 1143 1612 1177 religionis
1629 1145 1714 1172 hostis

926 1190 953 1214 et
968 1192 1091 1220 apostata
1104 1207 1110 1219 ,
1128 1187 1296 1213 zizaniorum
1310 1192 1395 1221 sator,
1413 1188 1438 1214 in
1455 1190 1562 1217 arcanis
1582 1191 1638 1217 suis
1653 1198 1714 1218 scc-

926 1231 1058 1266 lcstisque
1067 1233 1266 1260 initiationibus
1273 1233 1374 1266 docuit,
1383 1235 1439 1262 hate
1452 1240 1541 1263 mente
1551 1236 1679 1271 retinent,
1688 1239 1714 1265 in

927 1278 969 1305 his
995 1278 1122 1306 la-tantur
1149 1279 1240 1307 miseri
1267 1287 1297 1306 se
1320 1285 1519 1309 consectaneos
1549 1283 1712 1311 adolevisse.

926 1324 1039 1352 Acerba;
1060 1325 1235 1358 exitiosaaque
1259 1326 1344 1360 spinae
1365 1331 1461 1354 centra
1490 1328 1641 1355 Ecclesium
1668 1330 1713 1357 Dei

926 1376 1142 1402 succreverunt,
1161 1379 1257 1405 purum
1275 1372 1469 1407 sincerumque
1495 1373 1603 1408 pietatis
1620 1382 1714 1402 setneu

926 1416 1102 1445 suffocantes.
1119 1417 1194 1445 Hanc
1206 1419 1279 1444 enim
1296 1417 1330 1445 ob
1349 1426 1459 1445 causata
1472 1427 1520 1447 eos
1531 1420 1654 1448 diabolus
1668 1429 1715 1448 cx-

926 1463 1020 1490 citavit
1034 1465 1175 1497 subulcos,
1191 1464 1324 1499 opiliones
1334 1486 1341 1497 ,
1355 1465 1487 1493 bttbulcos
1497 1487 1504 1498 ,
1521 1466 1604 1500 harm,
1624 1468 1715 1495 stabu-

84 1513 185 1548 πικραὶ
207 1514 255 1540 καὶ
276 1513 418 1548 λοιμώδεις
444 1513 562 1540 ἄκανθαι
579 1515 612 1549 τῇ
644 1513 794 1549 Ἐκκλησία
823 1513 870 1540 τοῦ

926 1510 1032 1544 lorum,
1046 1511 1189 1545 caprilium
1202 1531 1210 1544 ,
1228 1515 1256 1538 et
1273 1511 1420 1545 cujuslibet
1435 1512 1513 1546 hujus
1534 1513 1613 1548 133
1629 1522 1713 1548 gene-

83 1559 154 1586 Θεοῦ
177 1552 408 1595 παραπεφύκασι,
428 1560 475 1586 τὸν
496 1559 618 1595 καθαρὸν
633 1559 682 1586 καὶ
706 1559 798 1586 ἄδολον
824 1560 875 1595 τῆς

85 1603 230 1635 εὐσεϐείας
266 1604 533 1640 καταλυμαινόμενοι
559 1605 683 1639 σπόρονο
708 1605 752 1639 ἐφ’
778 1601 800 1638 ᾧ
820 1605 875 1640 γὰρ

86 1647 186 1679 αὐτοὺς
215 1648 394 1684 συοφορϐοὒς,
425 1649 577 1684 μηλοϐότας
595 1658 625 1676 τε
651 1651 699 1676 καὶ
717 1649 873 1686 βοονόμους,

85 1695 136 1729 τῆς
163 1694 307 1726 ωοὸοσίας
335 1696 381 1722 καὶ
403 1695 459 1722 τῶν
478 1695 645 1730 βοοστασίων
663 1696 710 1722 καί
727 1696 880 1736 αίπολίωνη

86 1738 136 1766 καὶ
155 1739 206 1775 τῆς
223 1740 308 1776 ἄλλης
333 1741 498 1776 συνήγειρεν
518 1741 631 1775 ἀλογίας
654 1741 702 1768 καὶ
718 1741 873 1776 ἀκοσμίας·

84 1785 158 1812 ὥστε
183 1787 285 1818 αὐτοὺς
311 1786 460 1822 κτηνώδεις
483 1795 514 1821 γε
539 1787 621 1818 ὄντας
653 1788 700 1814 καὶ
728 1787 875 1822 ἀγροικίας

88 1831 192 1863 ίκανῶς
219 1832 346 1867 ἔχοντας,
373 1832 421 1859 καὶ
447 1831 523 1864 θείας
546 1832 648 1867 ἥκιστα
670 1832 874 1867 μετεσχηκότας

85 1876 228 1910 γνώσεως,
251 1877 440 1913 ὑπηρετήσειν
452 1877 536 1904 αὑτοῦ
551 1879 606 1909 τοῖς
622 1877 713 1908 ἀθέοις
728 1878 775 1904 καὶ
788 1886 873 1912 πονη-

85 1923 144 1957 ροῖς
156 1922 357 1958 ἐπιτηδεύμασι
370 1923 418 1949 καὶ
432 1922 594 1958 θελήμασιν,
608 1923 636 1948 ὲν
654 1922 741 1957 τούτῳ
756 1922 830 1958 αὐτῷ
844 1922 874 1949 τὸ

84 1969 223 2004 χρήσιμον
237 1969 430 2005 ἀπηνέγκαντο
439 1969 547 2000 ’ὂπλοις
555 1969 609 2003 γὰρ
626 1969 718 2000 αὐτοῖς
727 1969 775 1995 καὶ
788 1969 874 2004 ὀργά-

84 2023 140 2046 νοις
157 2015 306 2050 ὲχρήσατο,
321 2016 351 2041 οὐ
365 2015 519 2050 βαρϐάρους
529 2013 734 2049 τροπώσασθαι,
747 2014 797 2041 οὐκ
809 2014 874 2050 ἔθνη

85 2061 283 2096 χειρώσασθαι,
299 2062 329 2088 οὐ
338 2060 429 2096 χώραν
438 2061 486 2096 τὴν
498 2060 633 2094 πολεμίαν
647 2060 786 2096 ὑπόφορον
795 2061 874 2096 ποιή‹

87 2106 198 2137 σασθαι,
212 2106 263 2133 οὐκ
272 2105 336 2133 ἄλλο
349 2106 426 2132 οὐδὲν
440 2108 510 2132 κατὰ
523 2105 578 2132 τῶν
588 2105 749 2132 ἀντιπάλων
764 2113 872 2140 κατωρ-

85 2152 204 2179 θωκέναι
214 2161 221 2168 ·
233 2152 302 2179 ἀλλὰ
320 2153 375 2179 πᾶν
389 2152 420 2178 τὸ
436 2152 557 2184 εὐσεϐὲς,
569 2152 632 2179 καθ’
645 2149 683 2179 ὧν
714 2152 816 2183 αὐτοὺς
831 2151 874 2184 ἐξ-

84 2197 187 2224 ώπλισε
200 2198 430 2234 παραστήσασθαι
441 2198 500 2224 ’καὶ
511 2198 636 2232 καθάπερ
648 2198 771 2233 μηχανὰς
782 2197 874 2224 ἐλετό-
889 2187 913 2218 D

85 2243 140 2274 λεις
153 2243 325 2277 ἐπαγόμενος
350 2242 398 2277 τὴν
418 2242 536 2276 Χριστοῦ
557 2243 721 2278 Ἐκκλησίαν
733 2243 766 2269 δι’
783 2242 874 2269 αὐτῶν

85 2288 272 2324 ὲκπορθῆσαι,
290 2288 324 2315 τά
347 2297 376 2314 τε
393 2288 516 2323 σύμϐολα
543 2289 590 2315 καὶ
613 2289 799 2323 ὑπομνήματα
825 2289 874 2323 τῆς

86 2335 224 2370 σωτηρίου
245 2334 328 2360 αὐτοῦ
344 2334 513 2369 οἰκονομίας,
531 2335 620 2366 ἀθέως
639 2335 686 2361 καὶ
704 2335 773 2368 ἄγαν
792 2343 872 2369 μανι-

83 2381 139 2412 κῶς
163 2379 422 2415 καταστρέψασθαν
455 2380 556 2407 τούτων
589 2381 693 2412 ἕνεκεν,
736 2380 872 2415 ἱεροσυλία

83 2427 182 2462 ἐκείνῳ
199 2427 364 2462 τετόλμηται
385 2425 432 2452 καὶ
450 2426 504 2452 τῶν
521 2426 601 2453 θείων
614 2426 687 2454 ναῶν
699 2427 850 2461 βεϐήλωσις
863 2434 871 2442 ⁸

84 2473 233 2508 οἰκητήρια
258 2473 314 2508 γὰρ
338 2473 431 2500 αὐτῶν
450 2473 484 2500 τὰ
505 2474 674 2509 μοναστήρια
704 2472 871 2508 πεποίηκενο

926 1557 964 1584 ris
979 1556 1101 1584 colluviei
1115 1562 1196 1592 atque
1206 1557 1393 1590 immunditiat,
1407 1563 1433 1584 ut
1447 1558 1473 1585 hi
1490 1559 1592 1587 scilicet
1604 1561 1713 1589 belluini

924 1603 1130 1638 plurimumque
1155 1604 1281 1631 ruditatis
1305 1605 1455 1636 habentes,
1487 1604 1589 1640 Deique
1616 1608 1712 1634 notitia

926 1650 1041 1676 maxime
1055 1650 1146 1681 alieni,
1164 1650 1254 1683 pravis
1267 1650 1326 1684 ejus
1341 1655 1367 1677 et
1388 1651 1551 1686 irreligiosis
1569 1653 1667 1680 studiis
1682 1662 1713 1680 ac

926 1694 1109 1722 voluntatibus
1127 1695 1328 1727 subscrvirent,
1345 1695 1370 1722 in
1393 1696 1444 1722 hoc
1466 1696 1489 1723 ei
1517 1697 1713 1731 gratificantes.

924 1739 1013 1766 Instar
1027 1740 1129 1775 quippe
1141 1748 1279 1767 armoruut
1300 1746 1327 1768 et
1344 1740 1589 1769 instrumentorum
1606 1744 1647 1770 his
1663 1745 1713 1770 bo-

925 1785 1043 1813 minibus
1065 1787 1167 1814 abusus
1192 1791 1250 1818 est,
1273 1795 1326 1814 non
1347 1787 1380 1814 ad
1407 1787 1539 1816 barbaros
1563 1789 1713 1824 fugandos.

924 1837 1019 1866 gentes
1033 1833 1198 1864 domandae,
1213 1833 1352 1866 regionem
1373 1833 1498 1861 hostilem
1513 1835 1563 1861 sub
1582 1835 1713 1862 tributum

925 1878 1110 1912 rcdigendam,
1123 1878 1230 1906 aliudve
1240 1879 1388 1913 quidquam
1401 1880 1532 1908 adversus
1544 1881 1634 1908 hostes
1646 1882 1714 1909 bene

925 1924 1072 1957 gerendum
1083 1943 1090 1954 ,
1106 1923 1153 1950 sed
1168 1923 1200 1949 ad
1216 1923 1345 1956 pietatem
1360 1931 1468 1950 omnem
1484 1945 1491 1956 ,
1519 1930 1614 1952 contra
1631 1933 1712 1960 quam

925 1968 986 1996 illos
1000 1969 1115 1996 armavit
1130 1989 1137 2001 ,
1159 1969 1368 2004 expugnandam
1391 1974 1454 2002 :ut,
1470 1975 1596 2005 tauquant
1612 1972 1711 1999 arietes

925 2014 1042 2042 murales
1058 2015 1214 2047 admovens,
1231 2014 1332 2042 Christi
1351 2015 1498 2043 Eeclesiam
1516 2023 1563 2051 per
1586 2024 1632 2044 eos
1647 2025 1713 2051 qua-

926 2065 1010 2091 teret,
1029 2065 1056 2087 et
1074 2060 1195 2096 symbola
1216 2067 1248 2087 ac
1263 2066 1437 2088 monumenta
1459 2062 1588 2089 salutaris
1606 2062 1712 2089 Domini

925 2106 1136 2137 incarnationis,
1153 2107 1235 2141 impie
1252 2111 1277 2134 cl
1295 2107 1398 2134 furiose
1412 2108 1558 2134 admodum
1573 2110 1713 2135 subverte-

926 2157 976 2179 ret.
1001 2152 1148 2187 Propterea
1171 2153 1331 2187 templorum
1356 2154 1545 2188 spoliationem
1570 2162 1601 2182 ac
1619 2155 1711 2190 profa-

927 2198 1065 2225 nationem
1089 2197 1228 2224 Mamonas
1247 2206 1329 2225 ausus
1352 2205 1411 2231 est,
1431 2204 1458 2226 et
1479 2199 1632 2227 habitacula
1657 2201 1711 2227 dae~

928 2252 1036 2271 menum
1056 2251 1089 2270 el
1111 2245 1284 2271 monasteriis
1299 2245 1408 2278 effecit;
1424 2246 1531 2273 stabula
1550 2251 1631 2282 atque
1643 2251 1714 2274 ster-

926 2290 1038 2325 quilinia
1054 2291 1080 2316 in
1100 2290 1221 2318 ecclesiis
1239 2290 1284 2317 Dei
1301 2291 1411 2324 statuit;
1429 2300 1543 2326 quorum
1563 2292 1712 2320 facinorum

927 2343 992 2370 pars
1006 2341 1100 2363 nostro
1117 2336 1205 2363 adhuc
1223 2341 1343 2371 tempore
1360 2338 1489 2371 perdurat
1502 2338 1626 2366 visibilis.
1642 2338 1714 2366 Noo-

927 2380 999 2407 nulla
1018 2380 1136 2415 denique
1154 2388 1232 2408 sacra
1254 2382 1312 2408 loca
1337 2382 1419 2408 etiam
1438 2390 1504 2409 auro
1529 2388 1623 2410 contra
1648 2391 1712 2410 reu-

926 2426 1009 2458 didit;
1030 2426 1109 2461 idque
1122 2434 1286 2461 magnopere
1302 2427 1420 2454 clamant
1434 2427 1505 2455 Flat'i
1522 2432 1549 2456 et
1564 2428 1712 2457 Callistrati

926 2473 1060 2508 appellata
1075 2473 1240 2500 monasteria
1259 2473 1284 2508 (7
1290 2474 1328 2508 ί).

85 2519 254 2546 ίπποστάσια
275 2519 303 2546 δὲ
323 2520 370 2546 καὶ
404 2519 550 2554 κοπρῶνας
573 2519 622 2550 τὰς
640 2518 788 2555 ἐκκλησίας
819 2518 867 2545 τοῦ
887 2518 955 2545 Θιοῦ
985 2519 1174 2554 κατεστήσατο
1189 2527 1195 2533 ·
1223 2516 1260 2547 ὧν
1292 2520 1325 2545 τὰ
1362 2521 1570 2556 περιττώματα,
1598 2521 1645 2547 καὶ
1670 2520 1712 2554 ἐφ’

85 2566 162 2602 ἡμῶν
179 2566 271 2593 αὐτῶν
282 2567 428 2602 διήρκεσεν
439 2567 667 2602 ὲπιχρονίσαντα·
678 2565 734 2592 ἔστι
750 2566 778 2594 δὲ
794 2566 811 2593 ἆ
822 2567 868 2593 καὶ
887 2566 999 2602 χρυσίου
1031 2567 1147 2594 ἀπέδοτο
1163 2568 1283 2602 σεμνεία,
1302 2567 1348 2594 καὶ
1378 2567 1460 2602 βοῶσι
1478 2567 1549 2603 μέγα
1560 2567 1594 2594 τὰ
1610 2565 1713 2594 ὲτεώνυ-

86 2621 124 2648 μα
136 2613 248 2648 Φλώρου
268 2613 316 2640 καὶ
329 2613 534 2650 Καλλιστράτου
555 2613 736 2649 μοναστήρια.

121 2691 144 2707 ’⁵
159 2691 261 2719 Jerem.
278 2699 349 2724 κων,
369 2690 461 2719 l0—l9.

123 2782 177 2815 (7t)
202 2780 303 2809 Herum
329 2780 555 2809 monasteriorum
577 2779 671 2807 notitia
707 2783 748 2806 cst
767 2779 793 2805 in
817 2776 1043 2813 Constantinopoli
1077 2778 1248 2811 Christiana,
1274 2779 1321 2805 lib.
1349 2787 1385 2810 tv,
1421 2779 1463 2806 ed.
1486 2779 1571 2806 Paris.
1591 2786 1616 2812 p.
1643 2778 1702 2813 £53,

86 2821 112 2844 et
130 2817 159 2843 15
