1945 3078
235 120 287 152 ι’ῦῦ

748 119 778 150 S.
798 118 1007 151 NICEPHORI
1026 120 1278 151 PATRIARCHI’E
1297 121 1351 152 (ΣΡ.

1334 42 1348 51 π

1814 121 1862 155 496

269 181 314 208 65.
345 180 422 212 Quod
452 186 516 206 vero
544 185 707 213 magnopere
735 178 867 211 Mantonat
900 184 1019 213 tempora

1111 179 1156 211 ξε¹.
1174 180 1273 207 Ὅτιδέ
1292 181 1381 215 μάτην
1392 180 1438 208 ἐπὶ
1450 182 1506 213 τοῖς
1518 182 1625 217 χρόνοις
1641 183 1746 211 ἐκείνου
1763 184 1862 219 ἐγκαλ-

233 229 358 261 iactant,
376 227 425 252 hoc
442 226 524 252 etiam
549 224 787 263 illorttm_stultitia
812 230 839 252 et
855 225 1023 253 absurditate

235 274 347 308 dignum
362 277 413 300 est.
430 271 547 297 Plurima
563 271 634 297 enim
652 272 685 298 ab
706 271 845 299 historicis
861 276 1023 298 oretenusve

239 318 414 346 narrantibus
438 317 532 343 audire
558 321 613 350 est;
630 322 692 344 sunt
708 321 735 344 et
755 317 837 352 aliqui
860 317 949 344 adhuc
977 325 1023 344 su-

235 365 372 398 perstites,
395 363 427 390 ad
452 362 508 390 ltme
526 362 699 397 praedicanda
727 363 844 396 servati;
873 370 906 390 ex
924 363 1023 397 quibus

235 411 342 437 discere
372 416 517 444 possumus
543 409 632 443 qualia
660 413 687 436 et
713 413 814 444 quanta
835 413 898 437 tunc
923 417 954 436 ex
982 410 1021 436 ira

233 457 325 482 divina
350 455 514 490 contigerint
543 455 624 481 mala.
651 454 689 482 Ex
716 462 770 490 quo
798 455 936 482 Mamonas
961 455 1021 482 lidei

234 507 335 528 nostrae
355 501 490 528 molestus
503 500 683 534 esse‘etrpit,
706 506 733 528 et
747 501 816 528 bene
841 501 1021 535 compositum

231 547 416 574 Ecclesinrum
434 551 535 574 statum
558 553 730 580 oppugnare,
750 550 876 580 tanquam
893 546 1023 573 divinitus

233 592 340 620 inﬂicta:
359 591 443 626 plaga;
465 596 491 618 et
508 592 719 626 castigationes,
746 592 833 618 morbi
864 591 1020 626 gravissimi

231 645 257 665 et
277 637 406 673 ﬂagella;
434 645 548 672 quorum
574 636 762 669 multitudine,
781 641 808 664 et
835 637 1020 664 calamitatum

233 685 419 720 magnitudine
444 683 582 718 perterriti
617 682 830 710 nonnulli'tunc
856 689 1020 717 prmsentes,

233 735 396 765 opportune,
410 734 500 763 utpar
513 729 709 761 erat,historiaz
719 729 826 756 tradere
837 729 946 763 dignum
959 736 1021 756 cen-

232 779 344 802 suerunt
368 781 468 808 genera
485 780 594 808 quoque
609 773 740 800 malorum
757 781 816 808 quae
837 774 941 808 experti
958 778 1021 801 sulll

234 820 387 854 huiusmodi
413 819 481 855 (75),
505 819 667 847 Pestilentes
688 824 789 846 mortes
809 827 869 855 qua:
896 820 1019 847 homines

231 866 432 899 eotriptteruttl,
450 871 528 892 nemo
543 869 633 899 potest,
643 872 815 897 enumerare,
832 871 1019 900 quantumque

233 918 375 938 numerum
394 910 514 945 depastze
538 911 612 944 sint;
635 911 733 945 quibus
757 919 788 939 se
811 911 975 939 subtrahens
998 913 1021 940 is

231 958 277 991 qui
293 964 375 983 causa
396 956 501 983 illarum
516 960 584 989 erat,
609 956 705 991 procul
722 957 795 992 regia
811 957 891 990 ttrbe,
907 965 1020 985 casuum

232 1003 461 1029 internecivorum
479 1009 564 1035 metu,
578 1003 740 1039 plerutnquc
751 1004 876 1038 degebat.
899 1004 1020 1040 Namque

231 1049 302 1083 apud
325 1048 511 1076 Nicomediam
531 1049 647 1083 ejusque
664 1049 794 1076 suburbia
819 1050 1018 1084 (liversabatur,

232 1095 286 1122 imo
300 1095 382 1122 etiam
399 1095 479 1129 longe
495 1095 620 1122 ulterius.
638 1095 675 1121 De
687 1095 860 1123 multitudine
871 1100 960 1124 autem
975 1097 1019 1124 in-

231 1140 307 1167 tinita
324 1140 525 1173 defunctorum,
542 1148 590 1175 per
603 1139 712 1168 litteras
730 1141 747 1168 ii
769 1142 866 1176 quibus
883 1142 957 1169 urbis
971 1149 1019 1170 ne-

231 1186 302 1221 gotia
320 1186 465 1212 conunissa
484 1185 604 1219 fuerant,
622 1185 696 1212 illtnn
713 1186 883 1220 edocebant,
900 1187 1019 1215 millibus

230 1232 355 1266 plurimis
371 1231 494 1266 quotidie
507 1233 673 1265 numeratis,
694 1232 731 1259 ita
761 1238 789 1260 ut
816 1234 940 1269 sepulcra
958 1242 1020 1262 eor-

230 1278 341 1312 poribus
364 1278 460 1304 tierent
480 1281 609 1312 angusta,
633 1283 660 1305 et
687 1285 820 1312 aquarum
846 1286 955 1314 quoque
977 1287 1019 1307 re-

230 1322 369 1358 ceptacula
390 1322 432 1349 bis
454 1321 641 1357 opplerentur,
659 1327 686 1350 et
700 1323 823 1357 quisquis
841 1323 911 1351 alius
935 1325 1018 1352 cada-

229 1369 339 1396 Vz-ribus
369 1367 534 1402 recipiendis
555 1367 630 1394 locus
658 1372 719 1395 erat
745 1368 874 1402 idoneus;
902 1377 1017 1404 quorutn

230 1421 293 1448 pars
307 1420 342 1440 ne
366 1412 492 1447 sepulcro
519 1413 629 1446 quidem
653 1412 841 1446 tradebantur,
866 1415 914 1442 sed
939 1419 1020 1450 prout

229 1468 259 1486 se
285 1466 328 1486 res
350 1458 431 1486 dabat
457 1457 666 1491 abjiciebantur,
690 1457 826 1493 justisque
857 1458 1019 1486 funebribus

1075 226 1240 258 λωπίζονται
1253 246 1259 258 ,
1278 227 1325 253 καὶ
1348 227 1427 253 τοῦτο
1440 228 1488 262 τῆς
1507 228 1620 256 ἐκείνων
1637 230 1798 266 ἀϐελτερίας
1818 232 1863 259 καὶ

1074 271 1185 306 ἀλογίας
1208 272 1303 305 ἀξιονθ
1327 273 1442 300 πλεῖστα
1461 273 1516 310 γὰρ
1542 276 1589 302 καὶ
1614 275 1794 311 ἱστορούντων
1818 278 1864 305 καὶ

1074 317 1208 351 λεγόντων
1223 318 1296 344 ἔστιν
1309 318 1420 345 ἀκούειν
1430 327 1436 333 ⁸
1451 320 1504 346 sic!
1521 320 1576 356 γὰρ
1587 322 1634 348 καὶ
1648 321 1697 348 νῦν
1714 322 1753 349 ἔτι
1765 322 1806 358 τῷ
1817 323 1864 359 βίῳ

1075 364 1311 399 περιλειπόμενοι,
1332 366 1378 392 καὶ
1402 363 1447 393 οἶα
1465 369 1587 402 κήρυκες
1600 368 1702 395 τούτων
1719 370 1865 405 διατηρού-

1076 418 1163 445 μενοι.
1179 410 1219 436 Δι’
1233 407 1271 436 ὧν
1288 410 1382 444 μαθεῖν
1396 413 1452 443 τοῖς
1468 411 1639 447 βουλομένοις
1655 415 1800 449 πάρεστιν,
1816 416 1866 443 ὅσα

1073 455 1120 482 καὶ
1142 452 1185 481 οἷα
1204 456 1237 481 τὰ
1259 456 1291 481 ὲκ
1309 456 1356 490 τῆς
1378 457 1453 488 θείας
1474 458 1558 493 ὀργῆς
1579 459 1696 486 ἐπέλαϐε
1713 461 1866 496 τηνικαῦτα

1072 500 1147 526 δεινά
1159 508 1166 514 ·
1183 500 1214 532 ἐξ
1233 498 1264 527 οὗ
1283 502 1318 528 τὰ
1331 503 1379 536 τῆς
1395 502 1456 529 καθ’
1476 504 1550 538 ἡμᾶς
1565 505 1683 536 πίστεως
1700 505 1867 542 καθυϐρίζε-

1074 545 1136 572 σθαι
1158 544 1260 581 ἦρκται
1273 566 1280 578 ,
1307 547 1423 573 καὶτῶν
1442 548 1611 584 Ἐκκλησιῶν
1630 551 1828 586 ἐκπορθεῖσθαι
1849 552 1866 587 ἡ

1073 591 1230 623 εὐστάθεια,
1250 589 1306 619 οἷαι
1323 592 1449 628 θεήλατοι
1469 594 1586 629 πληγαὶ,
1603 596 1649 622 καὶ
1670 597 1803 629 παιδεῖαι,
1819 599 1866 623 καὶ

1073 636 1146 672 πάθη
1164 637 1303 672 βαρύτατα
1318 639 1366 664 καὶ
1390 639 1499 674 μήνιδες
1511 648 1518 654 ·
1535 637 1572 667 ὧν
1587 640 1627 676 τῷ
1647 641 1745 677 πλήθει
1762 643 1811 670 καὶ
1828 642 1867 678 τῷ

1074 683 1184 718 μεγέθει
1211 683 1266 709 τῶν
1298 685 1446 719 συμφορῶν
1471 686 1783 722 ὑπερεκπληττόμενοι,
1810 689 1867 714 τῶν

1072 728 1131 754 τότε
1147 729 1289 764 παρόντων
1304 730 1391 762 τινὲς,
1409 731 1546 767 εὐκαίρως
1563 734 1611 759 καὶ
1626 735 1666 765 εἰς
1681 734 1740 760 δέον
1756 735 1868 770 χρώμε-

1072 781 1130 806 νοι,
1157 773 1263 809 ἱστορίᾳ
1294 775 1461 810 παραδοῦναι
1486 777 1560 810 ἀξιον
1588 778 1739 814 ᾠήθησαν,
1758 781 1806 807 καὶ
1832 781 1867 808 τὰ

1073 818 1130 854 είδη
1148 819 1202 846 τῶν
1223 820 1316 846 κακῶν
1339 822 1379 853 είς
1392 824 1489 857 πεῖραν
1505 824 1627 859 ἀγόμενα
1640 825 1771 853 τοιαῦτα”
1787 828 1802 853 ὸ
1817 827 1879 862 μένμ

1072 864 1198 900 λοιμικὸς
1223 865 1337 899 θάνατος
1351 867 1381 899 ὃς
1403 870 1459 900 τοίς
1484 870 1640 904 ἀνθρώποις
1660 873 1866 908 ἐπεπορεύετο,

1071 909 1126 936 οὐδ’
1141 910 1174 937 ἀν
1196 919 1243 943 τις·
1262 911 1497 948 ἐξαριθμήσαιτο,
1515 916 1556 947 εις
1575 916 1639 943 ὅσον
1657 917 1758 953 πλῆθος
1774 919 1867 946 αὐτῶν

1071 956 1263 1006 timuiita-co“,
1288 958 1318 990 ἐξ
1344 956 1375 985 οὗ
1400 960 1433 995 δὴ
1461 962 1508 987 καὶ
1538 961 1648 1006 διαδράς
1669 965 1684 990 ὁ
1706 955 1769 999 τῆξ
1779 965 1868 1000 ὀργῆς

1071 1001 1169 1034 αἴτιος,
1183 1001 1234 1037 τῆς
1251 1002 1431 1040 βασιλεούσης
1452 1006 1593 1042 πόρρωθεν
1608 1001 1646 1040 ὧς
1659 1008 1695 1035 τὰ
1707 1010 1794 1036 πολλὰ
1811 1011 1867 1037 δέει

1069 1046 1124 1073 τῶν
1137 1047 1342 1082 συμϐαινόντων
1360 1051 1489 1085 ηὐλίζετο
1501 1060 1508 1066 ·
1524 1054 1588 1088 περί
1600 1062 1630 1080 τε
1643 1055 1698 1090 γὰρ
1714 1056 1764 1090 τὴν
1780 1056 1866 1082 Νικο-

1071 1092 1177 1127 μηδέων
1192 1093 1239 1120 καὶ
1255 1094 1288 1120 τὰ
1305 1095 1333 1122 ἐν
1351 1096 1443 1131 ἐκείνῃ
1468 1098 1637 1133 προάστεια,
1652 1101 1701 1132 τὰς
1720 1101 1867 1137 διατριϐὰς

1069 1137 1188 1164 ἐποιεῖτο
1198 1159 1205 1172 ,
1227 1139 1274 1166 καὶ
1291 1140 1394 1168 τούτων
1410 1142 1541 1170 ἐπέκεινα
1553 1144 1645 1180 πολλῷ
1659 1153 1666 1160 ’
1686 1145 1736 1181 τὴν
1748 1147 1778 1173 δὲ
1793 1147 1867 1181 πλη-

1070 1182 1117 1209 θὺν
1128 1183 1177 1218 τὴν
1196 1185 1330 1220 ἀπείρονα
1343 1186 1397 1213 τῶν
1412 1187 1613 1223 ἐξοδευομένων
1628 1191 1778 1226 γράμμασι
1790 1192 1867 1228 χρώ-

1070 1237 1166 1263 μενοι,
1181 1230 1206 1256 οἱ
1222 1231 1256 1258 τὰ
1269 1232 1341 1259 κατὰ
1357 1232 1407 1268 τὴν
1425 1233 1503 1260 πόλιν
1515 1235 1752 1273 ἐπιτετραμμένοι
1771 1240 1866 1274 πράγ-

1070 1284 1154 1310 ματα,
1168 1277 1249 1304 αὐτὸν
1263 1279 1437 1307 ἀνεδίδασκον
1449 1301 1456 1313 ,
1481 1281 1609 1317 χιλιάδων
1629 1283 1667 1315 ὡς
1681 1284 1820 1312 πλείστων
1834 1285 1866 1312 τὸ

1069 1321 1112 1355 ἐφ’
1127 1322 1219 1358 ἡμέρᾳ
1229 1323 1454 1359 ἀριθμουμένων,
1466 1326 1503 1358 ὡς
1515 1327 1637 1359 καὶτοὺς
1651 1328 1754 1362 τάφους
1767 1337 1863 1355 στενο-

1069 1369 1217 1402 χωρεῖσθαι
1234 1371 1291 1401 τοῖς
1302 1370 1411 1406 σώμασι
1426 1380 1433 1388 υ
1448 1373 1496 1399 καὶ
1510 1373 1545 1399 τὰ
1555 1373 1610 1401 τῶν
1623 1374 1727 1400 ὑδάτων
1735 1375 1867 1410 ὲκδοχεῖα

1069 1413 1234 1451 ὑπερπλήρη
1250 1416 1383 1450 γίνεσθαι,
1399 1418 1446 1445 καὶ
1459 1418 1485 1445 εί
1496 1427 1523 1445 τι
1538 1419 1605 1446 ἄλλο
1616 1421 1717 1456 χωρίον
1737 1422 1808 1456 πρὸς
1821 1430 1867 1448 νε-

1069 1461 1137 1496 κροῦ
1162 1461 1288 1497 σώματος
1310 1463 1446 1499 ὑποδοχὴν
1467 1466 1692 1501 παρετύγχανεν·
1711 1463 1749 1494 ὧν
1774 1468 1866 1499 ἐνίους

231 1504 458 1533 destituebantur.
480 1502 537 1530 Non
561 1503 634 1530 enim
650 1504 743 1531 videre
759 1509 818 1531 erat
843 1512 927 1531 unum
944 1513 1017 1532 mor—

1072 1507 1141 1543 μηδὲ
1170 1508 1249 1544 τάφῳ
1270 1510 1484 1545 παραδίδοσθαι,
1505 1513 1562 1539 ἀλλ’
1577 1514 1615 1544 ὡς
1637 1513 1671 1540 ἂν
1683 1513 1759 1548 τύχοι
1777 1514 1867 1550 ἀπορ-

231 1557 306 1578 tuum
329 1551 355 1577 in
372 1548 512 1582 sandapila
529 1549 684 1582 deductum,
711 1550 759 1577 sed
789 1554 844 1577 tres
866 1550 908 1577 vel
934 1551 1017 1578 etiam

230 1598 360 1632 quinque,
375 1601 401 1622 et
412 1600 544 1629 quotquot
557 1602 572 1622 a
584 1595 760 1630 bajulisl‘erri
775 1600 899 1631 poterant
913 1603 921 1622 :
938 1597 1019 1631 quod-

231 1651 283 1678 que
297 1644 415 1668 maxime
429 1641 596 1676 ittsperatum
619 1646 678 1669 erat
694 1647 721 1669 et
739 1646 847 1669 terrore
860 1641 980 1677 plenum,
999 1641 1018 1669 ii

231 1689 276 1723 qui
293 1692 461 1715 mortuorum
485 1687 651 1722 sepulturam
669 1688 812 1719 curabant,
829 1688 1020 1722 praecedebant

232 1735 291 1762 illos
318 1734 352 1760 ad
378 1733 528 1764 tumulum,
550 1738 662 1768 repente
687 1734 742 1761 vita
762 1734 861 1768 erepti,
885 1738 913 1761 et
939 1733 1019 1769 quasi

232 1782 345 1808 invicem
360 1780 501 1808 moriendo
518 1780 723 1815 praevenientes.
737 1780 815 1808 Adde
828 1781 870 1808 his
887 1785 1017 1814 terrores,

230 1832 259 1854 et
275 1825 410 1854 horrenda
426 1825 582 1860 prodigiosa
601 1825 805 1859 phantasmata,
827 1826 954 1853 humanis
971 1833 1018 1852 au-

231 1872 333 1900 ditibus
350 1870 540 1904 mentibusque
563 1877 632 1897 nava
649 1876 677 1897 et
692 1871 838 1905 incognita,
863 1878 923 1906 quae
937 1876 1017 1899 noctu

231 1918 333 1950 diuque
349 1916 508 1943 visebantur
519 1919 602 1949 atque
614 1915 795 1943 audiebantur
809 1916 896 1951 palam
909 1916 1017 1950 multis;

230 1969 257 1990 ct
270 1962 432 1998 plmutasias
448 1966 529 1995 atque
545 1968 659 1988 sonores
676 1968 758 1995 supra
777 1962 866 1997 capita
883 1969 1018 1997 apparen-

232 2014 272 2035 tes
292 2012 317 2034 et
345 2006 458 2033 exitium
487 2005 711 2038 intertninantes;
740 2006 850 2034 nomina
873 2010 955 2034 etiam
970 2007 1020 2035 ali-

230 2053 338 2085 quando
357 2057 383 2079 ct
397 2059 527 2078 numerus
541 2059 603 2078 mox
620 2052 814 2079 moriturorum
827 2052 1017 2081 audiebantur.

230 2099 263 2127 Et
279 2101 335 2126 haec
349 2098 458 2132 quidem
471 2105 550 2131 supra
565 2101 677 2124 terram.
689 2097 744 2124 Sed
760 2097 848 2124 adhuc
862 2097 904 2125 his
914 2098 1018 2133 pejora,

230 2153 290 2180 qua:
306 2148 386 2170 antea
414 2144 464 2170 sub
491 2148 591 2169 terram
614 2150 695 2177 quam
714 2143 786 2170 circa
806 2148 904 2170 terram
928 2144 1017 2173 fuere.

1071 1554 1248 1589 ῥιπτεῖσθαι,
1273 1557 1320 1583 καὶ
1338 1557 1388 1593 τὴν
1411 1559 1456 1584 ἐπ’
1470 1559 1571 1591 αὐτοὺς
1590 1561 1668 1586 ὁσίαν
1690 1560 1865 1587 ἐπιλείπειν*

1069 1600 1099 1626 ού
1114 1601 1169 1635 γὰρ
1181 1598 1215 1636 ἦν
1232 1602 1331 1637 νεκρὸν
1344 1603 1391 1629 ἕνα
1408 1604 1472 1631 [δεῖν
1488 1605 1535 1642 ἐπὶ
1551 1607 1699 1641 σκίμποδος
1715 1607 1865 1642 ἀγόμενον,

1069 1647 1143 1680 τρεῖς
1156 1645 1184 1672 δὲ
1197 1646 1213 1682 ἢ
1232 1646 1314 1674 πέντε
1329 1649 1422 1684 τυχὸν,
1439 1650 1486 1677 καὶ
1497 1638 1578 1683 (Lacon;
1596 1638 1629 1679 δν
1641 1653 1665 1678 oi
1677 1638 1865 1688 ᾶιχθοςροριιῦνζ

1068 1698 1116 1722 τες
1136 1691 1295 1726 ἐκκομίζειν
1315 1693 1448 1729 ἠδύναντο
1460 1704 1468 1712 ·
1485 1696 1500 1722 ὃ
1522 1697 1549 1723 δέ
1574 1698 1798 1733 παραδοξότατον
1817 1699 1867 1726 καὶ

1069 1735 1161 1771 πάσης
1172 1737 1257 1772 γέμον
1270 1739 1440 1775 ἐκπλήξεως,
1452 1741 1507 1767 ἐσθ’
1518 1742 1563 1768 ὅτε
1575 1744 1599 1769 oi
1612 1743 1659 1770 ἐπὶ
1673 1746 1706 1779 τῇ
1719 1746 1795 1780 ταφῇ
1809 1746 1867 1771 τῶν

1069 1782 1296 1818 προτεθνηκότων
1327 1785 1527 1819 σπουδάζοντες
1553 1788 1625 1815 κατὰ
1651 1789 1714 1820 τοὺς
1739 1790 1867 1824 τάφους,

1070 1828 1193 1860 ἐκείνους
1205 1830 1379 1866 προέφθανον
1391 1840 1398 1847 ·
1412 1832 1500 1866 οὕτως
1514 1833 1613 1870 ἀθρόον
1626 1835 1866 1871 ἀναρπαζόμενοι,

1069 1873 1118 1900 καὶ
1129 1873 1223 1910 ὥσπερ
1238 1875 1363 1912 ἀλλήλοις
1377 1877 1416 1913 τῷ
1431 1878 1539 1915 θανάτῳ
1551 1881 1844 1917 προσεπεμϐαίνοντες
1854 1891 1865 1898 ·

1069 1919 1118 1946 καὶ
1131 1919 1167 1946 τὰ
1184 1921 1214 1948 ἐν
1227 1921 1334 1954 τούτοις
1348 1923 1481 1959 δείματα,
1495 1924 1534 1957 ὡς
1548 1926 1656 1959 ἐξαίσια
1671 1936 1700 1954 τε
1717 1929 1765 1955 καὶ
1780 1938 1868 1964 τερα-

1070 1964 1141 2001 τώδη
1162 1968 1365 2003 φαντάσματα,
1393 1971 1442 1996 καὶ
1471 1971 1659 2007 ἀνθρωπείαις
1690 1974 1787 2006 ἀκοαῖς
1817 1977 1870 2003 καὶ

1069 2011 1201 2044 διανοίαις
1223 2013 1288 2047 ξένα.
1310 2015 1359 2041 καὶ
1379 2016 1563 2051 ἀδιάγνωστα,
1582 2019 1600 2046 ἃ
1617 2019 1664 2046 καὶ
1688 2019 1801 2056 νύκτωρ
1817 2023 1870 2049 καὶ

1071 2056 1131 2091 μεθ’
1155 2057 1262 2093 ἡμέραν
1283 2059 1389 2095 ἑωρᾶτὸ
1405 2069 1434 2087 τε
1455 2062 1501 2088 καὶ
1525 2063 1642 2097 ἠκούετο
1661 2064 1701 2095 είς
1722 2062 1868 2099 προῦπτον

1070 2103 1126 2134 τοῖς
1141 2103 1266 2135 πολλοῖς·
1289 2106 1448 2139 φαντασιῶν
1470 2115 1500 2133 τε
1520 2108 1567 2135 καὶ
1589 2109 1774 2144 ἀκουσμάτων
1792 2110 1869 2147 ὑπὲρ

1070 2148 1193 2184 κεφαλῆς
1217 2150 1438 2186 ἐπιφαινομένων
1464 2153 1512 2180 καὶ
1536 2152 1721 2182 ἀπειλούντων
1739 2156 1787 2182 τὸν
1805 2156 1870 2182 ὁλε-

231 2191 288 2217 Νοη
306 2190 377 2216 cnim
393 2189 450 2223 jam
477 2188 579 2215 diutius
604 2192 779 2222 peceatorum
803 2190 1016 2224 magnitudinem

1071 2193 1151 2230 θρον,
1173 2196 1220 2221 καὶ
1236 2198 1421 2233 προσηγορίαι
1441 2199 1472 2234 δή
1492 2207 1583 2233 τινες,
1603 2201 1650 2227 καὶ
1670 2202 1789 2236 ἀριθμὸς
1810 2203 1870 2229 τῶν

231 2237 311 2264 tellus
329 2236 441 2262 ferebat.
457 2234 593 2268 Quantum
608 2234 659 2262 fuit
674 2240 753 2262 terra:
775 2241 907 2266 motuum.
926 2238 1018 2264 tremi-

229 2286 304 2308 tuum
317 2279 400 2315 134
413 2286 439 2306 et
460 2279 668 2306 concussionum
688 2281 835 2314 negotium,
852 2281 1016 2310 horrendum

231 2335 344 2362 prorsus
361 2331 388 2353 et
408 2331 527 2353 mentem
545 2327 752 2361 orationemque
777 2327 922 2355 humanam
939 2337 1019 2356 exce-

229 2373 313 2400 dens!
335 2371 502 2399 Videbantur
518 2372 590 2398 cnim
610 2371 713 2399 telluris
735 2373 809 2407 quati
826 2373 1017 2407 fundamenta,

229 2427 317 2453 eaque
339 2417 497 2445 cardinibus
515 2425 647 2444 concussa
671 2420 755 2445 everti
779 2423 807 2446 et
823 2419 948 2453 distrahi.
968 2416 1018 2448 nec

227 2464 283 2498 jam
302 2463 393 2490 sedem
413 2470 489 2489 suam
514 2469 667 2497 nexumque
683 2467 787 2492 tenere.
810 2464 866 2497 Qua
891 2472 973 2500 Super
989 2474 1018 2493 re

231 2510 322 2538 verbis
343 2510 508 2544 parcendum
535 2517 651 2543 censeo;
669 2518 786 2545 namque
801 2512 920 2546 ipsorutn
945 2519 1019 2538 sum-

230 2562 388 2592 ptttosorum
401 2555 624 2588 mdiﬁciorum,et
636 2556 758 2583 villarum
769 2558 1018 2592 ornatissimorum,

230 2602 295 2628 tuba
318 2601 417 2634 veluti,
444 2601 563 2627 clamant
590 2602 691 2634 ruinae,
711 2610 771 2636 quae
800 2603 949 2630 incolarum
970 2612 1019 2639 op-

230 2654 386 2682 pressorum
413 2646 491 2674 facta:
514 2651 577 2673 sunt
601 2647 750 2681 sepulturae
766 2659 771 2675 :
790 2649 847 2676 haec
860 2650 931 2677 enim
954 2651 1018 2678 sub-

229 2701 307 2721 versa
334 2699 414 2722 terra:
434 2698 506 2721 motu
535 2693 649 2720 mdiiicia
668 2692 733 2720 fecit
746 2694 786 2721 eis
808 2695 931 2730 sepulcra
951 2696 1017 2724 ultio

262 2782 319 2817 (75)
336 2782 443 2818 “eapse
457 2779 638 2818 calamitates,
658 2782 874 2817 nominatimque
889 2785 1018 2818 pestilen-

227 2817 279 2845 tias
302 2817 353 2845 sub
377 2816 549 2850 Coprouymo
575 2816 739 2850 saevientes,
765 2816 865 2853 passim
890 2816 1015 2849 historici

1070 2241 1132 2268 ὅσον
1156 2241 1234 2269 οΰπω
1263 2244 1469 2280 τεθνηξομένων
1495 2247 1660 2281 ἐξηκούετο·
1687 2249 1736 2275 καὶ
1757 2249 1792 2275 τὰ
1816 2251 1870 2285 μὲν

1071 2287 1142 2321 ὑπὲρ
1162 2287 1215 2322 γῆν
1231 2289 1343 2315 τοιαῦτα
1367 2291 1415 2317 καὶ
1438 2291 1541 2318 τούτων
1561 2292 1601 2320 ἔτι
1625 2294 1753 2328 χείρονα,
1776 2295 1811 2321 τὰ
1836 2295 1869 2321 δὲ

1071 2333 1136 2368 πρὶν
1155 2334 1206 2360 ὑπὸ
1222 2334 1274 2372 γῆν
1294 2335 1309 2370 ἧ
1332 2337 1396 2370 περὶ
1411 2338 1463 2372 γῆν
1475 2345 1482 2352 ο
1502 2339 1532 2364 οὐ
1559 2339 1614 2375 γὰρ
1632 2339 1673 2367 ἔτι
1687 2340 1743 2367 τῶν
1761 2341 1870 2377 ἀπεδη-

1072 2380 1165 2414 μάτων
1175 2380 1205 2406 τδ
1222 2381 1336 2415 μέγεθος
1352 2382 1450 2418 ἔφερεν
1461 2385 1541 2410 ὁποῖα
1554 2385 1609 2411 τῶν
1621 2386 1672 2420 μὲν
1682 2387 1805 2421 σεισμῶν
1820 2388 1870 2414 καὶ

1071 2424 1204 2460 βρασμῶν
1221 2427 1269 2453 καὶ
1287 2428 1484 2463 ἁνατιναγμῶν
1499 2430 1530 2456 τὺ
1548 2431 1642 2466 χρῆμα
1655 2451 1663 2464 ,
1689 2432 1728 2463 ὡς
1744 2432 1870 2464 ἐξαίσιον

1072 2470 1119 2496 καὶ
1134 2470 1198 2497 νοῦν
1213 2472 1261 2497 καὶ
1279 2471 1357 2506 λόγον
1373 2473 1523 2509 ὑπεραῖρον
1539 2475 1712 2510 ἀνθρώπειον
1722 2485 1729 2492 ⁸
1745 2478 1870 2512 ὑπεφαί-

1071 2523 1132 2541 νετο
1150 2516 1307 2559 γὰρέιὺτῆς
1323 2519 1550 2547 κατακλονεῖσθαι
1569 2523 1602 2548 τὰ
1617 2522 1746 2557 θεμέλια,
1766 2524 1815 2550 καὶ
1834 2526 1869 2552 ἐκ

1070 2561 1208 2598 πυθμένος
1228 2564 1435 2600 ἀνατετράφθαι
1452 2567 1683 2603 ἀναϐραστόμενα
1700 2571 1747 2597 καὶ
1761 2571 1871 2598 διιστά-

1071 2617 1140 2643 μενα
1152 2628 1159 2641 ,
1179 2609 1226 2636 καὶ
1243 2609 1339 2646 ὥσπερ
1363 2612 1522 2647 ἀρνούμενα
1538 2614 1588 2650 τὴν
1602 2615 1713 2642 ἑαυτῶν
1733 2616 1816 2651 ἕδραν
1837 2627 1868 2644 τε

1071 2654 1118 2679 καὶ
1135 2654 1295 2690 συνέχειαν·
1309 2653 1332 2689 ᾧ
1350 2657 1411 2684 οὐδὲ
1432 2658 1519 2692 λόγων
1532 2657 1610 2694 οἶμαι
1628 2660 1738 2695 δεήσειν
1750 2668 1756 2675 '
1774 2661 1870 2688 αὐτῶν

1071 2701 1125 2737 γὰρ
1149 2702 1202 2728 τῶν
1219 2702 1374 2729 πολυτελῶν
1398 2705 1558 2739 οἰκημάτων
1571 2725 1578 2737 ,
1599 2706 1648 2732 καὶ
1669 2706 1723 2733 τῶν
1739 2707 1868 2742 κτήσεων

1072 2787 1215 2828 Byzantini
1235 2794 1289 2828 tum
1303 2790 1366 2828 mliti
1385 2797 1439 2818 tum
1459 2792 1552 2828 inediti
1568 2798 1678 2820 narrant
1708 2792 1739 2820 Et
1754 2794 1864 2828 quidem

1073 2828 1166 2852 noster
1182 2826 1239 2858 ipse
1253 2825 1421 2861 Niccpltorus
1438 2828 1464 2855 in
1484 2827 1623 2856 Brcvrarto
1647 2825 1780 2858 historico
