1945 3078
65 184 112 218 49⁸1
417 188 731 222 ANTIRRHETICUS
751 190 797 220 III
816 187 900 221 λον.
921 187 1217 220 CONSTANTINUM
1236 187 1342 219 COPR.
1645 183 1699 215 49πῖ

65 245 117 271 τῶν
137 244 408 281 κεκαλλωπισμένων
422 247 549 280 σαλπίζει
567 247 639 283 μέγα
659 247 692 274 τὰ
707 247 852 282 πτώματα,

915 248 1008 275 livina.
1024 248 1112 282 Atque
1135 247 1191 274 haec
1208 244 1386 281 potissimum‘
1403 243 1545 272 calamitas
1572 244 1697 271 incubuit

64 291 82 318 ἃ
95 290 149 318 τῶν
165 291 324 318 ὑποδύντων
339 293 387 319 καὶ
401 293 596 328 πεπιεσμένων
617 294 727 327 ἐγένετο
741 292 857 320 πολυάν-

915 294 984 321 circa
1001 293 1084 320 colles
1098 297 1126 320 et
1140 293 1290 320 eminentes
1305 292 1394 323 locos,
1413 298 1473 326 qua:
1493 299 1565 318 nunc
1588 298 1697 325 quoque

64 337 124 371 δρια
134 345 142 352 ε
158 336 262 372 τάφους
276 337 332 373 γὰρ
344 338 434 365 αὐτῶν
450 340 466 374 ἡ
486 339 628 375 θεόκριτος
641 339 704 374 δίκη
721 340 857 366 ἐπικατα-

915 338 983 365 rirca
1005 337 1107 373 regiam
1126 337 1219 364 urbem
1234 337 1329 364 rudera
1343 336 1445 370 jaceut.

65 383 206 411 πεισθέντα
222 384 258 411 τὰ
279 385 426 420 δομήματα
444 387 585 422 ἐσχεδίασε
597 395 603 402 ·
618 386 667 414 καὶ
682 386 764 414 τοῦτο
800 386 867 413 πολὺ
889 385 1008 420 μάλιστα
1028 385 1060 412 τὸ
1079 384 1165 416 πάθος
1185 384 1343 419 κατέσκηψε
1385 385 1457 411 κατὰ
1477 384 1526 415 τὰς
1541 382 1637 417 λοφιὰς
1653 383 1700 409 καὶ

64 430 97 456 τὰ
111 429 299 465 ὑπερκείμενα
311 431 410 466 χωρία,
428 430 446 457 ἃ
457 431 488 466 δὴ
504 431 575 458 κατὰ
588 433 618 458 τὸ
635 431 771 466 βασίλειον
785 431 852 458 ἄστυ
873 431 955 466 μέχρι
970 431 1090 466 σήμερον
1104 430 1213 465 ἐρείπια
1229 429 1385 464 βέϐληνται.

101 475 153 508 ξςα
173 476 210 502 Οὔ
231 476 283 511 μὴν
298 476 358 503 οὐδὲ
376 477 411 503 τὰ
425 477 455 510 ἐξ
471 478 552 513 ἀέρος
573 479 689 513 δείματα
705 479 854 514 ἐπηρεμεῖν

65 522 280 557 ἢέφησυχάζειν
304 523 486 558 ὑϐριζομένου
508 524 556 551 τοῦ
573 525 691 552 κτίστου
713 525 854 561 ἠνείχετο·

64 567 152 593 ἐδόκει
172 567 228 602 γὰρ
242 569 300 599 τοῖς
325 568 355 594 τὸ
374 568 503 603 τηνικάδε
527 568 693 604 ἀνθρώποις,
712 570 776 601 τοὺς
794 569 854 596 κατ’

64 612 178 646 οὐρανὸν
199 612 318 648 ἀστέρας
344 614 391 640 ἐπὶ
413 615 466 649 γῆς
488 615 618 651 ἐρῤίῳθαι
640 615 763 646 ἃπαντας
787 616 856 650 ῥαγ-

65 658 162 691 δαίως,
188 658 260 686 οὕτω
275 659 323 686 καὶ
347 660 531 695 συνεχέστατα
554 661 602 688 τοῦ
620 655 714 696 ἀερίου
735 661 856 694 πάθους,

64 704 115 730 ἁνά
134 704 184 740 τῆς
200 705 366 740 οἰκουμένης
381 704 459 740 οἶμαι
483 706 518 732 τὰ
540 706 647 742 πέρατα
664 706 763 742 ἀθρόον
779 707 858 733 ἐκκε-

64 750 182 785 χυμένον
196 759 203 766 ·
215 751 283 785 ὁμοῦ
298 751 354 786 γὰρ
373 752 419 778 καὶ
432 752 505 779 κατὰ
515 753 614 779 ταυτὸν
625 753 653 779 οῖ
666 761 695 779 τε
706 753 755 787 τὴν
771 752 860 788 Ἐῴαν

64 797 90 822 οἷ
103 804 134 822 τε
147 796 198 832 τὴν
215 796 364 833 Ἑσπερίαν
380 798 552 833 διειληφότες
569 799 690 830 ἅπαντες
703 798 796 833 λῆξιν,
813 799 860 825 καὶ

63 841 153 869 ταῦτα
170 842 306 877 χειμῶνος
321 843 381 879 ὥρᾳ
391 844 440 871 καὶ
451 845 549 876 νυκτδς
562 845 759 880 ἐπιγενομένης
773 844 861 879 ἐωράο

943 477 987 504 66.
1007 477 1059 504 Sed
1084 484 1170 512 neque
1187 477 1258 504 aeris
1274 481 1409 508 terrores,
1426 475 1559 503 Creatore
1576 475 1679 504 oll'ensn
1690 495 1699 509 ,

909 524 1051 558 quiescere
1067 531 1099 550 ac
1110 523 1191 550 silere
1205 526 1340 557 poterant.
1359 521 1529 549 Videbantur
1545 521 1617 548 enim
1633 526 1697 548 tunc

910 569 1065 597 hominibus
1087 568 1120 596 de
1147 568 1217 596 cmlo
1238 568 1329 595 sidera
1351 567 1376 594 in
1394 572 1494 595 terram
1514 575 1575 594 cum
1597 567 1699 601 impetu

910 616 1000 644 omnia
1017 623 1112 649 ruere,
1142 615 1177 642 ita
1199 614 1374 642 continenter
1389 620 1469 640 aerea
1496 613 1701 648 perturbatione

912 669 960 696 per
976 661 1095 688 universi
1119 661 1194 688 orbis
1211 660 1344 687 terminos
1367 660 1458 687 subito
1484 658 1582 686 ditfusa
1599 668 1606 687 :
1622 659 1701 686 simul

912 706 985 734 enim
1017 706 1166 741 eodemque
1190 711 1312 740 tempore
1341 710 1396 732 tum
1424 705 1615 735 Orientalium.
1645 710 1700 732 tnui

913 752 1122 787 llespericarum
1139 753 1278 787 regionum
1296 751 1400 784 incolae,
1418 756 1445 778 et
1461 751 1550 778 hieme
1567 755 1594 778 et
1608 756 1700 782 noctu,

913 799 971 826 haec
987 798 1046 825 ﬁeri
1069 798 1208 825 videbant.
1231 796 1286 824 Nec
1313 805 1378 824 vero
1395 797 1552 831 quisquam,
1576 801 1657 831 prout
1675 797 1701 823 hi

913 845 1035 880 praeclari
1052 844 1172 876 iaciunt,
1188 844 1310 871 cmiestia
1327 844 1395 876 haec,
1409 844 1554 871 nebulosus
1569 843 1702 879 quosdam

65 894 166 915 κεσαν·
185 889 232 916 καὶ
251 890 288 925 μή
304 898 346 922 τις
367 891 434 926 ἡμῖν
454 891 574 918 ἐνταῦθα
588 891 660 918 κατὰ
675 891 738 923 τοὺς
754 891 859 923 δεινοὺς

915 893 1068 926 densosque
1080 898 1194 926 vnpores
1211 890 1296 918 fuisse
1309 891 1429 925 objiciat,
1444 890 1542 924 quibus
1559 890 1632 917 circa
1649 893 1703 917 ter-

63 933 98 959 τὰ
111 933 253 969 μετέωρα,
270 935 426 967 καπνώδεις
438 936 514 968 τινὰς
529 937 727 972 ἀναθυμιάσεις
743 937 789 963 καὶ
805 945 859 963 πα-

64 978 142 1013 χείας
160 979 386 1015 ἀντιπαρατιθεὶς
413 982 589 1017 προϐαλέσθω
602 1002 609 1015 ,
636 982 682 1017 ὑφ’
700 979 738 1009 ὧν
751 983 765 1009 ό
779 983 860 1018 περί-

64 1033 141 1059 γειος
163 1026 413 1062 ὑποπιμπλάμενος
439 1027 509 1063 άὴρ,
525 1025 584 1054 εἶτα
598 1028 669 1055 κατὰ
685 1028 734 1062 τὴν
754 1028 860 1055 οἰκείαν

65 1072 154 1107 φορὰν
168 1072 252 1107 ὑψόσε
263 1073 444 1109 διαιρόμενος,
458 1075 505 1101 καὶ
516 1075 556 1106 εἰς
575 1074 622 1101 τὸν
637 1073 758 1110 αἰθέριον
775 1074 860 1110 ὑπερ-

64 1119 231 1154 εκχεόμενος
253 1119 345 1155 χῶρον
358 1141 365 1153 ,
396 1119 450 1147 ὑπό
471 1129 501 1146 τε
518 1120 569 1156 τῆς
590 1120 751 1152 ὲκκαύσεως
776 1129 862 1156 μετα-

63 1164 183 1198 ϐάλλων,
198 1166 263 1196 τοὺς
287 1165 453 1201 λεγομένους
473 1166 593 1202 ἀστέρας
615 1167 793 1202 διᾴττοντας,
811 1166 861 1198 τάς

62 1219 93 1238 τε
108 1211 224 1246 φλόγας,
241 1212 366 1243 καὶτοὺς
382 1211 479 1245 δαλοὺς
499 1213 688 1249 καλουμένους
705 1213 860 1248 συνίστησι,

63 1256 191 1290 κομήτας
214 1264 244 1282 τε
263 1254 318 1288 αὖ,
339 1257 386 1282 καὶ
410 1256 574 1291 πωγωνίας,
599 1257 647 1284 καὶ
671 1258 721 1284 ὃσα
747 1257 862 1284 τοιαῦτα

64 1299 229 1335 ὑποφαίνειν
244 1300 350 1336 πέφυκε
369 1301 499 1337 σχήματα
509 1310 516 1318 ·
530 1301 589 1328 ἀλλ’
607 1300 637 1329 εὖ
655 1303 723 1329 ῐστω
739 1303 778 1334 ὡς
799 1311 861 1329 και-

62 1345 177 1381 νοτομία
193 1345 254 1373 τότε
270 1347 336 1382 περὶ
353 1347 388 1374 τὰ
405 1349 527 1383 στοιχεῖα
540 1348 703 1383 γεγένηται·
716 1349 751 1376 τά
763 1357 794 1376 τε
807 1349 862 1384 γὰρ

64 1392 156 1427 μέτρα
171 1391 221 1418 καὶ
233 1392 282 1428 τὴν
292 1392 401 1420 ἑαυτῶν
413 1393 492 1427 τάξιν
507 1393 656 1429 ἐκϐέϐηκε,
670 1395 699 1421 τὸ
716 1395 780 1430 περὶ
793 1395 864 1422 αὺτά

62 1437 154 1469 πάθος
172 1437 386 1474 ἐνδεικνύμενα,
402 1438 450 1466 καί
466 1447 526 1471 πως
548 1439 650 1475 ἑαυτὴν
667 1441 683 1475 ἠ
705 1440 794 1472 κτίσις
816 1450 863 1477 μι-

64 1484 160 1518 μεῖται
173 1506 180 1516 ,
198 1484 237 1516 ὡς
263 1484 297 1512 ἂν
318 1485 386 1520 μηδὲ
411 1485 531 1513 ἐνταῦθα
552 1485 601 1512 τοῦ
630 1486 730 1513 παθεῖν
754 1487 864 1513 ἀπολεί-

63 1538 156 1563 ποιτο,
174 1531 192 1565 ἢ
207 1530 256 1557 καὶ
269 1530 342 1557 κατὰ
354 1531 386 1557 τδ
401 1531 487 1563 πάθος
503 1530 624 1567 Χριστοῦ
640 1531 669 1558 τὺ
683 1531 726 1559 διὰ
742 1531 861 1568 σταυροῦ

914 945 972 965 ram
984 945 1031 965 aer
1043 937 1170 969 refertus,
1183 937 1280 964 deinde
1293 944 1342 964 suo
1356 937 1464 971 proprio
1477 943 1559 963 cursu
1577 936 1603 962 in
1617 935 1701 962 altum

914 984 1013 1017 elatus,
1037 988 1066 1011 et
1092 983 1119 1010 in
1149 983 1259 1010 mtheris
1280 982 1426 1018 pertuistus
1457 983 1584 1017 regione,
1612 981 1704 1009 calore

913 1036 1054 1064 concepto,
1080 1029 1117 1056 ita
1134 1028 1206 1056 dicta
1222 1033 1294 1055 astra
1317 1028 1498 1055 discurrentia
1521 1026 1654 1058 elici-crit,
1675 1031 1704 1053 et

914 1075 1018 1102 faculas
1043 1078 1069 1101 et
1083 1074 1192 1101 titiones
1215 1072 1381 1108 appellatos,
1402 1076 1524 1099 cometas
1541 1078 1659 1105 quoque,
1675 1075 1703 1097 et

915 1121 1044 1149 barbatos
1077 1119 1213 1154 globulos,
1229 1123 1256 1145 et
1281 1124 1449 1152 quaecunque
1474 1117 1525 1144 alia
1551 1116 1702 1151 huiusmodi

915 1166 1004 1194 solent
1035 1165 1212 1200 plmnomena
1243 1170 1391 1197 apparere;
1429 1162 1476 1189 sed
1512 1161 1597 1196 probe
1634 1160 1704 1188 sciat

915 1219 1015 1240 novum
1032 1217 1126 1238 revera
1153 1209 1254 1243 aliquid
1273 1214 1337 1235 tunc
1354 1208 1380 1235 in
1395 1207 1536 1235 elementis
1553 1206 1703 1235 exstitisse.

915 1258 1021 1286 Etenim
1040 1256 1148 1284 modulo
1171 1255 1251 1283 solito
1275 1260 1357 1290 atque
1383 1254 1480 1281 ordine
1508 1257 1703 1285 excesserunt,

916 1303 1037 1330 dolorem
1060 1308 1138 1329 suum
1161 1301 1195 1328 ob
1213 1307 1259 1327 eas
1283 1308 1327 1327 res
1343 1298 1526 1327 ostendentia.
1542 1296 1632 1332 Seque
1645 1297 1703 1332 ipsa

916 1347 1117 1384 quodammodo
1131 1350 1227 1374 natura
1244 1346 1410 1376 imitabatur,
1426 1349 1454 1372 ut
1470 1352 1504 1371 ne
1524 1349 1578 1370 tum
1593 1343 1703 1378 quidem

916 1394 972 1429 pati
988 1394 1145 1424 omitteret,
1170 1399 1229 1427 quae
1253 1391 1362 1419 Christo
1382 1390 1530 1419 salutauam
1548 1390 1703 1425 passionem

918 1440 944 1468 in
959 1446 1039 1467 cruce
1063 1438 1192 1470 obeunte,
1210 1437 1334 1465 Creatori
1348 1445 1397 1464 suo
1413 1444 1445 1464 ac
1462 1436 1576 1463 Domino
1590 1435 1704 1470 patienti

917 1491 1058 1518 compassa
1076 1483 1181 1516 fuerat;
1204 1489 1259 1517 quo
1281 1486 1403 1517 tempore
1420 1481 1564 1509 luminaria
1583 1480 1703 1508 caelestia

919 1529 1035 1556 invicem
1059 1532 1278 1561 concurrerunt,
1299 1527 1472 1561 tenebraeque
1488 1526 1603 1554 insolitae
1617 1531 1643 1552 et
1665 1525 1706 1552 iu'-

63 1575 95 1602 τὸ
109 1576 248 1611 σωτήριον
258 1596 266 1609 ,
283 1576 323 1611 τῷ
333 1576 437 1612 Κτίστῃ
449 1577 496 1603 καὶ
509 1577 632 1613 Δεσπότῃ
647 1577 800 1613 συνέπασχε
814 1578 860 1606 πά-

919 1574 1103 1608 tempestivae,
1126 1573 1214 1601 diurni
1235 1573 1346 1601 luminis
1365 1573 1463 1600 seriem
1487 1573 1705 1608 interruperunt.

65 1627 160 1655 σχοντι
174 1641 182 1652 .
200 1621 282 1657 ἡνίκα
297 1621 444 1656 φωστῆρες
461 1621 621 1656 παραδόξως
654 1623 782 1658 ἀλλήλοις
799 1632 862 1650 συν-

64 1666 190 1702 έτρεχον,
203 1667 251 1694 καὶ
268 1667 364 1699 σκότος
378 1667 452 1700 ξένον
469 1668 515 1694 καὶ
527 1667 629 1703 ἄωρον,
646 1667 677 1694 τὸ
691 1668 802 1705 συνεχὲς
815 1666 863 1695 τοῦ

66 1713 159 1746 φωτὸς
175 1713 226 1748 τῆς
244 1713 354 1748 ἡμέρας
373 1713 519 1746 διέκοπτε,
545 1714 592 1740 καὶ
609 1713 709 1748 πέτραι
731 1713 862 1749 διερρήγ-

63 1767 157 1791 νυντο,
171 1758 219 1784 καὶ
237 1758 319 1792 τάφοι
331 1757 482 1793 ὴνοεγοντο,
498 1759 544 1785 καὶ
562 1758 656 1794 νεκροὶ
670 1756 858 1792 ἐξανίσταντο,

65 1812 146 1834 σεως.

99 1849 223 1876 Τοιαῦτα
247 1850 373 1885 ἔγνωμεν
398 1851 445 1878 καὶ
473 1852 557 1879 πάλαι
583 1853 654 1879 κατὰ
676 1852 731 1879 τῶν
754 1851 861 1879 ἀσεϐῶν

64 1895 256 1930 ἀπειλούμενα
280 1896 328 1922 καὶ
347 1896 515 1932 τελούμενα,
537 1897 658 1933 ὁπηνίκα
682 1898 716 1924 τὰ
742 1898 861 1932 στοιχεῖα

63 1941 202 1976 ὑπερόρια
222 1941 338 1975 γίνοιτο,
368 1943 426 1974 τοῖς
451 1942 535 1974 θείοις
567 1943 777 1978 ὑπηρετοὺμενα
802 1943 862 1969 νεύ-

65 1993 151 2020 μασιν
164 1994 171 2000 ·
200 1986 348 2021 ἀπιστήσει
371 1987 394 2012 δ’
417 1987 517 2018 οὐδεὶς,
538 1988 555 2023 ἢ
576 1987 651 2019 ὅστις
682 1989 731 2022 τὴν
749 1988 862 2021 ἄγνοιαν

62 2030 118 2057 τῶν
144 2029 192 2056 τοῦ
219 2030 288 2058 Θεοῦ
310 2031 455 2066 χριμάτων
484 2032 682 2068 ὴρρώστηκεν·
714 2034 780 2068 ἡμῖν
805 2033 859 2069 γὰρ

62 2076 195 2102 πειστέον
223 2077 282 2108 τοῖς
300 2078 508 2113 γεγραμμένοις
527 2078 603 2114 παρὰ
621 2078 668 2105 τοῦ
691 2079 859 2114 Πνεύματος,

61 2122 104 2148 ὅτι
126 2122 262 2156 ’Δσεϐεῖς
289 2123 520 2158 πλησθήσονται
539 2124 648 2151 κακῶν.
672 2125 726 2151 Καί
739 2133 744 2138 ·
759 2125 862 2159 Ἀμαρ-

61 2167 214 2201 uir-orta;-
227 2168 364 2201 διώξετιιι
390 2169 478 2197 κακά.
494 2171 549 2196 Καὶ
561 2192 568 2203 ,
595 2171 645 2197 Ἑν
661 2171 750 2204 κακίᾳ
767 2171 861 2199 αὑτοῦ

61 2213 221 2241 ἀπολεῖται
236 2216 253 2241 ό
266 2215 390 2249 ἀσεϐής.
406 2216 462 2242 Καί
472 2225 479 2231 ·
496 2216 690 2244 Φυλάσσεται
712 2219 728 2244 ό
747 2217 862 2251 ἀσεϐὴς

61 2260 109 2292 εις
131 2259 249 2294 ἡμέραν
276 2261 384 2294 κακήν.
404 2262 476 2288 Καί’
491 2263 543 2295 Είς
567 2262 684 2290 κόλπον
708 2263 863 2297 ἐπέρχεται

60 2306 166 2333 πάντα
180 2306 244 2340 τοῖς
267 2308 394 2341 ἀδίκοις.
422 2309 478 2336 Καὶ
500 2310 645 2345 πρόκειταί
660 2311 723 2345 γεή
746 2310 860 2345 Σοδομι·

61 2352 120 2379 τῶν
130 2373 139 2386 ,
152 2352 204 2386 τῆς
219 2353 294 2385 θείας
308 2355 393 2390 ὀργῆς
408 2355 508 2391 δεῖγμα
529 2357 578 2382 καὶ
595 2356 744 2391 παίδευμα,
766 2356 810 2390 ἐφ’
826 2356 860 2392 ἣν

59 2398 96 2425 τὸ
108 2398 280 2426 καταϐάσιον
291 2400 347 2435 πῦρ
360 2401 568 2437 κατομϐρῆσαν,
583 2402 618 2428 τὰ
629 2402 737 2437 ἐκείνης
752 2401 861 2429 ἅπαντα

62 2445 96 2470 ἐν
117 2443 214 2479 κύκλῳ
235 2444 478 2481 καταϐοσκόμενον
497 2447 694 2482 ὰπετέφρωσεν
707 2468 713 2480 ,
733 2444 775 2478 οἷς
792 2446 860 2482 ὁμοῦ

62 2489 186 2516 καὶτῶν
205 2490 314 2526 ὁμόρων
343 2492 420 2524 τινὰς
442 2493 474 2519 ἐκ
498 2492 608 2528 βάθρων
629 2492 719 2520 αὐτῶν
739 2500 860 2527 συγκατ-

62 2535 178 2571 εδήδοκε
196 2534 347 2569 πόλεις,ὦν
367 2538 452 2565 εἰσέτι
471 2539 517 2565 καὶ
532 2539 579 2566 νῦν
593 2539 629 2571 ὥς
644 2539 862 2574 φασι,τεκμὴρια

60 2581 251 2613 διασώζεται·
269 2583 314 2610 καὶ
329 2583 430 2611 τούτων
446 2593 478 2618 γε
498 2584 631 2620 πρότερον
651 2585 667 2620 ἡ
686 2585 860 2620 γεγενημένη

60 2627 105 2661 τῷ
122 2628 220 2664 κόσμῳ
240 2629 271 2660 ἐξ
291 2629 395 2657 ὑδάτων
413 2631 565 2663 ἐπίκλυσις,
581 2631 644 2658 καθ’
661 2631 694 2666 ἦν
713 2631 726 2656 ὁ
745 2630 859 2662 ὑετίζων

62 2671 184 2705 ἐξαίσια,
200 2673 317 2700 ἄπλετον
329 2675 406 2709 ἠφίει
421 2675 493 2702 κατὰ
506 2675 560 2702 τῶν
571 2676 772 2711 ἡμαρτηκότων
782 2697 789 2708 ,
803 2675 859 2702 τῶν

58 2717 151 2750 ξένων
166 2718 280 2746 ἐκείνων
295 2720 344 2746 καὶ
361 2721 523 2756 παραδόξων
537 2721 649 2757 ὄμϐρων
662 2722 712 2758 τὴν
726 2715 838 2756 ἔκχυσιν
851 2731 858 2738 ·

59 2766 112 2791 ὅτε
129 2764 253 2791 κάτωθεν
277 2766 327 2800 μὲν
348 2767 377 2793 al
400 2768 486 2801 πηγαὶ
502 2768 552 2802 τῆς
569 2767 690 2794 ἀϐύσσου
711 2768 860 2803 περιερῤή-

58 2818 181 2842 γνυντο,
204 2810 324 2846 ὕπερθεν
348 2812 377 2838 δὲ
397 2812 451 2839 τῶν
472 2813 597 2848 οὐρανῶν
618 2814 642 2840 ol
670 2814 859 2849 καταρῤάκται

916 1626 944 1649 et
969 1625 1053 1655 petra:
1076 1620 1168 1647 scissa:
1191 1623 1271 1652 sunt,
1299 1623 1326 1646 et
1342 1618 1477 1653 patefacta
1506 1617 1649 1652 sepulcra.
1678 1621 1706 1643 ct

918 1667 1018 1695 mortui
1035 1666 1211 1698 revixerunt,
1228 1670 1255 1692 et
1271 1670 1406 1699 quotquor
1420 1665 1473 1691 alia
1500 1669 1565 1692 tunc
1583 1663 1706 1698 contige-

918 1717 992 1746 I’Ulll,
1006 1716 1106 1739 statum
1120 1718 1198 1738 suum
1214 1716 1338 1738 creatura
1357 1714 1485 1738 novante.

877 1757 925 1785 καὶ
943 1757 1029 1784 τᾶλλα
1063 1757 1115 1784 ὅσα
1134 1755 1276 1783 συνέϐαινε
1294 1756 1548 1792 καινοτομουμένης
1578 1755 1628 1790 τῆς
1645 1754 1711 1781 κτίι

952 1849 1015 1878 Hzec
1030 1849 1132 1878 scimus
1145 1849 1208 1876 olim
1226 1856 1334 1884 quoque
1351 1849 1439 1883 impiis
1454 1849 1536 1876 Deum
1552 1849 1704 1876 comtuiua-

916 1900 972 1923 tum
985 1915 992 1928 ,
1009 1900 1037 1922 et
1053 1901 1147 1928 reapse
1165 1894 1207 1921 his
1225 1895 1342 1929 impacta
1369 1894 1464 1925 fuisse,
1480 1902 1542 1921 cum
1568 1894 1703 1922 elementa

915 1941 983 1969 lines
995 1948 1060 1969 suos
1072 1944 1260 1973 excesserunt,
1276 1940 1375 1968 divinis
1388 1940 1565 1974 obsequentia
1582 1941 1706 1969 nutibus.

916 1986 1056 2015 Discrcdct
1081 1991 1171 2014 autem
1199 1994 1289 2019 nemo,
1310 1986 1360 2013 nisi
1378 1986 1447 2013 forte
1473 1985 1520 2013 Dei
1536 1986 1704 2021 judicioruui

914 2031 1068 2068 ignorantia
1083 2031 1199 2058 laborat.
1216 2031 1273 2059 Nos
1288 2031 1395 2065 quidem
1410 2031 1560 2065 Scripturis
1579 2039 1593 2058 a
1610 2036 1706 2058 sancto

916 2078 1020 2113 Spiritu
1037 2078 1146 2105 dictatis
1171 2082 1278 2112 oportet
1295 2078 1416 2104 credere.
1436 2076 1517 2110 [mpii
1533 2076 1706 2111 replebumur

915 2123 1033 2151 malis".
1056 2123 1087 2150 Et.
1109 2123 1270 2150 :Peccantes
1287 2128 1476 2158 persequentur
1502 2123 1574 2148 mala
1586 2122 1620 2151 ⁷⁷.
1648 2122 1703 2150 Ει;

915 2168 1017 2204 Impius
1038 2169 1065 2195 in
1081 2168 1186 2195 malitia
1205 2177 1254 2195 sua
1271 2169 1364 2202 peribit
1375 2169 1408 2196 ⁷⁸.
1428 2168 1482 2195 Et:
1503 2168 1710 2195 Reservaturud.

915 2216 984 2242 diem
1003 2215 1143 2241 malum".
1158 2215 1189 2242 Et
1209 2224 1216 2242 :
1236 2215 1269 2242 lu
1292 2216 1380 2242 sinum
1404 2220 1589 2242 convertentur
1609 2221 1706 2242 (uncta

916 2260 1013 2296 iniquis
1024 2261 1057 2288 ".
1073 2260 1166 2288 Palam
1190 2265 1233 2288 est
1255 2266 1350 2288 contra
1369 2260 1524 2288 Sodomitas
1540 2262 1638 2288 divinae
1657 2263 1705 2288 ira:

916 2307 1112 2334 demonstratio
1126 2308 1308 2342 etcorrcplio,
1321 2315 1382 2334 cum
1397 2308 1474 2342 ignea
1490 2308 1580 2342 pluvia
1593 2308 1705 2335 descen-

915 2353 1001 2385 dens,
1019 2353 1112 2380 omnia
1139 2353 1258 2388 regionis
1288 2353 1346 2388 eius
1373 2353 1526 2381 circulatim
1554 2354 1704 2389 depasceus

915 2400 1018 2434 redegit
1034 2400 1060 2426 in
1075 2399 1386 2434 ciueretumuibuscum
1401 2400 1580 2428 ﬁnitimorum
1593 2409 1704 2436 quoque

915 2445 1058 2473 nonnullas
1087 2446 1167 2472 urbes
1195 2445 1266 2480 ignis
1294 2446 1461 2480 absumpsit,
1487 2454 1603 2481 quarunt
1632 2455 1710 2475 nunc.

915 2492 1014 2523 adhuc,
1034 2496 1063 2518 ut.
1075 2492 1163 2524 aiunt,
1187 2491 1463 2526 iudicia'supcrsunt.
1482 2493 1553 2526 Quin
1577 2498 1605 2520 et
1621 2499 1702 2520 antea

914 2545 1045 2571 aquarum
1060 2537 1189 2564 diluvium
1213 2538 1313 2565 mundo
1329 2544 1542 2573 supervenerat;
1562 2547 1616 2574 quo
1633 2545 1702 2566 lem—

911 2591 976 2618 pore
999 2583 1117 2617 pluviale
1140 2584 1199 2610 sine
1220 2584 1273 2610 [lue
1296 2584 1406 2616 ctelum,
1429 2584 1590 2611 immensam
1619 2593 1701 2619 supra

911 2634 1070 2663 peccatores
1083 2629 1252 2656 insolitarum
1264 2634 1345 2663 atque
1355 2630 1553 2657 incredibilium
1568 2638 1699 2664 aquarum

912 2675 1017 2710 copiam
1044 2674 1160 2702 etfudit’:
1180 2682 1242 2702 cum
1265 2675 1370 2702 inferne
1395 2676 1487 2711 abyssi
1515 2677 1604 2704 fontes
1637 2682 1701 2703 sunt

912 2720 1032 2755 dirupti,
1055 2727 1171 2754 superne
1205 2725 1296 2748 autem
1317 2721 1378 2748 mali
1397 2727 1540 2749 cataracta:
1559 2721 1700 2756 patefacta:

913 2772 995 2800 srmt,
1028 2767 1163 2794 universis
1188 2767 1300 2794 omnino
1322 2767 1512 2801 pereuntibus,
1538 2773 1565 2794 et
1591 2768 1700 2794 cunctis

914 2818 993 2841 terrm
1008 2812 1195 2841 cacuminibus
1213 2813 1318 2840 obrutis
1333 2821 1339 2839 :
1359 2820 1428 2839 unus
1447 2818 1535 2839 autem
1550 2812 1641 2847 justus
1659 2814 1699 2842 vit‘

103 2887 126 2902 "
144 2887 225 2915 Prov.
242 2896 291 2918 xtl.
305 2888 350 2916 ‘Zl.
389 2890 409 2905 ⁷⁷
426 2890 506 2917 Prov.
525 2898 583 2923 xm,
597 2890 640 2916 2|.
681 2891 702 2906 “‘
718 2890 796 2918 l‘rov.
815 2899 857 2918 MV

918 2911 924 2918 .
964 2892 985 2907 ⁷⁹
1007 2891 1088 2918 Pr0v.
1104 2898 1159 2924 XVI,
1176 2891 1217 2918 ιι).
1257 2880 1279 2907 εδ
1294 2890 1373 2918 Ιίον.
1392 2898 1447 2924 xvi.
1465 2891 1510 2925 55,
1522 2891 1570 2918 Gr.
