1945 3078
263 181 315 211 ιον

774 185 804 214 S.
824 184 1030 214 NICEPIIORI
1049 185 1302 217 PATRIARCHE
1321 187 1377 218 ΟΡ.

1835 193 1886 225 500

263 244 322 261 ιηοιι
347 235 438 262 li'wris
454 240 534 269 atque
551 236 708 264 mulieribus
721 246 781 262 aur:-
804 237 890 272 lignea
907 245 987 271 supra
1003 238 1036 264 de

1099 238 1246 273 διῴγνυντο
1255 259 1262 271 ,
1274 240 1365 276 ἄρδην
1379 240 1508 269 ἁπάντων
1523 242 1736 279 ἀπολλυμένων,
1758 247 1807 273 καὶ
1819 256 1886 274 παν-

261 282 330 308 latus
348 281 491 308 incolumis
506 282 567 315 fuit,
588 283 655 310 alter
673 283 753 310 veluti
772 283 901 316 Admnus,
923 283 978 310 Deo
993 284 1044 309 mi-

261 333 387 359 serante,
412 335 444 354 ne
463 329 620 356 universum
645 330 670 356 in
688 334 759 356 terra
784 329 931 356 humanum
960 336 1045 364 genus

260 375 399 400 «'eiiccret.
418 374 484 407 Quia
511 375 592 410 igitur
617 375 688 402 haml
714 375 790 408 juxta
816 381 919 401 natura):
936 382 1044 401 cursum

260 419 304 445 illa
321 425 482 451 evenerunt,
507 428 559 447 non
586 421 657 448 enim
675 421 741 448 lines
762 428 825 448 suos
846 420 968 447 caelestia
985 427 1044 447 ser-

258 470 372 498 \arunt,
401 467 466 494 nihil
487 467 572 494 vetuit
594 467 660 502 quin
687 472 780 501 postea
805 467 830 493 in
849 471 948 493 terram
975 466 1045 499 ignis

259 511 402 546 sulfurque
439 520 454 540 a
489 512 603 540 Domino
630 513 750 548 plueret,
780 512 924 546 subitoque
952 512 1043 538 omnia

258 563 449 585 exurerentur.
479 558 577 593 Utique
592 559 750 585 imminebat
767 557 909 584 manifeste
931 557 977 583 ira:
995 556 1045 583 ful-

259 611 331 632 men.
349 604 399 630 nisi
426 604 471 631 Dei
501 609 562 631 nota
579 605 764 639 prmvaluisset
784 603 862 639 135
882 603 1024 630 clementia
1037 622 1044 634 ,

258 655 318 682 qua:
336 649 506 683 peccantium
523 658 630 685 pmnam
648 651 706 678 sine
724 650 806 676 dubio
828 649 949 680 distulit,
971 649 1045 682 ipso-

258 701 317 719 rum
334 695 521 729 pmnitentiam
547 701 721 731 exspectans.
745 695 798 723 Sed
821 695 893 722 enim
913 694 977 721 mihi
993 695 1044 721 ho-

258 739 352 766 dierna
378 746 487 774 peccata
503 742 604 776 majora
622 742 707 769 multo
723 742 858 768 videntur.
875 740 942 773 Quia
962 739 1043 775 prisci

258 783 296 809 illi
312 784 442 811 adversus
459 791 616 813 creaturam
638 787 820 817 insanierunt,
838 785 864 812 hi
881 790 975 812 contra
993 784 1044 812 Do-

258 829 360 856 miuttm
387 836 518 859 creatura:
547 833 648 860 rabiem
669 840 745 859 suam
774 831 968 859 contumeliose
994 837 1045 857 ex-

259 882 466 909 prompserunt;
485 878 574 911 primo
598 876 707 912 quidem
734 877 854 904 divinum
875 884 973 911 corpus
989 884 1045 903 ex—

1099 285 1145 316 τὺς
1156 285 1297 320 οἰχομένου
1317 286 1364 313 τοῦ
1377 287 1448 323 ὑπὲρ
1462 288 1513 324 γῆν
1524 289 1752 326 ἑπαναστήματος
1761 300 1768 307 ⁸
1782 292 1887 325 δίκαιος

1099 329 1127 355 δὲ
1146 330 1226 364 μόνος
1251 331 1321 367 ἀνὴρ
1338 333 1434 359 παισὶν
1460 334 1519 366 ἅμα
1538 335 1586 361 καὶ
1608 336 1748 370 γυναιξὶν,
1767 338 1798 364 ἐν
1818 338 1887 374 ξύλῳ

1100 374 1169 409 ὑπὲρ
1195 374 1300 402 ὑδάτων
1323 376 1473 412 φερόμενος
1489 378 1651 412 διεσώζετο,
1674 379 1719 408 οἷά
1733 391 1776 414 τις
1802 383 1887 419 Ἀδὰμ

1098 421 1277 455 χρηματίζων
1296 422 1433 459 δεύτερος,
1448 424 1516 451 Θεοῦ
1539 428 1784 463 κατοικτείραντος,
1800 429 1839 462 ὡς
1855 431 1888 458 ἂν

1100 466 1138 500 μὴ
1162 466 1280 501 πάμπαν
1296 468 1425 496 ἀπολίποι
1450 470 1481 496 τὺ
1503 471 1584 504 γένος
1608 473 1641 499 ὲκ
1657 473 1708 507 γῆς
1728 474 1759 500 τὸ
1779 475 1887 509 ἀνθρὼ-

1098 519 1186 538 πειον.
1210 512 1286 538 Ἐπεὶ
1311 511 1357 540 οὖν
1377 514 1407 540 οὑ
1431 515 1503 542 κατὰ
1525 515 1633 550 φύσεως
1654 517 1818 545 ἀκολουθίαν
1839 521 1888 546 χά-

1098 557 1175 583 κείνα
1191 554 1342 592 ἐπράττετο
1361 560 1408 594 (ού
1423 560 1477 594 γὰρ
1494 561 1579 596 δήπου
1596 562 1660 594 τοὺς
1675 563 1794 596 οἰκείους
1809 566 1888 600 ὅρους

1097 603 1232 638 τετήρηκε
1241 603 1274 630 τὰ
1287 605 1444 641 μετάρσια),
1457 606 1533 632 οὐδὲν
1549 606 1652 634 ἐκώλυε
1667 608 1714 634 καὶ
1726 607 1805 640 αὖθις
1818 610 1889 636 κατά

1097 647 1150 682 γῆς
1167 648 1262 682 βρέξαι
1276 649 1378 684 Κύριον
1392 650 1448 685 πῦρ
1464 652 1510 677 καὶ
1526 651 1597 678 θεῖον
1609 653 1686 688 παρὰ
1700 654 1805 689 Κυρίου
1817 676 1824 685 ,
1841 657 1889 682 καὶ

1098 692 1195 728 ἀθρόον
1214 694 1247 719 ἂν
1268 694 1449 729 ἀπῃθάλωσεν
1469 696 1578 723 ἅπαντα
1590 705 1598 712 ”
1617 699 1664 724 καὶ
1680 699 1734 734 γὰρ
1749 700 1888 734 umnam

1099 738 1193 773 σαφῶς
1207 739 1257 774 τῆς
1273 739 1360 775 ὀργῆς
1382 740 1413 767 τὸ
1435 742 1625 778 πρηστήριον,
1649 745 1674 770 εί
1694 745 1732 779 μὴ
1746 745 1793 771 τοῦ
1818 746 1888 772 Θεοῦ

1097 785 1238 820 νενίκηκεν
1256 785 1386 820 ἐμφανῶς
1405 786 1435 812 τδ
1459 787 1666 823 φιλάνθρωπον,
1685 787 1714 821 ὃς
1732 790 1782 825 τὴν
1800 799 1888 826 τιμωε

1099 829 1159 864 ρίαν
1183 830 1231 865 τὴν
1256 831 1327 857 κατὰ
1343 830 1398 857 τῶν
1423 832 1599 866 ἀνομούντων
1621 835 1747 869 ἐναργῶς
1771 836 1890 862 ἀνεὸάλ-

1096 873 1172 906 λετο,
1201 875 1419 910 ἀπεκδεχόμενος
1435 876 1526 902 αὐτῶν
1549 877 1599 912 τὴν
1625 879 1780 912 μετάνοιαν.
1807 880 1890 910 Ἀλλά

257 922 411 949 cruciantes
423 923 566 958 crucisque
578 924 682 951 acerbat
695 923 752 950 neci
764 923 933 957 addicentes,
948 922 1045 949 deinde

1098 927 1143 954 μοι
1165 919 1240 946 δοκεῖ
1264 919 1355 955 πολλῷ
1378 920 1464 956 μείζω
1484 922 1603 948 ἐνταῦθα
1623 923 1657 949 τὰ
1678 924 1886 960 ἁμαρτήματα,

258 966 391 995 adversus
406 967 525 1001 ejusdem
552 969 674 1003 corporis
691 976 783 997 sacras
801 968 931 1003 imagines
946 967 1044 995 debac-

258 1013 382 1040 chautcs.
414 1014 595 1048 Quamobrem
627 1017 697 1044 haud
726 1024 754 1044 se
781 1017 924 1044 continere
951 1016 1044 1050 quieta

257 1058 392 1088 elementa
410 1067 557 1096 potuerunt
583 1063 716 1091 Creatore
738 1071 788 1091 suo
803 1062 917 1096 otTeuso,
932 1062 977 1090 sed
996 1062 1045 1088 do-

257 1104 342 1133 lorem
369 1107 506 1136 insolitum
538 1110 572 1136 ob
601 1118 660 1137 eam
688 1111 835 1137 novitatem
860 1116 940 1144 passa
970 1112 1044 1135 sunt.

257 1150 395 1181 Mittamus
415 1154 507 1182 dicere
524 1160 588 1190 quot
606 1156 694 1183 civilia
718 1156 784 1183 bella
805 1156 846 1182 lia:
863 1162 952 1183 rerum
970 1155 1044 1180 vices

257 1196 387 1226 adversus
400 1198 571 1228 Clll’iSliaIIOS
585 1202 832 1237 concitarinﬁquaa
849 1201 956 1236 longum
971 1203 1044 1227 esset

257 1245 284 1268 et
298 1244 522 1276 operosissimum
540 1252 637 1272 enarra
644 1253 681 1272 rc.

257 1287 343 1320 πάθος
361 1289 390 1316 δὲ
413 1292 477 1327 περὶ
500 1291 570 1318 αὑτὰ
593 1291 831 1326 καινοτομούμενα
853 1291 986 1325 ὑφίστατο
1012 1288 1042 1315 τδ

256 1334 270 1360 ὖ
286 1335 385 1370 τρόπος
412 1334 489 1369 οὗτος
513 1337 584 1365 κατὰ
606 1338 777 1374 Χριστιανῶν
801 1337 980 1373 ἁνερῤίπισε,
998 1334 1045 1361 καὶ

291 1381 336 1408 67.
356 1382 409 1410 Sed
434 1384 509 1411 valde
530 1385 667 1412 exsultant
691 1385 717 1412 hi
745 1384 857 1412 belluini
884 1391 916 1411 ac
940 1382 1042 1414 stolidi,

258 1427 335 1460 quasi
364 1429 504 1463 prosperis
530 1430 704 1458 successibus
730 1429 873 1461 ﬂorentes,
901 1433 929 1456 et
951 1435 1046 1462 super-

257 1471 344 1500 biunt.
361 1473 396 1500 At
414 1474 486 1501 enim
503 1482 563 1510 quze
583 1475 674 1511 lingua
701 1481 852 1511 temporum
872 1475 978 1502 illorum
997 1481 1043 1507 pc-

259 1520 379 1552 nuriam,
393 1525 420 1548 et
432 1528 464 1548 ex
477 1522 589 1556 penuria
604 1522 773 1550 calamitates
787 1522 889 1557 tragice
905 1520 1045 1548 narrabit?

258 1563 320 1591 Fuit
349 1566 420 1592 enim
447 1573 543 1600 reapse
569 1566 654 1594 fames
681 1567 802 1594 onmium
831 1566 992 1602 gravissima
1017 1571 1044 1592 ct

259 1610 454 1645 acerbissima,
480 1619 540 1647 qua:
564 1620 652 1648 neque
673 1617 807 1648 praesente
831 1612 880 1639 hac
900 1612 956 1647 jam
977 1611 1045 1638 inci-

259 1656 361 1690 piente,
385 1664 472 1691 neque
494 1658 612 1692 antiquis
625 1658 696 1692 apud
716 1657 861 1684 historicos
877 1656 1045 1689 memoratis,

260 1702 349 1730 minor
368 1703 488 1736 exstitit;
508 1709 590 1738 atque
606 1704 679 1731 illaut
700 1711 761 1738 qua:
784 1703 1046 1738 llierosolymitanos

259 1747 386 1776 obsessos
405 1749 553 1783 corripuit,
571 1757 653 1784 prope
665 1750 827 1784 cxmquavit.
844 1749 910 1776 Nam
928 1754 954 1777 et
971 1749 1026 1775 illic
1038 1768 1046 1782 ,

259 1796 289 1818 ut
313 1799 440 1825 narrant,
462 1795 534 1821 fame
557 1802 658 1829 pressa:
684 1796 899 1830 cxcruciat’cque
926 1794 1048 1822 infelices

260 1843 362 1866 matres
388 1844 481 1874 partus
498 1840 600 1875 proprii
623 1847 720 1868 carnes
746 1841 939 1868 miserabiliter
953 1847 1047 1875 gusta-

259 1890 342 1917 runt,
357 1890 452 1912 natura
477 1886 518 1914 sui
535 1887 728 1922 propemodum
743 1887 838 1915 oblita.
860 1887 892 1914 Et
910 1888 980 1919 apud
998 1895 1048 1915 nos

259 1931 353 1958 eadem
376 1932 533 1959 calamitate
568 1932 671 1960 adactae
702 1933 806 1960 ventris
833 1934 875 1960 sui
899 1933 971 1961 fetus
988 1941 1048 1960 mu—

260 1974 340 2002 lieres
360 1983 520 2004 aerumnosa:
543 1978 710 2010 vendentes,
727 1978 817 2005 cibum
834 1979 885 2005 sibi
902 1986 935 2005 ex
948 2008 951 2011 _
962 1979 1048 2005 visce-

260 2028 319 2048 rum
345 2029 455 2048 suorum
482 2023 661 2050 distractione
692 2024 836 2050 curabunt.
863 2024 948 2051 Aiunt
973 2025 1046 2051 enim

258 2068 301 2094 vix
325 2068 530 2104 .quinquaginla
554 2069 646 2096 aureis
672 2069 755 2096 tritici
786 2070 905 2096 modium
933 2071 1047 2103 penuria

258 2119 398 2148 premente
412 2114 497 2141 coemi
519 2115 650 2149 potuisse.
676 2115 708 2142 Et
722 2115 778 2142 illic
794 2116 903 2150 quidem
929 2116 1046 2143 hostium

261 2158 392 2190 incursio,
409 2158 545 2186 diuturnae
561 2159 710 2187 obsidionis
721 2161 837 2194 spatium
849 2182 857 2194 ,
885 2161 959 2188 urbis
981 2169 1047 2188 con-

258 2203 361 2235 clusio,
389 2208 518 2238 tanquam
542 2207 609 2237 reti,
626 2207 659 2233 ab
679 2207 798 2234 exercitu
819 2212 920 2244 capue,
936 2208 1046 2235 calami-

1097 965 1212 1001 ἐπείπερ
1227 966 1328 992 ὲκεῖνοι
1345 966 1394 1001 μὲν
1418 968 1459 998 εἰς
1480 967 1530 1000 τὴν
1548 968 1639 994 κτίσιν
1662 970 1817 1004 μεμηνότες
1837 979 1890 997 περ

1097 1011 1296 1046 παρῳνήκασιν
1307 1033 1314 1046 ,
1329 1010 1402 1039 οὗτοι
1418 1013 1447 1039 δὲ
1462 1013 1534 1040 κατὰ
1548 1014 1595 1040 τοῦ
1611 1015 1747 1041 Δεσπὸτου
1761 1016 1811 1050 τῆς
1828 1017 1889 1042 κτί-

1098 1066 1167 1088 σεως
1180 1057 1374 1093 λελυττηκότες
1389 1058 1548 1094 ἐξύϐρισαν,
1562 1060 1696 1096 πρότερον
1709 1061 1757 1095 μὲν
1772 1062 1802 1088 τδ
1816 1061 1890 1088 θεῖον

1097 1103 1179 1138 σῶμα
1201 1104 1370 1139 αἰκιζόμενοι
1393 1105 1440 1131 καὶ
1467 1106 1577 1140 σταυρῷ
1601 1107 1708 1142 πικρῶς
1736 1108 1891 1135 καταδικα-

1097 1147 1207 1182 ζοντες,
1224 1149 1319 1176 ἔπειτα
1338 1149 1366 1176 δὲ
1380 1151 1420 1181 εἰς
1434 1151 1498 1182 τοὺς
1519 1151 1567 1178 τοῦ
1589 1151 1715 1187 σώματος
1732 1154 1823 1188 ἱεροὺς
1839 1154 1892 1188 ἐμ-

1097 1193 1291 1229 παροινοῦντες
1311 1194 1430 1226 τύπους·
1455 1195 1496 1220 διὸ
1527 1196 1578 1222 οὑκ
1601 1196 1694 1223 ἔσθενε
1711 1197 1745 1224 τὰ
1768 1200 1892 1233 στοιχεῖα

1097 1241 1139 1275 ἐξ*
1156 1241 1261 1267 ἑαυτῶν
1274 1242 1442 1277 κατηρεμεϊν
1459 1242 1639 1278 ὑϐριζομένου
1652 1244 1700 1271 τοῦ
1718 1245 1873 1276 Κτίσαντος
1883 1265 1892 1277 ,

1061 1286 1213 1322 παράδοξον
1224 1295 1231 1302 ·
1248 1286 1338 1322 ἐῶμεν
1371 1288 1462 1322 λέγειν
1479 1289 1553 1321 οἴους
1586 1290 1723 1325 πολέμους
1738 1292 1892 1326 ἐμφυλίους

1063 1332 1148 1360 τᾶλλα
1163 1332 1180 1359 ἃ.
1195 1334 1285 1367 λέγειν
1320 1334 1426 1369 μακρὸν
1440 1334 1472 1361 ἂν
1488 1334 1531 1369 εἴη
1548 1335 1596 1362 καὶ
1627 1335 1844 1370 ἐργωδέστατον.

1133 1379 1182 1412 ξζ’.
1217 1379 1297 1405 Ἀλλὰ
1320 1379 1392 1415 μέγα
1418 1381 1609 1416 κομπάζουσιν
1629 1382 1654 1408 οί
1677 1382 1826 1417 κτηνώδεις
1844 1384 1893 1411 καὶ

1098 1424 1184 1456 ὅντως
1201 1425 1326 1460 ἀνόητοι,
1354 1426 1393 1457 ὠς
1412 1427 1443 1461 δὴ
1464 1428 1524 1459 ταῖς
1546 1427 1709 1462 εὐημερίαις
1727 1429 1893 1464 ἐνευθηνού-

1100 1479 1186 1505 μενοι,
1204 1472 1252 1497 καὶ
1279 1471 1474 1506 βρενθύονται⁸
1499 1473 1563 1500 ποία
1586 1473 1700 1506 γλῶσσα
1728 1475 1793 1506 τοὺς
1814 1484 1893 1511 τηνι-

1099 1517 1188 1543 καῦτα
1213 1517 1321 1552 λιμοὺς,
1349 1518 1396 1545 καὶ
1419 1519 1469 1551 τὰς
1494 1520 1526 1546 ἐκ
1552 1520 1607 1546 τῶν
1632 1520 1720 1555 λιμῶν
1744 1522 1893 1557 συμφορὰς

1096 1561 1331 1598 ὲκτραγῳδήσειες
1347 1563 1441 1598 Λιμῶν
1455 1564 1509 1598 γὰρ
1531 1563 1564 1600 ἢν
1582 1566 1597 1591 ὁ
1611 1565 1764 1598 δεινότατος
1782 1567 1832 1593 καὶ
1846 1576 1893 1593 πι-

1098 1608 1246 1642 κρότατος,
1264 1607 1325 1634 οὔτε
1345 1608 1392 1634 τοῦ
1406 1608 1452 1635 νῦν
1468 1609 1594 1636 ἐντεῦθεν
1608 1610 1795 1646 ἐναρξαμὲνου
1806 1632 1813 1643 ,
1826 1611 1890 1639 οὔτε

1096 1652 1152 1678 τῶν
1171 1653 1255 1680 πάλαι
1278 1655 1526 1690 μνημονευομένων
1548 1655 1564 1691 ἢ
1589 1656 1789 1692 ἱστορουμένων
1810 1658 1893 1684 ἐλατ-

1096 1698 1227 1734 τούμενος
1238 1719 1245 1732 ,
1263 1699 1311 1726 καὶ
1331 1700 1432 1735 μικροῦ
1448 1700 1486 1736 τῷ
1504 1701 1575 1728 κατὰ
1591 1701 1640 1737 τὴν
1664 1701 1892 1738 Ἱεροσολυμιτῶν

1098 1745 1284 1780 συνενεχθέντι
1299 1747 1365 1773 ποτέ
1380 1747 1599 1783 παρισούμενος·
1616 1749 1697 1774 κάκεῖ
1711 1748 1761 1783 μὲν
1774 1749 1841 1783 γὰρ,
1853 1749 1892 1780 ὡς

1098 1789 1325 1825 ἀναγέγραπται,
1349 1792 1388 1826 τῷ
1409 1792 1481 1827 λιμῷ
1500 1791 1663 1827 πιεζόμεναι
1687 1793 1735 1819 καὶ
1761 1794 1892 1828 προεθύ-

1100 1843 1179 1870 μεναι
1195 1836 1320 1871 μητέρων
1335 1837 1363 1863 αἱ
1382 1837 1509 1872 δύστηνοι
1520 1857 1527 1870 ,
1545 1838 1629 1872 γονῆς
1654 1838 1758 1870 οίκείας
1777 1839 1892 1874 σαρκῶν

1099 1881 1223 1914 ἐλεεινῶς
1239 1882 1437 1916 ἀπεγεύσαντο,
1455 1883 1658 1919 ἐκλελησμένης
1673 1884 1773 1919 ἑαυτὴν
1794 1884 1893 1920 ὥσπερ

1097 1926 1148 1961 τῆς
1165 1927 1274 1961 φύσεως
1285 1936 1292 1944 ’
1307 1927 1447 1955 κάνταῦθα
1463 1930 1497 1964 τῇ
1516 1929 1584 1964 αὐτῇ
1607 1929 1825 1964 στρεωούμεναι
1841 1932 1893 1964 μᾶ.-

1099 1981 1186 2006 στιγι,
1208 1973 1241 1999 τὰ
1261 1974 1360 2007 ἔκγονα
1378 1976 1427 2009 τῆς
1448 1974 1552 2006 κοιλίας
1567 1976 1698 2009 γυναῖκες
1713 1975 1893 2010 ἀπεμπολοῦ-

1099 2027 1143 2044 σαι
1166 2018 1268 2050 ἄθλιαι,
1284 2020 1387 2055 τροφὴν
1408 2020 1476 2046 ἰδίαν
1497 2021 1550 2047 τῶν
1570 2021 1732 2055 σπλάγχνων
1747 2021 1892 2047 ἐποιοῦντο

1097 2064 1146 2099 τὴν
1160 2064 1357 2101 ἀλλοτρίωσιν·
1379 2067 1446 2100 φασὶ
1470 2067 1525 2102 γὰρ
1555 2067 1632 2102 μόλις
1650 2068 1695 2094 καὶ
1722 2069 1764 2098 εἰς
1786 2069 1891 2102 πεντή-

1098 2117 1181 2135 κοντα
1202 2110 1321 2144 χρυσοῦς
1342 2111 1388 2137 τὸν
1401 2111 1448 2137 τοῦ
1474 2111 1549 2138 σίτου
1569 2111 1730 2143 ἐξωνεῖσθαι
1754 2112 1848 2146 μόδιον
1876 2113 1892 2146 ὴ

1097 2155 1200 2191 ἀπορία
1225 2156 1471 2192 συγκατηνέιγκαζε
1483 2166 1490 2174 ·
1509 2159 1590 2185 κάκεῖ
1611 2158 1659 2192 μὲν
1673 2157 1728 2184 τῶν
1749 2157 1893 2192 πολεμίων

1097 2201 1113 2235 ἡ
1141 2201 1251 2236 ἔφοδος,
1275 2203 1322 2230 καὶ
1343 2203 1390 2229 τοῦ
1412 2204 1509 2239 χρόνου
1527 2205 1575 2239 τῆς
1597 2204 1805 2239 προσεδρείαςή
1820 2213 1894 2239 παρ-

260 2251 324 2277 lalis
338 2250 397 2284 ejus
416 2257 443 2278 et
459 2251 682 2279 inenarrabilium
701 2253 834 2280 malorum
851 2262 942 2282 causa:
956 2260 1043 2282 erant.

1098 2247 1180 2282 ολκὴ,
1196 2248 1244 2274 καὶ
1268 2249 1282 2274 ὁ
1302 2249 1485 2285 συγκλεισμὸς
1511 2250 1561 2285 τῆς
1591 2250 1695 2281 πόλεως
1723 2251 1762 2282 ὡς
1782 2251 1836 2276 ὑπὸ
1851 2251 1894 2277 δι-

258 2297 336 2331 Apud
362 2305 411 2324 nos
439 2302 528 2324 autem
555 2305 608 2325 non
634 2297 817 2327 Barbarorum
843 2300 973 2332 incursio,
994 2308 1046 2327 non

260 2342 378 2369 hostium
397 2342 540 2375 adventus,
565 2351 616 2370 non
650 2343 717 2370 valla
743 2345 778 2370 ab
802 2345 968 2372 adversariis
995 2345 1048 2372 cir-

259 2387 410 2420 cttmjt‘cla,
428 2395 515 2422 neque
532 2388 604 2416 aliud
623 2389 764 2422 quodlibet
779 2390 912 2423 exterius,
933 2390 980 2417 sed
1006 2389 1047 2416 of-

260 2434 336 2460 fensa
355 2434 432 2467 ﬁdes,
455 2427 599 2462 manifeste
623 2435 648 2462 id
664 2435 806 2462 cﬂiciebat.
831 2435 897 2462 Nam
914 2436 960 2471 qui
977 2437 1047 2470 apud

261 2488 310 2507 nos
327 2481 459 2515 regnabat
475 2486 597 2516 apostala
620 2487 646 2508 ct
662 2486 804 2517 tyrannus,
823 2482 919 2517 quovis
937 2482 1047 2509 inimico

259 2533 306 2554 aut
329 2528 405 2555 hoste
430 2537 478 2563 per
502 2537 578 2557 suam
598 2530 763 2564 apostasiam
789 2529 920 2555 infensior
942 2533 1002 2555 erat
1022 2533 1048 2555 et

258 2574 390 2607 asperiOr.
417 2574 470 2601 Sed
493 2574 530 2601 illi
549 2575 658 2608 quidem
679 2581 790 2600 suorum
810 2573 943 2600 adversus
961 2573 1039 2599 Chri-

259 2624 329 2647 stum
344 2619 493 2647 facinorum
507 2628 602 2656 poenas
617 2621 737 2653 luerunt;
753 2624 780 2647 et
794 2620 820 2647 hi
838 2621 921 2647 nostri
938 2620 1046 2654 paribus

259 2666 338 2693 malis
367 2667 465 2693 irretiti
492 2666 625 2693 fuerunt:
644 2673 714 2692 ttnus
743 2666 841 2701 quippe
864 2666 990 2701 idemque
1013 2666 1046 2692 ab

259 2713 393 2739 ambobus
414 2711 534 2738 oll'ensus
559 2711 658 2738 fuerat.
677 2711 740 2739 lltec
764 2712 862 2739 (lirium
879 2712 989 2746 iustitiae
1008 2712 1046 2738 ira

260 2760 328 2790 fuit;
344 2758 415 2784 hanc
431 2758 476 2784 Dei
491 2757 642 2785 ochnsores
657 2758 808 2785 mercedem
826 2758 900 2784 illinc
916 2758 1046 2784 referunt.

259 2805 326 2837 Quae
342 2803 408 2830 nilul
425 2803 631 2830 considerantes
646 2804 746 2831 Christi
766 2804 876 2836 hostes,
892 2805 986 2830 nolunt
1007 2804 1048 2830 io-

261 2847 392 2882 telligere,
416 2848 487 2883 quod
513 2850 586 2876 sicut
608 2849 672 2875 olim
699 2848 827 2876 Judaicus
852 2849 986 2883 populus,
1012 2849 1048 2876 ob

264 2893 396 2923 uanassis
413 2894 568 2923 Judmorum
587 2895 659 2931 regis
671 2896 802 2923 adversus
817 2895 900 2922 Deum
917 2894 1044 2927 offensas,

1100 2293 1183 2320 κτύου
1195 2294 1405 2330 περισχεοείσης
1420 2297 1477 2326 τοῖς
1488 2295 1670 2331 πλήθεσι,τῆς
1684 2297 1829 2330 συμφορᾶς
1844 2297 1894 2322 καὶ

1099 2338 1153 2364 τῶν
1172 2339 1267 2365 παθῶν
1283 2339 1337 2366 τῶν
1359 2340 1484 2375 ἁρρἠων
1503 2341 1533 2366 τὸ
1551 2340 1637 2367 αἴτιον
1650 2339 1701 2376 ἧν·
1718 2340 1840 2367 ἐνταῦθα
1865 2342 1894 2368 δέ

1098 2383 1130 2410 οὐ
1155 2384 1301 2420 βαρϐάρων
1319 2385 1430 2419 ἔφοδος,
1452 2386 1482 2412 οὑ
1505 2386 1644 2421 πολεμίων
1671 2388 1838 2419 ἐπιστασία,
1862 2389 1893 2414 οὗ

1099 2430 1221 2465 χάρακες
1238 2431 1290 2457 ὑπὸ
1311 2431 1451 2466 δυσμενῶν
1467 2433 1496 2458 ὲν
1514 2431 1607 2467 κύκλῳ
1632 2433 1874 2467 περιπηγνύμενοι
1886 2454 1893 2463 ,

1098 2476 1159 2502 ούδέ
1179 2476 1245 2502 ἄλλο
1259 2476 1311 2503 τῶν
1332 2477 1431 2509 ἔξωθεν
1451 2478 1584 2505 ἐπιόντων
1608 2478 1701 2509 οὐδὲν.
1719 2478 1749 2505 τὸ
1765 2478 1794 2505 δὲ
1817 2481 1892 2506 κατὰ

1098 2523 1148 2556 τὴν
1164 2523 1255 2550 πίστιν
1280 2523 1400 2560 ἀδίκημα
1419 2525 1579 2560 περιφανῶς
1601 2525 1783 2552 διεδείκνυτο·
1800 2527 1815 2552 ὁ
1836 2527 1894 2561 γάρ

1099 2569 1274 2603 ἡγεμονεύων
1291 2570 1366 2601 ἐντὸς
1389 2571 1546 2606 ἀποστάτης
1562 2572 1610 2597 καὶ
1629 2571 1770 2606 τύραννος,
1787 2572 1893 2603 παντός

1098 2615 1197 2650 ἐχθροῦ
1216 2617 1262 2642 καὶ
1283 2617 1416 2651 πολεμίου
1436 2617 1479 2643 διὰ
1499 2617 1548 2652 τὴν
1568 2617 1738 2643 ἀποστασίαν
1757 2618 1771 2644 ὁ
1792 2618 1894 2652 δυσμε-

1099 2661 1228 2694 νέστατος
1253 2660 1286 2697 ἦν
1302 2663 1512 2698 χαλεπώτατος·
1531 2663 1601 2690 ἀλλὰ
1619 2663 1741 2690 κάκεῖνοι
1766 2664 1824 2689 τῶν
1851 2666 1892 2696 εἰς

1098 2707 1216 2741 Χριστὸν
1234 2708 1418 2744 τολμημάτων
1441 2709 1490 2740 τὰς
1509 2709 1587 2740 δίκας
1601 2709 1732 2740 ἐτίννυον,
1746 2709 1794 2735 καὶ
1815 2707 1892 2736 οὗτοι

1099 2756 1141 2790 ἐφ’
1156 2756 1260 2790 ὁμοίοις
1282 2759 1376 2788 κακοῖς
1397 2757 1520 2784 ἑάλωσαν
1533 2766 1540 2772 ·
1560 2755 1600 2789 εἷς
1617 2758 1671 2792 γὰρ
1691 2755 1725 2792 ἦν
1744 2758 1773 2784 ἐν
1800 2759 1892 2792 ἀμφο-

1099 2801 1188 2836 τέροις
1203 2802 1217 2827 ὁ
1235 2802 1430 2837 ὑϐριζόμενος·
1449 2803 1562 2829 τοιαῦτα
1581 2802 1630 2837 μὲν
1643 2803 1676 2829 τὰ
1693 2804 1725 2829 ὲκ
1742 2804 1792 2837 τῆς
1812 2803 1891 2835 θείας

1098 2847 1176 2882 δίκης
1194 2848 1352 2884 μηνίματα·
1370 2848 1481 2875 τοιαῦτα
1503 2849 1531 2875 δὲ
1545 2849 1569 2875 oi
1585 2850 1623 2880 είς
1641 2848 1707 2875 Θεὸν
1721 2849 1892 2884 ἀνομοῦντες

1099 2893 1133 2920 τὰ
1153 2893 1280 2930 ἐπίχειρα
1302 2894 1406 2921 ἐκεῖθεν
1419 2895 1594 2929 κομίζονται·
1616 2892 1654 2922 ὦν
1673 2894 1751 2921 οὐδὲν
1765 2893 1890 2922 ἀναθεωυ
