1945 3078
86 157 135 190 501

433 159 749 196 ANTIRRH‘ETICUS
767 167 814 196 III
833 167 917 197 ADV.
937 167 1236 199 CONSTANTINUM
1256 168 1362 198 COPR.

1668 165 1720 197 502

86 214 199 249 ροῡντες
212 213 237 240 οἱ
250 215 511 250 χριστομαχοῦντες,
531 219 648 246 συνιδεῖν
663 221 713 247 οὐκ
726 220 877 254 ἐθέλουσιν,

949 229 1024 250 muas
1045 223 1109 250 lotis
1132 223 1308 258 quadraginta
1323 221 1404 249 annis
1428 221 1515 253 dedit,
1538 225 1565 247 et
1591 219 1722 255 plurimas

84 260 128 286 δτι
148 259 278 296 καθάπερ
305 261 391 289 πάλαι
411 263 425 289 ὁ
460 263 608 297 Ἰουδαῖκὺς
621 266 708 301 δῆμος
720 286 728 298 ,
747 267 802 294 τῶν
819 268 878 294 Μα-

85 307 171 342 νασσῇ
189 307 230 341 τῷ
256 306 390 335 Ἰουδαίων
409 309 514 344 βασιλΞί
527 312 568 343 είς
590 311 658 339 θεὸν
672 314 878 348 πεπραγμένων

84 354 333 388 παρανομημάτων
351 355 430 387 δίκας
450 355 493 390 ἐφ’
509 357 581 389 ὅλοις
602 359 811 394 τεσσαράκοντα
827 359 880 385 ἐδί-

84 398 167 424 δοσαν
189 399 280 432 ἔτεσι,
301 400 350 427 καὶ
366 401 485 428 πλεῖστα
501 403 552 429 ὅσα
577 403 652 431 δεινὰ
673 405 720 432 καὶ
742 404 880 440 δυσφορὼ-

84 452 170 476 τατα,
186 445 234 471 καὶ
253 445 342 472 ταῦτα
366 447 429 474 καθ’
453 447 500 479 οὒς
520 449 634 483 χρόνους
647 450 673 476 οἱ
691 451 734 477 ἐπ’
754 450 880 487 εὐσεϐείᾳ

85 490 134 516 καὶ
153 491 316 528 δικαιοσύνῃ
346 495 788 531 μεμαρτυρημένοιοὴγεμόνευον,
813 495 880 523 ἔπα-

87 542 152 570 σχον
163 544 170 550 ·
187 535 260 562 οὕτω
272 536 305 572 δὴ
317 538 365 564 καὶ
379 537 434 564 τῶν
449 538 664 574 δυσσεϐημάτων
680 541 727 567 καὶ
740 541 882 576 ἀνοσιουρ-

86 580 222 616 γημάτων
238 582 287 608 τοῦ
305 583 347 618 ἐφ’
367 583 446 619 ὴμῶν
466 585 602 619 Μανασσῆ
621 585 726 617 ἕνεκεν,
745 587 793 612 καὶ
815 586 881 621 πρὶν

89 625 141 659 μὲν
167 625 326 662 βαρυτάτην
351 628 472 663 ἦνεγκαν
496 630 658 665 Χριστιανοὶ
681 631 732 667 τὴν
757 631 882 658 παιδείαν

86 671 202 704 ἄνωθεν,
218 673 269 708 ἤδη
284 673 313 700 δὲ
327 675 375 700 καὶ
389 676 429 707 είς
444 675 484 702 ἔτι
502 664 548 703 καὶ
564 676 611 703 νῦν
628 664 757 713 φέρομεν,
771 678 818 704 καὶ
832 664 900 704 οὐκ1

87 715 122 742 ἂν
151 717 343 753 ἀπολήξαιμεν
372 720 580 755 παιδευόμενοι,
602 721 654 753 ἕως
677 722 693 757 ἡ
719 723 814 757 μνήμη
835 721 881 748 τοῦ

86 760 237 794 δυσσεῦοῦς
261 764 308 790 ἐπὶ
332 764 460 800 γλώσσης
483 765 539 793 τῶν
561 767 725 803 ὁμοτρόπων
749 767 858 794 ἵσταται
873 775 880 782 ·

87 806 129 832 διὸ
143 808 193 834 καὶ
206 808 255 835 νῦν
270 809 399 846 εὔκαιρον
414 812 502 838 εἰπεῖν
512 821 519 828 ·
531 813 586 839 Καὶ
605 815 621 840 d
651 813 726 846 λαὸς
747 814 802 846 οὐκ
823 814 881 841 ἀπ-

928 267 1167 302 intolerandasque
1200 268 1369 294 calamitates
1404 266 1533 302 pertulit;
1569 270 1597 293 et
1628 273 1722 301 postea

930 312 1031 344 etiam,
1055 313 1229 347 regnantibus
1247 313 1346 346 pietate
1371 320 1403 339 ac
1417 312 1522 347 justitia
1546 311 1717 346 principibus

930 358 1056 393 inclytis;
1080 358 1117 385 ita
1142 358 1245 393 pariter
1266 359 1301 386 ob
1318 359 1550 393 irreligiositatcm
1568 362 1649 392 atque
1677 366 1720 385 ne-

931 403 1044 437 quitiam
1074 403 1204 431 Mauassis
1236 404 1339 437 nostri,
1365 409 1392 431 et
1425 409 1503 430 antea
1539 403 1720 437 gravissimas
1751 418 1755 424 -

932 447 1080 475 Christiani
1105 449 1210 483 experti
1237 456 1301 476 sunt
1317 449 1507 483 correptiones
1518 469 1525 481 ,
1541 454 1567 475 et
1590 457 1661 475 nunc
1676 457 1724 475 nos

932 493 1112 528 perferimus,
1129 502 1216 529 neque
1237 495 1299 522 nnis
1327 495 1493 530 corripiendi
1519 495 1587 527 erit‘,
1604 495 1724 529 quaudiu

932 538 1005 565 illius
1022 539 1095 574 impii
1121 540 1222 566 mentio
1246 541 1271 566 in
1292 545 1534 568 consectaneorum
1549 540 1639 574 lingua
1660 548 1721 574 per-

933 584 1025 612 stabit.
1050 584 1139 618 Quare
1155 593 1226 612 nunc
1248 593 1356 620 quoque
1371 585 1530 619 tempestive
1545 585 1671 612 dicetur:
1692 590 1720 612 et

934 629 1050 665 populus
1074 638 1125 657 non
1151 636 1192 658 est
1211 639 1366 664 conuersus,
1385 631 1466 658 donec
1490 631 1564 657 clade
1580 638 1720 664 percussus

933 676 1001 710 fuit;
1017 680 1042 702 et
1068 675 1208 702 Dominum
1233 685 1284 703 non
1311 678 1499 711 requisiverunt
1512 676 1545 702 δι.
1564 675 1633 703 Ecce
1651 676 1724 702 enim

933 723 966 748 ab
983 721 1142 749 orthodoxia
1165 726 1317 749 nostrorum
1329 722 1494 757 dogmatum,
1518 725 1545 748 et
1562 721 1606 748 Dei
1619 721 1727 756 iudiciis

933 768 1105 796 damnantur.
1132 768 1164 795 Et
1189 769 1378 803 percutiuntur
1408 767 1533 803 quidem,
1552 775 1605 794 non
1635 771 1725 793 tamen

933 819 1139 841 convertuntur.

86 855 224 890 EUfpdsDn
242 856 299 890 ἕως
315 858 445 893 ἐπλήγη,
458 859 574 887 καὶτὸν
588 862 698 895 Κύριον
712 863 767 888 οὐκ
804 861 1005 895 ἐξεζήτησαν
1029 862 1097 889 ἀλλὰ
1131 862 1181 897 τῆς
1200 862 1348 898 εὐθύτητος
1383 863 1437 890 τῶν
1469 863 1612 898 ἡμετέρων
1625 861 1730 897 Gonni-

87 910 155 934 των,
171 904 218 930 καὶ
237 904 294 931 τῶν
315 906 364 933 τοῦ
379 907 448 934 Θεοῦ
464 909 609 943 χριμάτων
628 909 879 946 καταψηφίζονται,
901 911 949 937 καὶ
963 910 1128 946 πλήττονται
1147 912 1214 946 μὲν,
1232 912 1283 938 οὐκ
1297 911 1502 948 ἀποστρέφουσι
1516 911 1556 939 δέ.

125 959 177 995 Er".
207 961 240 987 Ὃ
263 961 292 988 δὲ
315 963 435 998 μάλιστα
457 963 621 1000 θριαμΰεύει
646 966 738 993 αὐτῶν
754 967 804 1002 τὴν
821 967 885 993 ἀσέ-

972 965 1017 993 68.
1036 966 1157 1001 Denique
1176 967 1248 1002 quod
1263 967 1304 994 vel
1322 967 1439 994 maxime
1464 967 1579 994 istorum
1603 966 1729 1001 impieta-

88 1005 185 1039 σειαν,
201 1006 302 1034 οὔκουν
319 1009 390 1036 ἑκών
409 1019 440 1044 γε
461 1010 668 1048 ὑπερϐήσομαι.
696 1012 806 1048 Ἐπειδὴ
831 1012 886 1048 γὰρ

88 1053 118 1078 ἐν
128 1052 233 1087 ὀλίγοις
253 1055 311 1086 τοῖς
336 1055 456 1091 πρόσθεν
479 1058 605 1094 χρόνοις,
624 1058 674 1094 τῆς
697 1059 741 1085 ἐπ’
759 1059 887 1095 εὐσεϐείᾳ

89 1100 316 1136 γνωριζομένης,
335 1103 383 1129 καὶ
398 1102 448 1138 τὴν
463 1104 551 1140 ἀρχὴν
563 1105 613 1140 τὴν
630 1105 766 1141 βασίλειον
781 1106 888 1133 διεπού-

90 1153 142 1179 σης
160 1145 210 1181 (fl,
232 1146 416 1183 ἀξιοζήλωτόν
436 1157 467 1176 τε
495 1150 543 1177 καὶ
560 1150 652 1178 ἔνθεον
679 1151 799 1187 σπουδὴν
823 1154 888 1186 περὶ

89 1191 141 1228 τὴν
159 1192 221 1220 καθ’
242 1195 318 1229 ἡμᾶς
342 1194 435 1222 πίστιν
458 1196 687 1232 ἐπιδειξαμένης,
709 1197 852 1233 ἐξήγειρεν
874 1198 888 1225 ὁ

90 1239 160 1271 Θεὸς
181 1239 213 1266 τὸ
236 1240 357 1276 πνεῦμα,
381 1241 428 1268 καὶ
446 1241 581 1278 θεοκρίτῳ
601 1243 701 1279 ψήφῳ,
714 1244 765 1279 τῆς
781 1244 889 1276 πόλεως

90 1288 175 1322 τῆσδε
193 1289 237 1323 ἐφ’
260 1285 295 1324 ἦς
314 1289 409 1322 κακῶς
427 1290 476 1317 καὶ
492 1290 582 1323 ἀθέως
604 1291 682 1327 παρὰ
697 1291 744 1318 τοῦ
761 1291 890 1327 ἡθροικό-

91 1343 141 1366 τος
155 1334 305 1370 ὲνίδρυντο,
321 1335 412 1368 καλῶς
426 1337 475 1363 καὶ
491 1337 590 1369 αἰσίως
619 1336 780 1373 ἐξώσθησαν
790 1347 798 1354 ’
809 1347 889 1373 περι-

94 1380 234 1416 αλώμενοι
249 1379 294 1409 οἷα
311 1382 448 1419 πλανῆτες
462 1383 643 1418 περιεζήτουν
659 1383 818 1420 θρησκείαν,
828 1385 891 1412 καθ’

93 1427 128 1463 ῆν
143 1428 248 1460 εἰκόνες
264 1427 313 1455 καὶ
330 1428 519 1464 ὑπομνήματα
533 1429 582 1465 τῆς
595 1429 717 1465 Χριστοῦ
732 1430 891 1464 οἰκονομίας

92 1473 147 1501 οὐκ
169 1474 384 1509 ἐμφανίζονταν
402 1475 580 1511 εὑρίσκουσιν
604 1475 650 1502 οὖν
666 1475 698 1512 δὴ
711 1475 761 1512 τὴν
783 1475 891 1511 ἐρωμέ-

93 1529 148 1554 νην
164 1521 197 1547 ἐκ
219 1520 343 1553 πλείονος
365 1521 416 1557 τὴν
435 1521 596 1557 Μανιχαίων
617 1522 650 1558 δὴ
670 1522 743 1557 λέγω
761 1522 892 1550 ἀπιστίαν

96 1565 147 1591 καὶ
164 1564 278 1598 ἀθεϊαν,
301 1566 350 1592 καὶ
371 1567 404 1601 τῇ
429 1565 492 1602 δόξῃ
516 1567 549 1601 τῇ
572 1565 687 1592 ἐκείνων
707 1565 891 1601 συνᾴδουσαν,

96 1611 148 1638 καὶ
176 1610 212 1638 τὰ
236 1611 309 1638 κατὰ
333 1611 449 1647 γνώμην
475 1612 569 1644 αὐτοῖς
596 1612 816 1648 ἐπιτρέπουσαν,
846 1612 893 1638 καὶ

941 1017 994 1039 tem
1009 1012 1095 1047 palam
1112 1013 1186 1046 facit,
1204 1013 1230 1041 id
1251 1021 1299 1048 ego
1316 1013 1378 1040 nolo
1393 1018 1491 1047 sponte
1505 1013 1643 1040 omittere.
1662 1011 1728 1039 Nam

940 1059 1003 1092 quia
1026 1065 1128 1093 paucos
1146 1065 1210 1087 ante
1227 1067 1323 1090 annos,
1347 1059 1479 1094 principis
1493 1058 1619 1091 femime,
1635 1058 1729 1085 ortho-

941 1105 1028 1133 doxite
1044 1110 1207 1133 ornamento
1228 1106 1346 1142 inclytae,
1363 1105 1452 1140 regale
1468 1105 1606 1140 fastigium
1633 1109 1728 1131 tenen-

942 1151 987 1184 tis,
1019 1151 1118 1178 mirum
1145 1155 1172 1178 et
1201 1151 1322 1178 divinum
1357 1151 1477 1179 studium
1504 1158 1552 1185 pro
1568 1151 1620 1178 lide
1635 1155 1729 1178 nostra

942 1198 1103 1229 exserentis,
1121 1198 1247 1232 spirium
1270 1197 1341 1225 Deus
1355 1197 1511 1229 suscitavit,
1530 1202 1612 1232 atque
1629 1197 1654 1224 hi
1671 1204 1731 1226 sce-

942 1244 1016 1277 lesti,
1040 1244 1113 1272 edito
1136 1243 1266 1271 divinitus
1286 1243 1406 1275 decreto,
1433 1243 1560 1278 136m
1578 1244 1629 1270 hac
1650 1243 1729 1275 urbe,

941 1297 1025 1325 quam
1051 1289 1120 1317 male
1144 1289 1350 1324 “religioseque
1370 1289 1537 1320 insederant,
1557 1289 1625 1316 bene
1640 1288 1728 1315 relici-

944 1339 1038 1370 lerque
1057 1335 1127 1371 pulsi
1156 1334 1281 1368 fuerunt;
1307 1339 1431 1363 errantes
1459 1335 1630 1369 planetarum
1657 1342 1733 1362 more

944 1386 1047 1409 sectam
1076 1381 1231 1416 religiosam
1264 1381 1440 1415 quaerebant,
1468 1381 1495 1408 in
1521 1388 1573 1414 qua
1601 1381 1733 1415 imagines

945 1431 1175 1462 monumentaque
1197 1427 1299 1454 Christi
1316 1427 1514 1454 incarnationis
1536 1434 1589 1453 non
1616 1433 1732 1461 appare-

944 1477 1015 1506 rent.
1033 1472 1198 1500 Invenerunt
1214 1478 1303 1500 autem
1320 1473 1446 1500 dilectam
1462 1472 1514 1499 sibi
1528 1471 1632 1506 jamdiu
1647 1471 1732 1498 Mani-

944 1520 1082 1547 chzeorum
1113 1518 1331 1546 incredulitatem
1360 1523 1389 1545 et
1412 1517 1598 1550 atheismum,
1625 1524 1736 1551 suaeque

946 1564 1087 1592 sententiae
1106 1570 1281 1597 consonam,
1296 1563 1456 1598 placitisque
1471 1563 1620 1600 faventem,
1645 1569 1733 1597 eaque

947 1611 1089 1638 docentem
1113 1617 1227 1645 quorum
1248 1609 1298 1644 ipsi
1319 1609 1422 1644 jamdiu
1449 1609 1585 1637 desiderio
1599 1613 1626 1636 et
1640 1616 1735 1636 amore

96 1656 188 1684 ταῦτα
216 1657 440 1692 ἐπαγγέλλουσαν
467 1656 566 1694 οἷσπερ
589 1658 686 1693 ἥδοντο
714 1658 760 1685 καὶ
785 1657 892 1694 ἔχαιρον

949 1657 1119 1684 tenebantur.
1144 1656 1289 1690 Propterea
1315 1656 1437 1690 plerique
1460 1655 1576 1683 istorum
1592 1660 1736 1689 postquam

98 1702 245 1739 πόρρωθεν
257 1712 264 1719 ·
285 1703 330 1731 διὰ
347 1703 380 1739 δὴ
392 1703 481 1731 ταῦτα
499 1705 525 1731 οἱ
543 1704 653 1737 πλείους
664 1704 755 1731 αὐτῶν
769 1704 819 1740 τὴν
834 1704 895 1731 καθ’

97 1752 176 1786 ἡμᾶς
199 1750 346 1785 ὁμολογίαν
362 1749 518 1785 όλοτρόπως
535 1749 684 1785 ἀπώμοτον
702 1750 895 1786 ποιησάμενοι,

99 1797 196 1832 ἐκείνῃ
224 1797 258 1832 τῇ
285 1796 372 1831 λύσσῃ
399 1795 565 1831 προσέθεντο
589 1795 702 1823 τέλεον·
720 1797 768 1832 ἀφ’
792 1793 830 1823 ὧν
849 1795 897 1824 καί

99 1850 177 1874 τινες
202 1841 395 1876 φωραθέντες,
426 1841 563 1876 τιμωρίας
583 1841 633 1873 τὰς
658 1841 799 1876 ἐσχάτας,
817 1841 851 1873 ἃς
873 1841 898 1868 οἱ

101 1887 182 1922 νόμοι
200 1887 370 1918 κελεύουσιν,
391 1886 485 1914 ἔτισαν
498 1886 537 1922 τῷ
553 1886 625 1921 ξίφει
639 1887 861 1922 παραδιδόμενοι.

139 1933 191 1967 ἔθ’.
204 1933 314 1960 Τούτων
328 1934 343 1960 ὃ
356 1933 387 1968 δὴ
401 1933 510 1961 πάντων
520 1932 713 1966 ὲλεεινότατον,
727 1933 776 1960 καὶ
790 1932 899 1968 θρήνων

103 1981 153 2008 καὶ
173 1979 306 2015 οἰμωγῶν
329 1981 378 2007 καὶ
397 1979 524 2015 δακρύων
548 1980 624 2013 ἄξιον
636 1987 643 1995 ·
668 1981 726 2012 τοῖς
741 1981 900 2015 φρονήμασι

103 2025 156 2053 καὶ
165 2025 223 2056 τοῖς
237 2024 328 2059 λόγοις
342 2025 367 2051 οί
379 2023 428 2052 νῦν
441 2024 525 2060 ἱερεῖς
543 2025 696 2058 ὑπάγονται
718 2026 766 2051 καὶ
786 2025 900 2052 ἐπίσκο-

105 2071 212 2106 ποιω),
229 2070 278 2097 καὶ
291 2070 337 2102 οὓς
352 2070 404 2097 ἔδει
428 2070 466 2102 ὡς
487 2070 648 2098 ἀπολωλότα
677 2070 803 2106 πρόϐατα
838 2072 900 2098 ὲπι-

107 2116 240 2151 στρέφειν
256 2115 304 2142 καὶ
316 2114 545 2147 ἐπισκέπτεσθαι,
561 2116 654 2148 δεξιᾶς
681 2117 730 2143 καὶ
750 2116 901 2153 ἀριστερᾶς

106 2162 299 2199 ημοιρηκότας
313 2161 454 2196 γνώσεως,
466 2162 513 2189 καὶ
528 2162 578 2197 τῆς
596 2162 644 2189 τοῦ
664 2162 788 2198 Πονηροῦ
815 2162 903 2198 θήρας

108 2208 326 2243 ἁνθυπεξάγειν,
347 2209 419 2236 κατὰ
431 2208 565 2244 κρημνῶν
575 2217 605 2235 τε
622 2209 669 2235 καὶ
682 2208 827 2244 βαράθρων
852 2209 903 2243 τῆς

108 2255 241 2286 ἀπιστίας
255 2254 440 2289 ὠθουμένους,
455 2254 502 2288 ἀφ’
514 2251 551 2281 ὧν
562 2254 610 2280 καὶ
626 2253 858 2289 παρακερδαίνειν
868 2253 904 2281 τὰ

109 2301 232 2336 μέγιστα.
246 2301 297 2335 τῆς
310 2300 449 2336 σωτηρίας
464 2300 514 2334 τῆς
531 2300 644 2326 ἐκείνων
660 2299 753 2327 ἕνεκεν
768 2298 834 2334 ἐξῆν
844 2308 851 2316 ·
876 2299 904 2326 τί

109 2347 249 2382 πάσχουσι
259 2347 307 2374 καὶ
323 2347 351 2373 τί
366 2346 510 2381 συμὸαίνει
524 2355 531 2380 ;
545 2347 709 2374 Τούναντίον
727 2346 800 2374 ἅπαν
814 2353 820 2361 ⁸
837 2346 903 2373 ἁλο-

110 2393 232 2428 γώτεροι
242 2392 308 2428 περὶ
323 2392 413 2420 πάντα
422 2393 470 2419 καὶ
483 2393 700 2428 κτηνωδέστεροι
713 2392 904 2427 καταληφθέν-

110 2448 160 2471 τες
174 2439 221 2466 ὑπ’
247 2439 361 2466 ἐκείνων
387 2440 623 2475 ἀντιθηρεύονται,
642 2441 689 2467 καὶ
720 2439 854 2475 μυοῦνται
869 2439 906 2466 τὰ

110 2485 234 2520 ἄθεσμα,
247 2485 295 2512 καὶ
308 2487 341 2521 τῇ
366 2485 468 2521 χείρονι
493 2485 576 2521 μοίρᾳ
600 2485 848 2521 μεθαρμοζόμενοι,
865 2486 906 2516 είς

111 2531 160 2557 τὸν
175 2530 271 2565 ὅμοιον
286 2530 401 2563 ἐκείνοις
413 2530 461 2557 τοῦ
473 2531 604 2567 βορϐόρου
616 2531 718 2558 λάκκον
733 2532 783 2567 τῆς
801 2532 904 2568 πλάνης

152 2618 175 2634 ¹¹
188 2617 239 2646 lsa.
255 2626 296 2650 ix,
312 2618 356 2646 l3.

154 2698 188 2734 (f)
205 2697 368 2733 lntelligitur
385 2698 430 2726 hic
446 2697 534 2731 lreue,
551 2705 612 2732 qum
629 2698 709 2732 paulo
725 2704 785 2733 post
803 2698 909 2733 Copro-

117 2741 230 2770 nymum
253 2734 387 2770 regnavit,
409 2738 437 2760 et
461 2734 576 2770 septima
594 2734 696 2770 indicta
725 2735 844 2770 generali
867 2742 912 2769 sy-

117 2768 192 2797 nodo
217 2768 448 2796 lconoclastarutn
481 2769 608 2796 haeresim
639 2769 823 2796 damnandam
864 2768 912 2796 cu-

119 2803 202 2831 ravit.

947 1702 1148 1730 confessionem
1166 1702 1333 1729 adamussim
1356 1707 1478 1729 nostram
1489 1701 1579 1735 jurati
1595 1700 1732 1734 fecermtl,

948 1752 1084 1783 postremo
1108 1748 1227 1775 vesania:
1242 1747 1281 1775 illi
1306 1748 1499 1775 adhaeserunt:
1522 1747 1548 1774 in
1565 1754 1617 1781 qua
1640 1747 1737 1780 depre-

948 1794 1026 1822 hensi
1042 1793 1162 1821 nonnulli
1183 1801 1340 1829 supremum
1365 1793 1538 1828 supplicium,
1567 1797 1647 1828 prout
1666 1792 1740 1828 leges

945 1840 1053 1876 iubent,
1071 1840 1159 1876 gladio
1175 1841 1355 1868 animadversi
1372 1840 1524 1868 subierunt.

986 1937 1029 1965 69.
1050 1937 1098 1964 Est
1122 1940 1212 1963 autem
1232 1936 1352 1963 omnittm
1379 1935 1580 1965 miserrimum,
1609 1937 1636 1960 et
1654 1932 1737 1965 luctu,

949 1985 1062 2020 gemitu,
1078 1982 1260 2017 lacrymisque
1275 1982 1398 2017 dignum,
1423 1981 1494 2016 quod
1519 1982 1552 2008 ab
1568 1981 1664 2007 horum
1680 1980 1740 2013 opi-

951 2032 1078 2060 nionibus
1105 2037 1186 2065 atque
1213 2029 1302 2057 verbis
1332 2029 1480 2056 transversi
1515 2033 1632 2063 aguntur
1659 2026 1738 2061 hujus

952 2078 1083 2113 temporis
1097 2077 1252 2104 sacerdotes
1268 2081 1349 2110 atque
1362 2075 1481 2110 episcopi
1507 2073 1632 2110 (76-77):
1650 2078 1676 2100 et
1693 2073 1740 2107 qui

951 2125 1083 2152 deberent
1098 2123 1218 2158 perditas
1237 2129 1302 2149 oves
1319 2127 1445 2148 revocare
1455 2124 1482 2147 et
1494 2120 1639 2153 inspicere,
1649 2122 1742 2152 utpote

953 2174 1027 2197 recta
1052 2169 1203 2201 dextraque
1229 2166 1365 2194 sententia
1383 2166 1557 2196 deerrantes,
1586 2168 1613 2192 ct
1638 2171 1651 2190 a
1671 2163 1744 2190 mala

953 2213 1039 2241 bestia
1058 2213 1215 2243 retrahere,
1233 2211 1282 2239 has
1302 2215 1395 2238 contra
1414 2218 1463 2245 per
1477 2209 1626 2245 praecipitia
1642 2213 1669 2236 et
1693 2209 1742 2236 ba-

955 2258 1047 2286 rathra
1079 2256 1247 2284 inﬁdelitatis
1284 2255 1469 2290 propellunt;
1504 2261 1565 2281 cum
1604 2255 1745 2288 oporteret

956 2304 1046 2339 potius
1061 2303 1178 2330 maxima
1191 2301 1288 2330 salutis
1299 2301 1455 2335 adiumenta
1471 2300 1504 2327 ab
1518 2300 1559 2327 Itis
1573 2303 1744 2332 exspectare.

958 2348 1028 2381 Quid
1044 2355 1123 2382 porro
1144 2355 1206 2375 cutn
1221 2347 1255 2374 iis
1279 2346 1379 2381 agitur,
1395 2345 1435 2372 vel
1458 2345 1523 2379 quid
1540 2343 1658 2371 accidit?
1673 2343 1745 2370 Cou-

951 2394 1071 2433 trarium
1098 2394 1215 2428 penitus.
1244 2392 1311 2420 Cum
1342 2391 1496 2419 hebetiores
1527 2391 1582 2417 sint
1606 2389 1746 2424 magisque

958 2440 1096 2475 magistris
1110 2439 1167 2466 suis
1188 2438 1297 2473 pecudei
1308 2458 1317 2470 ,
1332 2438 1366 2465 ab
1391 2437 1434 2464 his
1454 2437 1543 2472 potius
1559 2436 1745 2470 decipiuntur,

957 2491 985 2513 et
1008 2485 1101 2513 illicita
1122 2486 1264 2516 docentur,
1284 2483 1412 2511 deteriori
1430 2483 1500 2518 parti
1524 2490 1554 2509 se
1576 2483 1746 2512 addiceutcs,

959 2539 1034 2567 mque
1053 2539 1085 2559 ac
1109 2531 1146 2558 illi
1164 2531 1191 2558 in
1213 2531 1283 2559 ctetii
1314 2530 1447 2565 gurgitem
1472 2529 1624 2564 praccipites
1655 2532 1749 2558 ruunt,

963 2697 1047 2724 fuisse
1064 2697 1238 2731 (Iopronymo
1253 2695 1437 2727 lconoclastze,
1454 2695 1519 2730 quin
1533 2695 1613 2731 etiam
1632 2694 1748 2728 pseudo-

961 2734 1063 2767 synodo
1080 2730 1228 2767 Byzantina
1255 2739 1314 2758 eam
1342 2731 1466 2767 luet-eisin:
1489 2730 1749 2767 conliruuissgtpcr-

962 2763 1053 2802 spirue
1067 2763 1160 2793 narrat
1180 2766 1319 2793 Cedrenus
1333 2767 1376 2793 ed.
1394 2765 1481 2792 Puris.
1500 2771 1517 2792 ι.
1535 2765 1565 2797 Il,
1587 2773 1612 2802 ι).
1629 2763 1693 2790 463.

998 2802 1103 2837 (76-77)
1120 2801 1240 2836 lnlelllge
1259 2802 1346 2837 potius
1366 2801 1507 2834 episcopos
1526 2800 1679 2837 sub_l.cone
1699 2799 1750 2837 ltr-

158 2840 195 2873 (g)
211 2838 359 2873 Episcopos
375 2837 540 2872 complures,
553 2838 674 2873 duosque
690 2839 770 2865 etiam
784 2839 912 2866 obtrusns
963 2834 1042 2864 meno
1061 2834 1159 2873 iterum
1171 2834 1458 2873 facioslcouuclastas,
1470 2835 1621 2873 quatniilos
1635 2834 1750 2866 pseudo.

121 2870 295 2910 patriarchas
306 2870 483 2902 Anastasiqu
503 2870 769 2907 ct’Constantinum,
789 2875 913 2902 adulatos
962 2873 1058 2908 syntodi
1070 2873 1120 2900 sub
1139 2872 1321 2907 Copronymo,
1336 2871 1369 2898 de
1383 2871 1482 2905 quibus
1495 2871 1574 2898 modo
1585 2870 1711 2903 disuuus.
