1945 3078
235 143 288 174 503

752 142 782 173 S.
804 141 1013 173 NICEPHORI
1031 140 1283 172 PATRIARCH/E
1302 140 1359 171 (ΣΡ.
1410 165 1417 171 ς

1810 137 1867 171 594

237 207 328 226 secum
352 205 464 234 operum
479 197 571 225 'socios
593 196 739 229 abducunt.
765 203 792 225 et
808 202 946 233 tunqunm-
962 198 1020 226 exi-

1075 196 1409 233 συγκατακρημνίζονται,
1439 195 1489 223 καὶ
1513 195 1663 231 συνεργοὺς
1697 194 1865 230 ιπάγονται,

239 245 347 272 tialibus
371 243 556 271 instrumentis
577 251 686 270 suarum
703 243 834 271 adversus
856 245 1023 272 orthodoxos

238 289 462 317 contumeliarum
487 293 567 323 atque
592 288 751 323 iniuriarum
779 293 900 316 utunlur.
919 289 1024 323 Quippe

239 333 301 361 doni
326 333 444 367 Spiritus
471 333 624 360 unctionem
651 333 759 368 penitus
786 333 968 368 abnegantes,
997 338 1024 361 et

238 387 342 407 sacram
369 379 517 413 quamlibet
548 379 764 414 Canonicamque
791 379 910 414 regulam
942 381 1023 408 abro-

237 427 350 456 gantes,
378 426 459 458 atque
484 423 675 451 ecclesiasticae
701 424 789 451 omnis
821 425 1022 452 constitutionis

236 467 469 503 ordinationisqne
490 469 584 502 obliti,
604 469 728 497 civilibus
745 469 847 505 legibus
863 470 1023 505 actibusque

237 513 349 548 vivunt,
365 519 392 542 et
416 514 560 542 mundanis
590 515 790 550 magistratibus
814 520 877 543 sunt
893 516 1021 548 obnoxii,

236 564 264 586 et
278 560 350 586 victu
361 579 368 591 ,
385 560 504 587 moribus
515 579 522 592 ,
539 560 762 592 conversatione,
774 560 900 595 iudiciis,
918 565 1023 588 cunctis

237 606 353 640 denique
371 605 432 633 vitae
457 605 580 637 actibus,
606 606 649 632 his
671 605 861 639 obtemperant
879 605 914 632 ab
935 605 1023 639 iisque

238 656 378 685 reguntur.
401 650 455 678 Sed
480 658 533 678 non
558 655 599 678 est
617 651 674 678 haec
699 649 792 678 Jacobi
811 651 917 685 portio,
933 658 1023 686 neque

238 696 389 730 huiusmodi
411 700 475 727 sunt
496 696 709 723 orthodoxorum
727 696 852 732 dogmata
868 704 900 724 ac
912 702 1022 724 senten-

238 744 305 775 tim,
330 749 420 777 neque
446 742 498 769 tale
521 742 583 770 vita:
607 743 726 776 ipsorum
757 743 940 777 propositum;
967 742 1023 770 imo

237 788 374 815 contraria
397 789 525 820 omnino,
543 795 574 815 ac
591 788 629 815 illi
645 788 734 815 solent
753 788 915 823 perditionis
929 795 1023 821 opera-

238 839 320 865 ιρι-οε,
336 833 357 860 si
374 837 448 861 certe
470 833 585 860 invicem
598 832 722 860 conferre
738 832 812 866 licet,
831 833 871 860 via
894 837 1020 869 pergunt.

1073 244 1120 270 καὶ
1132 243 1228 279 ὥσπερ
1244 243 1372 278 ὀργάνοις
1384 243 1435 278 τῆς
1447 242 1588 275 ἀπωλείας
1609 242 1700 270 αὐτῶν
1716 242 1790 269 κατά
1813 244 1868 278 τῆς

1071 287 1126 314 τῶν
1136 288 1322 315 εὐσεϐούντων
1335 288 1510 323 συγχρῶνται
1523 288 1629 323 ὕϐρεως
1640 288 1688 315 καὶ
1699 287 1865 319 κακώσεως·

1072 332 1167 369 ὥσπερ
1179 333 1234 368 γὰρ
1250 334 1302 368 τῆς
1315 333 1421 368 δωρεᾶς
1446 333 1493 360 τοῦ
1518 326 1679 369 Πνεύματος
1692 333 1743 369 τὴν
1771 335 1867 368 χρίσιν

1072 379 1163 406 τέλεον
1179 379 1341 414 ἠρνημένοι,
1356 379 1406 405 καὶ
1431 380 1522 405 πᾶσαν
1548 379 1624 414 ίερὰν
1640 379 1688 406 καὶ
1715 379 1867 413 κανονικὴν

1073 423 1252 458 θεσμοθεσίαν
1266 423 1443 459 ὴθετηκότες,
1460 424 1507 450 καὶ
1528 423 1621 458 πάσης
1645 424 1695 459 τῆς
1710 423 1866 459 ἐκκλησια-

1074 471 1168 504 πικῆς
1184 469 1334 504 εὐκοσμίας
1349 470 1396 496 καὶ
1419 469 1522 502 τάξεως
1551 470 1770 506 ἐπιλελησμένοι,
1787 470 1866 496 πολιν

1072 514 1158 545 τικοϊς
1171 513 1264 548 νόμοις
1279 514 1326 540 καὶ
1349 514 1496 550 πράγμασι
1520 514 1649 549 χρῶνται,
1675 515 1723 541 καὶ
1747 515 1866 550 ἄρχουσι

1071 560 1129 591 τοῖς
1155 560 1299 594 κοσμικαῖς
1316 560 1559 593 ὑποπεπτώκασιν,
1585 560 1631 586 ὲπί
1648 569 1678 586 τε
1701 560 1794 595 διαίτῃ
1815 559 1866 586 καὶ

1073 605 1124 641 βίῳ
1138 606 1186 632 καὶ
1207 606 1332 642 πολιτείᾳ
1348 606 1396 633 καὶ
1411 606 1555 641 κρίμασιν,
1572 607 1602 633 ἐν
1627 607 1696 633 πᾶσι
1719 608 1778 638 τοῖς
1790 606 1865 633 κατὰ

1071 651 1117 678 τὸν
1131 651 1188 686 βίον
1203 652 1396 687 ἐγχειρήμασι.
1413 652 1519 684 τούτοις
1545 652 1706 684 ὑπείκοντες
1721 653 1768 679 καὶ
1796 653 1865 678 διοι-

1071 696 1209 732 κούμενοι.
1230 696 1299 723 Ἀλλ’
1313 697 1361 732 οὐχ
1384 697 1453 733 αὕτη
1466 699 1483 734 ἡ
1496 698 1576 733 μερὶς
1599 697 1646 724 τοῦ
1669 697 1768 724 Ἰακώϐ
1779 705 1787 712 ·
1800 698 1864 724 οὐδὲ

1071 742 1187 770 τοιαῦτα
1202 741 1256 769 τῶν
1272 743 1399 778 εὐσεϐείᾳ
1413 743 1611 778 κοσμουμένων
1626 743 1660 770 τὰ
1670 743 1796 779 δόγματα
1808 744 1862 770 καὶ

1072 789 1235 824 φρονήματα
1243 797 1251 804 ’
1259 788 1321 815 οὐδὲ
1332 788 1445 824 τοιαύτη
1456 789 1510 816 τῶν
1519 789 1757 824 πεπολιτευμένων
1768 790 1864 821 αὐτοῖς

1071 835 1088 870 ὴ
1100 834 1204 869 αἵρεσις
1215 842 1221 848 ·
1234 835 1398 866 ἀπεναντίας
1407 835 1462 871 γὰρ
1471 834 1558 862 ἀπασι
1570 836 1626 867 τοῖς
1638 835 1702 870 περὶ
1713 835 1767 862 τῶν
1776 836 1864 870 ἐργα-

236 880 324 913 Atque
339 884 368 906 ut
389 879 544 906 summatim
560 879 659 911 dicam,
682 878 711 906 hi
725 879 892 914 iniquitatem
910 886 1018 906 omnem

1072 880 1123 906 τῶν
1134 880 1183 914 τῆς
1195 880 1333 911 ἀπωλείας
1343 880 1631 915 προκατειλεγμένοις,
1642 880 1669 906 εί
1684 888 1715 914 γε
1731 880 1815 914 ἐχρῆν
1829 879 1864 906 ὲκ

236 925 369 957 oderunt,
392 924 523 951 virtutem
537 931 645 951 omnem
662 924 803 956 ambiunt,
821 923 952 959 quidquid
974 923 1022 951 bo-

237 977 300 997 num
316 975 357 998 est
371 970 515 1002 honorant,
530 970 637 1005 egregia
654 970 743 997 omnia
761 969 898 1002 adamant,
914 977 1021 997 omnem

237 1015 292 1044 Deo
316 1016 443 1051 placitam
459 1016 695 1044 conversationem
720 1021 860 1043 sectantur
876 1025 884 1043 :
899 1020 1021 1044 sanetam

236 1069 342 1088 omnem
370 1067 527 1096 rectamque
550 1062 701 1090 doctrinam
727 1062 1022 1097 recipiunt,quidquid

236 1108 269 1134 ad
284 1114 390 1134 sacram
404 1107 552 1135 Ecclesium
569 1109 668 1135 attinet
681 1108 802 1135 studiose
817 1108 959 1142 recolunt;
974 1116 1022 1143 per

235 1161 296 1186 quae
312 1153 366 1181 Deo
382 1154 619 1188 appropinquant,
644 1154 792 1188 aeternique
808 1154 882 1189 regni
900 1154 1022 1182 lmredes

236 1199 320 1231 liunt,
333 1199 491 1234 angelorum
505 1204 660 1231 consortes,
679 1204 833 1226 sant-orum
852 1199 975 1232 sodales;
994 1199 1021 1226 in

235 1245 309 1271 omni
332 1245 439 1272 demum
462 1252 510 1276 re,
523 1245 594 1279 quod
609 1244 743 1272 laudabile
764 1249 806 1272 est
827 1250 854 1272 et
869 1246 1020 1280 egregium,

236 1289 350 1318 faciunt.
363 1289 482 1322 Quorum
497 1289 564 1316 nihil
579 1289 728 1316 adversarii
740 1292 862 1324 agentes,
872 1288 1020 1323 ignominia

237 1334 390 1370 replentur,
408 1335 560 1370 divinisque
573 1334 684 1369 judiciis
699 1334 821 1362 damnati
842 1335 869 1362 in
886 1339 1018 1361 εισι-ηοω

235 1384 328 1407 erunt.

271 1480 316 1508 70.
334 1480 400 1514 Quia
417 1479 474 1516 (78)
495 1486 560 1508 vero
581 1487 596 1507 a
619 1478 720 1507 Christi
744 1477 868 1505 hostibus
890 1477 1021 1506 nonnulla

232 1525 383 1561 iactantur,
401 1532 461 1561 quae
485 1524 620 1552 mendacii
635 1531 733 1559 parens
754 1523 810 1551 illis
826 1523 910 1556 alllat,
928 1523 1019 1558 agesis

235 1571 384 1606 cujusmodi
398 1571 457 1598 h:ec
477 1577 585 1605 quoque
601 1570 655 1597 sint
668 1569 881 1598 consideremus.
894 1568 1021 1596 Glorian-

236 1621 280 1644 tur
291 1617 375 1650 enim,
394 1620 505 1652 propter
523 1615 624 1643 illatam
638 1615 750 1642 Christo
765 1613 946 1648 Ecclesiaeque
957 1620 1022 1641 con-

235 1661 386 1694 tumeliam,
401 1661 537 1688 diuturnae
548 1660 609 1687 vita:
623 1659 708 1694 spatia
726 1667 787 1687 cum
800 1659 926 1686 maximis
942 1658 1021 1694 137

236 1706 420 1741 voluptatibus
435 1705 568 1733 Mamonze
581 1704 663 1732 fuisse
677 1711 816 1737 concessa,
841 1705 1022 1738 enmdemque

236 1753 375 1781 felicitatis
389 1753 495 1780 culmen
511 1752 643 1787 attigisse.
660 1750 713 1779 Sed
726 1756 754 1778 et
766 1750 894 1778 victorias
908 1751 942 1778 de
954 1750 1022 1777 Bar-

235 1799 308 1826 baris
321 1803 348 1826 et
360 1799 469 1834 egregia
485 1798 600 1833 plurima
615 1797 735 1825 facinora
751 1797 776 1824 ei
794 1797 948 1829 ascribunt,
962 1804 1021 1831 qua:

234 1843 339 1871 sobrios
349 1843 474 1870 homines
490 1850 523 1870 ne
540 1841 634 1869 audire
650 1841 758 1876 quidem
775 1849 882 1876 aequum
897 1845 949 1869 est.
967 1841 1020 1868 Sed

234 1896 270 1916 ne
284 1888 354 1916 forte
375 1888 508 1922 aliquibus
526 1887 735 1922 simplicioribus
757 1886 964 1921 rudioribusque
989 1894 1020 1914 ea

234 1933 374 1960 mendacia
396 1932 484 1959 fraudi
500 1932 564 1964 sint,
586 1932 758 1967 coarguenda
779 1932 883 1966 singula
908 1939 923 1958 a
941 1931 1021 1960 nobis

231 1984 323 2011 erunt,
351 1983 380 2006 ut
405 1983 572 2014 quantopere
586 1979 661 2006 stulti
685 1986 715 2006 se
729 1979 804 2013 ipsos
826 1979 955 2006 inanibus
978 1978 1020 2006 his

232 2025 406 2052 sermonibus
426 2025 610 2057 lndilicentur,
634 2025 797 2060 intelligant.
823 2024 908 2060 Igitur
922 2028 1020 2052 cuncta

232 2071 307 2099 illius
321 2078 450 2106 perquam
474 2072 563 2106 turpia
586 2071 680 2102 fuisse.
698 2077 815 2105 eumque
833 2070 899 2103 Deo,
915 2069 1019 2104 angelis

233 2125 266 2146 ac
293 2117 428 2152 religiosis
456 2117 610 2145 hominibus
640 2116 835 2144 exsecrabilem
863 2116 1018 2148 exstitisse,

232 2163 345 2190 minime
356 2167 398 2190 est
411 2163 568 2190 obscurum.
586 2161 654 2188 Nam
671 2168 732 2188 cum
748 2161 774 2188 in
790 2161 863 2188 omni
887 2168 916 2188 se
929 2160 1019 2188 libidi-

1073 925 1250 961 παραθέσεως
1263 925 1347 952 ταῦτα
1356 925 1514 961 συμϐαλεῖν,
1530 925 1586 952 ίασι
1595 933 1601 940 ·
1613 925 1660 952 καὶ
1668 925 1711 951 ἵνα
1721 923 1864 951 συλλαϐὼν

1073 971 1190 1006 είποιμι,
1207 971 1299 997 πᾶσαν
1311 971 1361 1005 μὲν
1378 970 1478 997 κακίαν
1487 970 1753 1006 καταμυσὰττονται,
1771 970 1864 995 πᾶσαν

1072 1016 1101 1042 δὲ
1114 1016 1214 1052 ἀρετὴν
1226 1015 1390 1052 προτιμῶσι,
1409 1017 1463 1043 πᾶν
1478 1015 1581 1050 ἀγαθὸν
1596 1015 1768 1050 γεραίρουσι,
1788 1022 1863 1040 παν-

1071 1062 1117 1094 τὸς
1131 1062 1215 1089 καλοῦ
1231 1062 1344 1097 ἐρασταί
1359 1063 1424 1095 εἱσι,
1439 1062 1530 1089 πᾶσαν
1547 1061 1695 1097 θεάρεστον
1718 1060 1863 1087 πολιτείαν

1072 1109 1274 1144 ἀσπαζόμενοι,
1288 1109 1378 1136 πάντα
1400 1109 1480 1143 λόγον
1497 1108 1570 1135 ὅσιον
1586 1108 1634 1135 καὶ
1663 1107 1731 1142 εὑθῆ
1747 1106 1863 1142 προσιέ-

1073 1163 1159 1190 μενοι,
1175 1155 1264 1182 πάντα
1274 1155 1310 1182 τὰ
1319 1155 1370 1190 τῆς
1385 1155 1462 1190 ἱερᾶς
1476 1154 1641 1188 Ἐκκλησίας
1657 1153 1840 1187 περιέποντες
1852 1160 1859 1167 ·

1072 1200 1105 1227 δι’
1121 1197 1159 1227 ὧν
1171 1200 1310 1235 ἐγγίζουσι
1326 1200 1398 1236 Θεῷ,
1415 1200 1463 1227 καὶ
1488 1199 1630 1234 βασιλείας
1645 1199 1731 1225 ἀϊδίου
1760 1199 1864 1234 κληρο-

1071 1246 1148 1281 νόμοι
1166 1247 1391 1273 ἀναδείκνυνται·
1409 1246 1535 1280 ἀγγέλων
1562 1244 1741 1280 συμμέτοχοι,
1771 1244 1861 1278 ἁγίων

1073 1291 1255 1328 συνάριθμοι·
1286 1293 1316 1319 ἐν
1343 1292 1430 1319 ἀπασι
1452 1292 1484 1318 τὸ
1509 1291 1671 1323 ἀξιέπαινον
1695 1290 1742 1317 καὶ
1769 1289 1863 1316 ἔνθεον

1073 1339 1292 1374 ἀποφερόμενοι·
1321 1335 1358 1366 ὧν
1387 1338 1465 1365 οὐδὲν
1493 1338 1592 1364 ἐκεῖνοι
1626 1337 1863 1373 περιπυξάμενοι

1071 1384 1202 1420 αἰσχύνης
1219 1384 1447 1420 ἐμπίμπλανται,
1474 1383 1522 1410 καὶ
1555 1383 1680 1410 ὑπόδικοι
1704 1382 1759 1409 τῶν
1778 1382 1863 1409 θείων

1072 1431 1213 1466 κριμάτων
1227 1431 1267 1462 εἰς
1282 1431 1368 1457 αἰῶνα
1379 1431 1554 1465 γενήσονται.

1105 1479 1136 1504 o'.
1163 1476 1271 1512 Ἐπειδὴ
1285 1476 1313 1503 δὲ
1328 1476 1376 1504 καί
1392 1484 1453 1502 τινα
1476 1475 1552 1511 παρά
1575 1475 1633 1506 τοῖς
1653 1474 1863 1511 Χριστομάχοις

1072 1521 1372 1558 περιθρυλλεϊται,ᾰπερ
1393 1522 1486 1553 αὐτοῖς
1514 1522 1528 1549 ὁ
1549 1521 1597 1548 τοῦ
1618 1520 1735 1556 ψεύδους
1762 1520 1859 1555 πατὴρ

1072 1567 1246 1603 ἑμπνεύσειε,
1266 1567 1333 1602 φέρε
1349 1566 1397 1593 καὶ
1413 1565 1500 1593 ταῦτα
1518 1565 1743 1600 ἐπισκεψώμεθα.
1764 1565 1861 1591 Κατα-

1071 1613 1254 1648 κομψεύονται
1270 1613 1325 1648 γὰρ
1337 1612 1381 1639 διὰ
1391 1612 1441 1648 τὴν
1460 1612 1500 1643 είς
1517 1611 1636 1646 Χριστὸν
1652 1610 1699 1637 καὶ
1723 1609 1776 1644 τὴν
1796 1609 1862 1635 Ἐκ-

1071 1658 1187 1694 κλησίαν
1204 1657 1294 1694 ὓϐριν,
1323 1658 1436 1692 χρόνους
1457 1656 1609 1691 μηκίστους
1622 1655 1670 1682 καὶ
1695 1662 1858 1689 παρατετα-

1073 1703 1157 1739 μένην
1173 1703 1255 1739 ζωὴν,
1283 1703 1330 1730 καὶ
1347 1702 1403 1738 βίον
1434 1701 1541 1736 εὐπαθῆ
1569 1699 1796 1736 ὲκμεμετρῆσθαι
1821 1698 1861 1734 τῷ

1070 1750 1207 1784 Μαμωνᾷ,
1234 1749 1281 1776 καὶ
1307 1748 1458 1784 εὐημερίας
1484 1748 1524 1780 είς
1542 1747 1628 1782 ἄκρον
1649 1745 1756 1776 ἐλάσαι,
1780 1745 1862 1776 νίκας

1071 1795 1146 1830 αὐτῷ
1180 1795 1252 1821 κατὰ
1290 1794 1437 1830 βαρϐάρων
1467 1794 1515 1820 καὶ
1551 1791 1790 1828 ἀνδραγαθήματα
1822 1789 1862 1821 ὠς

1068 1842 1185 1869 πλεῖστα
1200 1842 1410 1876 ἐπιγράφοντες,
1438 1841 1456 1868 ἃ.
1481 1840 1538 1872 τοῖς
1555 1839 1604 1875 μὲν
1631 1838 1770 1873 σώφροσιν
1796 1836 1860 1864 οὐδὲ

1071 1888 1111 1919 εἰς
1125 1887 1256 1922 ἀκρόασιν
1266 1887 1394 1923 ἔρχεσθαι
1409 1886 1529 1913 δίκαιον·
1540 1885 1578 1917 ὡς
1592 1885 1614 1911 δ’
1632 1884 1665 1912 ἂν
1679 1884 1736 1910 τῶν
1752 1883 1861 1910 ἁπλου-

1071 1933 1174 1968 στέρων
1181 1933 1198 1969 ἢ
1205 1933 1400 1968 ἀμαθεστέρων
1411 1933 1499 1966 τινὰς,
1509 1933 1565 1963 τοῖς
1574 1932 1607 1958 ὲκ
1614 1932 1663 1966 τῆς
1671 1931 1781 1965 ἀπάτης
1791 1930 1861 1956 ἀνα-

1071 1979 1206 2014 πλασμοίς
1229 1979 1264 2014 μὴ
1288 1979 1520 2014 παραϐλάπτοιεν,
1545 1978 1650 2004 τούτων
1668 1976 1861 2007 διευθύνοντες

1070 2024 1182 2057 ἕκαστα,
1189 2025 1277 2057 κενοῖς
1285 2025 1374 2059 λόγοις
1382 2025 1496 2056 ἑαυτοὺς
1503 2023 1724 2058 φαινακίζοντας,
1733 2023 1797 2053 τοὺς
1808 2030 1862 2056 μα-

1070 2070 1233 2106 ταιόιρρονας
1248 2071 1442 2106 ἀποφήνωμεν.
1455 2070 1517 2097 ’Ότι
1531 2070 1579 2105 μὲν
1591 2069 1646 2105 γὰρ
1661 2070 1675 2095 ό
1687 2068 1745 2103 βίος
1760 2068 1861 2102 ἐκείνῳ

1071 2116 1237 2151 πάναισχρος
1252 2115 1383 2151 γεγονὼς,
1394 2115 1538 2151 βδελυκτὸν
1547 2115 1594 2142 καὶ
1600 2114 1659 2150 Θεῷ
1666 2115 1713 2141 καὶ
1719 2113 1860 2147 ἀγγέλοις.

1069 2162 1258 2199 ἀνθρώποιςτε
1266 2164 1322 2195 τοῖς
1332 2163 1475 2190 εὐσεϐοῦσι
1484 2162 1612 2197 καθίστη,
1624 2162 1675 2188 οὐκ
1686 2161 1860 2196 ἀσυμφανέςσ

231 2215 298 2235 num
326 2215 425 2244 genere
449 2203 532 2236 miser
562 2208 606 2234 hic
628 2208 779 2240 volutaret,
807 2207 895 2242 iisque
919 2215 1017 2242 corpus

1072 2209 1117 2235 Kal.
1131 2208 1186 2244 γὰρ
1212 2209 1252 2240 είς
1277 2209 1312 2235 τὰ
1331 2208 1432 2244 σαρκὸς
1459 2208 1532 2243 πάθη
1558 2206 1792 2242 κατασυρόμενος,
1809 2205 1860 2240 τὴν

231 2261 312 2281 suum
331 2259 360 2281 et
374 2254 492 2281 animam
507 2257 717 2287 conspurcaret.
733 2260 793 2288 quae
807 2253 934 2281 Barbaris
950 2261 1017 2288 quo-

230 2307 284 2335 que
297 2304 324 2327 et
348 2298 466 2326 ethnicis
491 2298 574 2326 vetita
598 2302 676 2331 sunt,
706 2298 784 2334 longe
809 2299 926 2333 pecudes
944 2300 1016 2334 ipsas

231 2347 353 2374 fmditate
374 2346 523 2380 superavit.
547 2344 637 2380 Atque
659 2344 717 2372 hmo
742 2352 796 2372 non
820 2345 898 2379 pauci
926 2347 972 2380 qui
990 2345 1015 2373 ei

229 2392 384 2419 administri
408 2391 516 2418 luerunt
538 2395 567 2418 et
593 2391 680 2418 adhuc
697 2390 804 2422 vivunt,
823 2391 914 2418 testari
939 2394 1016 2425 pote-

231 2442 312 2470 runt;
327 2445 377 2464 nec
396 2444 447 2464 non
464 2441 492 2464 et
507 2437 581 2464 varia
599 2436 720 2471 corporis
736 2436 905 2464 incommoda
919 2437 1017 2472 quibus

232 2483 304 2510 idem
322 2482 374 2510 luit
397 2483 541 2510 obnoxius.
559 2482 702 2510 Doloribus
723 2481 795 2509 enim
814 2486 896 2516 atque
912 2482 1019 2509 crucia-

267 2561 324 2598 (78)
349 2551 511 2623 Squtentetn
530 2559 727 2600 sesquipagiua:
747 2563 868 2599 tractum
888 2559 924 2586 ait
938 2558 1017 2586 Peta-

267 2606 291 2623 ιε
307 2605 335 2623 se
354 2597 379 2623 in
404 2597 534 2623 ,arisiaco
555 2595 728 2623 'l‘lwouhams
749 2594 844 2621 codice
862 2596 1016 2623 invenisse.

231 2594 291 2624 vitis
307 2594 335 2624 se
354 2597 379 2624 in
396 2594 534 2625 Parisiaco
555 2594 728 2629 Theophanis
749 2594 844 2621 codice
862 2594 1016 2627 invenisse,

232 2638 359 2666 tanquam
377 2639 409 2658 ex
427 2629 580 2666 ﬁicephnro
599 2633 771 2666 excerptum,
787 2629 977 2666 quoduidcirco
990 2630 1017 2657 in

229 2663 305 2695 calce
323 2667 412 2701 posuit
430 2663 612 2692 Historiarum
630 2664 774 2701 Niceplmﬂ
790 2663 816 2689 in
834 2663 951 2701 editione
967 2664 1021 2692 Lu-

230 2698 329 2737 pareai
343 2701 496 2737 Cmtcroqui
512 2701 556 2727 hic
577 2704 680 2737 tractus
697 2700 728 2737 in
745 2698 918 2737 Theophanis
933 2699 1020 2727 Chro-

232 2733 294 2765 nico
324 2744 377 2763 non
395 2733 502 2770 Ιειςίιίιὶ,
530 2741 617 2768 neque
640 2735 674 2760 ad
701 2734 729 2770 id
754 2733 890 2770 pertinere
913 2739 1019 2768 potest,

231 2768 450 2807 quandoquidem
466 2769 672 2807 >Theophanes_
683 2768 761 2802 plene
779 2769 899 2807 satisque
911 2770 1019 2807 _de_Co-

252 2814 365 2842 rouytno
381 2805 491 2842 proprio
506 2805 531 2831 iu
555 2805 614 2831 loco
633 2804 743 2838 suisque
758 2804 848 2842 verbis
863 2804 939 2842 dixit.
958 2804 1019 2831 Fuit

232 2838 324 2876 itaque
346 2838 396 2869 hoc
424 2838 514 2876 potius
535 2845 714 2873 cxtravagaus
740 2838 847 2873 aliquod
879 2839 1018 2875 πάρεργον

1070 2255 1124 2282 τῶν
1137 2255 1243 2289 ἀλόγων
1271 2254 1350 2287 ζώων
1378 2254 1521 2290 παρήλασε
1543 2252 1709 2288 κτηνωδίαν·
1726 2252 1782 2282 τοῖς
1807 2251 1861 2277 ἀπ-

1069 2301 1265 2336 ηγορευμένοις
1280 2301 1328 2327 καὶ
1344 2300 1491 2336 βαρϐάροις
1515 2300 1562 2326 καὶ
1571 2298 1697 2333 Ἕλλησι,
1714 2297 1762 2324 καὶ
1779 2296 1862 2330 σῶμα

1070 2348 1119 2375 καὶ
1132 2347 1221 2383 ψυχὴν
1230 2348 1244 2374 ό
1257 2348 1376 2379 δείλαιος
1389 2347 1621 2383 ὲμμολυνὸμενος.
1636 2345 1693 2372 Καὶ
1707 2344 1796 2371 ταῦτα
1807 2343 1860 2369 οὐκ

1070 2393 1202 2428 ὀλίγιστοι
1226 2394 1282 2421 τῶν
1312 2392 1666 2430 ὑπηρετησαμένωνῖαύτῷ
1694 2391 1778 2426 μέχρι
1809 2389 1858 2416 τοῦ

1073 2438 1154 2474 δεῦρο
1168 2440 1310 2475 περιόντες
1326 2439 1584 2474 ἀπαγγελλέτωσαν,
1596 2437 1654 2473 μεθ’
1669 2434 1706 2464 ὧν
1716 2437 1763 2463 καὶ
1774 2435 1859 2463 τᾶλλα

1072 2483 1090 2510 ἃ
1113 2485 1179 2519 περὶ
1195 2484 1225 2512 τὸ
1255 2485 1336 2521 σῶμα
1365 2484 1440 2520 αὐτῷ
1463 2485 1590 2520 ἀπήντα·
1613 2483 1665 2518 ἢδη
1682 2482 1738 2517 γὰρ
1766 2482 1859 2513 πόνοις

1071 2561 1171 2589 codicis
1186 2562 1327 2590 Parisiaci.
1345 2561 1399 2589 Nos
1410 2569 1475 2589 vero
1487 2562 1594 2588 demum
1612 2560 1794 2594 comperimus
1808 2559 1860 2586 hoc

1071 2596 1251 2631 fragmentum
1278 2597 1305 2624 in
1331 2598 1436 2625 duobus
1458 2596 1573 2631 ίηοιιίιὶεν
1588 2596 1728 2631 chronicis
1757 2595 1859 2631 Vatis”

1071 2630 1180 2666 Georgii
1208 2638 1304 2667 nempe
1324 2631 1489 2664 Hamartoli,
1513 2639 1540 2667 p,
1565 2630 1634 2663 189,
1649 2630 1861 2667 etloaunisSi-

1073 2664 1184 2701 culifp.
1213 2664 1280 2694 356:
1302 2667 1336 2694 Et
1357 2667 1445 2693 variat
1474 2664 1582 2699 quidem
1609 2664 1860 2701 mediocriteruhoc

1072 2699 1228 2736 excorptum
1256 2702 1282 2728 in
1308 2701 1444 2737 praedictis
1466 2701 1608 2737 Chronicis
1625 2708 1639 2727 a
1662 2705 1755 2737 nostro
1781 2699 1861 2726 Nice-

1071 2734 1254 2770 phori'tntius
1277 2734 1367 2770 operis
1392 2737 1504 2768 codice,
1523 2734 1568 2763 cui
1591 2741 1680 2762 tamen
1705 2735 1786 2761 unice
1811 2740 1859 2770 nos

1071 2768 1264 2799 adiriereittlunt
1292 2768 1463 2805 putavimus.
1490 2776 1582 2805 utpote
1608 2771 1715 2805 integro
1734 2775 1762 2796 et
1785 2768 1858 2796 nulla

1071 2806 1230 2841 cujusquam
1248 2814 1327 2834 manu
1344 2806 1515 2840 interpolato.
