1945 3078
118 139 172 172 505

464 143 779 178 ANTIRRHETICUS
798 148 844 179 III
864 150 950 183 ADV.
970 151 1267 185 CONSTANTINUM
1285 155 1383 186 COPR

1692 131 1752 187 506‘

119 198 168 246 καὶ
185 197 332 246 ἀλγηδόσιν
347 199 489 246 ᾄρρήτοις,
508 200 552 229 οἶα
563 204 638 235 είκδς
655 204 719 236 τοὺς
733 205 910 241 ήλκωμένους

963 209 1049 243 tibus,
1064 211 1109 245 qui
1125 211 1252 245 explicari
1277 212 1392 239 dicendo
1408 216 1544 246 nequeunt
1561 213 1743 239 excarnifica—

119 243 249 278 πάσχειν,
276 244 450 280 βαλλόμενος,
465 248 593 283 πονήρως
619 249 668 276 καὶ
695 251 816 286 ἀνιαρῶς
839 252 909 286 ἄγαν

118 288 253 315 διέκειτο·
267 289 315 316 καί
329 297 390 317 τινα
406 291 461 318 τῶν
478 293 568 327 μελῶν
590 294 644 321 ὑπὸ
667 295 722 321 τῶν
748 296 835 323 ἑλκῶν
857 297 910 324 ἀπ-

118 333 267 368 ηχρείωτυ,
275 334 322 360 καί
334 343 392 366 πως
407 336 453 362 καὶ
469 338 592 372 σαρκίων
604 339 685 366 τινῶν
693 341 909 377 ἀπερῤυηκότων

120 379 214 414 αὐτῷ’
231 381 417 415 συνεχέστατα
434 382 462 409 δὲ
478 383 530 409 ὑπὸ
546 384 601 411 τῶν
622 386 756 421 ἐριννύων
780 388 909 423 ὲκδειμα⁸

121 425 263 460 τούμενος.
299 428 408 462 πικρῶς
441 430 488 458 καὶ
514 430 640 463 ἐλεεινῶς
666 432 712 459 τὺν
752 433 909 468 νυκτερινὸν

121 471 217 506 χρόνον
228 472 344 507 διήνυεν,
360 475 425 506 ἴσως
435 476 492 507 τοῖς
503 478 695 512 συγκειμένοις
710 479 907 514 ὲφυστερίζων,

120 517 359 553 ἁντεπεξαγούσης
386 520 437 555 τῆς
461 521 528 557 παρ’
549 522 633 549 αὑτοῦ
661 524 832 559 διωκομένης
861 525 908 551 πί-

123 570 218 593 στεως.
238 563 384 598 Παρείσθω
391 565 426 591 τὰ
441 565 488 592 νῦν
501 565 591 600 λέγειν
604 567 636 594 τὺ
650 569 700 602 τῆς
709 567 814 603 διαίτης
827 569 909 604 ἀηδές

120 616 149 634 τε
159 608 207 634 καὶ
223 608 362 643 αἴσχιστον
371 618 377 624 ·
388 611 456 646 ὅπερ
466 611 521 646 γὰρ
534 612 567 638 ἂν
580 613 750 649 προσάραιτο
768 614 908 649 βρώσεως,

122 654 152 680 οὐ
167 654 261 681 τέλεον
277 656 443 690 καταποθὲν,
470 658 547 693 παρὰ
569 659 631 690 τοὺς
658 660 772 694 ἐμέτους
794 660 909 695 ἔφθανεν

124 700 335 735 ἔκκρινόμενον·
353 702 383 727 τὸ
396 702 424 729 δὲ
440 703 504 738 περὶ
520 703 584 735 τοὺς
594 705 833 740 ὑπηρετουμένους
849 705 910 732 ιτα·

123 745 174 780 μὸν
184 747 233 772 καὶ
248 746 381 782 θηριῶδες
392 748 438 774 τοῦ
456 750 570 784 τρόπου,
585 750 633 777 καὶ
646 751 695 786 τῆς
713 751 867 787 ὑπηρεσίας
878 751 909 778 τὸ

120 790 349 826 δυσαχθέστατον,
364 794 444 820 ὁποῖα
460 794 494 821 ἄν
509 804 550 827 τις
570 795 643 822 εἴποι
657 796 692 822 τὰ
713 796 832 832 φέροντα
853 796 908 824 σώ‹

122 845 213 871 pars;
242 838 362 870 Μάστιξι
386 839 441 875 γὰρ
458 840 579 876 ἑκάστης
594 841 709 873 πολλαῖς
734 842 907 875 καταξαίνων

121 882 211 908 αὐτῶν
228 883 262 910 τὰ
279 883 352 911 νῶτα
365 885 412 911 καὶ
425 886 473 917 τὰς
484 885 598 920 ὠλένας,
613 887 688 914 οὐδὲν
703 887 757 914 τῶν
774 888 909 923 σαρκοόό-
924 877 945 905 Β

121 938 176 965 ρων
189 930 293 966 θηρίων
310 931 570 968 φιλανθρωπότερον
584 932 730 968 ἔπραττεν,
747 934 867 969 ἐκτομὰς
881 933 909 960 δὲ

122 974 214 1010 μελῶν
234 977 281 1003 καὶ
297 977 445 1013 ὀφθαλμῶν
465 979 617 1014 πηρώσεις,
635 979 681 1006 καὶ
705 979 740 1006 τὰ
763 979 831 1006 ἄλλα
859 980 909 1006 ὅσα

121 1020 195 1048 δεινὰ
223 1023 403 1058 κολαστήρια,
433 1026 481 1051 καὶ¹
514 1025 624 1060 σφαγὰς
658 1025 770 1058 ἀδίκους
801 1027 909 1062 ἀνδρῶν

121 1066 230 1100 ἀθώων,
247 1069 294 1095 καὶ
314 1071 377 1101 τοὺς
395 1070 439 1097 διὰ
453 1071 540 1106 πυρὸς
564 1072 748 1106 πικροτάτους
763 1072 907 1105 θανάτους,

121 1113 147 1140 τί
165 1114 220 1149 χρὴ
232 1114 279 1141 καὶ
293 1114 383 1149 λέγειν
395 1124 402 1149 ;
413 1112 461 1148 Οἷς
477 1116 526 1150 μὲν
541 1116 709 1151 βασκαίνων,
726 1118 851 1154 ἀνδρείας
862 1118 910 1144 καὶ

121 1159 223 1195 ἀρετῆς
241 1158 270 1187 εὖ
288 1161 394 1196 ἔχουσιν
405 1170 412 1177 ·
429 1159 470 1193 οἷς
495 1162 523 1189 δὲ
549 1163 597 1189 τοῦ
624 1164 781 1198 ἐκπρεποῦς
801 1164 848 1190 καὶ
863 1165 909 1190 ἐπὶ

121 1206 204 1232 ποσὸν
230 1207 416 1242 προηγμένοις
443 1209 491 1235 ἐπὶ
509 1210 540 1236 τὺ
569 1208 743 1244 εὔχρηστον·
767 1209 833 1244 περὶ
855 1209 908 1245 γὰρ

120 1250 175 1277 τῶν
187 1251 237 1286 τῆς
246 1252 388 1284 εὐσεϐείας
404 1253 508 1280 εἵνεκεν
532 1254 647 1282 τοιαῦτα
663 1255 710 1281 καὶ
731 1255 836 1282 τούτων
851 1255 909 1290 χεί-

122 1303 186 1330 ρονα
199 1297 368 1331 πασχόντων,
382 1298 479 1334 ἑτέρας
496 1298 588 1334 δεήσει
604 1300 768 1335 συγγραφῆς
783 1300 830 1326 καὶ
856 1300 909 1335 τῆς

122 1339 278 1376 κρείττονος
291 1341 341 1378 (Ιι).

157 1390 209 1413 οα’.
235 1385 303 1414 Εἶτα
319 1387 389 1424 πρὸς
413 1388 451 1424 τῷ
471 1389 543 1417 τέλει
569 1390 625 1417 τῶν
644 1391 737 1418 κακῶν
752 1391 909 1426 γενόμενος,

123 1432 173 1459 καὶ
184 1432 312 1467 πυρετῶν
324 1432 437 1468 ὀξύτησι
452 1435 499 1461 καὶ⁷
510 1434 661 1469 φλογώσεσι
673 1437 910 1472 καταπιμπράμε-

124 1486 180 1509 νος,
195 1479 244 1513 τῆς
262 1478 442 1515 ὲκδεξομένης
467 1480 548 1507 αὐτὸν
561 1481 674 1516 γεέννης
689 1481 738 1517 τὴν
757 1482 846 1517 φλόγα
859 1483 910 1518 ἐμ-

124 1523 217 1558 φανῶς
225 1523 417 1559 προορώμενος
426 1525 643 1560 κατωπτρίζετο,
652 1525 698 1551 καὶ
708 1525 755 1551 τοῦ
770 1525 910 1560 σκώληκος

121 1570 169 1597 τοῦ
185 1570 337 1606 ἀκοιμήτου
349 1571 382 1597 τὰ
394 1571 533 1606 δήγματα,
550 1571 677 1598 σύντονόν
691 1580 719 1598 τε
732 1572 779 1598 καὶ
789 1573 910 1606 γεγωνὸς

122 1616 227 1644 ἐκϐοῶν
239 1617 450 1652 ὲνδελεχέστατα
462 1625 468 1632 ·
484 1617 532 1652 τῆς
542 1617 656 1653 γεέννης
667 1616 754 1645 ταῦτα
765 1616 910 1653 προαύλια·

123 1663 251 1690 ἐντεῦθεν
266 1664 353 1699 μικρὰ
362 1664 410 1698 τῆς
425 1663 555 1696 ἀσεϐείας
575 1663 799 1699 συναισθόμενος,
815 1665 864 1699 τῆς
880 1664 913 1691 ὲκ

123 1709 174 1744 τῆς
189 1710 256 1745 παρ’
267 1709 347 1745 ἡμῶν
363 1710 482 1741 πίστεως
511 1710 597 1736 ἐδεῖτο
627 1709 788 1744 ἐπικουρίας
800 1710 847 1744 (i)'
862 1710 912 1736 ἑπ-

124 1754 225 1789 έτρεπέ
240 1763 270 1781 τε
295 1756 352 1787 τοῖς
365 1755 570 1791 παρεπομένοις
587 1754 641 1782 τῶν
662 1756 771 1790 ἱερέων,
800 1756 835 1782 τὰ
855 1755 911 1782 τῶν

124 1800 298 1836 Χριστιανῶν
332 1801 477 1837 προσᾴδειν
507 1801 567 1836 ιερὰ
596 1801 799 1837 μελῳδήματα·
828 1801 853 1827 οι
882 1800 912 1827 δὲ

125 1847 261 1883 πρόθυμοι
275 1846 486 1878 ἀπαναίνεσθαι,
505 1846 543 1877 ὡς
560 1846 631 1881 μήτε
644 1846 745 1873 εἰδέναι
760 1846 831 1881 μήτε
848 1843 913 1881 ᾄσαι

125 1891 311 1925 ταῦποτε,εῐτε
324 1894 384 1924 ταῖς
400 1891 543 1927 ἀληθείαις
556 1890 644 1923 οὕτως
657 1891 779 1926 ἔχοντες.
798 1891 854 1917 εἴτε
863 1890 913 1926 τὴν

124 1939 228 1966 ἐκείνου
239 1938 474 1974 κατοῤῥωδοῦντες
482 1938 611 1974 ὠμότητα
620 1938 664 1964 καὶ
673 1936 843 1972 δυσμένειαν.
852 1936 914 1962 Τοι-

124 1985 221 2017 αύταις
238 1984 410 2021 εὐημερίαις,
421 1984 561 2015 τοιαύταις
578 1983 736 2014 εὐπαθείαις
746 1981 915 2009 ἐναναπαυὸ-

127 2039 217 2067 μενος,
231 2031 277 2066 ὑφ’
292 2028 329 2057 ὧν
343 2031 376 2066 δὴ
399 2030 590 2064 Διοκλητιανὸν
613 2038 643 2056 τε
673 2029 720 2056 καὶ
742 2028 915 2064 Μαξιμιανὸν

126 2076 351 2108 συντελεσθέντας
370 2076 518 2111 ἀκούομεν,
540 2075 611 2102 οὕτω
633 2075 717 2106 κακὸς
753 2074 846 2106 κακῶς
868 2075 916 2101 καὶ⁸

126 2121 228 2153 ἀθλίως
242 2121 437 2157 ἀπολλύμενος,
454 2121 584 2148 καταλύει
596 2121 642 2148 τὸν
658 2120 714 2155 βίον
725 2128 731 2134 ·
744 2119 873 2156 τεθνήκει
886 2120 915 2146 δὲ

126 2167 304 2202 πλοῖζόμενος
320 2167 444 2202 σημείοις
465 2167 535 2193 τισὶν
565 2166 642 2198 ἐκτὸς
659 2165 710 2200 τῆς
726 2165 859 2200 βασιλίδος
874 2164 914 2191 δι-

961 258 1013 287 tus,
1039 255 1188 289 cujnsmodi
1206 257 1329 284 ulcerosa
1346 264 1461 292 corpora
1481 257 1583 292 perpeti
1599 262 1744 285 consenta-
1760 266 1762 269 ·

959 307 1039 327 neum
1052 305 1104 334 est,
1121 302 1191 328 male
1206 310 1413 337 :erumnoseqne
1422 308 1481 330 eral.
1491 303 1613 331 affectus.
1632 303 1741 330 Etenim

959 346 1087 373 nonnulla
1104 348 1223 375 membra
1241 348 1376 376 ulceribus
1392 350 1472 377 adesa
1489 354 1577 380 erant,
1594 347 1744 376 difﬂuenti-

959 392 1008 419 bus
1024 393 1146 420 carnium
1165 395 1297 428 partibus.
1315 395 1366 422 Sed
1380 399 1408 422 et
1430 401 1559 430 perpetuo
1581 396 1658 424 furiis
1681 403 1745 430 per-

961 438 1085 471 territus,
1115 439 1230 468 moleste
1259 445 1421 468 noctttrnum
1455 445 1560 476 tempus
1590 442 1743 475 misereque

960 484 1135 517 traducebat,
1156 485 1304 513 deliberata
1320 486 1433 514 fortasse
1453 487 1566 514 consilia
1582 487 1740 519 demorans,

959 530 1022 557 dum
1050 531 1074 558 ei
1105 536 1200 558 vexata
1233 531 1325 567 religio
1355 539 1389 559 ex
1421 533 1534 560 adverso
1563 533 1740 560 consisteret.

959 575 1061 603 Omitto
1077 577 1163 604 victus
1179 577 1365 605 insuavitatem
1381 586 1413 605 ac
1434 579 1626 613 turpitudinem
1640 588 1647 606 :
1660 579 1742 612 quid-

959 623 1023 657 quid
1039 622 1111 650 enim
1126 623 1178 651 cibi
1196 631 1244 658 per
1262 624 1353 651 fauces
1368 624 1523 665 tyjecerat,
1541 625 1565 652 id
1582 626 1676 652 statim
1692 632 1743 652 vo-

959 667 1069 695 mitibus
1092 669 1266 696 excernebat.
1285 669 1406 704 Namque
1422 670 1494 697 illam
1511 671 1536 697 in
1559 670 1675 697 famulos
1692 678 1745 697 5:1!-

960 712 1053 740 vitiam
1070 720 1102 740 ac
1126 713 1273 747 feritatem,
1289 720 1370 750 atque
1394 715 1420 742 in
1444 715 1582 750 exigendis
1605 715 1744 750 obsequiis

959 758 1150 791 acerbitatem,
1181 766 1304 793 quaenam
1341 767 1470 794 oppressa
1502 767 1618 794 corpora
1652 760 1745 787 dicere

959 803 1077 837 queant?
1093 803 1272 831 Caedebantur
1285 805 1406 840 quotidie
1424 805 1509 840 plagis
1526 805 1616 832 multis
1634 805 1745 832 illorum

961 853 1034 883 terga
1058 850 1180 884 ulna‘qtte
1198 859 1205 877 :
1226 858 1313 885 neque
1335 851 1401 879 feris
1427 851 1579 879 carnivoris
1597 851 1743 879 humanius

961 895 987 922 in
1011 902 1058 922 eos
1074 895 1166 923 fiebat.
1186 894 1245 923 Jam
1266 897 1451 924 membrorum
1474 897 1745 930 mutilationes,ocu—

961 939 1048 966 lorum
1064 941 1261 968 excaicationes
1272 961 1280 974 ,
1295 949 1327 969 ac
1344 941 1448 976 reliqua
1464 941 1489 968 id
1509 949 1594 977 genus
1609 942 1744 970 horrenda

960 985 1101 1020 supplicia,
1115 986 1276 1021 iniquasque
1286 987 1484 1014 immerentium
1494 987 1633 1015 hominum
1646 989 1743 1020 cades,

959 1036 987 1058 et
1011 1031 1201 1059 acerbissimas
1228 1032 1254 1059 in
1278 1032 1395 1059 ﬂammis
1413 1037 1529 1064 mortes,
1552 1033 1616 1068 quid
1647 1034 1745 1060 attinet

960 1077 1107 1104 enarrare?
1120 1085 1232 1111 quorum
1251 1078 1349 1111 partim
1372 1077 1524 1105 fortitudini
1540 1077 1686 1111 virtutique
1702 1078 1744 1104 in-

959 1122 1077 1154 videbat,
1093 1123 1189 1157 partim
1205 1123 1297 1158 gloria:
1312 1131 1344 1150 ac
1362 1123 1520 1150 dexteritati
1538 1123 1605 1158 (79).
1620 1123 1743 1157 Namque

961 1167 980 1194 ii
996 1168 1053 1202 qui,
1077 1168 1215 1204 religionis
1231 1177 1330 1202 causa,
1351 1170 1408 1197 haec
1427 1173 1454 1196 et
1469 1169 1560 1204 pejora
1577 1169 1649 1204 passi
1669 1173 1744 1202 sunt,

960 1214 1042 1241 aliam
1056 1214 1203 1248 “postulant
1225 1219 1252 1243 et
1276 1215 1385 1251 quidem
1404 1215 1562 1251 ampliorem
1585 1215 1745 1250 descriptio-

961 1266 1021 1287 nem
1038 1259 1105 1295 (80).

996 1397 1042 1423 7t.
1061 1396 1204 1425 Postremo
1236 1405 1298 1425 cum
1321 1399 1453 1426 scelerum
1465 1406 1575 1426 suorum
1598 1398 1745 1426 terminum

961 1442 1105 1478 attigisset,
1116 1448 1256 1470 acutarum
1275 1443 1390 1471 febrium
1406 1444 1548 1471 ardoribus
1579 1448 1743 1476 exaestuans,

961 1487 1090 1522 gehenna:
1113 1487 1245 1520 ﬂammas.
1264 1496 1324 1523 quae
1349 1496 1377 1516 se
1396 1496 1457 1516 mox
1484 1493 1636 1523 excepturus
1656 1493 1744 1520 erant.

964 1533 1123 1567 praevisione
1136 1534 1381 1567 contemplabatur,
1396 1541 1427 1561 ac
1440 1534 1578 1568 pervigilis
1592 1534 1663 1561 illius
1680 1541 1742 1561 ver-

963 1579 1014 1605 mis
1035 1585 1141 1606 morsus
1161 1580 1362 1613 praesentiebat,
1387 1587 1483 1614 graves
1503 1581 1562 1607 sine
1581 1580 1676 1614 requie
1689 1579 1746 1606 cla-

962 1631 1052 1652 mores
1067 1625 1165 1658 edens;
1185 1632 1245 1659 qutc
1271 1630 1348 1652 crant
1364 1626 1494 1660 gehennae
1515 1627 1638 1660 quaedam
1657 1625 1746 1652 initia.

962 1669 1029 1697 Tum
1045 1671 1150 1698 demum
1166 1671 1311 1705 impietatis
1327 1678 1381 1698 sua!
1395 1679 1476 1699 sensu
1488 1672 1626 1706 paulisper
1641 1675 1743 1703 tactus,

962 1715 1101 1750 religionis
1116 1720 1214 1742 nostra:
1232 1715 1385 1751 adjumenta
1406 1717 1534 1750 petebat;
1551 1723 1576 1743 et
1589 1716 1747 1744 comitanti-

965 1761 1014 1788 btts
1028 1769 1056 1789 se
1070 1761 1258 1788 sacerdotibus
1282 1769 1379 1788 sacros
1396 1761 1612 1789 Christianorum
1631 1761 1748 1796 hymnos

964 1813 1062 1834 canere
1089 1806 1259 1834 mandabat:
1282 1806 1328 1841 qui
1353 1811 1442 1834 tamen
1470 1806 1543 1834 illico
1572 1808 1746 1837 recusabant,

964 1858 1100 1885 nunquam
1119 1858 1148 1878 se
1160 1858 1258 1878 canere
1272 1851 1369 1878 solitos
1389 1851 1506 1882 aieutes,
1530 1851 1587 1878 sive
1602 1858 1643 1877 res
1658 1850 1692 1877 ita
1718 1857 1748 1877 se

964 1897 1085 1929 haberet,
1102 1897 1158 1923 sive
1186 1897 1247 1930 quia
1267 1897 1339 1924 illius
1360 1897 1587 1924 exhorrescerent
1601 1895 1747 1923 crudelita-

966 1947 1019 1970 tem
1038 1947 1065 1970 et
1087 1943 1267 1970 iracundiam.
1296 1942 1324 1969 lu
1343 1943 1386 1970 his
1401 1950 1465 1977 ergo
1480 1943 1617 1976 tantisque
1644 1941 1748 1968 deliciis

965 1988 1139 2019 constitutus,
1167 1988 1264 2022 quibus
1282 1988 1364 2014 etiam
1393 1987 1588 2015 Diocletianum
1607 1995 1638 2014 ac
1663 1987 1749 2014 Maxi-

966 2035 1087 2061 ntianttttt
1117 2034 1278 2061 immortuos
1293 2034 1458 2068 accepimus,
1476 2033 1561 2060 ntaltts
1583 2034 1662 2060 homo
1679 2033 1748 2060 male

965 2083 1046 2113 atque
1070 2078 1217 2106 infeliciter
1232 2079 1350 2113 periens,
1375 2078 1436 2105 vitae
1462 2077 1542 2104 linem
1574 2083 1670 2104 nactus
1694 2081 1747 2104 est.

964 2124 1086 2152 Mortuus
1101 2129 1143 2152 est
1160 2128 1251 2151 autem
1281 2124 1413 2159 navigans
1438 2123 1541 2156 aliquot
1560 2128 1637 2150 extra
1653 2123 1747 2150 urbem
1768 2156 1770 2159 _

966 2178 1094 2205 passuum
1120 2170 1249 2203 millibus,
1266 2170 1328 2197 dum
1352 2178 1368 2198 e
1394 2169 1518 2197 Thraciae
1534 2169 1688 2204 regionibus
1705 2177 1749 2196 re-

126 2214 231 2250 έχουσι,
242 2214 295 2240 τῶν
304 2215 336 2240 ὲκ
345 2214 396 2247 τῆς
408 2214 519 2249 Θρᾴκης
530 2213 637 2249 χωρίων
649 2212 827 2244 παλινοστῶν,
835 2213 863 2238 ὲν
875 2208 911 2242 οἷς

969 2219 1131 2246 verteretur,
1156 2214 1183 2241 in
1212 2214 1310 2248 quibus
1325 2221 1385 2240 cum
1407 2214 1529 2241 exercitu
1558 2213 1653 2240 fuerat.
1683 2212 1749 2239 Nam

127 2259 318 2294 ἐκστρατεύων
330 2259 461 2295 ἐτύγχανε
471 2267 478 2274 ⁸
491 2260 526 2294 γῆ
546 2259 600 2294 γὰρ
612 2260 629 2294 ή
643 2258 752 2284 πάντων
764 2258 857 2293 μήτηρ
867 2256 914 2283 τὸν

129 2306 282 2342 μιαιφόνον,
304 2306 417 2341 αϊμασιν
441 2296 527 2339 αυτὴν
547 2303 646 2335 ἀθώοις
665 2303 843 2338 ἐκπλήσαντα
868 2302 916 2328 καὶ

131 2352 303 2387 μολύναντα,
334 2351 377 2386 ἐφ’
402 2352 503 2386 ἑαυτῆς
527 2350 655 2385 θνήσκειν
679 2349 710 2375 οὐ
739 2347 915 2384 παρεδέξατο.

127 2398 212 2429 Ποίας
227 2395 274 2424 οὖν
287 2397 341 2432 ἄρα
354 2396 521 2432 κατηγορίας
534 2396 582 2422 καὶ
602 2394 771 2429 ταλανισμοῦ
793 2394 843 2420 οὐκ
859 2392 915 2420 εἷεν

126 2442 209 2475 ἄξιοι,
224 2443 249 2468 οἱ
268 2443 372 2469 ἐκεῖνον
402 2440 565 2477 μακαρίζειν
581 2440 703 2474 ἀνοήτως
722 2440 772 2466 οὐκ
789 2439 914 2474 αἰσχυνό-

128 2488 227 2523 pavet!
249 2486 279 2514 ’0
293 2487 321 2514 δι
336 2488 386 2522 τῆς
415 2486 488 2521 ζωῆς
514 2485 597 2512 αὑτοῦ
615 2486 668 2516 πᾶς
696 2484 790 2519 χρόνος
810 2484 860 2510 οὐκ
875 2484 915 2515 είς

128 2534 236 2569 μακρόν
255 2542 282 2559 τι
301 2533 372 2560 πάνυ
391 2533 534 2567 διήλασεν’
557 2533 586 2559 οὐ
604 2531 710 2558 πλείοσι
728 2531 782 2566 γὰρ
805 2531 822 2566 ἢ
844 2530 916 2557 ὀκτὼ

127 2580 197 2614 πρὸς
215 2579 271 2610 τοῖς
286 2580 456 2614 πεντήκοντα
476 2574 560 2604 ἔτεσί
573 2577 648 2612 βιοὺς
658 2576 702 2611 0'),
720 2576 794 2612 ψυχῇ
815 2584 845 2602 τε
869 2575 915 2602 καὶ

162 2670 203 2706 (Ιι)
220 2670 322 2697 Horum
337 2669 500 2706 Coprouymi
517 2675 699 2706 portentosam
719 2670 912 2704 impnritatem,

126 2705 247 2739 itemque
267 2705 408 2737 saevitiam,
425 2705 537 2732 narrant
551 2705 652 2740 passim
674 2705 814 2740 Byzantini
831 2706 914 2732 Iusto-

128 2740 188 2772 rici,
204 2745 286 2772 atque
303 2740 329 2766 in
347 2740 388 2766 his
400 2740 541 2767 Cedrenus
558 2746 622 2768 tom.
638 2741 686 2767 cit.

165 2776 195 2810 (ί)
222 2774 313 2801 Dirum
333 2775 499 2810 Coprouymi
525 2776 649 2806 obitum,
677 2773 863 2808 annoimperii
880 2773 915 2801 35

127 2810 305 2845 ejusdemque
325 2810 465 2837 morientis
489 2817 576 2845 seram
601 2810 787 2842 pwnitentiant
801 2830 807 2842 ,
827 2810 915 2845 legere

127 2843 192 2874 licet
203 2843 445 2880 apud‘Ccdi'euum,
461 2852 487 2880 p.
504 2844 632 2872 467-468.

968 2265 1039 2287 terra
1057 2259 1178 2287 omniunt
1196 2264 1284 2286 mater
1309 2259 1474 2287 homicidam
1502 2259 1585 2290 hunc,
1603 2258 1648 2293 qui
1663 2259 1749 2293 ipsaut

966 2305 1090 2333 innocuis
1118 2305 1296 2340 sanguinibus
1335 2306 1514 2332 inundaverat
1545 2313 1577 2333 ac
1608 2305 1749 2340 polluerat,

966 2349 1036 2384 apud
1051 2357 1079 2377 se
1091 2351 1157 2377 mori
1168 2358 1220 2377 non
1237 2355 1278 2378 est
1289 2358 1380 2385 passa.
1394 2351 1478 2384 Quam
1496 2356 1558 2378 sunt
1578 2358 1642 2385 ergo
1659 2359 1750 2385 repre-

969 2396 1105 2423 hendendi
1119 2404 1152 2423 ac
1172 2396 1277 2428 miseri,
1288 2397 1332 2431 qui
1346 2397 1502 2431 insipienter
1515 2398 1588 2424 illurn
1604 2391 1752 2431 praedicare

966 2441 1074 2468 beatunt
1091 2449 1142 2469 non
1160 2443 1342 2470 erubescunt!
1360 2442 1393 2469 Et
1410 2444 1520 2477 quidem
1535 2444 1597 2470 vitae
1615 2443 1752 2478 ejustem-

967 2495 1016 2522 pus
1037 2495 1091 2515 non
1116 2489 1258 2515 admodum
1286 2489 1420 2523 prolixum
1449 2490 1516 2523 fuit;
1543 2496 1644 2517 etenim
1665 2498 1752 2518 annos

968 2533 1039 2561 haud
1053 2533 1113 2568 plus
1128 2542 1192 2561 LVIII
1211 2540 1302 2568 natus,
1316 2536 1433 2562 animam
1448 2536 1564 2563 simulet
1580 2544 1679 2571 corpus
1693 2545 1754 2572 per-

967 2579 1054 2613 didit;
1074 2583 1101 2606 ct
1117 2580 1166 2607 hos
1185 2580 1268 2615 ipsos,
1299 2581 1352 2609 Deo
1371 2581 1452 2616 138
1476 2583 1659 2616 permittente,
1677 2583 1750 2609 haud

1512 2630 1521 2641 κ

968 2706 974 2712 _
1004 2671 1036 2706 (j)
1056 2671 1187 2715 .lllﬂtuus
1213 2670 1400 2707 Coprouymus
1431 2679 1501 2699 anno
1524 2673 1611 2699 mtatis
1634 2680 1688 2699 sua:
1706 2672 1751 2702 58.

968 2706 1073 2739 imperii
1089 2706 1132 2733 55.
1325 2706 1329 2707 ν

1005 2741 1061 2776 ('19)
1089 2741 1124 2776 De
1155 2740 1248 2768 aulicis
1273 2741 1432 2773 proceribus
1457 2751 1470 2768 a
1498 2743 1668 2776 Copmnyuto
1694 2742 1752 2769 neci

968 2776 1082 2803 addictis
1097 2775 1265 2806 Nicephorus
1282 2777 1307 2802 in
1323 2776 1461 2803 Breviario
1480 2779 1512 2803 ad
1529 2775 1573 2804 an.
1588 2775 1651 2805 766.

1004 2810 1059 2845 (80)
1078 2811 1153 2841 Idem
1169 2810 1333 2846 Nicephorius
1349 2820 1391 2846 op.
1409 2812 1454 2840 cit.
1471 2814 1503 2839 ad
1521 2819 1563 2839 an.
1583 2811 1646 2839 763.
