1945 3078
196 139 247 171 507

707 144 738 174 S.
759 143 970 175 NICEPHORI
988 145 1242 176 PATRIARCIIE
1261 147 1316 177 (ΣΡ.

1781 148 1832 180 508

198 197 314 224 feliciter
324 197 425 232 exegit,
439 197 499 232 quia
515 197 614 225 divinis
629 197 771 226 beneficiis
782 200 833 226 fuit
847 201 984 235 indiguus.

1046 201 1145 236 κώματι
1161 201 1275 237 τέθνηκε
1299 210 1307 218 η
1326 200 1373 228 καὶ
1393 199 1463 228 αὑτά
1491 209 1523 235 γε
1552 201 1639 227 ταῦτα
1668 201 1738 228 Θεοῦ
1764 211 1832 238 συγ-

198 244 258 276 νει,
277 248 306 270 ut
322 244 407 279 magis
431 244 539 278 proprie
563 245 698 276 dicamus,
729 245 783 272 Deo
800 251 906 281 tempus
921 255 985 282 pro-

199 291 315 322 ferente,
328 290 455 325 justeque
481 291 653 323 consulente,
677 297 706 318 ut
721 291 765 318 hic
780 292 861 323 etiam
873 301 985 320 suorum

200 336 349 363 facinorum
364 343 458 370 pmuas
481 337 580 370 partim
609 337 774 371 degustarct,
804 345 919 373 moxque
933 346 986 365 non

199 385 258 410 sine
275 384 403 417 gravibus
418 383 556 412 doloribus
575 385 760 418 turpissimam
778 384 860 412 vitam
875 386 987 413 abnuu-

199 433 284 462 [ιρι-ει,
312 434 406 463 parata
436 430 487 457 sibi
514 439 528 457 a
556 431 645 458 divina
670 432 773 459 ultione
805 433 939 467 supplicia
960 433 986 460 in

150 512 155 516 α
199 479 337 509 postertun
354 476 517 503 immortalia
532 482 559 503 et
572 477 630 504 sine
645 478 698 504 line
716 479 798 506 miser
816 484 985 513 recepturus,

198 521 354 548 acerbiores
369 522 475 549 scilicet
500 530 531 550 ac
548 524 744 556 diuturniores,
762 532 823 552 cum
838 531 915 559 patre
936 534 986 553 suo

199 574 338 601 poenaque
358 568 509 602 cuhzerede,
527 569 553 595 in
567 569 689 603 gehenna
714 571 851 599 cruciatus
878 578 989 606 perpes-

199 619 289 639 SUI'IIS.

236 755 280 783 72.
298 755 372 788 Quas
386 764 452 784 vero
464 758 622 794 confingunt
646 759 704 794 ejus
720 761 861 795 victorias,
879 770 918 791 ea
934 763 986 790 hu-

197 802 316 836 jusmodi
348 808 424 836 sunt,-
448 809 474 831 et
502 812 582 832 unam
599 814 614 833 e
636 807 764 835 maximis
793 815 986 837 memoremus.

199 849 345 883 Postquam
362 851 562 884 expeditionem
580 853 700 887 suscepit
716 855 847 882 adversus
858 856 988 883 occiden-

200 895 281 922 talem
307 896 385 922 nonis
404 895 562 931 Scythicum
589 900 716 933 populum
735 900 802 935 (81),
831 901 986 929 universum

199 948 277 968 suum
297 943 434 969 contraxit
450 944 500 970 sub
513 943 588 977 signa
604 945 768 977 exercitum.
786 947 988 981 commismque

199 994 260 1013 cunt
282 986 405 1014 hostibus
422 988 527 1022 prmlio,
540 996 620 1023 quam
636 990 700 1016 felix
714 991 794 1018 fuerit
811 992 871 1019 belli
887 993 987 1026 exitus,

198 1032 305 1067 publica
323 1038 386 1060 sunt
408 1034 574 1062 testimonia.
594 1035 660 1062 Nam
674 1044 758 1071 usque
779 1039 813 1064 ad
831 1039 901 1066 hanc
916 1039 986 1067 diem

199 1079 270 1105 circa
285 1079 444 1107 Anchiahun
455 1080 512 1116 (82)
529 1082 636 1115 urbem,
652 1082 736 1110 valles
748 1084 890 1118 campique
903 1086 989 1114 inter-

201 1125 332 1152 fectorum
360 1127 480 1154 membra
516 1127 717 1156 demonstrant.
753 1129 819 1156 Nam
853 1130 990 1166 Scythicis

199 1170 295 1205 gladiis
314 1170 512 1207 cunctus'pene
541 1173 724 1201 Romanorum
739 1176 876 1204 exercitus
895 1178 990 1205 conci—

199 1222 246 1242 Sus
260 1215 320 1242 fuit.
348 1215 425 1249 Quod
444 1218 466 1245 si
494 1218 622 1252 exiguum
650 1219 761 1254 aliquod
790 1229 839 1248 nec
856 1223 989 1257 gravioris

201 1261 280 1294 plane
298 1263 428 1290 momenti
445 1264 511 1297 egit,
528 1264 554 1290 id
566 1265 675 1299 quidem
697 1266 812 1301 legimus
827 1268 853 1294 in
870 1269 930 1303 ejus
947 1269 990 1296 lil-

202 1308 266 1335 teris
282 1309 315 1335 ad
347 1309 427 1343 regite
445 1310 521 1336 urbis
550 1310 653 1338 incolas
675 1312 806 1346 scriptis;
831 1313 858 1340 in
890 1315 990 1348 quibus

201 1354 278 1380 valde
291 1361 322 1381 se
344 1354 429 1389 jactat
449 1355 493 1382 hic
515 1357 650 1384 mendacii
679 1358 798 1385 famulus
822 1363 850 1386 el.
878 1360 989 1392 sodalis,

202 1399 314 1426 multum
332 1408 439 1434 quoque
456 1400 503 1427 Dei
529 1401 622 1429 odmm
645 1403 760 1431 infinitis
777 1403 941 1438 juramenlis
957 1406 990 1433 ad

203 1444 342 1472 Creatoris
359 1447 551 1475 contumeliam
580 1448 707 1482 prolatis,
725 1456 781 1483 pne
795 1457 824 1477 se
843 1450 910 1483 fert;
928 1458 990 1478 cum

201 1490 328 1518 videlicet
343 1497 449 1527 gentem
464 1493 537 1520 illam
563 1494 694 1522 adversus
721 1495 804 1523 duces
821 1504 886 1524 suos
904 1498 992 1524 rehcl-

201 1535 302 1564 lantem
331 1538 510 1572 deprehendit
536 1540 674 1575 (namque
695 1541 746 1569 hoc
784 1549 855 1577 saepe
888 1543 991 1571 faciunt

203 1581 322 1618 Scytha),
339 1589 432 1618 utpote
443 1585 588 1613 barbarico
606 1594 682 1614 more
711 1588 819 1621 imbuti,
835 1594 863 1616 et
881 1590 947 1617 duas
964 1590 989 1618 in

203 1634 294 1662 partes
320 1629 479 1664 plerumque
491 1630 582 1664 divisi,
600 1631 622 1658 si
641 1631 710 1659 forte
731 1632 792 1660 illos
809 1633 992 1663 voluntatibus

202 1674 259 1701 suis
288 1674 454 1702 obsistentes
476 1677 687 1712 cognoverint).
715 1678 780 1711 Qua:
808 1679 906 1707 seditio
929 1686 993 1708 tunc

202 1719 300 1746 accidit
328 1729 388 1748 cum
418 1722 546 1749 dominus
580 1722 690 1750 illorum
718 1723 847 1758 Sabinus,
876 1726 908 1752 ad
937 1726 991 1753 Ro-

202 1772 297 1792 manos
314 1766 445 1800 profugus
476 1767 656 1803 defecit(83).
687 1768 764 1796 Tunc
789 1770 872 1803 igitur
904 1772 992 1806 gentis

202 1811 282 1839 civile
299 1811 443 1839 dissidium
462 1817 489 1840 et
517 1813 625 1847 seditio,
653 1814 762 1842 brevem
788 1815 921 1844 Mamonze
954 1819 992 1845 rei

203 1857 271 1884 bene
307 1859 432 1892 gerenda:
468 1860 639 1887 occasionem
671 1861 755 1889 dedit.
789 1862 900 1889 interim
931 1871 994 1891 vero

202 1903 381 1932 Orientalium
403 1905 585 1933 Barbarorum
602 1907 642 1934 vel
655 1908 740 1934 solatii
759 1909 927 1935 mentionem
953 1917 995 1936 re-

203 1949 383 1983 formidabat;
416 1952 453 1978 ita
484 1957 512 1978 ut
540 1952 566 1979 in
595 1953 728 1980 concione
754 1953 868 1984 dixerit,
897 1961 926 1980 se
942 1961 994 1980 non

203 1996 304 2023 audere
331 1996 373 2023 vel
403 2001 498 2024 contra
515 2005 617 2032 paucos
641 1998 749 2026 illorum
775 2007 836 2026 cum
866 2000 994 2027 universo

202 2041 322 2068 exercitu
352 2048 402 2069 suo
426 2050 541 2077 pugnam
561 2051 717 2071 conserere.
749 2043 802 2071 Sed
832 2052 892 2071 cum
924 2046 994 2079 apud

204 2087 277 2121 ipsos
303 2095 378 2115 more
408 2089 490 2116 solito
516 2089 605 2117 civilis
627 2095 781 2117 commotus
810 2094 851 2117 est
877 2090 993 2125 gladius,

206 2134 364 2168 ferrumque
378 2134 410 2162 de
420 2135 537 2169 partium
557 2136 714 2164 diversitate
726 2136 898 2169 decernebat,
915 2141 997 2172 atque

205 2180 231 2206 in
252 2186 372 2220 mutuum
401 2182 516 2209 ruebant
553 2182 680 2215 exitium,
715 2183 870 2210 latrocinali
901 2184 993 2218 potius

1006 877 1026 904 Β

1038 249 1224 284 χωρήσαντος,
1249 248 1300 274 οὐκ
1325 247 1523 283 εὐδοκήσαντος
1538 255 1546 264 ’
1570 248 1680 280 ἀνάξιος
1703 249 1758 284 γὰρ
1783 251 1832 286 τῆς

1038 292 1116 326 παρὰ
1130 292 1198 318 Θεοῦ
1214 292 1373 328 εὐεργεσίας
1387 301 1394 307 ·
1408 293 1424 327 ἢ
1442 293 1608 327 οίκειότερον
1630 293 1729 325 εἰπεῖν,
1764 295 1832 321 ἁνα-

1038 338 1205 373 6αλλομένου
1233 339 1279 365 τὸν
1302 339 1398 374 χρόνον
1425 339 1472 365 καὶ
1500 339 1583 370 ἀξίως
1599 338 1771 373 δικάζοντος,
1789 341 1833 367 ἳνα

1038 383 1179 412 κάνταῦθα
1205 384 1259 410 τῶν
1281 385 1493 420 τετολμημένων
1518 385 1580 411 ὅσον
1617 380 1829 419 ἀπογεύσασθαι

1038 429 1116 461 δίκας
1138 430 1383 465 εἰσπραττόμενος,
1409 430 1519 465 πικρῶς
1549 431 1597 456 καὶ
1625 430 1765 466 ὀδυνηρῶς
1783 432 1835 467 τὴν

1039 475 1182 511 αἰσχίστην
1194 475 1336 512 ἀπορρήξῃ
1350 475 1432 511 ζωὴν,
1448 476 1481 502 τὰ
1494 475 1736 512 τεθησαυρισμένα
1755 477 1833 512 αὐτῷ

1039 521 1116 555 παρὰ
1128 523 1176 557 τῆς
1192 522 1265 554 Θείας
1278 522 1356 558 δίκης
1371 522 1581 557 ἀποληψόμενος
1595 523 1625 548 ὲν
1641 522 1680 557 τῷ
1704 523 1831 557 μέλλοντι

1038 566 1160 592 ἀθάνατα
1172 566 1220 592 καὶ
1231 567 1371 602 ἀπέραντα
1390 567 1403 593 ὸ
1417 567 1548 602 δύστηνος
1566 566 1808 602 κολασθησόμενος
1825 575 1831 581 ·

1040 612 1204 648 πικροτέρας
1218 612 1294 647 αὑτῷ
1306 613 1352 639 καὶ
1366 613 1538 647 μακροτέρας
1556 611 1614 646 ἅμα
1626 611 1665 647 τῷ
1683 613 1767 647 πατρὶ
1785 613 1833 639 καὶ

1041 657 1252 693 συγκληρονόμῳ
1267 658 1360 690 αὑτοῦ,
1387 658 1536 694 θεοκρίτως
1560 659 1589 685 ὲν
1604 659 1637 694 τῇ
1652 659 1749 693 γεέννῃ
1781 659 1832 694 τῆς

1039 704 1174 740 τιμωρίας
1191 704 1410 740 ἑτοιμασθείσης.

1075 759 1124 795 οβ’.
1144 760 1193 792 ’Λς
1212 760 1240 786 δὲ
1270 759 1483 787 ὲπιπλάττουσιν
1505 760 1580 795 αὐτῷ
1597 760 1686 792 νίκας,
1705 759 1833 787 τοιαῦταί

1039 806 1111 837 ’τινές
1130 807 1209 837 εἰσιν,
1227 804 1271 832 ἵνα
1296 806 1361 841 μιᾶς
1389 805 1443 832 τῶν
1470 805 1625 840 κρατίστων
1649 806 1831 841 ἐπιμνησθῶ-

1043 860 1092 887 μεν
1101 851 1149 887 (It).
1165 852 1274 887 Ἐπειδὴ
1289 852 1499 888 παρεσκεύαστο
1509 852 1540 878 τὸ
1554 851 1624 887 πρὸς
1635 852 1753 886 δυσμαῖς
1766 852 1834 886 ἡμῖν

1040 895 1193 931 ᾠκισμένον
1208 897 1340 924 Σκυθικὸν
1355 897 1433 929 ἔθνος
1457 897 1625 933 ἀμύνασθαι,
1659 898 1833 933 συναθροίζει

1040 941 1072 977 δὴ
1088 942 1161 968 ᾰπαν
1175 942 1206 969 τὸ
1220 942 1265 970 ὑπ’
1276 942 1351 978 αὐτῷ
1368 943 1526 978 στράτευμα
1536 952 1544 960 ε
1559 944 1600 975 είς
1614 944 1710 978 χεῖράς
1729 952 1758 970 τε
1775 944 1834 974 τοῖς

1039 988 1181 1023 πολεμίοις
1197 987 1253 1022 ἰὼν,
1278 989 1370 1015 ὁποῖον
1390 988 1464 1024 αὑτῷ
1488 989 1519 1015 τὸ
1541 989 1589 1016 τοῦ
1606 989 1727 1024 πολέμου
1750 988 1831 1020 τέλος

1040 1032 1217 1068 κατώρθωτο,
1236 1035 1372 1068 μαρτυρεῖ
1388 1033 1422 1060 τὰ
1433 1034 1583 1069 φαινόμενα
1594 1043 1600 1049 ·
1617 1034 1699 1069 μέχρι
1714 1033 1770 1069 γὰρ
1785 1034 1833 1060 καὶ

1041 1081 1161 1116 σήμερον
1177 1079 1211 1106 τὰ
1226 1079 1298 1107 κατὰ
1314 1081 1362 1116 τὴν
1383 1080 1527 1115 *Δγχίαλον
1542 1080 1717 1116 καλουμένην
1741 1079 1832 1112 πόλιν,

1040 1125 1117 1152 κοῖλα
1129 1126 1176 1151 καὶ
1189 1125 1340 1160 πεδιάσιμα
1352 1126 1451 1160 χωρία,
1471 1125 1489 1153 ἃ
1517 1126 1572 1152 τῶν
1599 1125 1783 1162 ἀνῃρημένων
1795 1124 1835 1152 τὰ

1041 1170 1115 1197 κῶλα
1130 1169 1239 1202 ἐδέξατο
1248 1169 1438 1197 ὑποδείκνυσιν
1449 1179 1456 1186 ·
1470 1170 1551 1206 ἔργον
1564 1171 1619 1206 γὰρ
1631 1170 1681 1205 τῆς
1695 1169 1835 1205 Σκυθικῆς

1042 1215 1190 1250 μαχαίρας,
1217 1215 1290 1242 ἆπαν
1307 1215 1401 1250 σχεδὸν
1426 1215 1458 1242 τὸ
1481 1216 1537 1242 τῶν
1558 1215 1703 1251 Ῥωμαίων
1719 1215 1834 1250 ἐγένετο

1042 1263 1213 1298 στράτευμα.
1227 1262 1259 1289 El
1274 1262 1302 1289 δέ
1321 1271 1348 1288 τι
1366 1262 1464 1298 μικρὸν
1479 1262 1527 1289 καὶ
1543 1262 1574 1288 οὐ
1594 1263 1664 1289 πάνυ
1690 1262 1834 1296 ἀξιόλογον

1041 1308 1148 1344 ἔδρασε,
1168 1308 1240 1336 καθά
1254 1316 1286 1343 γε
1307 1310 1373 1344 ἡμῖν
1391 1308 1424 1335 ὲκ
1448 1308 1504 1335 τῶν
1529 1309 1732 1344 γεγραμμένων
1758 1307 1836 1343 αὐτῷ

1041 1354 1110 1389 πρὸς
1131 1353 1195 1385 τοὺς
1223 1354 1434 1390 ὲνηυλισμένους
1458 1353 1529 1381 κατὰ
1544 1354 1594 1390 τὴν
1624 1354 1834 1389 βασιλεύουσαν,

1041 1400 1255 1434 ἀναλεξαμένοις
1271 1400 1407 1434 ἔγνωσται
1418 1409 1425 1416 υ
1440 1401 1470 1428 ὲν
1485 1398 1526 1432 οἷς
1548 1401 1633 1428 πολλὰ
1651 1401 1837 1436 κατακομπά-

1043 1454 1090 1478 σας
1108 1447 1121 1473 ό
1139 1447 1184 1473 τοῦ
1201 1446 1316 1481 ψεύδους
1331 1446 1472 1482 ὑπηρέτης
1490 1447 1537 1473 καὶ
1556 1446 1717 1482 σύντροφος,
1733 1445 1837 1481 πολλὴν

1041 1491 1070 1518 δὲ
1086 1493 1135 1528 τὴν
1160 1492 1310 1528 θεομαχίαν
1336 1493 1368 1520 ἐκ
1395 1494 1445 1528 τῆς
1467 1492 1582 1528 ἀπείρου
1606 1492 1772 1528 πολυορκίας
1793 1494 1836 1527 ἐφ’

1006 1555 1027 1583 c
1043 1538 1121 1574 ὕϐρει
1137 1539 1184 1565 τοῦ
1197 1539 1349 1571 Κτίσαντος
1373 1539 1590 1575 προϐαλόμενος,
1604 1539 1686 1573 ἡνίκα
1707 1539 1738 1565 τὺ
1760 1539 1838 1570 ἕονος

1043 1585 1108 1619 περὶ
1123 1585 1186 1617 τοὺς
1197 1585 1315 1616 οἰκείους
1332 1584 1471 1620 ἡγεμόνας
1485 1584 1677 1615 διαστασιάζον
1688 1583 1835 1611 κατέλαϐε·

1042 1631 1090 1658 καὶ
1105 1631 1159 1667 γὰρ
1177 1631 1258 1658 τοῦτο
1286 1631 1419 1663 πολλάκις
1434 1631 1523 1657 ποιεῖν
1539 1631 1630 1662 αὐτοῖς
1650 1630 1775 1662 εὐπετὲς,
1789 1630 1838 1657 ἆτε

1044 1677 1222 1713 βαρϐαρικοίς
1251 1678 1345 1714 ἤθεσιν
1368 1677 1589 1713 ὲντρεφομένοις,
1618 1677 1666 1704 καὶ
1693 1676 1755 1711 διχῆ
1780 1678 1839 1708 τοῖς

1044 1724 1157 1758 μέρεσιν
1170 1723 1208 1755 ὡς
1224 1723 1258 1750 τὰ
1275 1723 1360 1749 πολλὰ
1372 1723 1584 1758 διαιρουμένοις,
1596 1723 1660 1749 ὅταν
1671 1722 1761 1749 αὐτῶν
1777 1723 1839 1753 ταῖς

1045 1768 1153 1803 βουλαῖς
1178 1768 1462 1804 ἀντικαθισταμένους
1477 1768 1585 1794 ἴδωσιν·
1601 1768 1615 1794 ὃ
1640 1767 1672 1803 δὴ
1700 1768 1748 1794 καὶ
1762 1776 1839 1803 τηνι-

1044 1814 1133 1841 καῦτα
1159 1815 1173 1841 ὁ
1189 1815 1293 1847 τούτων
1308 1804 1676 1850 κύριος’ὲπιϐουλευόμενος
1703 1814 1837 1846 πέπονθε,

1043 1859 1157 1891 Σαϐῖνος
1172 1859 1202 1895 (Ι)
1217 1859 1303 1895 ὄνομα
1321 1858 1355 1895 ἦν
1381 1859 1465 1895 αὐτῷ,
1492 1860 1541 1886 καὶ
1565 1859 1653 1894 φυγὰς
1677 1860 1745 1894 πρὸς
1772 1859 1839 1886 Ῥω-

1046 1905 1142 1940 μαίους
1159 1905 1294 1940 ἀπῴχετο.
1319 1906 1387 1932 Τότε
1411 1905 1458 1932 οὖν
1479 1905 1554 1941 αὐτῷ
1570 1906 1586 1941 ἡ
1603 1905 1650 1932 τοῦ
1663 1905 1757 1937 ἔθνους
1775 1905 1838 1931 καθ’

1045 1951 1125 1978 ἑαυτὸ
1140 1951 1258 1986 διαφορὰ
1272 1952 1319 1978 καὶ
1334 1952 1441 1985 στάσις,
1460 1951 1532 1979 κατὰ
1545 1951 1632 1988 βραχὺ
1649 1950 1715 1985 γοῦν
1731 1951 1840 1977 εὐδοκι-

1047 1997 1133 2032 μῆσαι
1152 1997 1324 2033 παρέσχετο’
1352 1998 1415 2029 τοὺς
1443 1997 1470 2024 δὲ
1497 1999 1565 2033 πρὸς
1592 1997 1668 2033 ἥλιον
1692 1997 1840 2032 ἀνίσχοντα

1047 2043 1204 2079 βαρϐάρους
1224 2044 1272 2070 καὶ
1295 2044 1334 2075 εἰς
1349 2045 1461 2079 μνήμην
1483 2044 1573 2076 ἰόντας
1589 2043 1684 2070 ἐδεδίει
1702 2044 1839 2078 μάλιστα·

1047 2090 1085 2121 ὡς
1104 2091 1153 2116 κει)¹
1164 2090 1207 2117 ἐπ’
1226 2089 1377 2124 ἐκκλησίας
1405 2090 1566 2126 κηρύσσειν,
1585 2090 1623 2126 μὴ
1647 2089 1761 2126 θαρρεῖν
1778 2091 1841 2117 κατ’

1047 2136 1153 2170 ὀλίγους
1169 2136 1271 2168 αὐτῶν,
1286 2136 1325 2171 τῷ
1342 2137 1387 2163 ὑπ’
1411 2137 1487 2171 αὑτῷ
1510 2137 1568 2171 ἅμα
1590 2136 1672 2163 παντὶ
1693 2136 1840 2171 ὁπλιτικῷ,

1048 2184 1087 2214 είς
1099 2182 1196 2209 ταυτὸν
1213 2183 1303 2217 μάχης
1326 2182 1394 2209 ἰέναι
1410 2181 1520 2209 πώποτέ
1532 2190 1539 2197 ⁸
1560 2182 1662 2209 ὁπόταν
1676 2181 1704 2208 δὲ
1726 2182 1839 2213 αὐτοὺς,

204 2235 285 2261 quam
304 2227 415 2255 militari
440 2236 516 2256 more
541 2237 590 2256 ceu
608 2229 763 2264 incognitus
786 2229 912 2256 Armena:
932 2238 991 2263 pro-

1048 2228 1118 2254 οὕτω
1131 2228 1302 2263 συνενεχθὲν,
1312 2229 1446 2264 ἐμφύλιος
1459 2229 1568 2255 διέλαϐε
1590 2229 1724 2264 μάχαιρα,
1743 2229 1791 2254 καὶ
1805 2228 1842 2254 σί-

205 2273 310 2300 vincias
331 2273 473 2307 invadens,
498 2275 608 2302 castella
637 2275 691 2302 illic
709 2275 782 2309 cepit
796 2275 997 2302 consentienti-

205 2319 255 2346 bus
266 2319 370 2347 incolis.
381 2320 503 2347 Armenii
514 2327 603 2347 autem
615 2320 730 2357 Syrique
740 2320 888 2348 Christiani
897 2326 975 2348 erant
987 2330 995 2354 ;

207 2373 295 2400 neque
313 2366 385 2393 enim
414 2367 484 2394 hoin
511 2375 614 2402 pagano
642 2375 760 2402 unquam
786 2367 843 2401 ipse
856 2367 995 2394 occurris-

205 2416 267 2443 set;
289 2418 357 2445 quos
370 2411 453 2438 etiam
465 2412 533 2447 (84),
548 2417 643 2439 contra
661 2412 751 2439 datam
767 2411 945 2446 jurejurando
965 2411 997 2437 fi-

204 2457 279 2490 dem,
292 2457 400 2484 exsules
428 2459 567 2486 transtulit
592 2459 624 2486 ad
643 2457 768 2486 Thracia:
797 2459 886 2485 lines:
918 2457 996 2493 cujus

245 2536 300 2572 (81)
316 2536 446 2571 Bulgaros
460 2542 487 2565 el
503 2537 625 2571 Hunnos,
643 2542 672 2564 ut
690 2537 728 2565 ait
739 2537 810 2565 idem
833 2536 1000 2572 Nicephorus

206 2572 235 2599 in
253 2572 400 2600 Breviario.

246 2607 301 2642 (δὲ)
320 2608 396 2642 Apud
416 2607 555 2634 Petavium
572 2608 598 2634 in
617 2607 690 2635 dicto
706 2607 1000 2642 Nicrphoroexccrpto

207 2642 304 2670 επηορ
313 2643 440 2678 Ἀχελὼν,
456 2644 594 2675 mendose,
607 2643 729 2678 itemque
741 2643 851 2669 onutiuo
862 2643 930 2678 apud
946 2642 1000 2668 Ha-

211 2676 360 2705 nuartolunr
386 2684 413 2704 et
440 2678 573 2704 Siculum.
604 2676 732 2705 Petavius
762 2679 872 2710 scripsit
903 2677 999 2705 Latine

211 2713 364 2744 Acheloum,
378 2713 539 2740 existimans
551 2713 586 2739 ila
601 2713 764 2744 emendare;
777 2713 824 2740 sed
840 2720 901 2738 vera
919 2713 998 2739 lectio

211 2753 252 2775 est
276 2749 380 2777 codicis
402 2748 486 2774 nostri
508 2747 631 2775 Vaticani
664 2748 997 2783 Ἀγχίαλον,ΛηεΙιῑιιΙιιιη.
1032 2758 1039 2765 α

213 2783 246 2810 Et
260 2783 368 2816 quidem
385 2783 504 2810 vocabuli
526 2789 626 2810 rectam
645 2783 806 2817 scripturam
825 2784 906 2809 habet
924 2783 1000 2809 Nice-

213 2819 316 2852 phorus
330 2819 356 2846 in
377 2818 519 2845 Breviario
540 2820 572 2845 ad
587 2826 631 2844 an.
652 2818 714 2849 703,
730 2819 773 2845 ubi
793 2818 926 2845 infelicem
947 2818 999 2844 Cu-

213 2854 336 2889 pronymi
364 2855 396 2881 ad
423 2854 583 2881 Anchialum
609 2861 724 2888 pugnam
757 2854 902 2887 describit;
933 2861 999 2887 pra--

1050 2274 1131 2309 δηρος
1147 2272 1180 2309 ἦν
1196 2275 1209 2300 ὁ
1219 2274 1339 2306 δικάζων
1350 2274 1404 2301 τῶν
1416 2274 1532 2310 γνωμῶν
1542 2275 1571 2300 τὸ
1585 2275 1773 2309 ἀμφήριστον,
1789 2274 1839 2299 καὶ

1050 2319 1099 2354 τὴν
1110 2320 1152 2346 ἐπ’
1164 2320 1289 2355 ἀλλήλοις
1303 2320 1497 2355 ὲχειροὺργουν
1511 2319 1713 2354 πανωλεθρίαι),
1728 2319 1841 2356 λῃστρι-

1050 2365 1170 2399 κώτερον
1184 2373 1242 2396 πως
1259 2364 1386 2400 μᾶλλονῆ
1404 2365 1661 2401 στρατηγικώτερον
1691 2365 1728 2396 ὡς
1751 2365 1842 2400 λήσων

1051 2411 1137 2437 ἐπιὼν
1169 2411 1225 2442 τοῖς
1238 2411 1287 2445 τῆς
1309 2411 1455 2446 Ἀρμενίας
1488 2411 1614 2447 χωρίοις,
1642 2412 1697 2437 τῶν
1733 2410 1842 2444 ἐκείνης

1051 2457 1190 2494 φρουρίων
1220 2457 1294 2492 αίρεῖ
1328 2457 1461 2493 ὁμολογία
1503 2457 1556 2483 τῶν
1599 2455 1840 2492 προσοικούντων

1055 2542 1095 2564 ter
1120 2537 1200 2564 aliam
1229 2537 1410 2564 calamitatem
1441 2537 1510 2571 apud
1534 2536 1657 2564 eamdem
1683 2537 1842 2563 Anchialum

1053 2579 1097 2599 an.
1116 2572 1178 2599 766.

1089 2607 1144 2642 (85)
1159 2607 1253 2634 Sabini
1269 2606 1446 2642 Bulgarorum
1460 2607 1536 2634 duris
1549 2607 1729 2634 defectionem
1743 2614 1757 2632 a
1773 2607 1841 2637 suis,

1053 2647 1081 2668 et
1100 2643 1133 2668 ad
1150 2643 1350 2676 Coprouymnm
1369 2642 1520 2676 perfugium
1535 2662 1542 2673 ,
1559 2648 1651 2669 narrat
1674 2642 1745 2667 inter
1761 2648 1842 2668 (εει-ιο-

1054 2685 1115 2706 ros.
1132 2683 1223 2704 noster
1237 2677 1404 2711 Nicephorius
1422 2679 1447 2704 iu
1467 2677 1616 2708 Breviario,
1633 2677 1665 2703 ad
1680 2683 1725 2703 an.
1743 2676 1806 2704 765.

1089 2712 1144 2747 (84y
1163 2712 1262 2739 Noster
1280 2713 1305 2739 in
1324 2713 1475 2742 Breviario,
1492 2713 1523 2738 ad
1543 2721 1587 2740 an.
1603 2713 1665 2740 755.

1088 2747 1123 2782 (Ιί)
1143 2747 1181 2774 De
1198 2747 1361 2782 Cupronyxni
1379 2749 1459 2774 modo
1478 2748 1611 2780 victoriis,
1630 2748 1709 2775 modo
1723 2748 1842 2775 \‘lcisa'tm

1052 2782 1173 2809 cladibus
1191 2782 1330 2809 Cedrenus
1345 2788 1409 2810 tom.
1426 2783 1471 2809 cit.

1087 2818 1118 2850 (ί)
1137 2817 1173 2844 De
1191 2818 1241 2844 hoc
1257 2818 1359 2844 Sabino
1383 2818 1488 2851 legatur
1504 2816 1684 2851 Theophanes
1702 2819 1727 2845 iu
1744 2817 1842 2845 Chron.

1053 2852 1085 2879 ad
1103 2852 1269 2888 Copronymi
1298 2861 1397 2880 annum
1422 2853 1468 2885 uti,
1482 2853 1582 2879 Christi
1600 2854 1651 2880 756
