1945 3078
114 173 167 206 509

464 173 779 205 ANTIRRHETICUS
799 173 846 204 IlI
865 173 949 222 ΜΝ.
972 169 1270 201 CONSTANTINUM
1287 168 1394 211 COPR.

1697 162 1751 195 bii)

121 227 300 262 ’Δρμένιοιδὲ
315 227 362 254 καὶ
373 226 456 263 Σύροι
470 228 631 264 Χριστιανοὶ
645 229 723 262 ὄντες
738 229 887 262 ἐτύγχανον
902 237 909 244 ·

979 235 1084 262 erﬁdia:
1100 234 1232 261 ultionem
1249 232 1399 260 Thracicus
1422 236 1534 264 campus
1553 232 1582 255 ut
1604 234 1666 254 reor
1680 235 1752 254 nunc

116 274 148 299 οὐ
160 274 216 307 γὰρ
227 272 319 308 ἐχθρῷ
336 272 478 308 ἀλλοφύλῳ
493 273 647 308 ὑπηντήκει
663 273 787 307 πώποτε,
802 274 848 304 οὓς
861 274 909 301 καὶ

118 319 302 354 μετανάστας,
315 318 370 345 τῶν
388 320 579 354 συγκειμένων
606 320 754 355 ἐνωμότων
778 320 867 355 λόγων
880 320 911 346 τὺ

116 365 238 398 ἀσφαλὲς
268 365 422 400 ὴθετηκὼς,
452 366 524 392 κατὰ
549 365 584 392 τὰ
607 365 654 392 ἐπὶ
679 366 793 401 Θρᾴκης
823 365 912 400 χωρία

117 413 284 447 πποίηκεν·
303 409 341 439 ὧν
355 412 405 444 τῆς
429 411 607 447 παραὸασίας
625 411 702 443 δίκας
724 411 754 437 τι
769 411 908 447 Θρᾳκικὸν

118 458 210 490 πέδον,
225 459 264 490 ὡς
279 457 482 493 οἷμαι,τιννύει
505 458 536 484 τὸ
558 458 689 493 σήμερον.
709 457 865 492 Σαρακηνοὶ
885 457 913 484 δὲ

118 504 180 530 ἐπεὶ
197 504 247 539 τὴν
258 504 365 531 ἐκείνου
379 504 473 538 ἔφοδον
488 504 667 539 ἠκηκόεισαν,
683 504 839 539 ἁπόμοιράν
853 512 914 530 τινα

117 549 262 585 ὁπλιτικῆς
275 550 416 584 φάλαγγος
439 550 582 577 ἐπιθέσθαι
607 550 683 585 αὐτῷ
711 550 909 586 ἐκπέμπουσιν,

963 281 1076 309 clamat.
1099 280 1229 308 Saraceni
1257 286 1323 306 vero
1349 285 1410 305 cum
1444 275 1629 303 incursionem
1651 280 1753 306 cogno-

964 329 1078 360 vissent,
1089 328 1233 362 quamdam
1241 326 1332 361 gravis
1342 327 1488 351 armatura:
1496 320 1639 357 phalangis
1645 319 1753 347 obviam

966 375 1112 406 miserunt.
1142 380 1202 408 qua:
1231 373 1351 406 quinque
1381 369 1495 396 millium
1526 373 1668 394 numerum
1699 372 1753 391 non

966 419 1124 446 excedebat.
1141 418 1262 451 Quorum
1277 416 1394 442 adventu
1409 413 1529 448 cognito,
1552 411 1643 445 fugam
1661 409 1753 436 statim

962 471 1023 491 cum
1038 469 1172 499 sequente
1186 460 1359 489 multitudine
1371 458 1497 493 arripuit,
1521 460 1547 484 et
1563 463 1596 483 ne
1607 454 1754 490 appropin-

963 516 1048 543 quare
1075 508 1185 544 quidem
1217 507 1270 535 illis
1297 510 1340 533 est
1370 511 1462 531 ausus.
1481 502 1543 529 llaec
1571 501 1653 536 igitur
1674 499 1754 526 fortia

963 555 1036 582 iilius
1052 555 1185 587 facinora,
1204 558 1232 580 et
1247 554 1279 580 de
1296 551 1423 579 hostibus
1440 549 1525 576 relata
1543 548 1663 582 trophma
1680 549 1754 572 sunt.

119 597 159 627 εἰς
168 596 406 631 πεντακισχιλίους
419 596 517 631 ἄνδρας
528 595 605 623 οὔπω
617 596 909 634 πλέονήριθμημένην·
929 597 967 626 ὧν
982 601 1032 636 τῆς
1043 600 1132 636 ὁρμῆς
1164 598 1373 633 ἐπαισθόμενος,
1409 595 1499 630 φυγὰς
1522 593 1621 621 αὐτίκα
1643 592 1701 626 ἅμα
1717 590 1755 625 τῷ

119 642 248 676 ἑπομένῳ
277 642 375 676 πλήθει
392 641 490 677 ᾤχετο,
509 642 577 677 μηδὲ
606 642 644 674 ὡς
668 643 852 676 πλησιαίτατα
890 645 994 678 τούτοις
1008 637 1139 680 γενέσθαι
1172 642 1227 677 οἷός
1240 654 1270 671 τε
1284 643 1331 671 ὢν.
1356 641 1476 669 Τοιαῦτα
1501 640 1551 675 μὲν
1566 639 1614 666 οὖν
1633 639 1666 665 τὰ
1683 636 1755 664 ὲκεί-

120 697 167 716 νου
183 688 428 723 ἁνδραγαθήματα,
443 687 490 714 καὶ
514 688 549 714 τὰ
563 688 624 715 κατ’
647 688 753 724 ἐχθρῶν
767 689 967 726 σχεδιαζόμενα
981 692 1110 726 τρόπαια.

157 759 207 790 ογ’.
226 755 257 782 Ei
277 755 306 782 δὲ
332 754 385 790 χρὴ
407 754 506 787 νίκαις,
537 755 584 781 καὶ
609 755 845 791 ἀνδραγαθήμασι,
869 757 917 783 καὶ

122 802 227 837 χρόνων
241 802 356 837 μακρῶν
370 801 516 836 περιόδοις,
534 802 582 827 καὶ
598 802 655 833 τοῖς
668 801 759 832 ἄλλοις
776 799 817 833 οἷς
836 802 852 837 ὴ
867 801 915 829 τοῦ

1005 759 1048 787 75.
1065 759 1147 793 Quasi
1159 766 1223 786 vero
1236 757 1334 792 alioqui
1352 752 1607 791 oporteatvictoriis
1625 750 1759 778 strenuis-

971 813 1023 840 que
1046 805 1139 840 gestis,
1164 809 1192 831 et
1221 804 1300 839 longo
1319 802 1426 836 imperii
1445 799 1568 835 periodo,
1590 797 1705 831 aliisque
1718 804 1761 823 re-

122 848 257 883 παρόντος
276 847 333 882 βίου
348 847 506 882 εὐδαιμονία
522 848 570 873 καὶ
587 847 727 882 εὐπραγία
738 847 915 883 γνωρίζεται,

979 859 1019 878 )llS
1047 851 1146 886 quibus
1177 850 1258 885 hujus
1286 850 1348 876 vita:
1379 847 1498 875 felicitas
1534 844 1760 879 prosperitasque

123 894 218 920 πίστιν
234 894 355 928 μετρεῖν,
375 893 443 920 ἀλλὰ
465 893 503 928 μὴ
520 893 559 927 τῷ
585 892 650 928 θείῳ
675 893 721 919 καὶ
745 893 917 929 ἁποστολικῷ

123 939 272 975 προσέχειν
285 939 446 973 κηρύγματι
458 947 465 953 -
477 939 569 965 ἐκεῖνα
585 938 614 965 δὲ
630 940 686 970 τοῖς
709 939 756 965 τοῦ
779 939 847 965 Θεοῦ
864 949 918 966 πα-

126 987 261 1022 ραχωρεῖν
276 987 420 1022 κρίμασιν,
438 985 467 1017 ὃς
483 986 513 1012 οὺ
527 986 618 1011 πίστιν
635 985 715 1021 μόνον
728 985 822 1020 ὀρθὴν,
851 986 919 1013 ἀλλὰ

125 1034 173 1059 καὶ
186 1032 243 1067 βίον
259 1033 335 1068 ἡμᾶς
349 1033 396 1059 καὶ
410 1031 549 1058 πολιτείαν
568 1033 685 1067 ἀρίστην
701 1033 749 1058 καὶ
775 1032 920 1067 εὐαγγελι-

125 1079 179 1113 κὴν
195 1077 400 1104 ἐπιδείκνυσθαι
425 1077 566 1113 βούλεται·
591 1079 721 1113 ἑκάτερον
738 1078 792 1114 γὰρ
817 1078 920 1105 τούτων

127 1125 246 1160 θατέρου
263 1124 327 1151 ἄνευ
341 1124 448 1159 νεκρὸν1
468 1124 516 1151 καὶ
528 1125 541 1150 ὁ
556 1123 593 1159 τῷ
607 1124 647 1150 ἐνὶ
660 1124 802 1155 ἐλλείπων,
821 1125 869 1151 καὶ
890 1125 920 1151 τὸ

126 1170 221 1205 ἕτερον
247 1170 472 1211 ζημιωθήσεται·
498 1167 535 1198 ὧν
565 1170 693 1205 οὐδαμῶς
721 1171 778 1202 τοῖς
795 1171 915 1202 ἀνοσίοις

128 1217 247 1252 ἐμέλησε
266 1217 376 1244 πώποτε
386 1225 392 1231 ·
409 1217 472 1243 ὅτου
490 1216 521 1251 δὴ
535 1217 615 1252 χάριν
637 1217 675 1252 μὴ
689 1216 786 1242 τοῦτον
801 1217 919 1251 ἀφέντες

129 1262 298 1298 ἐρριμμένον
314 1262 361 1288 καὶ
376 1262 611 1297 κατεπτυσμένον,
623 1262 672 1288 καὶ
688 1261 751 1296 μηδ’
768 1261 809 1287 ὅτι
825 1261 922 1288 ἐϐασί-

128 1309 219 1341 λευσε,
238 1308 300 1343 μηδ’
315 1308 355 1334 ὅτι
385 1308 550 1343 ἐστράτευσε
562 1328 569 1339 ,
584 1308 646 1343 μηδ’
662 1309 703 1334 ὅτι
726 1307 794 1340 ὅλως
808 1307 904 1342 γέγονε
914 1315 922 1322 ·

130 1354 178 1380 καὶ
194 1354 232 1384 ὡς
251 1353 337 1388 μικρὰ
364 1353 398 1379 “rit
414 1355 478 1388 παρ’
493 1353 583 1379 αὐτῶν
613 1353 787 1388 ὲποιιρόμενα
811 1352 922 1385 λογιζό-

132 1408 220 1435 μενοι,
231 1399 277 1425 ἐπὶ
292 1399 355 1431 τοὺς
371 1399 404 1426 τὰ
432 1399 538 1434 μεγάλα
551 1400 580 1425 ἐν
591 1399 630 1433 τῷ
643 1399 692 1434 βίῳ
707 1399 924 1434 κατωρθωκότας

131 1445 325 1480 ἁποτρὲχοιεν,
343 1445 390 1472 καὶ
414 1446 494 1477 νίκας
505 1444 557 1472 ἀνὰ
581 1445 673 1471 πᾶσαν
686 1445 736 1479 τὴν
761 1444 925 1478 οἰκουμένην

132 1493 204 1520 κατὰ
221 1493 331 1519 πάντων
351 1493 446 1527 σχεδὸν
463 1492 548 1519 ὲθνῶν
563 1493 730 1528 ἀραμένους,
744 1492 790 1518 καὶ
804 1492 926 1527 τρόπαια

971 898 1117 929 iudicatur,
1133 897 1213 924 ﬁdem
1228 896 1382 930 religiosam
1397 893 1507 925 metiri;
1521 897 1613 918 etnon
1629 888 1761 924 apostoli-

970 951 1008 971 ca:
1024 943 1112 977 potius
1134 943 1264 970 doctrinre
1279 940 1430 971 attendere,
1445 938 1490 964 illa
1515 942 1605 963 autem
1624 935 1670 961 Dei
1686 933 1760 967 judi-

970 991 1020 1017 ciis
1030 989 1109 1024 139
1120 988 1288 1023 permittere,
1305 987 1351 1021 qui
1362 993 1414 1012 non
1426 984 1506 1011 ﬁdem
1519 986 1623 1009 rectam
1638 984 1761 1006 tantum—

972 1037 1052 1062 modo
1069 1035 1116 1062 sed
1134 1038 1162 1061 et
1179 1033 1264 1060 vitam
1292 1039 1307 1058 a
1335 1030 1415 1057 nobis
1433 1034 1579 1062 moresque
1603 1025 1722 1060 optimos
1734 1026 1763 1050 et

971 1081 1144 1115 evangelicos
1171 1078 1296 1113 prtestari
1327 1076 1394 1103 vult.
1418 1075 1518 1102 Horum
1543 1072 1615 1100 enim
1645 1070 1760 1096 alterum

972 1131 1032 1155 sine
1045 1127 1132 1153 altero
1159 1129 1295 1152 mortuum
1320 1126 1376 1154 est;
1402 1125 1429 1148 et
1447 1120 1492 1154 qui
1510 1126 1564 1145 uno
1591 1115 1761 1145 destituitur,

973 1174 1087 1200 alterum
1101 1177 1208 1207 quoque
1231 1167 1397 1197 desiderabit
1415 1175 1421 1193 :
1441 1171 1556 1200 quarunt
1582 1169 1672 1189 rerqu
1690 1168 1761 1187 nun-

974 1226 1056 1254 quam
1082 1217 1216 1252 improbis
1243 1222 1309 1243 cura
1331 1213 1391 1241 fuit.
1413 1210 1598 1246 Quamobrem
1616 1216 1666 1234 cur
1693 1213 1760 1238 non,

975 1267 1026 1292 hoe
1041 1264 1143 1291 omisso
1159 1263 1353 1296 despectoque.
1372 1259 1449 1294 quasi
1467 1263 1516 1284 nec
1535 1253 1697 1289 regnaverit,
1713 1259 1764 1278 ne-

974 1318 1026 1347 que
1040 1309 1109 1337 bella
1125 1308 1253 1344 gesserit,
1270 1313 1358 1340 neque
1379 1304 1490 1332 omnino
1505 1301 1616 1332 vixerit,
1631 1303 1713 1332 atque
1730 1301 1761 1324 ut

975 1342 1070 1392 exigua
1091 1342 1249 1390 reputantes
1273 1360 1304 1379 ea
1324 1358 1383 1386 quae
1410 1349 1455 1376 isti
1471 1347 1616 1378 extollunt,
1641 1343 1675 1370 ad
1703 1342 1764 1369 illos

976 1388 1186 1435 lranseautrqui
1214 1407 1257 1426 res
1288 1403 1403 1432 magnas
1425 1395 1454 1422 itt
1481 1394 1536 1421 vita
1559 1399 1607 1419 sua
1634 1388 1765 1424 prazclam

976 1451 1130 1484 gesserunt,
1149 1434 1344 1478 rvicloriasque
1360 1449 1408 1477 per
1425 1441 1585 1467 universum
1608 1437 1702 1463 orbem
1728 1434 1763 1460 de

978 1480 1084 1520 cunctis
1096 1491 1291 1527 propemodum
1308 1487 1414 1523 populis
1425 1485 1588 1514 retulerunt,
1600 1487 1628 1508 et
1642 1480 1766 1514 trophaea

132 1538 194 1564 κατ’
216 1537 323 1573 ἐχθρῶν
349 1537 548 1572 στησαμὲνους,
569 1536 695 1563 πλεῖστόν
711 1545 741 1562 τε
760 1536 821 1562 ὅσον
835 1536 925 1571 διαζή-

981 1540 1111 1566 adversus
1126 1538 1220 1564 hostes
1241 1538 1408 1565 erexerunt;
1426 1532 1527 1566 diuque
1543 1529 1677 1560 viventes,
1697 1530 1725 1552 et
1739 1525 1766 1552 in

134 1592 238 1614 σαντας
252 1583 359 1618 χρόνον,
371 1584 417 1609 καὶ
432 1583 579 1614 εὐπαθείας
595 1584 634 1614 εἰς
647 1583 720 1617 μέγα
733 1583 862 1618 ἥκοντας,
881 1582 928 1608 καὶ

134 1629 207 1655 κατὰ
239 1628 290 1663 τὴν
318 1628 406 1664 ἀρχὴν
436 1627 639 1663 ὲνεγκαμὲνους
668 1627 697 1653 τὸ
725 1627 851 1658 ἐπικλεὲς
880 1626 928 1653 καὶ

136 1673 320 1707 μεγάλαυχον,
345 1673 383 1704 ὡς
406 1672 456 1708 τὴν
475 1672 587 1699 ἐκείνων
607 1672 759 1708 θρησκείαν
777 1672 824 1698 καὶ
838 1671 928 1706 ζηλῶ-

136 1727 182 1746 σαι
199 1719 247 1745 καὶ
263 1719 428 1754 μεγαλῦναι·
447 1718 600 1753 θαυμάζειν
618 1727 648 1744 τε
661 1718 695 1744 τὰ
711 1717 927 1753 κατορθούμενα,

135 1764 184 1790 καὶ
205 1764 417 1799 ἐκπλήττεσθαι,
434 1765 481 1790 καί
499 1763 545 1790 τὸν
566 1763 624 1798 βίον
653 1763 791 1798 αἱρεῖσθαι
810 1763 858 1789 καὶ
883 1763 929 1789 τὸν

135 1809 238 1846 τρόπον
251 1817 258 1824 '
279 1808 351 1835 ὥστε
366 1809 417 1836 κάν
434 1811 491 1840 τοῖς
507 1809 652 1844 μέλλουσιν
670 1808 763 1840 αἰῶσι,
786 1809 842 1839 τοῖς
863 1809 930 1834 ἀπο-

136 1855 360 1891 κεκληρωμένοις
377 1856 469 1887 αὐτοῖς
486 1856 533 1882 καὶ
560 1856 774 1891 ἡτοιμασμένοις
799 1863 930 1890 συμπαρ-

137 1902 295 1928 απολαῦσαι
327 1901 489 1928 δικαιότατα
503 1909 509 1916 ·
530 1901 577 1928 καὶ
607 1901 653 1928 ἵνα
678 1901 731 1927 τῶν
750 1900 857 1927 πολλῶν
876 1901 930 1935 ἀφ-

138 1947 244 1982 έμενοι,
268 1946 368 1981 ὀλίγων
407 1946 635 1982 ὲπιμνησθῶμεν,
673 1946 719 1972 τὸν
755 1944 930 1979 Ἀλέξανδρον

139 1993 259 2020 ἐνταῦθά
285 2001 331 2028 μοι
352 1993 419 2024 νόει,
442 1993 487 2019 τὸν
513 1992 662 2025 Φιλίππου,
692 1991 739 2018 τὸν
766 1990 928 2018 Μακεδόνα’

141 2039 241 2076 μικροῦ
253 2041 345 2066 πᾶσαν
361 2040 411 2074 τὴν
427 2040 594 2073 οίκουμένην
608 2038 866 2073 παραστησάμενον,
886 2037 932 2063 καὶ

142 2087 232 2113 πάντα
258 2086 405 2121 Ἑλληνικὰ
423 2087 471 2112 καὶ
493 2085 619 2120 βάρϐαρα
634 2085 698 2119 ἔθνη
724 2083 932 2120 χειρωσάμενόν

141 2141 171 2160 τε
187 2133 234 2159 καὶ
252 2132 459 2168 δουλωσάμενον
471 2140 477 2146 ·
493 2132 522 2164 ὃς
550 2133 578 2158 ἐν
601 2131 650 2166 ίσῳ
678 2132 790 2166 πτηνοῖς
806 2129 932 2163 διαθέων,

142 2179 180 2214 τῷ
198 2179 276 2214 τάχει
303 2178 414 2214 περιῄει
438 2178 488 2213 τὴν
512 2177 676 2212 σύμπασαν,
701 2176 793 2202 καὶτὸ
818 2176 933 2210 σφοδρὸν

981 1591 1105 1620 magnam
1142 1582 1300 1610 felicitatem
1328 1579 1405 1610 elati.
1438 1576 1602 1611 imperiique
1633 1573 1767 1600 illustrem

979 1618 1092 1665 gloriam
1125 1628 1282 1661 [amantque
1306 1624 1447 1653 conSecuti
1474 1621 1556 1649 sunt?
1572 1621 1651 1647 itaut
1670 1618 1769 1645 horum

980 1676 1138 1711 religionem
1159 1679 1185 1701 et
1208 1672 1368 1700 aemulemur
1382 1675 1410 1697 et
1435 1667 1662 1703 magniﬁcentius;
1686 1664 1770 1690 inire-

980 1728 1097 1756 tnurquc
1121 1719 1239 1747 feliciter
1257 1722 1346 1752 gesta,
1367 1720 1394 1743 et
1419 1719 1530 1748 stupore
1559 1715 1768 1746 prosequamur,

981 1773 1131 1800 eorumque
1149 1765 1232 1792 vitam
1247 1770 1280 1790 ac
1303 1768 1392 1789 mores
1418 1760 1571 1790 imitemur;
1591 1761 1620 1783 ut
1636 1755 1661 1781 in
1679 1753 1770 1780 futuro

981 1819 1090 1848 quoque
1106 1810 1206 1838 saeculo
1220 1813 1341 1845 paratam
1360 1807 1413 1834 illis
1427 1801 1691 1837 sortemjustissime
1703 1807 1769 1826 con-

981 1847 1131 1894 sequamur
1146 1856 1215 1892 (85).
1243 1856 1331 1890 Atque
1361 1858 1390 1880 ut
1415 1851 1508 1878 multis
1526 1847 1649 1880 omissis,
1670 1852 1771 1880 paucos

983 1909 1178 1932 memoremus,
1195 1900 1381 1928 Alexandrum
1399 1897 1442 1924 hic
1459 1894 1574 1929 Philippi
1599 1892 1664 1919 mihi
1683 1890 1772 1924 t-ogita

983 1949 1169 1978 Macedonem,
1186 1946 1231 1980 qui
1248 1944 1342 1971 orbein
1361 1949 1446 1977 prope
1468 1941 1624 1968 universum
1641 1934 1772 1966 obtinuit,

982 2001 1152 2029 cunctosque
1177 1993 1289 2020 Graecos
1314 1998 1347 2017 ae
1369 1989 1506 2016 Barbaros
1532 1985 1644 2020 populos
1669 1981 1774 2009 domuit

983 2042 1090 2076 sibique
1106 2027 1242 2073 subjecit;
1257 2037 1302 2072 qui
1320 2037 1409 2063 instar
1433 2034 1491 2060 avis
1513 2032 1622 2062 volans,
1647 2027 1774 2055 celeriter

984 2088 1116 2116 mundum
1140 2085 1281 2124 discurrit,
1310 2087 1337 2110 et
1374 2079 1546 2108 vehementia
1568 2084 1601 2104 ac
1627 2073 1775 2102 velocitate

985 2134 1130 2171 pardaleos
1143 2121 1261 2168 speciem
1287 2137 1342 2164 prae
1364 2137 1393 2156 se
1418 2126 1535 2154 ferebat.
1551 2123 1596 2150 Sic
1619 2121 1690 2149 enim
1709 2126 1775 2146 nou-

987 2165 1054 2208 itulli
1082 2165 1247 2213 interpretes
1283 2176 1373 2204 locum
1395 2174 1470 2200 illum
1489 2169 1620 2206 (Itanielis
1634 2166 1669 2202 ")
1689 2165 1776 2198 expli-

143 2225 190 2251 καὶ
206 2225 371 2259 ὀξύρροπον,
387 2223 426 2259 τῷ
446 2224 494 2258 τῆς
507 2223 668 2258 παρδάλεως
685 2222 749 2248 εἴδει
773 2221 812 2257 τῷ
833 2221 922 2256 όρῶντ

987 2231 1094 2258 carunt.
1112 2225 1177 2260 quia
1200 2223 1337 2252 eﬂicacius
1359 2227 1440 2255 quam
1458 2218 1577 2245 ltumaua
1603 2221 1666 2248 spes
1696 2215 1776 2238 autu-

144 2273 375 2306 προῦπεγρᾱιφετο
386 2279 393 2286 ·
415 2270 487 2296 οὕτω
506 2270 561 2304 γάρ
576 2278 630 2296 τισι
647 2268 701 2295 τῶν
716 2268 886 2295 διδασκάλων
900 2267 934 2294 τὰ

144 2317 217 2343 κατὰ
229 2317 275 2342 τὸν
292 2317 373 2342 τόπον
386 2315 565 2350 τεθεώρηται,
576 2315 638 2341 ἐπεὶ
653 2314 701 2340 καὶ
716 2312 935 2347 δραστικώτερον

146 2363 240 2399 ἢκατ¹
262 2363 374 2394 ἐλπίδας
399 2361 586 2397 ἀνθρωπίνας,
606 2360 640 2388 τὰ
671 2359 744 2386 κατὰ
769 2358 833 2385 νοῦν
857 2357 933 2392 αὐτῷ

144 2410 325 2446 ἐπεραίνετο·
350 2409 379 2435 οὐ
400 2409 455 2444 γὰρ
475 2408 600 2442 σχολαῖον
615 2404 674 2441 εἶχε
693 2405 723 2431 τὸ
736 2406 863 2440 ὅρμημα,
876 2404 935 2431 ἀλλ’

143 2457 183 2488 ὡς
195 2456 226 2488 ἐξ
241 2455 390 2490 ἐπιδρομῆς
404 2454 451 2480 ἰὼν
471 2450 542 2479 εἷλεν
554 2453 693 2483 ἃπαντας-ο
714 2452 804 2485 ’ἑτεροι
819 2450 875 2486 γὰρ
890 2449 937 2476 ἐπὶ

145 2504 196 2539 τῆς
214 2503 327 2538 Περσῶν
342 2501 503 2532 δυναστείας
519 2500 599 2526 τοῦτο
613 2499 802 2533 ὲξειλὴφασιν.

185 2550 220 2576 Ἦ
247 2549 293 2575 τὸν
318 2547 450 2583 Καίσαρὰ
467 2555 512 2581 μοι
536 2545 625 2581 φράζε
650 2545 696 2571 τὸν
720 2543 889 2578 Αὔγουστον,
907 2543 937 2574 ὃς

149 2595 244 2632 μεῖξον
270 2593 329 2630 μετ’
343 2595 446 2620 ἐκεῖνον
462 2592 496 2619 τὰ
513 2592 619 2618 ἐκείνου
644 2590 848 2625 διαδεξάμενος,
866 2588 938 2616 κατὰ

148 2645 200 2680 τὴν
214 2643 302 2679 ἀρχὴν
319 2643 350 2669 τὸ
365 2642 445 2673 κλέος
459 2633 604 2676 ἐκέκτητο,
620 2639 737 2673 ἐπείπερ
759 2638 794 2665 τὰ
814 2637 940 2664 Μακεδό-

169 2732 192 2748 ⁸’
207 2731 274 2759 Dan.
292 2739 342 2764 vn,
356 2731 383 2758 6.

190 2824 246 2860 (85)
260 2821 362 2860 Nempe
383 2820 465 2860 etiam
483 2818 623 2860 Zuingiius
637 2817 663 2844 in
681 2815 741 2843 ﬁdei
763 2812 942 2860 sumcoufes-

154 2848 483 2887 sin‘ne’adrFi'anciscum
504 2854 512 2879 Ι
531 2848 625 2880 Gallire
642 2859 744 2885 regem.
763 2848 824 2876 cum
839 2848 942 2876 sanctis

156 2886 296 2929 utriusque
310 2890 476 2920 Testameuti
492 2888 643 2917 houtinibus
661 2886 773 2914 collocat
792 2889 946 2920 portentose

984 2278 1051 2306 mat,
1068 2272 1168 2299 utentis
1183 2277 1240 2298 suae
1260 2269 1399 2304 cogitatus
1425 2262 1594 2299 perﬁciebat.
1622 2260 1681 2286 Non
1698 2257 1772 2285 enim

984 2319 1089 2348 tardum
1105 2317 1223 2345 habebat
1246 2316 1386 2349 impetum.
1405 2311 1454 2339 sed
1470 2315 1598 2343 tanquam
1617 2313 1671 2332 uno
1688 2309 1774 2349 cursu

984 2367 1092 2393 irruens
1106 2369 1219 2391 cunctos
1239 2361 1351 2388 devicit.
1367 2358 1418 2385 Alii
1443 2362 1532 2383 tamen
1549 2354 1637 2380 locum
1657 2351 1729 2377 hunc
1740 2347 1773 2374 de

986 2411 1130 2439 Persarum
1147 2407 1271 2443 dynastia
1287 2404 1490 2432 intellexerunt.

1026 2545 1075 2572 Vel
1091 2544 1226 2572 Caesarem
1243 2541 1308 2568 mihi
1329 2547 1410 2566 narra
1427 2538 1590 2572 Augustum,
1610 2532 1656 2567 qui
1677 2529 1782 2563 majore

991 2591 1079 2626 spatio
1103 2595 1164 2624 post
1178 2589 1263 2619 illtun,
1280 2587 1410 2614 ditiouem
1432 2584 1492 2619 ejus
1511 2587 1659 2615 occupans,
1674 2577 1775 2612 glorio-

994 2644 1053 2663 sum
1068 2622 1212 2669 imperium
1224 2633 1274 2660 sibi
1286 2630 1429 2659 constituit
1440 2637 1448 2662 ;
1459 2625 1678 2663 quandoquidem
1693 2622 1784 2648 Mace-

996 2811 1022 2838 in
1038 2809 1155 2844 paradisi
1173 2808 1281 2835 sedibus
1296 2805 1451 2844 Herculem.
1464 2803 1611 2844 j‘liesettirt.
1628 2799 1781 2844 fauentem,

1309 2843 1429 2875 aliosque
1446 2833 1548 2873 aliquot
1562 2835 1686 2864 ethnicos
1702 2833 1787 2859 rebus

1000 2881 1082 2916 gestis
1095 2879 1225 2907 eelebrcs.
