1945 3078
107 133 164 166 513

467 132 782 164 ANTIRRHETICUS
801 133 847 163 III
868 133 952 164 ADV.
972 131 1268 164 CONSTANTINUM
1285 131 1382 162 COPR

1691 129 1744 163 514

110 192 242 226 δαίμοσιν
267 189 402 226 ὀλεθρίοις
426 190 626 224 προσαγαγεῖν,
649 190 699 222 τὰς
726 191 831 226 χρυσᾶς
858 191 904 217 δα-

962 189 1109 223 adorationi
1149 195 1315 223 proponens.
1342 187 1446 221 Quibus
1477 186 1557 222 longe
1584 186 1743 219 antistabat,

113 238 213 274 μάλεις
250 237 306 264 τῶν
345 236 427 271 ιερῶν
462 235 645 270 σεϐασμάτων
674 236 713 267 εἰς
745 236 901 271 προσκύνη-

112 293 155 311 σιν
174 284 230 310 τῶν
253 281 378 318 ματαίων
400 281 630 317 ἀντιτεχνώμενος
644 302 652 314 ,
669 278 707 309 ὦν
729 282 802 317 μέγα
819 282 903 318 ὑπερ-

115 331 202 365 έσχε,
231 328 422 364 καλλιεργίαις
458 337 488 354 τε
517 329 566 354 καὶ
597 327 748 362 εὐφωνίαις
770 328 818 354 καὶ
844 329 901 359 τοῖς

112 376 246 410 φθόγγοις
262 373 420 409 ὑπερηχοῦν
434 372 609 408 εύσημότερα
619 381 626 387 ·
645 373 736 398 έκεῖνο
753 371 781 398 δὲ
796 372 826 398 τὸ
837 371 902 406 περὶ

112 421 142 446 σὲ
154 420 250 454 θαῦμα
263 419 293 446 τὺ
308 421 338 445 ὲν
353 418 464 445 σκεύεσι
485 419 539 449 τοῖς
556 417 742 454 χρυσηλάτοις
756 417 901 452 ὑπεράγαν

110 465 323 502 θαυμαζόμενον
337 486 345 498 ,
370 465 419 492 καὶ
442 464 511 500 πρὸς
532 464 612 491 ἑαυτὸ
628 464 693 495 τοὺς
709 464 903 498 πλανωμένους

110 511 244 538 ἀνθέλκον
259 512 293 546 τῇ
315 509 440 541 ποικιλίᾳ
464 510 513 536 καὶ
535 509 575 544 τῷ
592 508 702 544 μεγέθει
714 528 722 541 ,
738 509 772 543 τῇ
790 508 838 535 ἐπὶ
852 508 903 543 τῆς

111 557 289 589 Βαϐυλωνίας
303 557 388 583 εικόνι
404 556 480 590 παρὰ
495 555 548 582 τῶν
562 555 773 590 τεκτηναμένων
788 555 903 580 ἀντιπα-

114 603 310 640 ρατιθέμενον⁹
323 602 350 628 τί
363 602 393 628 δέ
408 610 450 628 σοι
459 601 489 627 οὐ
504 601 698 637 μέγαςὉζίας
712 602 726 627 ὁ
742 600 903 635 τολμητίας,

110 650 128 675 ό
150 648 205 675 τῶν
219 647 291 682 ὑπὲρ
305 646 384 679 ἀξίαν
399 645 555 681 ἁπτόμενος
569 645 618 672 καὶ
633 645 678 672 διὰ
691 645 771 672 τοῦτο
785 644 904 680 λεπρού-

113 702 211 729 μενοςς
224 692 360 726 Μανασσῆ
373 692 401 718 δέ
420 700 473 723 σοι,
490 692 541 718 οὐκ
555 690 630 718 ἐστιν
648 691 723 723 ὅστις
749 691 804 718 τῶν
817 691 904 718 ἄλλων

112 739 386 774 παρεξετασθήσεται
396 746 404 754 ο
418 738 521 770 πάντας
536 737 590 773 γὰρ
601 737 665 769 τοὺς
679 738 722 764 ἐπ’
734 737 848 772 ἀσεϐείᾳ
858 737 906 764 καὶ

113 785 243 820 ἀθεότητι
258 783 479 819 γνωριζομένους
495 783 698 818 ὑπερϐαλέσθαι
715 783 904 818 ἀνιστόρηται,

113 831 224 858 πάντων
247 829 495 865 προσοχθισμάτων
516 831 565 856 καὶ
589 829 786 864 βδελυγμάτων
809 829 905 857 ἑαυτόν

112 885 143 903 τε
161 877 210 903 καὶ
231 876 262 902 τὺ
285 876 406 910 ὑπήκοον
431 875 505 902 ἆπαν
522 875 687 910 ἀποπλήσας
701 883 708 890 '

113 923 164 957 μὲν
181 922 244 949 δυσὶ
261 922 329 958 πρὸς
348 923 404 952 τοῖς
430 921 603 956 πεντήκοντα
621 921 721 953 ἐτεσιν,
739 921 753 946 ὁ
776 921 803 947 δὲ
825 920 908 947 πέντε

112 968 182 1003 πρὸς
200 969 258 999 τοῖς
276 968 447 1003 πεντήκοντα
471 966 544 993 κατὰ
557 966 607 1000 τὴν
628 967 716 1001 ἀρχὴν
731 966 776 992 ἐπὶ
790 966 821 992 τὸ
840 965 908 992 Ἰου-

111 1013 206 1040 δαϊκδν
220 1012 314 1047 φῦλον,
327 1013 475 1048 διήρκεσαν
487 1011 689 1047 βασιλεύοντες·
701 1011 908 1046 καταμωμήσῃ,

112 1056 142 1085 εὖ
152 1057 225 1091 οῖδα,
236 1058 283 1085 καὶ
293 1057 452 1089 διαπτύσεις
462 1057 509 1084 τὸν
518 1057 629 1092 θεοφιλῆ
644 1057 762 1089 Ἰωσίαν,
772 1057 818 1084 τὸν
834 1056 910 1092 παρὰ

113 1104 175 1140 Θεῷ
198 1104 243 1130 ἐπ’
268 1104 396 1140 εὐσεϐείᾳ
424 1103 665 1139 μαρτυρούμενον,
692 1104 740 1130 καὶ
760 1104 852 1130 πίστει
874 1104 908 1138 τῇ

112 1150 183 1184 ὀρθῇ
200 1150 264 1181 τοὺς
277 1149 375 1180 ἄλλους
392 1149 576 1184 ὑπερίσχοντα.
589 1168 597 1181 ,
611 1149 653 1174 ὅτι
667 1148 772 1180 ἀκλεῶς
788 1149 835 1174 τὸν
850 1147 909 1183 βίον

113 1196 280 1228 κατέλυσεν,
301 1195 356 1221 ὑπὸ
376 1194 432 1221 τῶν
448 1194 477 1220 οὺ
494 1193 687 1229 πολεμούντων
708 1193 817 1228 βληθεὶς
831 1213 838 1226 ,
862 1194 910 1220 καὶ

113 1241 163 1268 τοῦ
184 1241 307 1275 πολέμου
327 1239 358 1265 τὸ
379 1239 495 1266 ἄπιστον
516 1239 545 1265 οὺ
565 1238 772 1274 προορώμενος·
797 1239 909 1266 ἐκείνων

113 1287 246 1312 ἁπάντων
273 1284 318 1311 διά
343 1292 372 1310 τε
393 1284 459 1314 τοὺς
483 1283 598 1318 χρόνους
628 1283 675 1309 καὶ
701 1283 750 1318 τὴν
767 1283 910 1319 παροῦσαν

114 1330 270 1365 εὐημερίαν
281 1329 491 1365 ὺπεραγάμενος
502 1328 580 1362 δέχου
593 1328 626 1354 τὰ
639 1327 697 1362 έθη,
710 1328 755 1354 τόν
769 1336 798 1354 τε
810 1328 910 1362 τρόπον

113 1377 163 1402 καὶ
176 1376 226 1411 τὴν
233 1374 383 1410 θρησκείαν
397 1374 476 1409 τίμα·
494 1373 660 1409 κατακριτει
675 1375 734 1405 ταῖς
750 1373 909 1408 εὐφημίαις,

113 1420 252 1455 στεφανοῦ
265 1421 325 1451 ταῖς
340 1419 556 1454 ὑπερκειμέναις
567 1418 666 1452 δόξαιςι
682 1418 767 1454 μιμοῦ
779 1419 825 1445 τὸν
841 1418 909 1453 βίον,

111 1465 243 1498 ἀσπάζου
260 1466 310 1497 τὰς
324 1465 452 1500 πράξεις,
469 1465 588 1496 σπονδὰς
606 1465 750 1500 προσχέων
769 1465 843 1491 τέλει
862 1464 910 1492 καὶ

112 1513 165 1543 τὰς
180 1512 289 1544 θυσίας,
309 1512 489 1547 ὲνευφραίνου
504 1512 564 1542 ταῖς
574 1510 706 1545 τελεταῖς,
721 1511 768 1538 καὶ
783 1513 838 1543 τοῖς
855 1512 911 1543 σοῖς

112 1558 203 1584 ταῦτα
214 1558 352 1594 πρόσφερέ
366 1566 406 1591 τε,
416 1557 443 1584 εί
454 1565 497 1584 σοι
510 1557 628 1593 αἱρετὸν,
644 1557 690 1584 καὶ
702 1557 848 1592 προσκύνει
864 1558 910 1584 καὶ
923 1551 945 1581 C

111 1603 233 1635 δόξαζε·
251 1603 331 1630 τελοῦ
354 1605 410 1635 τοίς
434 1602 615 1639 μυστηρίοις,
638 1603 717 1638 δέχου
739 1604 787 1635 τὰς
816 1604 910 1638 ῥήσεις

115 1649 172 1676 τῶν
187 1649 386 1685 χρησμολόγων
396 1669 403 1682 ,
421 1649 511 1684 πύθου
525 1648 578 1676 τῶν
600 1649 655 1675 ἀπὸ
666 1649 719 1684 γῆς
736 1649 909 1684 φωνούντων,

116 1696 181 1727 ταῖς
197 1695 429 1731 έγγαστριμύθοις
448 1695 634 1732 προσέδρευε·
653 1695 680 1721 τί
695 1695 780 1721 τᾶλλα
799 1694 907 1728 λέγειν;

114 1742 273 1777 πρόετρεχε
287 1742 345 1773 τοῖς
359 1742 486 1777 δαίμοσιν
496 1739 541 1774 οἷς
556 1742 569 1768 ὀ
583 1740 628 1772 σὸς
642 1740 803 1772 διδάσκαλος
814 1741 908 1775 ἧγετο·

954 235 1156 270 pulchritudine
1179 235 1281 269 operis,
1296 233 1548 266 acclamationibus,
1562 237 1590 261 et
1604 233 1744 260 harmonia

956 281 1060 308 musica
1092 281 1275 312 reSonantius,
1306 279 1457 314 prodigium
1487 279 1551 307 illud
1584 283 1658 306 tuum
1687 278 1744 313 (88)

955 327 1046 355 aureis
1060 327 1229 353 ornamentis
1243 327 1403 360 permirum,
1419 330 1446 353 et
1463 326 1636 352 incautorum
1652 324 1746 352 oculos

956 374 1090 400 varietate
1122 379 1154 399 ac
1170 372 1357 407 magnitudine
1370 372 1523 401 attrahcns,
1547 371 1611 397 illud
1634 370 1745 406 inquam

955 419 1130 454 Babylonica:
1147 423 1245 445 statua:
1265 419 1300 444 ab
1323 416 1475 444 artiﬁcibus
1488 417 1648 444 armulauter
1662 423 1748 450 oppo-

956 465 1051 492 situm.
1071 464 1138 497 Quis
1164 463 1212 490 tibi
1227 463 1335 490 videtur
1352 470 1466 503 magnus
1480 462 1525 490 ille
1539 463 1628 490 audax
1649 462 1745 494 Ozias,

956 511 1002 545 qui
1020 517 1076 537 rem
1092 517 1173 544 supra
1194 516 1271 536 suam
1289 509 1449 544 dignitatem
1465 509 1618 540 attentavit,
1631 509 1746 542 ideoque

957 555 1030 590 lepra
1049 555 1214 590 percussus?
1227 554 1365 582 Manasses
1379 558 1481 586 autem,
1501 550 1647 588 te‘judice,
1667 561 1748 582 nemo

957 609 1049 637 parem
1079 601 1210 633 habebit;
1245 600 1290 627 hic
1321 599 1393 627 enim
1421 607 1517 627 omnes
1550 600 1690 635 impietate
1718 604 1747 627 et

957 647 1092 674 atbeismo
1112 647 1235 674 celebres
1262 653 1410 680 superasse
1435 651 1574 677 narratur,
1601 646 1646 681 qui
1670 646 1744 674 omni

958 692 1149 720 scandalorum
1159 695 1240 726 atque
1255 692 1485 719 abominationum
1498 699 1597 726 genere
1606 699 1634 719 se
1649 691 1744 718 subdi-

960 743 1056 772 tosque
1067 745 1132 766 suos
1143 738 1246 765 obruit.
1257 737 1337 772 Atqui
1355 738 1465 770 horum,
1482 737 1552 764 alter
1566 744 1652 764 annos
1669 737 1748 773 quin-

959 784 1099 819 quaginta,
1130 783 1198 811 alter
1217 790 1281 810 vero
1304 783 1423 818 quinque
1444 790 1527 817 supra
1547 783 1747 817 quinquaginta

958 828 1064 856 Judaici
1079 828 1170 864 populi
1189 829 1275 857 tenuit
1288 828 1443 863 imperium.
1456 828 1587 856 lrridehis
1607 833 1698 856 autem
1715 835 1749 856 ac

728 874 833 902 τούτων
850 875 879 901 δὲ
895 875 910 901 ὁ
926 870 947 897 Β
961 875 1076 910 despues
1089 874 1243 910 religiosum
1256 873 1372 906 Josiam,
1386 874 1432 909 qui
1447 874 1557 909 pietatis
1576 882 1633 902 suae
1652 878 1748 902 testem

960 918 1044 946 Deum
1056 919 1159 950 habuit,
1173 919 1335 952 ueterisque
1349 924 1421 945 recta
1438 918 1490 946 ﬁde
1502 919 1670 951 antecelluit,
1684 919 1749 954 quia

960 963 1091 999 inglorius
1103 964 1186 991 vitam
1198 964 1283 990 ﬁnivit
1294 971 1308 990 a
1321 964 1413 992 nescio
1425 971 1478 998 quo
1493 969 1642 999 pugnatore
1655 965 1744 992 vulne-

960 1015 1048 1043 ratus,
1073 1011 1136 1037 dum
1155 1009 1240 1045 praelii
1268 1010 1390 1044 pericula
1418 1017 1472 1038 non
1491 1011 1559 1037 satis
1581 1015 1668 1038 cavet.
1687 1010 1750 1038 Illo-

960 1064 1020 1083 rum
1049 1055 1182 1088 omnium,
1210 1056 1286 1091 regni
1313 1056 1430 1090 spatium
1463 1056 1663 1091 praesentisque
1688 1057 1750 1083 vita:

960 1101 1119 1130 felicitatem
1134 1102 1285 1133 admirans,
1303 1109 1393 1129 mores
1405 1102 1524 1134 imitare,
1541 1107 1567 1129 et
1584 1102 1647 1129 vitat
1662 1109 1749 1137 genus

960 1155 992 1175 ac
1020 1147 1178 1183 religionem
1188 1142 1311 1181 ambite;
1338 1148 1446 1183 plaude,
1467 1148 1600 1180 acclama,
1623 1148 1750 1175 laudibus

960 1194 1069 1221 eximiis
1081 1201 1149 1221 orna
1165 1202 1171 1220 :
1198 1193 1280 1220 vitam
1299 1199 1414 1224 sectare.
1435 1193 1507 1221 facta
1529 1194 1668 1225 teumlare.
1680 1194 1750 1221 liba-

961 1240 1049 1267 tiortes
1066 1240 1173 1266 demum
1203 1246 1234 1266 ac
1253 1239 1378 1266 victimas
1399 1238 1454 1266 illis
1477 1238 1556 1271 aﬂ'er,
1581 1238 1669 1273 gaude
1707 1239 1750 1266 eis

961 1285 1129 1317 sacriﬁcans,
1157 1289 1238 1320 atque
1262 1289 1290 1312 ut
1314 1285 1369 1312 tuis
1398 1285 1456 1312 haec
1479 1284 1589 1317 adhibe,
1608 1285 1630 1312 si
1648 1284 1748 1319 placet.

961 1330 1055 1362 adora,
1074 1330 1186 1365 hymnis
1203 1330 1323 1363 celebra,
1338 1330 1425 1358 sacris
1442 1330 1540 1357 ritibus
1552 1330 1620 1362 cole,
1637 1338 1750 1365 respon-

961 1376 1054 1404 siones
1079 1375 1253 1404 fatidicorum
1287 1376 1360 1408 audi,
1388 1376 1524 1410 interroga
1552 1377 1747 1411 geomanticos,

961 1422 1194 1458 engastrirnytbos
1211 1423 1334 1449 consule.
1359 1421 1430 1455 Quid
1451 1422 1524 1448 aliud
1544 1421 1654 1450 dicam?
1669 1430 1750 1450 curre

961 1469 994 1496 ad
1014 1469 1162 1501 daemones,
1180 1476 1194 1495 a
1209 1469 1308 1504 quibus
1325 1470 1455 1504 magister
1477 1474 1539 1496 tuus
1554 1469 1696 1503 agebatur,
1717 1472 1748 1496 ut

963 1513 1070 1541 facilius
1083 1514 1122 1540 sis
1142 1513 1219 1547 felix,
1236 1520 1266 1541 ut
1283 1522 1352 1549 pane
1366 1515 1483 1549 vinoque
1498 1515 1649 1549 implearis,
1663 1523 1747 1550 reque

963 1560 1037 1587 omni
1051 1567 1130 1594 quam
1149 1564 1222 1587 terra
1234 1561 1401 1594 suppeditat,
1414 1568 1529 1596 qumque
1542 1569 1556 1587 a
1569 1561 1687 1588 terrenis
1701 1568 1749 1595 ap-

962 1605 1076 1640 petitur.
1106 1604 1172 1633 Fiiii
1200 1606 1333 1633 hominum
1359 1607 1485 1641 (magnus
1512 1607 1589 1634 vobis
1617 1607 1748 1634 inclamat

963 1650 1061 1684 DavidI
1078 1659 1128 1679 ceu
1144 1651 1313 1679 vocalissima
1336 1652 1411 1689 tuba,
1438 1657 1566 1686 tanquam
1589 1652 1622 1679 de
1639 1651 1749 1686 specula

961 1696 1086 1731 celsoque
1106 1696 1165 1724 loco
1192 1696 1365 1732 pradicans),
1389 1705 1520 1731 usquequo
1549 1697 1621 1731 graui
1648 1697 1750 1723 corde?

964 1750 1011 1768 cur
1025 1742 1137 1776 diligitis
1151 1743 1302 1775 vanitatem,
1316 1747 1341 1768 et
1357 1742 1524 1769 mendacium
1536 1740 1704 1776 quaeritis“?

114 1789 162 1814 ἵνα
179 1789 227 1814 καὶ
244 1789 309 1824 ῥᾷον
324 1789 502 1824 εὐημερήσῃς
517 1808 524 1820 ,
540 1787 591 1815 καὶ
607 1787 735 1825 πλησθῇς
757 1787 847 1822 ἄρτων
863 1788 910 1814 καὶ
928 1787 1013 1821 οίνου,
1029 1788 1076 1815 καὶ
1090 1789 1200 1814 πάντων
1214 1789 1264 1814 ὅσα
1300 1787 1376 1823 παρὰ
1409 1787 1460 1822 τῆς
1475 1787 1527 1822 γῆς
1546 1786 1680 1813 ἐκδίδοται
1702 1785 1750 1811 καὶ

113 1836 173 1868 τοῖς
188 1836 293 1870 γηῒνοις
310 1835 502 1868 σπουδάζεται.
529 1835 592 1863 Υἱοὶ
607 1834 790 1870 ἀνθρώπων,
806 1837 820 1863 ὁ
842 1836 928 1872 μέγας
955 1838 1021 1873 ὑμῖν
1053 1837 1181 1872 ὲμϐοάτω
1201 1837 1303 1870 Δαὸὶδ,
1338 1834 1383 1863 οἷά
1410 1845 1451 1869 τις
1484 1836 1602 1870 σάλπιγξ
1633 1834 1752 1870 μεγαλό-

115 1889 227 1916 φωνος,
242 1881 280 1913 ὡς
305 1881 336 1908 ἐκ
359 1880 503 1916 περιωπῆς
528 1883 580 1908 και
604 1879 707 1914 ὑψηλοῦ
732 1881 845 1916 ὑπηχῶν
859 1881 907 1909 τοῦ
928 1882 1106 1918 κηρύγματος
1122 1901 1129 1914 ,

115 1926 194 1956 scite
209 1929 393 1963 ματαιότητα
409 1929 469 1956 καὶ
479 1928 589 1963 ζητεῖτε
606 1927 741 1962 ψεῦδος;

153 1996 201 2024 οε’.
229 1997 308 2030 Μέγα
325 2005 351 2023 τι
372 1995 406 2023 τὰ
427 1998 552 2033 παρόντα
579 1997 823 2033 ὑπολαμϐάνοντες
836 2020 843 2032 ,
863 2000 912 2027 καὶ⁵

116 2044 177 2074 τοίς
193 2042 324 2077 φθαρτοῖς
338 2043 387 2068 καὶ
402 2043 546 2078 ἐπικήροις
560 2043 591 2069 τὸ
607 2044 665 2070 πᾶν
679 2044 729 2078 τῆς
742 2045 815 2080 ζωῆς
833 2053 913 2081 περι-

115 2088 275 2119 κλείοντες.
301 2087 383 2114 πόθεν
409 2095 450 2114 σοι
472 2089 488 2122 ἠ
508 2089 595 2124 μικρὰ
618 2089 711 2124 ἐκείνη
733 2089 776 2124 ἐφ’
841 2091 912 2126 μέγα

117 2135 230 2170 φρονεῖς
247 2133 399 2168 εὑημερία,
418 2134 466 2160 καὶ
482 2133 543 2160 ὅθεν
560 2142 599 2160 σοι
617 2135 653 2161 τὰ
672 2134 740 2161 ὢνια
760 2136 912 2171 imoimo;

117 2180 145 2206 εί
160 2188 202 2206 σοι
221 2179 252 2206 οὖ
269 2180 372 2214 τραχὺς
383 2180 398 2205 ὁ
416 2179 512 2214 λόγος,
527 2180 635 2207 ἀκούων
655 2181 796 2215 ὲπίγνωθι.
819 2182 849 2210 ’0
866 2192 913 2218 μι-

119 2226 328 2261 σοχριστότατος
345 2226 394 2253 καὶ
404 2226 634 2262 φιλοχρυσότατος
649 2227 785 2264 τύραννος
796 2249 804 2262 ,
820 2229 850 2256 τὸ
865 2230 912 2256 τοῦ

118 2272 221 2307 χρυσοῦ
238 2272 407 2306 ἀνδράποδον
421 2292 428 2303 ,
446 2274 460 2299 ὀ
484 2273 530 2299 τὸν
547 2273 644 2300 Λύδιον
659 2275 765 2301 ἐκεῖνον
785 2276 817 2310 τῇ
840 2275 914 2310 φιλο-

117 2318 216 2352 χρύσῳ
247 2319 331 2354 μανίᾳ
364 2319 597 2361 ὑπερϐαλόμενος,
623 2321 670 2347 καὶ
699 2321 758 2347 θεὸν
780 2321 827 2347 τὸν
849 2330 915 2357 χρυ-

119 2362 167 2389 σὸν
199 2362 270 2397 μετὰ
301 2363 352 2396 τῆς
383 2363 491 2395 κοιλίας
517 2365 690 2400 ἡγούμενος’
720 2364 734 2389 ὁ
761 2363 913 2399 βαρύτατος

120 2407 271 2442 φορολόγος
282 2428 289 2440 ,
315 2408 363 2434 καὶ
382 2409 568 2444 ἀπαραίτητος
580 2430 586 2441 ,
603 2409 648 2436 τὸν
665 2409 757 2436 κλοιὸν
772 2409 829 2435 τῶν
846 2410 914 2436 ὑπο-

119 2453 212 2488 φόρων
237 2454 279 2484 εἰς
301 2454 342 2480 ὅτι
367 2454 483 2488 μάλιστα
514 2455 703 2491 κατεϐάρυνε,
731 2457 843 2490 συχναῖς
866 2457 914 2483 καὶ

120 2498 242 2532 ἐτησίοις
261 2499 435 2535 προσθήκαις
464 2501 518 2527 τῶν
541 2501 719 2536 τελεσμάτων
733 2520 743 2533 ,
767 2501 831 2533 τοὺς
862 2502 912 2536 τῆς

120 2546 259 2582 γεωργίας
274 2545 399 2578 ἅπαντας
423 2548 524 2580 πιέζων
542 2549 589 2575 καὶ
609 2548 768 2576 ἀποθλίϐων
788 2556 913 2583 παρανο-

157 2633 182 2651 ³⁰
201 2635 275 2663 Psal.
288 2644 326 2668 tv,
340 2637 367 2663 3.

160 2723 216 2759 (88)
229 2724 343 2762 Videtur
361 2725 432 2762 loqui
452 2725 622 2761 Nicephorus
644 2727 677 2754 de
697 2727 789 2762 aliqua
807 2726 912 2761 Copro—

123 2765 206 2794 nytno
222 2766 312 2786 erecta
329 2760 426 2794 insigni
444 2767 543 2788 statua.

162 2793 216 2829 (89)
231 2794 329 2832 bimam
347 2795 457 2828 scilicet,
473 2797 544 2831 quod
560 2805 657 2832 norncn
678 2797 795 2832 imponit
807 2797 913 2831 Copro-

126 2836 208 2865 tiyuto
229 2829 397 2864 Nicephorus
423 2829 504 2858 etiam
520 2832 545 2859 iu
567 2829 763 2866 Breviario,'nd
785 2841 832 2860 un.
848 2829 912 2864 767,

1155 1881 1211 1913 ἕως
1242 1882 1315 1908 πότε
1344 1880 1562 1915 βαρυκάρδιοι;
1577 1881 1626 1907 ἵνα
1639 1879 1667 1906 τί
1678 1879 1751 1913 ἀτα-

999 2002 1044 2029 75.
1059 2001 1166 2030 Grandc
1181 2000 1282 2035 aliquid
1307 2000 1351 2029 isti
1374 1999 1532 2027 existimant
1550 2005 1610 2025 esse
1627 2003 1670 2024 res
1682 2003 1753 2031 prm-

964 2052 1065 2081 sentes,
1080 2052 1106 2075 et
1122 2047 1342 2082 corruptibilibus
1355 2051 1437 2081 atque
1451 2044 1561 2072 caducis
1585 2047 1670 2071 totum
1688 2042 1751 2069 vita-

964 2093 1101 2128 negotium
1113 2092 1341 2119 circumcludunt.
1359 2091 1447 2123 Unde,
1460 2091 1583 2124 inquam,
1600 2088 1647 2115 tibi
1667 2095 1752 2122 parva

967 2138 1022 2172 illa,
1043 2145 1124 2173 quam
1151 2143 1292 2172 tantopere
1311 2136 1408 2171 iactas,
1428 2135 1562 2163 felicitas?
1581 2135 1662 2166 unde,
1678 2141 1750 2168 qna:-

929 2200 951 2227 D
967 2190 1006 2215 so,
1020 2183 1152 2217 stipendia
1171 2190 1231 2209 eum
1251 2190 1423 2217 comparasse
1437 2181 1536 2217 putas?
1550 2180 1608 2208 Nisi
1627 2181 1674 2208 tibl
1691 2187 1750 2208 mo-

966 2229 1050 2256 lestus
1063 2233 1104 2256 est
1118 2236 1218 2261 sermo,
1232 2229 1293 2255 audi
1307 2233 1333 2255 et
1348 2236 1492 2265 cognosce.
1506 2228 1607 2256 Christi
1620 2229 1751 2257 inimicis-

967 2274 1063 2306 simus,
1080 2274 1138 2301 auri
1154 2274 1358 2301 amantissimus
1375 2279 1517 2309 tyrannus,
1539 2275 1660 2309 pecunia:
1675 2282 1752 2301 man-

967 2321 1079 2355 cipium,
1096 2320 1141 2354 qui
1160 2320 1262 2356 Lydum
1281 2320 1355 2347 illum
1374 2320 1430 2356 (89)
1453 2320 1511 2348 auri
1538 2321 1631 2348 insana
1650 2321 1754 2356 cupidi-

969 2372 1023 2394 tate
1039 2366 1174 2400 vincebat,
1197 2366 1274 2402 15.1
1299 2375 1451 2402 aurumque
1483 2375 1514 2394 ac
1552 2372 1675 2395 ventrem
1692 2371 1755 2395 loco

966 2411 1013 2439 Dei
1031 2412 1158 2445 trahebat,
1181 2419 1293 2440 exactor
1308 2413 1487 2447 gravissimus
1513 2418 1541 2440 et.
1562 2413 1752 2445 inexorabilis,

967 2458 1172 2485 tributariorum
1198 2458 1303 2485 clavum
1326 2459 1413 2494 magis
1433 2450 1755 2495 magisque‘aggravabat

967 2503 1155 2537 frequentibus
1189 2505 1342 2538 annuisque
1368 2505 1534 2532 tributorum
1562 2506 1752 2539 incrementis,

966 2549 1100 2582 agricolas
1111 2556 1205 2577 otnues
1217 2557 1342 2585 premens
1355 2555 1383 2578 et
1395 2551 1551 2585 opprimens
1564 2551 1754 2587 iniustissime,

965 2735 1019 2767 quo
1035 2728 1098 2767 loco
1118 2735 1212 2756 narrat
1227 2734 1312 2757 totum
1333 2738 1403 2763 pene
1423 2732 1529 2767 imperii
1544 2740 1639 2760 aurum
1663 2733 1697 2760 ab
1711 2733 1757 2760 illo

937 2769 939 2773 '
967 2764 992 2789 in
1006 2765 1146 2803 "atrﬂ'ium
1160 2773 1249 2803 _snum
1271 2772 1427 2803 congestum
1446 2764 1546 2796 inisse.
1563 2769 1685 2802 spoliatis
1709 2777 1758 2803 pu~

967 2798 1046 2839 p‘ulis.
1063 2797 1244 2839 Theophanes
1264 2797 1345 2828 etiam
1363 2801 1461 2829 Chron.
1476 2803 1517 2830 ed.
1535 2797 1621 2830 Paris.
1642 2813 1669 2839 p.
1687 2797 1755 2836 575,

967 2832 1165 2870 Cupranymuitt
1192 2834 1269 2863 Mida:
1298 2843 1392 2871 compa
1398 2843 1449 2864 rat.
