  <div class='ocr_page' id='page_1' title='image "/cluster/home/n/w/nwhite01/storage/ocr_20150623/100/njp.32101077772869/277.png"; bbox 0 0 1945 3078; ppageno 0'>
   <div class='ocr_carea' id='block_1_1' title="bbox 221 135 273 169">
    <p class='ocr_par' dir='ltr' id='par_1_1' title="bbox 221 135 273 169">
     <span class='ocr_line' id='line_1_1' title="bbox 221 135 273 169; baseline -0.019 0"><span class='ocrx_word' id='word_1_1' title='bbox 221 135 273 169; x_wconf 75' lang='lat'><strong>515</strong></span> 
     </span>
    </p>
   </div>
   <div class='ocr_carea' id='block_1_2' title="bbox 735 127 1340 162">
    <p class='ocr_par' dir='ltr' id='par_1_2' title="bbox 735 127 1340 162">
     <span class='ocr_line' id='line_1_2' title="bbox 735 127 1340 162; baseline -0.008 0"><span class='ocrx_word' id='word_1_2' title='bbox 735 131 766 162; x_wconf 89' lang='lat' dir='ltr'><strong>S.</strong></span> <span class='ocrx_word' id='word_1_3' title='bbox 788 130 996 162; x_wconf 84' lang='lat' dir='ltr'><strong>NICEPHORI</strong></span> <span class='ocrx_word' id='word_1_4' title='bbox 1013 128 1266 161; x_wconf 70' lang='lat' dir='ltr'><strong>PATRIARCHI‘E</strong></span> <span class='ocrx_word' id='word_1_5' title='bbox 1284 127 1340 158; x_wconf 73' lang='grc' dir='ltr'><strong>(ΣΡ.</strong></span> 
     </span>
    </p>
   </div>
   <div class='ocr_carea' id='block_1_3' title="bbox 1802 124 1852 157">
    <p class='ocr_par' dir='ltr' id='par_1_3' title="bbox 1802 124 1852 157">
     <span class='ocr_line' id='line_1_3' title="bbox 1802 124 1852 157; baseline 0 0"><span class='ocrx_word' id='word_1_6' title='bbox 1802 124 1852 157; x_wconf 78' lang='grc'><strong>516</strong></span> 
     </span>
    </p>
   </div>
   <div class='ocr_carea' id='block_1_4' title="bbox 220 178 1009 219">
    <p class='ocr_par' dir='ltr' id='par_1_4' title="bbox 220 183 1009 218">
     <span class='ocr_line' id='line_1_4' title="bbox 220 183 1009 218; baseline -0.009 -2"><span class='ocrx_word' id='word_1_7' title='bbox 220 190 289 216; x_wconf 85' lang='lat' dir='ltr'><strong>adeo</strong></span> <span class='ocrx_word' id='word_1_8' title='bbox 303 192 332 215; x_wconf 90' lang='lat' dir='ltr'><strong>ut</strong></span> <span class='ocrx_word' id='word_1_9' title='bbox 352 195 406 214; x_wconf 91' lang='lat' dir='ltr'><strong>uno</strong></span> <span class='ocrx_word' id='word_1_10' title='bbox 429 193 540 214; x_wconf 88' lang='lat' dir='ltr'><strong>nunnno</strong></span> <span class='ocrx_word' id='word_1_11' title='bbox 564 191 648 212; x_wconf 87' lang='lat' dir='ltr'><strong>aureo</strong></span> <span class='ocrx_word' id='word_1_12' title='bbox 672 184 799 211; x_wconf 88' lang='lat' dir='ltr'><strong>universa</strong></span> <span class='ocrx_word' id='word_1_13' title='bbox 817 184 868 210; x_wconf 93' lang='lat' dir='ltr'><strong>viri</strong></span> <span class='ocrx_word' id='word_1_14' title='bbox 884 183 1009 218; x_wconf 72' lang='lat' dir='ltr'><strong>agricola:</strong></span> 
     </span>
    </p>
   </div>
   <div class='ocr_carea' id='block_1_5' title="bbox 1063 178 1850 219">
    <p class='ocr_par' dir='ltr' id='par_1_5' title="bbox 1070 178 1850 219">
     <span class='ocr_line' id='line_1_5' title="bbox 1070 178 1850 219; baseline -0.004 -11"><span class='ocrx_word' id='word_1_15' title='bbox 1070 182 1193 219; x_wconf 82' lang='grc' dir='ltr'>μώτατα,</span> <span class='ocrx_word' id='word_1_16' title='bbox 1210 180 1248 212; x_wconf 86' lang='grc' dir='ltr'><strong>ὡς</strong></span> <span class='ocrx_word' id='word_1_17' title='bbox 1270 180 1330 211; x_wconf 63' lang='grc' dir='ltr'>ἑνὸς</span> <span class='ocrx_word' id='word_1_18' title='bbox 1350 178 1481 214; x_wconf 85' lang='grc' dir='ltr'>χρυσίνου</span> <span class='ocrx_word' id='word_1_19' title='bbox 1503 179 1553 215; x_wconf 76' lang='grc' dir='ltr'>τὴν</span> <span class='ocrx_word' id='word_1_20' title='bbox 1572 178 1736 215; x_wconf 79' lang='grc' dir='ltr'><strong>περιουσίαν</strong></span> <span class='ocrx_word' id='word_1_21' title='bbox 1756 179 1850 214; x_wconf 72' lang='grc' dir='ltr'>ἀνδρὸς</span> 
     </span>
    </p>
   </div>
   <div class='ocr_carea' id='block_1_6' title="bbox 221 230 1009 266">
    <p class='ocr_par' dir='ltr' id='par_1_6' title="bbox 221 230 1009 266">
     <span class='ocr_line' id='line_1_6' title="bbox 221 230 1009 266; baseline -0.008 -4"><span class='ocrx_word' id='word_1_22' title='bbox 221 234 375 262; x_wconf 82' lang='lat' dir='ltr'><strong>substantia</strong></span> <span class='ocrx_word' id='word_1_23' title='bbox 390 234 442 260; x_wconf 90' lang='lat' dir='ltr'><strong>emi</strong></span> <span class='ocrx_word' id='word_1_24' title='bbox 467 233 546 260; x_wconf 79' lang='lat' dir='ltr'><strong>facile</strong></span> <span class='ocrx_word' id='word_1_25' title='bbox 562 236 664 266; x_wconf 89' lang='lat' dir='ltr'><strong>posset.</strong></span> <span class='ocrx_word' id='word_1_26' title='bbox 686 230 752 257; x_wconf 75' lang='lat' dir='ltr'><strong>Novi</strong></span> <span class='ocrx_word' id='word_1_27' title='bbox 780 238 829 265; x_wconf 75' lang='lat' dir='ltr'><strong>ego</strong></span> <span class='ocrx_word' id='word_1_28' title='bbox 845 231 1009 258; x_wconf 89' lang='lat' dir='ltr'><strong>tributorunt</strong></span> 
     </span>
    </p>
   </div>
   <div class='ocr_carea' id='block_1_7' title="bbox 220 276 1011 310">
    <p class='ocr_par' dir='ltr' id='par_1_7' title="bbox 220 276 1011 310">
     <span class='ocr_line' id='line_1_7' title="bbox 220 276 1011 310; baseline -0.005 -3"><span class='ocrx_word' id='word_1_29' title='bbox 220 288 302 307; x_wconf 83' lang='lat' dir='ltr'><strong>causa</strong></span> <span class='ocrx_word' id='word_1_30' title='bbox 322 278 443 306; x_wconf 77' lang='lat' dir='ltr'><strong>infelices</strong></span> <span class='ocrx_word' id='word_1_31' title='bbox 458 278 583 305; x_wconf 82' lang='lat' dir='ltr'><strong>homines</strong></span> <span class='ocrx_word' id='word_1_32' title='bbox 609 277 693 304; x_wconf 78' lang='lat' dir='ltr'><strong>celsis</strong></span> <span class='ocrx_word' id='word_1_33' title='bbox 719 277 894 310; x_wconf 83' lang='lat' dir='ltr'><strong>procerisque</strong></span> <span class='ocrx_word' id='word_1_34' title='bbox 909 276 1011 303; x_wconf 84' lang='lat' dir='ltr'><strong>arbori-</strong></span> 
     </span>
    </p>
   </div>
   <div class='ocr_carea' id='block_1_8' title="bbox 220 321 1009 358">
    <p class='ocr_par' dir='ltr' id='par_1_8' title="bbox 220 321 1009 358">
     <span class='ocr_line' id='line_1_8' title="bbox 220 321 1009 358; baseline -0.005 -7"><span class='ocrx_word' id='word_1_35' title='bbox 220 324 270 351; x_wconf 87' lang='lat' dir='ltr'><strong>bus</strong></span> <span class='ocrx_word' id='word_1_36' title='bbox 288 324 414 350; x_wconf 84' lang='lat' dir='ltr'><strong>manibus</strong></span> <span class='ocrx_word' id='word_1_37' title='bbox 427 322 538 358; x_wconf 80' lang='lat' dir='ltr'><strong>illigatis</strong></span> <span class='ocrx_word' id='word_1_38' title='bbox 556 329 716 356; x_wconf 87' lang='lat' dir='ltr'><strong>suspensos,</strong></span> <span class='ocrx_word' id='word_1_39' title='bbox 734 322 769 348; x_wconf 92' lang='lat' dir='ltr'><strong>ila</strong></span> <span class='ocrx_word' id='word_1_40' title='bbox 793 326 822 348; x_wconf 93' lang='lat' dir='ltr'><strong>ut</strong></span> <span class='ocrx_word' id='word_1_41' title='bbox 839 322 866 348; x_wconf 88' lang='lat' dir='ltr'><strong>in</strong></span> <span class='ocrx_word' id='word_1_42' title='bbox 883 329 946 348; x_wconf 86' lang='lat' dir='ltr'><strong>aere</strong></span> <span class='ocrx_word' id='word_1_43' title='bbox 964 321 1009 348; x_wconf 88' lang='lat' dir='ltr'><strong>diu</strong></span> 
     </span>
    </p>
   </div>
   <div class='ocr_carea' id='block_1_9' title="bbox 221 367 1011 403">
    <p class='ocr_par' dir='ltr' id='par_1_9' title="bbox 221 367 1011 403">
     <span class='ocr_line' id='line_1_9' title="bbox 221 367 1011 403; baseline 0 -8"><span class='ocrx_word' id='word_1_44' title='bbox 221 369 274 396; x_wconf 89' lang='lat' dir='ltr'><strong>alte</strong></span> <span class='ocrx_word' id='word_1_45' title='bbox 289 369 455 403; x_wconf 89' lang='lat' dir='ltr'><strong>penderent;</strong></span> <span class='ocrx_word' id='word_1_46' title='bbox 477 372 558 402; x_wconf 85' lang='lat' dir='ltr'><strong>atque</strong></span> <span class='ocrx_word' id='word_1_47' title='bbox 577 367 648 394; x_wconf 85' lang='lat' dir='ltr'><strong>hanc</strong></span> <span class='ocrx_word' id='word_1_48' title='bbox 661 367 788 394; x_wconf 84' lang='lat' dir='ltr'><strong>acerbam</strong></span> <span class='ocrx_word' id='word_1_49' title='bbox 810 367 1011 402; x_wconf 83' lang='lat' dir='ltr'><strong>violentamque</strong></span> 
     </span>
    </p>
   </div>
   <div class='ocr_carea' id='block_1_10' title="bbox 220 415 1010 451">
    <p class='ocr_par' dir='ltr' id='par_1_10' title="bbox 220 415 1010 451">
     <span class='ocr_line' id='line_1_10' title="bbox 220 415 1010 451; baseline -0.001 -8"><span class='ocrx_word' id='word_1_50' title='bbox 220 417 364 451; x_wconf 78' lang='lat' dir='ltr'><strong>pertulisse</strong></span> <span class='ocrx_word' id='word_1_51' title='bbox 392 423 513 450; x_wconf 66' lang='lat' dir='ltr'><strong>paruam,</strong></span> <span class='ocrx_word' id='word_1_52' title='bbox 536 415 599 450; x_wconf 88' lang='lat' dir='ltr'><strong>qttia</strong></span> <span class='ocrx_word' id='word_1_53' title='bbox 621 415 733 449; x_wconf 86' lang='lat' dir='ltr'><strong>publica</strong></span> <span class='ocrx_word' id='word_1_54' title='bbox 760 415 861 442; x_wconf 87' lang='lat' dir='ltr'><strong>tributa</strong></span> <span class='ocrx_word' id='word_1_55' title='bbox 880 415 1010 442; x_wconf 84' lang='lat' dir='ltr'><strong>solvendo</strong></span> 
     </span>
    </p>
   </div>
   <div class='ocr_carea' id='block_1_11' title="bbox 220 459 1010 494">
    <p class='ocr_par' dir='ltr' id='par_1_11' title="bbox 220 459 1010 494">
     <span class='ocr_line' id='line_1_11' title="bbox 220 459 1010 494; baseline -0.003 -6"><span class='ocrx_word' id='word_1_56' title='bbox 220 470 272 488; x_wconf 90' lang='lat' dir='ltr'><strong>non</strong></span> <span class='ocrx_word' id='word_1_57' title='bbox 290 468 380 489; x_wconf 83' lang='lat' dir='ltr'><strong>erant.</strong></span> <span class='ocrx_word' id='word_1_58' title='bbox 395 461 434 488; x_wconf 90' lang='lat' dir='ltr'><strong>Tu</strong></span> <span class='ocrx_word' id='word_1_59' title='bbox 456 469 520 487; x_wconf 83' lang='lat' dir='ltr'><strong>vero</strong></span> <span class='ocrx_word' id='word_1_60' title='bbox 535 468 587 487; x_wconf 87' lang='lat' dir='ltr'><strong>non</strong></span> <span class='ocrx_word' id='word_1_61' title='bbox 611 460 751 487; x_wconf 80' lang='lat' dir='ltr'><strong>erubescis</strong></span> <span class='ocrx_word' id='word_1_62' title='bbox 770 467 858 494; x_wconf 90' lang='lat' dir='ltr'><strong>neque</strong></span> <span class='ocrx_word' id='word_1_63' title='bbox 875 459 943 487; x_wconf 81' lang='lat' dir='ltr'><strong>infra</strong></span> <span class='ocrx_word' id='word_1_64' title='bbox 961 461 1010 487; x_wconf 85' lang='lat' dir='ltr'><strong>htt-</strong></span> 
     </span>
    </p>
   </div>
   <div class='ocr_carea' id='block_1_12' title="bbox 221 506 1010 541">
    <p class='ocr_par' dir='ltr' id='par_1_12' title="bbox 221 506 1010 541">
     <span class='ocr_line' id='line_1_12' title="bbox 221 506 1010 541; baseline -0.001 -7"><span class='ocrx_word' id='word_1_65' title='bbox 221 516 294 534; x_wconf 93' lang='lat' dir='ltr'><strong>mum</strong></span> <span class='ocrx_word' id='word_1_66' title='bbox 309 512 334 534; x_wconf 90' lang='lat' dir='ltr'><strong>te</strong></span> <span class='ocrx_word' id='word_1_67' title='bbox 348 507 436 538; x_wconf 83' lang='lat' dir='ltr'><strong>abdis,</strong></span> <span class='ocrx_word' id='word_1_68' title='bbox 452 507 497 540; x_wconf 87' lang='lat' dir='ltr'><strong>qui</strong></span> <span class='ocrx_word' id='word_1_69' title='bbox 512 507 698 541; x_wconf 84' lang='lat' dir='ltr'><strong>proximorum</strong></span> <span class='ocrx_word' id='word_1_70' title='bbox 711 511 818 533; x_wconf 92' lang='lat' dir='ltr'><strong>tuorum</strong></span> <span class='ocrx_word' id='word_1_71' title='bbox 831 506 913 533; x_wconf 85' lang='lat' dir='ltr'><strong>vitam</strong></span> <span class='ocrx_word' id='word_1_72' title='bbox 929 506 1010 533; x_wconf 85' lang='lat' dir='ltr'><strong>dero-</strong></span> 
     </span>
    </p>
   </div>
   <div class='ocr_carea' id='block_1_13' title="bbox 222 551 1009 587">
    <p class='ocr_par' dir='ltr' id='par_1_13' title="bbox 222 551 1009 587">
     <span class='ocr_line' id='line_1_13' title="bbox 222 551 1009 587; baseline -0.003 -7"><span class='ocrx_word' id='word_1_73' title='bbox 222 561 277 585; x_wconf 86' lang='lat' dir='ltr'><strong>ras,</strong></span> <span class='ocrx_word' id='word_1_74' title='bbox 293 558 321 580; x_wconf 86' lang='lat' dir='ltr'><strong>et</strong></span> <span class='ocrx_word' id='word_1_75' title='bbox 338 553 509 587; x_wconf 84' lang='lat' dir='ltr'><strong>popularium</strong></span> <span class='ocrx_word' id='word_1_76' title='bbox 525 559 622 578; x_wconf 87' lang='lat' dir='ltr'><strong>carnes</strong></span> <span class='ocrx_word' id='word_1_77' title='bbox 636 552 690 578; x_wconf 89' lang='lat' dir='ltr'><strong>imo</strong></span> <span class='ocrx_word' id='word_1_78' title='bbox 704 552 794 586; x_wconf 85' lang='lat' dir='ltr'><strong>potius</strong></span> <span class='ocrx_word' id='word_1_79' title='bbox 810 551 882 586; x_wconf 83' lang='lat' dir='ltr'><strong>ipsas</strong></span> <span class='ocrx_word' id='word_1_80' title='bbox 893 551 1009 584; x_wconf 82' lang='lat' dir='ltr'><strong>animas,</strong></span> 
     </span>
    </p>
   </div>
   <div class='ocr_carea' id='block_1_14' title="bbox 222 597 1010 632">
    <p class='ocr_par' dir='ltr' id='par_1_14' title="bbox 222 597 1010 632">
     <span class='ocr_line' id='line_1_14' title="bbox 222 597 1010 632; baseline -0.001 -7"><span class='ocrx_word' id='word_1_81' title='bbox 222 600 273 626; x_wconf 88' lang='lat' dir='ltr'><strong>levi</strong></span> <span class='ocrx_word' id='word_1_82' title='bbox 286 599 346 625; x_wconf 92' lang='lat' dir='ltr'><strong>auri</strong></span> <span class='ocrx_word' id='word_1_83' title='bbox 359 598 479 632; x_wconf 89' lang='lat' dir='ltr'><strong>pondere</strong></span> <span class='ocrx_word' id='word_1_84' title='bbox 489 598 581 624; x_wconf 87' lang='lat' dir='ltr'><strong>vendis</strong></span> <span class='ocrx_word' id='word_1_85' title='bbox 594 606 601 630; x_wconf 90' lang='lat'>;</span> <span class='ocrx_word' id='word_1_86' title='bbox 618 605 649 624; x_wconf 88' lang='lat' dir='ltr'><strong>ac</strong></span> <span class='ocrx_word' id='word_1_87' title='bbox 659 603 717 625; x_wconf 89' lang='lat' dir='ltr'><strong>tuas</strong></span> <span class='ocrx_word' id='word_1_88' title='bbox 727 597 839 625; x_wconf 83' lang='lat' dir='ltr'><strong>delicias</strong></span> <span class='ocrx_word' id='word_1_89' title='bbox 851 597 1010 631; x_wconf 88' lang='lat' dir='ltr'><strong>lucrumque</strong></span> 
     </span>
    </p>
   </div>
   <div class='ocr_carea' id='block_1_15' title="bbox 220 643 780 672">
    <p class='ocr_par' dir='ltr' id='par_1_15' title="bbox 220 643 780 672">
     <span class='ocr_line' id='line_1_15' title="bbox 220 643 780 672; baseline -0.004 0"><span class='ocrx_word' id='word_1_90' title='bbox 220 645 367 672; x_wconf 81' lang='lat' dir='ltr'><strong>exitiosum</strong></span> <span class='ocrx_word' id='word_1_91' title='bbox 385 645 489 671; x_wconf 84' lang='lat' dir='ltr'><strong>alienas</strong></span> <span class='ocrx_word' id='word_1_92' title='bbox 505 644 677 671; x_wconf 79' lang='lat' dir='ltr'><strong>calamitates</strong></span> <span class='ocrx_word' id='word_1_93' title='bbox 691 643 780 671; x_wconf 76' lang='lat' dir='ltr'><strong>facis?</strong></span> 
     </span>
    </p>
   </div>
   <div class='ocr_carea' id='block_1_16' title="bbox 256 741 1010 778">
    <p class='ocr_par' dir='ltr' id='par_1_16' title="bbox 256 741 1010 778">
     <span class='ocr_line' id='line_1_16' title="bbox 256 741 1010 778; baseline -0.003 -7"><span class='ocrx_word' id='word_1_94' title='bbox 256 744 302 771; x_wconf 84' lang='lat'><strong>76.</strong></span> <span class='ocrx_word' id='word_1_95' title='bbox 321 743 383 771; x_wconf 77' lang='lat' dir='ltr'><strong>Ideo</strong></span> <span class='ocrx_word' id='word_1_96' title='bbox 400 749 426 770; x_wconf 92' lang='lat' dir='ltr'><strong>tu</strong></span> <span class='ocrx_word' id='word_1_97' title='bbox 450 743 557 778; x_wconf 87' lang='lat' dir='ltr'><strong>imperii</strong></span> <span class='ocrx_word' id='word_1_98' title='bbox 575 742 756 770; x_wconf 80' lang='lat' dir='ltr'><strong>diuturnitate</strong></span> <span class='ocrx_word' id='word_1_99' title='bbox 768 747 794 769; x_wconf 86' lang='lat' dir='ltr'><strong>et</strong></span> <span class='ocrx_word' id='word_1_100' title='bbox 809 742 940 770; x_wconf 81' lang='lat' dir='ltr'><strong>felicitate</strong></span> <span class='ocrx_word' id='word_1_101' title='bbox 954 741 1010 776; x_wconf 83' lang='lat' dir='ltr'><strong>glo-</strong></span> 
     </span>
    </p>
   </div>
   <div class='ocr_carea' id='block_1_17' title="bbox 221 789 1009 824">
    <p class='ocr_par' dir='ltr' id='par_1_17' title="bbox 221 789 1009 824">
     <span class='ocr_line' id='line_1_17' title="bbox 221 789 1009 824; baseline 0 -8"><span class='ocrx_word' id='word_1_102' title='bbox 221 790 323 817; x_wconf 82' lang='lat' dir='ltr'><strong>riaris?</strong></span> <span class='ocrx_word' id='word_1_103' title='bbox 338 789 440 824; x_wconf 77' lang='lat' dir='ltr'><strong>Magna:</strong></span> <span class='ocrx_word' id='word_1_104' title='bbox 458 789 505 816; x_wconf 91' lang='lat' dir='ltr'><strong>tibi</strong></span> <span class='ocrx_word' id='word_1_105' title='bbox 518 789 644 815; x_wconf 88' lang='lat' dir='ltr'><strong>videntur</strong></span> <span class='ocrx_word' id='word_1_106' title='bbox 656 795 699 815; x_wconf 90' lang='lat' dir='ltr'><strong>res</strong></span> <span class='ocrx_word' id='word_1_107' title='bbox 718 793 875 823; x_wconf 81' lang='lat' dir='ltr'><strong>praesentes,</strong></span> <span class='ocrx_word' id='word_1_108' title='bbox 895 793 922 816; x_wconf 92' lang='lat' dir='ltr'><strong>et</strong></span> <span class='ocrx_word' id='word_1_109' title='bbox 936 789 1009 816; x_wconf 88' lang='lat' dir='ltr'><strong>ontni</strong></span> 
     </span>
    </p>
   </div>
   <div class='ocr_carea' id='block_1_18' title="bbox 220 833 1008 869">
    <p class='ocr_par' dir='ltr' id='par_1_18' title="bbox 220 833 1008 869">
     <span class='ocr_line' id='line_1_18' title="bbox 220 833 1008 869; baseline 0.001 -8"><span class='ocrx_word' id='word_1_110' title='bbox 220 835 402 866; x_wconf 78' lang='lat' dir='ltr'><strong>adtiiiratioue</strong></span> <span class='ocrx_word' id='word_1_111' title='bbox 436 833 541 869; x_wconf 65' lang='lat' dir='ltr'><strong>dignm?</strong></span> <span class='ocrx_word' id='word_1_112' title='bbox 573 834 722 861; x_wconf 86' lang='lat' dir='ltr'><strong>Comm0ve</strong></span> <span class='ocrx_word' id='word_1_113' title='bbox 755 833 884 868; x_wconf 82' lang='lat' dir='ltr'><strong>deinceps</strong></span> <span class='ocrx_word' id='word_1_114' title='bbox 916 840 1008 862; x_wconf 85' lang='lat' dir='ltr'><strong>contra</strong></span> 
     </span>
    </p>
   </div>
   <div class='ocr_carea' id='block_1_19' title="bbox 1060 224 1849 262">
    <p class='ocr_par' dir='ltr' id='par_1_19' title="bbox 1060 224 1849 262">
     <span class='ocr_line' id='line_1_19' title="bbox 1060 224 1849 262; baseline -0.001 -9"><span class='ocrx_word' id='word_1_115' title='bbox 1060 226 1184 262; x_wconf 77' lang='grc' dir='ltr'><strong>γεωργοῦ</strong></span> <span class='ocrx_word' id='word_1_116' title='bbox 1204 227 1329 257; x_wconf 74' lang='grc' dir='ltr'>ἅπασαν,</span> <span class='ocrx_word' id='word_1_117' title='bbox 1344 225 1464 260; x_wconf 81' lang='grc' dir='ltr'><strong>εὐχερῶς</strong></span> <span class='ocrx_word' id='word_1_118' title='bbox 1480 225 1513 252; x_wconf 81' lang='grc' dir='ltr'><strong>ἀν</strong></span> <span class='ocrx_word' id='word_1_119' title='bbox 1528 234 1570 256; x_wconf 83' lang='grc' dir='ltr'><strong>τις</strong></span> <span class='ocrx_word' id='word_1_120' title='bbox 1589 225 1743 261; x_wconf 77' lang='grc' dir='ltr'>ἐξωνήσατο</span> <span class='ocrx_word' id='word_1_121' title='bbox 1753 233 1763 241; x_wconf 83' lang='lat'><strong>&#39;</strong></span> <span class='ocrx_word' id='word_1_122' title='bbox 1780 224 1849 252; x_wconf 75' lang='grc' dir='ltr'>εἶδον</span> 
     </span>
    </p>
   </div>
   <div class='ocr_carea' id='block_1_20' title="bbox 1061 270 1850 307">
    <p class='ocr_par' dir='ltr' id='par_1_20' title="bbox 1061 270 1850 307">
     <span class='ocr_line' id='line_1_20' title="bbox 1061 270 1850 307; baseline -0.001 -8"><span class='ocrx_word' id='word_1_123' title='bbox 1061 273 1149 307; x_wconf 75' lang='grc' dir='ltr'>ἔγωγε</span> <span class='ocrx_word' id='word_1_124' title='bbox 1169 272 1225 299; x_wconf 87' lang='grc' dir='ltr'>τῶν</span> <span class='ocrx_word' id='word_1_125' title='bbox 1239 271 1415 306; x_wconf 84' lang='grc' dir='ltr'>τελεσμάτων</span> <span class='ocrx_word' id='word_1_126' title='bbox 1439 271 1520 306; x_wconf 81' lang='grc' dir='ltr'>χάριν</span> <span class='ocrx_word' id='word_1_127' title='bbox 1540 270 1704 306; x_wconf 80' lang='grc' dir='ltr'><strong>ἀνθρώπους</strong></span> <span class='ocrx_word' id='word_1_128' title='bbox 1720 271 1829 303; x_wconf 81' lang='grc' dir='ltr'>ἀθλίους</span> <span class='ocrx_word' id='word_1_129' title='bbox 1843 293 1850 303; x_wconf 85' lang='lat'><strong>._</strong></span> 
     </span>
    </p>
   </div>
   <div class='ocr_carea' id='block_1_21' title="bbox 1060 317 1851 354">
    <p class='ocr_par' dir='ltr' id='par_1_21' title="bbox 1060 317 1851 354">
     <span class='ocr_line' id='line_1_21' title="bbox 1060 317 1851 354; baseline 0.001 -9"><span class='ocrx_word' id='word_1_130' title='bbox 1060 318 1200 354; x_wconf 76' lang='grc' dir='ltr'>δένδρεσιν</span> <span class='ocrx_word' id='word_1_131' title='bbox 1220 317 1334 352; x_wconf 76' lang='grc' dir='ltr'><strong>ὑψηλοῖς</strong></span> <span class='ocrx_word' id='word_1_132' title='bbox 1355 325 1385 344; x_wconf 88' lang='grc' dir='ltr'><strong>τε</strong></span> <span class='ocrx_word' id='word_1_133' title='bbox 1405 317 1453 344; x_wconf 81' lang='grc' dir='ltr'><strong>καὶ</strong></span> <span class='ocrx_word' id='word_1_134' title='bbox 1469 317 1605 354; x_wconf 78' lang='grc' dir='ltr'>εὐμήκεσι</span> <span class='ocrx_word' id='word_1_135' title='bbox 1618 337 1625 350; x_wconf 91' lang='grc'><strong>,</strong></span> <span class='ocrx_word' id='word_1_136' title='bbox 1642 318 1742 354; x_wconf 84' lang='grc' dir='ltr'>χειρῶν</span> <span class='ocrx_word' id='word_1_137' title='bbox 1766 318 1851 354; x_wconf 74' lang='grc' dir='ltr'>ἐξημ-</span> 
     </span>
    </p>
   </div>
   <div class='ocr_carea' id='block_1_22' title="bbox 1063 363 1851 400">
    <p class='ocr_par' dir='ltr' id='par_1_22' title="bbox 1063 363 1851 400">
     <span class='ocr_line' id='line_1_22' title="bbox 1063 363 1851 400; baseline 0.001 -10"><span class='ocrx_word' id='word_1_138' title='bbox 1063 364 1162 400; x_wconf 85' lang='grc' dir='ltr'>μένους</span> <span class='ocrx_word' id='word_1_139' title='bbox 1183 364 1330 398; x_wconf 76' lang='grc' dir='ltr'>ἐκκρεμεῖς</span> <span class='ocrx_word' id='word_1_140' title='bbox 1344 383 1352 394; x_wconf 82' lang='grc'><strong>,</strong></span> <span class='ocrx_word' id='word_1_141' title='bbox 1369 363 1408 395; x_wconf 84' lang='grc' dir='ltr'>ὡς</span> <span class='ocrx_word' id='word_1_142' title='bbox 1429 363 1476 389; x_wconf 75' lang='grc' dir='ltr'><strong>ἐπὶ</strong></span> <span class='ocrx_word' id='word_1_143' title='bbox 1498 363 1545 390; x_wconf 75' lang='grc' dir='ltr'>τὸν</span> <span class='ocrx_word' id='word_1_144' title='bbox 1561 364 1632 399; x_wconf 84' lang='grc' dir='ltr'>ἀέρα</span> <span class='ocrx_word' id='word_1_145' title='bbox 1654 364 1700 391; x_wconf 72' lang='grc' dir='ltr'><strong>ὲπὶ</strong></span> <span class='ocrx_word' id='word_1_146' title='bbox 1717 364 1785 391; x_wconf 80' lang='grc' dir='ltr'>πολὺ</span> <span class='ocrx_word' id='word_1_147' title='bbox 1804 372 1851 398; x_wconf 84' lang='grc' dir='ltr'>με-</span> 
     </span>
    </p>
   </div>
   <div class='ocr_carea' id='block_1_23' title="bbox 1060 409 1852 446">
    <p class='ocr_par' dir='ltr' id='par_1_23' title="bbox 1060 409 1852 446">
     <span class='ocr_line' id='line_1_23' title="bbox 1060 409 1852 446; baseline 0.003 -10"><span class='ocrx_word' id='word_1_148' title='bbox 1060 410 1240 445; x_wconf 79' lang='grc' dir='ltr'>τεωρίζεσθαι</span> <span class='ocrx_word' id='word_1_149' title='bbox 1251 428 1259 441; x_wconf 86' lang='grc'><strong>,</strong></span> <span class='ocrx_word' id='word_1_150' title='bbox 1274 409 1323 436; x_wconf 73' lang='grc' dir='ltr'>καὶ</span> <span class='ocrx_word' id='word_1_151' title='bbox 1342 409 1447 444; x_wconf 87' lang='grc' dir='ltr'>ταύτην</span> <span class='ocrx_word' id='word_1_152' title='bbox 1463 409 1566 444; x_wconf 81' lang='grc' dir='ltr'>πικρὰν</span> <span class='ocrx_word' id='word_1_153' title='bbox 1581 411 1629 437; x_wconf 81' lang='grc' dir='ltr'>καὶ</span> <span class='ocrx_word' id='word_1_154' title='bbox 1644 410 1736 446; x_wconf 81' lang='grc' dir='ltr'>βιαίαν</span> <span class='ocrx_word' id='word_1_155' title='bbox 1761 410 1852 445; x_wconf 71' lang='grc' dir='ltr'>διαφι-</span> 
     </span>
    </p>
   </div>
   <div class='ocr_carea' id='block_1_24' title="bbox 1063 448 1852 492">
    <p class='ocr_par' dir='ltr' id='par_1_24' title="bbox 1063 448 1852 492">
     <span class='ocr_line' id='line_1_24' title="bbox 1063 448 1852 492; baseline 0.001 -11"><span class='ocrx_word' id='word_1_156' title='bbox 1063 450 1162 490; x_wconf 67' lang='grc' dir='ltr'>ρονταξ</span> <span class='ocrx_word' id='word_1_157' title='bbox 1179 455 1325 490; x_wconf 82' lang='grc' dir='ltr'><strong>τιμωρίαν,</strong></span> <span class='ocrx_word' id='word_1_158' title='bbox 1343 455 1446 490; x_wconf 81' lang='grc' dir='ltr'>ἀπορίᾳ</span> <span class='ocrx_word' id='word_1_159' title='bbox 1458 454 1513 481; x_wconf 86' lang='grc' dir='ltr'><strong>τῶν</strong></span> <span class='ocrx_word' id='word_1_160' title='bbox 1527 448 1668 490; x_wconf 83' lang='grc' dir='ltr'>δημοσίων</span> <span class='ocrx_word' id='word_1_161' title='bbox 1688 456 1780 492; x_wconf 78' lang='grc' dir='ltr'>φόρων</span> <span class='ocrx_word' id='word_1_162' title='bbox 1794 466 1800 471; x_wconf 94' lang='grc'><strong>-</strong></span> <span class='ocrx_word' id='word_1_163' title='bbox 1820 457 1852 482; x_wconf 72' lang='grc' dir='ltr'>σὺ</span> 
     </span>
    </p>
   </div>
   <div class='ocr_carea' id='block_1_25' title="bbox 1060 499 1853 537">
    <p class='ocr_par' dir='ltr' id='par_1_25' title="bbox 1060 499 1853 537">
     <span class='ocr_line' id='line_1_25' title="bbox 1060 499 1853 537; baseline 0.003 -11"><span class='ocrx_word' id='word_1_164' title='bbox 1060 499 1088 527; x_wconf 82' lang='grc' dir='ltr'>δὲ</span> <span class='ocrx_word' id='word_1_165' title='bbox 1106 501 1157 526; x_wconf 75' lang='grc' dir='ltr'>οὐκ</span> <span class='ocrx_word' id='word_1_166' title='bbox 1178 500 1296 535; x_wconf 79' lang='grc' dir='ltr'>αἰσχύνῃ</span> <span class='ocrx_word' id='word_1_167' title='bbox 1319 500 1367 526; x_wconf 78' lang='grc' dir='ltr'>καὶ</span> <span class='ocrx_word' id='word_1_168' title='bbox 1391 499 1514 535; x_wconf 86' lang='grc' dir='ltr'>καταδύῃ</span> <span class='ocrx_word' id='word_1_169' title='bbox 1535 499 1590 526; x_wconf 82' lang='grc' dir='ltr'><strong>τῶν</strong></span> <span class='ocrx_word' id='word_1_170' title='bbox 1609 501 1695 532; x_wconf 80' lang='grc' dir='ltr'><strong>πέλας</strong></span> <span class='ocrx_word' id='word_1_171' title='bbox 1715 501 1765 536; x_wconf 83' lang='grc' dir='ltr'>τὴν</span> <span class='ocrx_word' id='word_1_172' title='bbox 1781 500 1853 537; x_wconf 79' lang='grc' dir='ltr'>ζωὴν</span> 
     </span>
    </p>
   </div>
   <div class='ocr_carea' id='block_1_26' title="bbox 1059 545 1850 582">
    <p class='ocr_par' dir='ltr' id='par_1_26' title="bbox 1059 545 1850 582">
     <span class='ocr_line' id='line_1_26' title="bbox 1059 545 1850 582; baseline 0.004 -11"><span class='ocrx_word' id='word_1_173' title='bbox 1059 545 1305 580; x_wconf 69' lang='grc' dir='ltr'>ἐκκαρπούμενος,</span> <span class='ocrx_word' id='word_1_174' title='bbox 1332 546 1382 572; x_wconf 65' lang='grc' dir='ltr'><strong>καὶ⁸</strong></span> <span class='ocrx_word' id='word_1_175' title='bbox 1407 545 1455 578; x_wconf 83' lang='grc' dir='ltr'><strong>τὰς</strong></span> <span class='ocrx_word' id='word_1_176' title='bbox 1479 546 1585 581; x_wconf 77' lang='grc' dir='ltr'>σάρκας</span> <span class='ocrx_word' id='word_1_177' title='bbox 1613 546 1668 574; x_wconf 82' lang='grc' dir='ltr'>τῶν</span> <span class='ocrx_word' id='word_1_178' title='bbox 1694 547 1850 582; x_wconf 75' lang='grc' dir='ltr'><strong>ὁμοφύλων,</strong></span> 
     </span>
    </p>
   </div>
   <div class='ocr_carea' id='block_1_27' title="bbox 1061 591 1850 629">
    <p class='ocr_par' dir='ltr' id='par_1_27' title="bbox 1061 591 1850 629">
     <span class='ocr_line' id='line_1_27' title="bbox 1061 591 1850 629; baseline 0.005 -12"><span class='ocrx_word' id='word_1_179' title='bbox 1061 591 1163 626; x_wconf 76' lang='grc' dir='ltr'>μᾶλλον</span> <span class='ocrx_word' id='word_1_180' title='bbox 1186 592 1214 618; x_wconf 69' lang='grc' dir='ltr'>δὲ</span> <span class='ocrx_word' id='word_1_181' title='bbox 1232 591 1321 626; x_wconf 76' lang='grc' dir='ltr'>ψυχὰς</span> <span class='ocrx_word' id='word_1_182' title='bbox 1338 591 1444 623; x_wconf 82' lang='grc' dir='ltr'>αὑτὰς,</span> <span class='ocrx_word' id='word_1_183' title='bbox 1462 593 1572 627; x_wconf 80' lang='grc' dir='ltr'><strong>μικροῖς</strong></span> <span class='ocrx_word' id='word_1_184' title='bbox 1593 593 1738 628; x_wconf 84' lang='grc' dir='ltr'>σταθμίοις</span> <span class='ocrx_word' id='word_1_185' title='bbox 1764 595 1850 629; x_wconf 69' lang='grc' dir='ltr'>ιμπο-</span> 
     </span>
    </p>
   </div>
   <div class='ocr_carea' id='block_1_28' title="bbox 1062 637 1852 675">
    <p class='ocr_par' dir='ltr' id='par_1_28' title="bbox 1062 637 1852 675">
     <span class='ocr_line' id='line_1_28' title="bbox 1062 637 1852 675; baseline 0.005 -13"><span class='ocrx_word' id='word_1_186' title='bbox 1062 637 1224 672; x_wconf 70' lang='grc' dir='ltr'>ρευόμενοςο</span> <span class='ocrx_word' id='word_1_187' title='bbox 1253 637 1301 664; x_wconf 82' lang='grc' dir='ltr'>καὶ</span> <span class='ocrx_word' id='word_1_188' title='bbox 1320 638 1428 672; x_wconf 78' lang='grc' dir='ltr'>τρυφὴν</span> <span class='ocrx_word' id='word_1_189' title='bbox 1449 638 1536 672; x_wconf 85' lang='grc' dir='ltr'>ίδίαν,</span> <span class='ocrx_word' id='word_1_190' title='bbox 1561 639 1609 665; x_wconf 80' lang='grc' dir='ltr'>καὶ</span> <span class='ocrx_word' id='word_1_191' title='bbox 1633 639 1729 674; x_wconf 79' lang='grc' dir='ltr'><strong>κέρδος</strong></span> <span class='ocrx_word' id='word_1_192' title='bbox 1755 640 1852 675; x_wconf 77' lang='grc' dir='ltr'>ἐπιζὴ-</span> 
     </span>
    </p>
   </div>
   <div class='ocr_carea' id='block_1_29' title="bbox 1062 682 1850 721">
    <p class='ocr_par' dir='ltr' id='par_1_29' title="bbox 1062 682 1850 721">
     <span class='ocr_line' id='line_1_29' title="bbox 1062 682 1850 721; baseline 0.005 -13"><span class='ocrx_word' id='word_1_193' title='bbox 1062 690 1133 716; x_wconf 85' lang='grc' dir='ltr'>μιον,</span> <span class='ocrx_word' id='word_1_194' title='bbox 1149 683 1199 714; x_wconf 77' lang='grc' dir='ltr'><strong>τὰς</strong></span> <span class='ocrx_word' id='word_1_195' title='bbox 1214 682 1360 718; x_wconf 83' lang='grc' dir='ltr'>ἀλλοτρίας</span> <span class='ocrx_word' id='word_1_196' title='bbox 1375 683 1521 719; x_wconf 77' lang='grc' dir='ltr'>συμφορὰς</span> <span class='ocrx_word' id='word_1_197' title='bbox 1547 684 1732 720; x_wconf 74' lang='grc' dir='ltr'><strong>ἐργαζόμενος</strong></span> <span class='ocrx_word' id='word_1_198' title='bbox 1751 687 1850 721; x_wconf 81' lang='grc' dir='ltr'>(ηι-η);</span> 
     </span>
    </p>
   </div>
   <div class='ocr_carea' id='block_1_30' title="bbox 1095 738 1852 776">
    <p class='ocr_par' dir='ltr' id='par_1_30' title="bbox 1095 738 1852 776">
     <span class='ocr_line' id='line_1_30' title="bbox 1095 738 1852 776; baseline 0.007 -12"><span class='ocrx_word' id='word_1_199' title='bbox 1095 741 1148 770; x_wconf 71' lang='grc' dir='ltr'>(ις’.</span> <span class='ocrx_word' id='word_1_200' title='bbox 1170 738 1220 765; x_wconf 83' lang='grc' dir='ltr'>Διά</span> <span class='ocrx_word' id='word_1_201' title='bbox 1244 738 1322 765; x_wconf 82' lang='grc' dir='ltr'>τοῦτο</span> <span class='ocrx_word' id='word_1_202' title='bbox 1345 739 1489 776; x_wconf 81' lang='grc' dir='ltr'>ἐπαγάλλῃ</span> <span class='ocrx_word' id='word_1_203' title='bbox 1514 741 1570 772; x_wconf 85' lang='grc' dir='ltr'>τοῖς</span> <span class='ocrx_word' id='word_1_204' title='bbox 1586 741 1693 776; x_wconf 84' lang='grc' dir='ltr'>χρόνοις</span> <span class='ocrx_word' id='word_1_205' title='bbox 1719 742 1768 769; x_wconf 80' lang='grc' dir='ltr'>καὶ</span> <span class='ocrx_word' id='word_1_206' title='bbox 1792 744 1852 775; x_wconf 82' lang='grc' dir='ltr'>ταῖς</span> 
     </span>
    </p>
   </div>
   <div class='ocr_carea' id='block_1_31' title="bbox 1061 785 1853 823">
    <p class='ocr_par' dir='ltr' id='par_1_31' title="bbox 1061 785 1853 823">
     <span class='ocr_line' id='line_1_31' title="bbox 1061 785 1853 823; baseline 0.005 -12"><span class='ocrx_word' id='word_1_207' title='bbox 1061 785 1222 819; x_wconf 79' lang='grc' dir='ltr'>εὐημερίαις</span> <span class='ocrx_word' id='word_1_208' title='bbox 1236 793 1243 817; x_wconf 85' lang='grc'>;</span> <span class='ocrx_word' id='word_1_209' title='bbox 1262 785 1368 819; x_wconf 84' lang='grc' dir='ltr'>μεγάλα</span> <span class='ocrx_word' id='word_1_210' title='bbox 1385 794 1426 811; x_wconf 90' lang='grc' dir='ltr'><strong>σοι</strong></span> <span class='ocrx_word' id='word_1_211' title='bbox 1437 786 1471 812; x_wconf 73' lang='grc' dir='ltr'>τὰ</span> <span class='ocrx_word' id='word_1_212' title='bbox 1487 787 1611 823; x_wconf 84' lang='grc' dir='ltr'>παρόντα</span> <span class='ocrx_word' id='word_1_213' title='bbox 1625 787 1673 814; x_wconf 72' lang='grc' dir='ltr'><strong>καὶ</strong></span> <span class='ocrx_word' id='word_1_214' title='bbox 1689 787 1736 814; x_wconf 84' lang='grc' dir='ltr'>τοῦ</span> <span class='ocrx_word' id='word_1_215' title='bbox 1753 789 1853 821; x_wconf 77' lang='grc' dir='ltr'>παντὸς</span> 
     </span>
    </p>
   </div>
   <div class='ocr_carea' id='block_1_32' title="bbox 1062 830 1853 871">
    <p class='ocr_par' dir='ltr' id='par_1_32' title="bbox 1062 830 1853 871">
     <span class='ocr_line' id='line_1_32' title="bbox 1062 830 1853 871; baseline 0.008 -15"><span class='ocrx_word' id='word_1_216' title='bbox 1062 830 1201 866; x_wconf 76' lang='grc' dir='ltr'><strong>θαύματος</strong></span> <span class='ocrx_word' id='word_1_217' title='bbox 1215 830 1278 863; x_wconf 80' lang='grc' dir='ltr'>ἄξια</span> <span class='ocrx_word' id='word_1_218' title='bbox 1293 840 1300 864; x_wconf 85' lang='grc'><strong>;</strong></span> <span class='ocrx_word' id='word_1_219' title='bbox 1317 831 1394 858; x_wconf 84' lang='grc' dir='ltr'>Κίνει</span> <span class='ocrx_word' id='word_1_220' title='bbox 1405 832 1499 859; x_wconf 83' lang='grc' dir='ltr'>λοιπὸν</span> <span class='ocrx_word' id='word_1_221' title='bbox 1516 833 1588 860; x_wconf 83' lang='grc' dir='ltr'>κατὰ</span> <span class='ocrx_word' id='word_1_222' title='bbox 1607 834 1654 860; x_wconf 84' lang='grc' dir='ltr'>τοῦ</span> <span class='ocrx_word' id='word_1_223' title='bbox 1668 835 1788 861; x_wconf 75' lang='grc' dir='ltr'>κτίστου</span> <span class='ocrx_word' id='word_1_224' title='bbox 1803 835 1853 871; x_wconf 73' lang='grc' dir='ltr'>τὴν</span> 
     </span>
    </p>
   </div>
   <div class='ocr_carea' id='block_1_33' title="bbox 219 877 1009 919">
    <p class='ocr_par' dir='ltr' id='par_1_33' title="bbox 219 878 1007 913">
     <span class='ocr_line' id='line_1_33' title="bbox 219 878 1007 913; baseline 0 -7"><span class='ocrx_word' id='word_1_225' title='bbox 219 879 377 907; x_wconf 82' lang='lat' dir='ltr'><strong>Creatorem</strong></span> <span class='ocrx_word' id='word_1_226' title='bbox 395 879 512 913; x_wconf 78' lang='lat' dir='ltr'><strong>linguam</strong></span> <span class='ocrx_word' id='word_1_227' title='bbox 530 886 538 905; x_wconf 91' lang='lat'><strong>:</strong></span> <span class='ocrx_word' id='word_1_228' title='bbox 553 883 673 906; x_wconf 88' lang='lat' dir='ltr'><strong>armatas</strong></span> <span class='ocrx_word' id='word_1_229' title='bbox 688 878 821 906; x_wconf 86' lang='lat' dir='ltr'><strong>adversus</strong></span> <span class='ocrx_word' id='word_1_230' title='bbox 834 878 1007 913; x_wconf 78' lang='lat' dir='ltr'><strong>Unigenitum</strong></span> 
     </span>
    </p>
   </div>
   <div class='ocr_carea' id='block_1_34' title="bbox 1063 877 1853 919">
    <p class='ocr_par' dir='ltr' id='par_1_34' title="bbox 1063 877 1853 919">
     <span class='ocr_line' id='line_1_34' title="bbox 1063 877 1853 919; baseline 0.005 -16"><span class='ocrx_word' id='word_1_231' title='bbox 1063 877 1206 911; x_wconf 74' lang='grc' dir='ltr'>γλῶσσαν·</span> <span class='ocrx_word' id='word_1_232' title='bbox 1227 877 1322 919; x_wconf 62' lang='grc' dir='ltr'>ὅπλιζε</span> <span class='ocrx_word' id='word_1_233' title='bbox 1343 878 1415 904; x_wconf 84' lang='grc' dir='ltr'>κατὰ</span> <span class='ocrx_word' id='word_1_234' title='bbox 1437 878 1488 913; x_wconf 87' lang='grc' dir='ltr'>τῆς</span> <span class='ocrx_word' id='word_1_235' title='bbox 1511 879 1558 905; x_wconf 80' lang='grc' dir='ltr'>τοῦ</span> <span class='ocrx_word' id='word_1_236' title='bbox 1576 880 1749 914; x_wconf 82' lang='grc' dir='ltr'>Μονογενοῦς</span> <span class='ocrx_word' id='word_1_237' title='bbox 1774 881 1853 916; x_wconf 76' lang='grc' dir='ltr'>δόξης</span> 
     </span>
    </p>
   </div>
   <div class='ocr_carea' id='block_1_35' title="bbox 219 923 1009 959">
    <p class='ocr_par' dir='ltr' id='par_1_35' title="bbox 219 923 1009 959">
     <span class='ocr_line' id='line_1_35' title="bbox 219 923 1009 959; baseline 0 -8"><span class='ocrx_word' id='word_1_238' title='bbox 219 933 316 952; x_wconf 80' lang='lat' dir='ltr'><strong>exsere</strong></span> <span class='ocrx_word' id='word_1_239' title='bbox 333 932 428 951; x_wconf 88' lang='lat' dir='ltr'><strong>manus</strong></span> <span class='ocrx_word' id='word_1_240' title='bbox 441 934 448 951; x_wconf 89' lang='lat'><strong>:</strong></span> <span class='ocrx_word' id='word_1_241' title='bbox 467 929 610 951; x_wconf 86' lang='lat' dir='ltr'><strong>contemne</strong></span> <span class='ocrx_word' id='word_1_242' title='bbox 621 923 773 956; x_wconf 85' lang='lat' dir='ltr'><strong>Christum,</strong></span> <span class='ocrx_word' id='word_1_243' title='bbox 784 925 848 959; x_wconf 83' lang='lat' dir='ltr'><strong>quia</strong></span> <span class='ocrx_word' id='word_1_244' title='bbox 869 924 895 951; x_wconf 90' lang='lat' dir='ltr'><strong>in</strong></span> <span class='ocrx_word' id='word_1_245' title='bbox 909 929 1009 952; x_wconf 87' lang='lat' dir='ltr'><strong>terram</strong></span> 
     </span>
    </p>
   </div>
   <div class='ocr_carea' id='block_1_36' title="bbox 219 967 1011 1004">
    <p class='ocr_par' dir='ltr' id='par_1_36' title="bbox 219 967 1011 1004">
     <span class='ocr_line' id='line_1_36' title="bbox 219 967 1011 1004; baseline 0.001 -9"><span class='ocrx_word' id='word_1_246' title='bbox 219 969 377 1000; x_wconf 83' lang='lat' dir='ltr'><strong>adveniens,</strong></span> <span class='ocrx_word' id='word_1_247' title='bbox 407 968 501 995; x_wconf 84' lang='lat' dir='ltr'><strong>humili</strong></span> <span class='ocrx_word' id='word_1_248' title='bbox 525 967 625 1002; x_wconf 79' lang='lat' dir='ltr'><strong>vilique</strong></span> <span class='ocrx_word' id='word_1_249' title='bbox 652 968 742 1002; x_wconf 84' lang='lat' dir='ltr'><strong>specie</strong></span> <span class='ocrx_word' id='word_1_250' title='bbox 768 969 906 1003; x_wconf 86' lang='lat' dir='ltr'><strong>apparuit,</strong></span> <span class='ocrx_word' id='word_1_251' title='bbox 929 974 1011 1004; x_wconf 86' lang='lat' dir='ltr'><strong>atque</strong></span> 
     </span>
    </p>
   </div>
   <div class='ocr_carea' id='block_1_37' title="bbox 219 1012 1010 1048">
    <p class='ocr_par' dir='ltr' id='par_1_37' title="bbox 219 1012 1010 1048">
     <span class='ocr_line' id='line_1_37' title="bbox 219 1012 1010 1048; baseline 0.003 -10"><span class='ocrx_word' id='word_1_252' title='bbox 219 1013 341 1038; x_wconf 90' lang='lat' dir='ltr'><strong>omnium</strong></span> <span class='ocrx_word' id='word_1_253' title='bbox 354 1012 555 1047; x_wconf 80' lang='lat' dir='ltr'><strong>pauperrimus,</strong></span> <span class='ocrx_word' id='word_1_254' title='bbox 570 1019 657 1046; x_wconf 82' lang='lat' dir='ltr'><strong>neque</strong></span> <span class='ocrx_word' id='word_1_255' title='bbox 671 1012 772 1039; x_wconf 82' lang='lat' dir='ltr'><strong>habens</strong></span> <span class='ocrx_word' id='word_1_256' title='bbox 799 1013 844 1039; x_wconf 85' lang='lat' dir='ltr'><strong>tibi</strong></span> <span class='ocrx_word' id='word_1_257' title='bbox 864 1018 944 1048; x_wconf 85' lang='lat' dir='ltr'><strong>caput</strong></span> <span class='ocrx_word' id='word_1_258' title='bbox 964 1021 1010 1040; x_wconf 83' lang='lat' dir='ltr'><strong>re-</strong></span> 
     </span>
    </p>
   </div>
   <div class='ocr_carea' id='block_1_38' title="bbox 220 1056 1011 1098">
    <p class='ocr_par' dir='ltr' id='par_1_38' title="bbox 220 1056 1011 1098">
     <span class='ocr_line' id='line_1_38' title="bbox 220 1056 1011 1098; baseline 0.003 -15"><span class='ocrx_word' id='word_1_259' title='bbox 220 1057 349 1090; x_wconf 83' lang='lat' dir='ltr'><strong>clinaret,</strong></span> <span class='ocrx_word' id='word_1_260' title='bbox 374 1057 501 1098; x_wconf 78' lang='lat' dir='ltr'><strong>vulpibus</strong></span> <span class='ocrx_word' id='word_1_261' title='bbox 514 1056 663 1091; x_wconf 75' lang='lat' dir='ltr'><strong>avibusque</strong></span> <span class='ocrx_word' id='word_1_262' title='bbox 682 1057 815 1092; x_wconf 74' lang='lat' dir='ltr'><strong>egentior,</strong></span> <span class='ocrx_word' id='word_1_263' title='bbox 831 1058 941 1085; x_wconf 85' lang='lat' dir='ltr'><strong>brevem</strong></span> <span class='ocrx_word' id='word_1_264' title='bbox 958 1059 1011 1085; x_wconf 88' lang='lat' dir='ltr'><strong>dis-</strong></span> 
     </span>
    </p>
   </div>
   <div class='ocr_carea' id='block_1_39' title="bbox 219 1103 1010 1138">
    <p class='ocr_par' dir='ltr' id='par_1_39' title="bbox 219 1103 1010 1138">
     <span class='ocr_line' id='line_1_39' title="bbox 219 1103 1010 1138; baseline 0.003 -8"><span class='ocrx_word' id='word_1_265' title='bbox 219 1103 371 1137; x_wconf 90' lang='lat' dir='ltr'><strong>cipulorum</strong></span> <span class='ocrx_word' id='word_1_266' title='bbox 389 1110 531 1130; x_wconf 90' lang='lat' dir='ltr'><strong>numerum</strong></span> <span class='ocrx_word' id='word_1_267' title='bbox 552 1103 676 1135; x_wconf 88' lang='lat' dir='ltr'><strong>trahens,</strong></span> <span class='ocrx_word' id='word_1_268' title='bbox 705 1108 787 1137; x_wconf 88' lang='lat' dir='ltr'><strong>atque</strong></span> <span class='ocrx_word' id='word_1_269' title='bbox 804 1104 853 1131; x_wconf 91' lang='lat' dir='ltr'><strong>hos</strong></span> <span class='ocrx_word' id='word_1_270' title='bbox 867 1111 966 1138; x_wconf 77' lang='lat' dir='ltr'><strong>egenos</strong></span> <span class='ocrx_word' id='word_1_271' title='bbox 978 1112 1010 1132; x_wconf 87' lang='lat' dir='ltr'><strong>ac</strong></span> 
     </span>
    </p>
   </div>
   <div class='ocr_carea' id='block_1_40' title="bbox 220 1149 1010 1183">
    <p class='ocr_par' dir='ltr' id='par_1_40' title="bbox 220 1149 1010 1183">
     <span class='ocr_line' id='line_1_40' title="bbox 220 1149 1010 1183; baseline 0.001 -7"><span class='ocrx_word' id='word_1_272' title='bbox 220 1155 354 1183; x_wconf 81' lang='lat' dir='ltr'><strong>pauperes</strong></span> <span class='ocrx_word' id='word_1_273' title='bbox 381 1157 388 1176; x_wconf 88' lang='lat'><strong>:</strong></span> <span class='ocrx_word' id='word_1_274' title='bbox 413 1149 492 1175; x_wconf 86' lang='lat' dir='ltr'><strong>morti</strong></span> <span class='ocrx_word' id='word_1_275' title='bbox 513 1149 678 1182; x_wconf 74' lang='lat' dir='ltr'><strong>turpissima:</strong></span> <span class='ocrx_word' id='word_1_276' title='bbox 705 1156 754 1176; x_wconf 88' lang='lat' dir='ltr'><strong>ceu</strong></span> <span class='ocrx_word' id='word_1_277' title='bbox 773 1149 926 1176; x_wconf 84' lang='lat' dir='ltr'><strong>maleficum</strong></span> <span class='ocrx_word' id='word_1_278' title='bbox 945 1156 1010 1177; x_wconf 88' lang='lat' dir='ltr'><strong>son-</strong></span> 
     </span>
    </p>
   </div>
   <div class='ocr_carea' id='block_1_41' title="bbox 220 1194 1008 1229">
    <p class='ocr_par' dir='ltr' id='par_1_41' title="bbox 220 1194 1008 1229">
     <span class='ocr_line' id='line_1_41' title="bbox 220 1194 1008 1229; baseline 0.003 -9"><span class='ocrx_word' id='word_1_279' title='bbox 220 1199 330 1229; x_wconf 77' lang='lat' dir='ltr'><strong>temque</strong></span> <span class='ocrx_word' id='word_1_280' title='bbox 350 1194 470 1222; x_wconf 86' lang='lat' dir='ltr'><strong>addieito</strong></span> <span class='ocrx_word' id='word_1_281' title='bbox 487 1203 494 1221; x_wconf 89' lang='lat'>:</span> <span class='ocrx_word' id='word_1_282' title='bbox 512 1194 595 1221; x_wconf 84' lang='lat' dir='ltr'><strong>irride</strong></span> <span class='ocrx_word' id='word_1_283' title='bbox 612 1202 722 1221; x_wconf 87' lang='lat' dir='ltr'><strong>crucem</strong></span> <span class='ocrx_word' id='word_1_284' title='bbox 739 1199 821 1228; x_wconf 84' lang='lat' dir='ltr'><strong>atque</strong></span> <span class='ocrx_word' id='word_1_285' title='bbox 839 1195 1008 1229; x_wconf 86' lang='lat' dir='ltr'><strong>passionem,</strong></span> 
     </span>
    </p>
   </div>
   <div class='ocr_carea' id='block_1_42' title="bbox 219 1240 1009 1276">
    <p class='ocr_par' dir='ltr' id='par_1_42' title="bbox 219 1240 1009 1276">
     <span class='ocr_line' id='line_1_42' title="bbox 219 1240 1009 1276; baseline 0 -8"><span class='ocrx_word' id='word_1_286' title='bbox 219 1249 300 1276; x_wconf 90' lang='lat' dir='ltr'><strong>quam</strong></span> <span class='ocrx_word' id='word_1_287' title='bbox 323 1241 360 1268; x_wconf 94' lang='lat' dir='ltr'><strong>tui</strong></span> <span class='ocrx_word' id='word_1_288' title='bbox 373 1248 456 1268; x_wconf 85' lang='lat' dir='ltr'><strong>causa</strong></span> <span class='ocrx_word' id='word_1_289' title='bbox 478 1241 561 1268; x_wconf 79' lang='lat' dir='ltr'><strong>subiit</strong></span> <span class='ocrx_word' id='word_1_290' title='bbox 581 1248 588 1268; x_wconf 92' lang='lat'><strong>:</strong></span> <span class='ocrx_word' id='word_1_291' title='bbox 616 1240 749 1275; x_wconf 80' lang='lat' dir='ltr'><strong>prodigiis</strong></span> <span class='ocrx_word' id='word_1_292' title='bbox 767 1240 902 1273; x_wconf 86' lang='lat' dir='ltr'><strong>discrede,</strong></span> <span class='ocrx_word' id='word_1_293' title='bbox 926 1241 1009 1268; x_wconf 80' lang='lat' dir='ltr'><strong>mira—</strong></span> 
     </span>
    </p>
   </div>
   <div class='ocr_carea' id='block_1_43' title="bbox 220 1285 1008 1322">
    <p class='ocr_par' dir='ltr' id='par_1_43' title="bbox 220 1285 1008 1322">
     <span class='ocr_line' id='line_1_43' title="bbox 220 1285 1008 1322; baseline -0.001 -7"><span class='ocrx_word' id='word_1_294' title='bbox 220 1288 281 1315; x_wconf 77' lang='lat' dir='ltr'><strong>cula</strong></span> <span class='ocrx_word' id='word_1_295' title='bbox 299 1288 412 1322; x_wconf 80' lang='lat' dir='ltr'><strong>despue,</strong></span> <span class='ocrx_word' id='word_1_296' title='bbox 434 1287 551 1314; x_wconf 89' lang='lat' dir='ltr'><strong>ludibrio</strong></span> <span class='ocrx_word' id='word_1_297' title='bbox 579 1286 647 1314; x_wconf 86' lang='lat' dir='ltr'><strong>habe</strong></span> <span class='ocrx_word' id='word_1_298' title='bbox 668 1294 729 1313; x_wconf 90' lang='lat' dir='ltr'><strong>cum</strong></span> <span class='ocrx_word' id='word_1_299' title='bbox 754 1285 856 1314; x_wconf 63' lang='lat' dir='ltr'><strong>Iudaeis</strong></span> <span class='ocrx_word' id='word_1_300' title='bbox 883 1293 1008 1314; x_wconf 87' lang='lat' dir='ltr'><strong>resurre-</strong></span> 
     </span>
    </p>
   </div>
   <div class='ocr_carea' id='block_1_44' title="bbox 219 1334 1010 1370">
    <p class='ocr_par' dir='ltr' id='par_1_44' title="bbox 219 1334 1010 1370">
     <span class='ocr_line' id='line_1_44' title="bbox 219 1334 1010 1370; baseline 0.001 -9"><span class='ocrx_word' id='word_1_301' title='bbox 219 1336 348 1366; x_wconf 80' lang='lat' dir='ltr'><strong>etionent,</strong></span> <span class='ocrx_word' id='word_1_302' title='bbox 363 1335 475 1370; x_wconf 76' lang='lat' dir='ltr'><strong>obiurga</strong></span> <span class='ocrx_word' id='word_1_303' title='bbox 492 1334 688 1369; x_wconf 85' lang='lat' dir='ltr'><strong>discipulorum</strong></span> <span class='ocrx_word' id='word_1_304' title='bbox 705 1334 833 1368; x_wconf 87' lang='lat' dir='ltr'><strong>inopiam,</strong></span> <span class='ocrx_word' id='word_1_305' title='bbox 853 1335 913 1369; x_wconf 80' lang='lat' dir='ltr'><strong>sine</strong></span> <span class='ocrx_word' id='word_1_306' title='bbox 929 1343 1010 1370; x_wconf 90' lang='lat' dir='ltr'><strong>pecu-</strong></span> 
     </span>
    </p>
   </div>
   <div class='ocr_carea' id='block_1_45' title="bbox 219 1381 1010 1415">
    <p class='ocr_par' dir='ltr' id='par_1_45' title="bbox 219 1381 1010 1415">
     <span class='ocr_line' id='line_1_45' title="bbox 219 1381 1010 1415; baseline 0 -7"><span class='ocrx_word' id='word_1_307' title='bbox 219 1382 277 1413; x_wconf 87' lang='lat' dir='ltr'><strong>nia,</strong></span> <span class='ocrx_word' id='word_1_308' title='bbox 306 1382 365 1408; x_wconf 78' lang='lat' dir='ltr'><strong>sine</strong></span> <span class='ocrx_word' id='word_1_309' title='bbox 391 1381 502 1413; x_wconf 82' lang='lat' dir='ltr'><strong>baculo,</strong></span> <span class='ocrx_word' id='word_1_310' title='bbox 532 1388 585 1407; x_wconf 88' lang='lat' dir='ltr'><strong>una</strong></span> <span class='ocrx_word' id='word_1_311' title='bbox 600 1388 661 1407; x_wconf 91' lang='lat' dir='ltr'><strong>eum</strong></span> <span class='ocrx_word' id='word_1_312' title='bbox 693 1381 786 1408; x_wconf 88' lang='lat' dir='ltr'><strong>tunica</strong></span> <span class='ocrx_word' id='word_1_313' title='bbox 805 1388 1010 1415; x_wconf 81' lang='lat' dir='ltr'><strong>quaquaversus</strong></span> 
     </span>
    </p>
   </div>
   <div class='ocr_carea' id='block_1_46' title="bbox 221 1426 1010 1461">
    <p class='ocr_par' dir='ltr' id='par_1_46' title="bbox 221 1426 1010 1461">
     <span class='ocr_line' id='line_1_46' title="bbox 221 1426 1010 1461; baseline 0 -7"><span class='ocrx_word' id='word_1_314' title='bbox 221 1432 317 1454; x_wconf 89' lang='lat' dir='ltr'><strong>euntes</strong></span> <span class='ocrx_word' id='word_1_315' title='bbox 335 1434 502 1461; x_wconf 84' lang='lat' dir='ltr'><strong>aspernare;</strong></span> <span class='ocrx_word' id='word_1_316' title='bbox 518 1431 545 1453; x_wconf 85' lang='lat' dir='ltr'><strong>et</strong></span> <span class='ocrx_word' id='word_1_317' title='bbox 561 1426 689 1460; x_wconf 85' lang='lat' dir='ltr'><strong>pulchros</strong></span> <span class='ocrx_word' id='word_1_318' title='bbox 702 1427 947 1461; x_wconf 79' lang='lat' dir='ltr'><strong>evangelizantium</strong></span> <span class='ocrx_word' id='word_1_319' title='bbox 964 1435 1010 1461; x_wconf 87' lang='lat' dir='ltr'><strong>pe-</strong></span> 
     </span>
    </p>
   </div>
   <div class='ocr_carea' id='block_1_47' title="bbox 220 1472 1008 1504">
    <p class='ocr_par' dir='ltr' id='par_1_47' title="bbox 220 1472 1008 1504">
     <span class='ocr_line' id='line_1_47' title="bbox 220 1472 1008 1504; baseline 0 -4"><span class='ocrx_word' id='word_1_320' title='bbox 220 1474 279 1504; x_wconf 83' lang='lat' dir='ltr'><strong>des,</strong></span> <span class='ocrx_word' id='word_1_321' title='bbox 294 1473 426 1500; x_wconf 82' lang='lat' dir='ltr'><strong>infaustos</strong></span> <span class='ocrx_word' id='word_1_322' title='bbox 454 1473 582 1499; x_wconf 85' lang='lat' dir='ltr'><strong>existima</strong></span> <span class='ocrx_word' id='word_1_323' title='bbox 604 1479 611 1499; x_wconf 89' lang='lat'><strong>:</strong></span> <span class='ocrx_word' id='word_1_324' title='bbox 627 1472 721 1499; x_wconf 89' lang='lat' dir='ltr'><strong>deride</strong></span> <span class='ocrx_word' id='word_1_325' title='bbox 737 1477 823 1500; x_wconf 88' lang='lat' dir='ltr'><strong>testes</strong></span> <span class='ocrx_word' id='word_1_326' title='bbox 842 1473 967 1500; x_wconf 84' lang='lat' dir='ltr'><strong>veritatis</strong></span> <span class='ocrx_word' id='word_1_327' title='bbox 982 1474 1008 1500; x_wconf 92' lang='lat' dir='ltr'><strong>in</strong></span> 
     </span>
    </p>
   </div>
   <div class='ocr_carea' id='block_1_48' title="bbox 219 1517 1008 1552">
    <p class='ocr_par' dir='ltr' id='par_1_48' title="bbox 219 1517 1008 1552">
     <span class='ocr_line' id='line_1_48' title="bbox 219 1517 1008 1552; baseline 0 -6"><span class='ocrx_word' id='word_1_328' title='bbox 219 1518 360 1546; x_wconf 85' lang='lat' dir='ltr'><strong>doloribus</strong></span> <span class='ocrx_word' id='word_1_329' title='bbox 387 1524 414 1545; x_wconf 92' lang='lat' dir='ltr'><strong>et</strong></span> <span class='ocrx_word' id='word_1_330' title='bbox 447 1519 611 1545; x_wconf 85' lang='lat' dir='ltr'><strong>adversitate</strong></span> <span class='ocrx_word' id='word_1_331' title='bbox 647 1518 812 1552; x_wconf 85' lang='lat' dir='ltr'><strong>patientes:</strong></span> <span class='ocrx_word' id='word_1_332' title='bbox 849 1517 1008 1546; x_wconf 81' lang='lat' dir='ltr'><strong>facultatum</strong></span> 
     </span>
    </p>
   </div>
   <div class='ocr_carea' id='block_1_49' title="bbox 1061 923 1853 961">
    <p class='ocr_par' dir='ltr' id='par_1_49' title="bbox 1061 923 1853 961">
     <span class='ocr_line' id='line_1_49' title="bbox 1061 923 1853 961; baseline 0.008 -13"><span class='ocrx_word' id='word_1_333' title='bbox 1061 924 1112 955; x_wconf 79' lang='grc' dir='ltr'><strong>τὰς</strong></span> <span class='ocrx_word' id='word_1_334' title='bbox 1129 924 1239 958; x_wconf 83' lang='grc' dir='ltr'>χεῖρας”</span> <span class='ocrx_word' id='word_1_335' title='bbox 1264 923 1404 955; x_wconf 76' lang='grc' dir='ltr'>ἐξουδένου</span> <span class='ocrx_word' id='word_1_336' title='bbox 1420 924 1538 959; x_wconf 76' lang='grc' dir='ltr'>Χριστὸν</span> <span class='ocrx_word' id='word_1_337' title='bbox 1552 946 1559 958; x_wconf 86' lang='grc'><strong>,</strong></span> <span class='ocrx_word' id='word_1_338' title='bbox 1573 926 1615 952; x_wconf 81' lang='grc' dir='ltr'>ὅτι</span> <span class='ocrx_word' id='word_1_339' title='bbox 1630 926 1676 952; x_wconf 76' lang='grc' dir='ltr'><strong>ἐπὶ</strong></span> <span class='ocrx_word' id='word_1_340' title='bbox 1692 926 1744 961; x_wconf 77' lang='grc' dir='ltr'>γῆς</span> <span class='ocrx_word' id='word_1_341' title='bbox 1769 927 1853 954; x_wconf 75' lang='grc' dir='ltr'>ἐλθὼν</span> 
     </span>
    </p>
   </div>
   <div class='ocr_carea' id='block_1_50' title="bbox 1062 968 1854 1006">
    <p class='ocr_par' dir='ltr' id='par_1_50' title="bbox 1062 968 1854 1006">
     <span class='ocr_line' id='line_1_50' title="bbox 1062 968 1854 1006; baseline 0.006 -12"><span class='ocrx_word' id='word_1_342' title='bbox 1062 968 1193 1000; x_wconf 78' lang='grc' dir='ltr'>ταπεινὸς</span> <span class='ocrx_word' id='word_1_343' title='bbox 1213 968 1292 1004; x_wconf 73' lang='grc' dir='ltr'>ὤφθη</span> <span class='ocrx_word' id='word_1_344' title='bbox 1307 969 1355 995; x_wconf 80' lang='grc' dir='ltr'>καὶ</span> <span class='ocrx_word' id='word_1_345' title='bbox 1369 969 1484 1004; x_wconf 79' lang='grc' dir='ltr'>εὐτελὴς</span> <span class='ocrx_word' id='word_1_346' title='bbox 1496 969 1525 996; x_wconf 77' lang='grc' dir='ltr'>τὸ</span> <span class='ocrx_word' id='word_1_347' title='bbox 1535 971 1712 1006; x_wconf 81' lang='grc' dir='ltr'>φαινόμενον,</span> <span class='ocrx_word' id='word_1_348' title='bbox 1726 971 1775 998; x_wconf 75' lang='grc' dir='ltr'>καὶ</span> <span class='ocrx_word' id='word_1_349' title='bbox 1787 972 1854 999; x_wconf 83' lang='grc' dir='ltr'>πάν-</span> 
     </span>
    </p>
   </div>
   <div class='ocr_carea' id='block_1_51' title="bbox 1061 1015 1854 1054">
    <p class='ocr_par' dir='ltr' id='par_1_51' title="bbox 1061 1015 1854 1054">
     <span class='ocr_line' id='line_1_51' title="bbox 1061 1015 1854 1054; baseline 0.006 -14"><span class='ocrx_word' id='word_1_350' title='bbox 1061 1022 1116 1041; x_wconf 88' lang='grc' dir='ltr'><strong>των</strong></span> <span class='ocrx_word' id='word_1_351' title='bbox 1133 1015 1297 1050; x_wconf 79' lang='grc' dir='ltr'><strong>πενέστερος</strong></span> <span class='ocrx_word' id='word_1_352' title='bbox 1310 1035 1317 1047; x_wconf 87' lang='lat'><strong>,</strong></span> <span class='ocrx_word' id='word_1_353' title='bbox 1341 1015 1388 1041; x_wconf 76' lang='grc' dir='ltr'>καὶ</span> <span class='ocrx_word' id='word_1_354' title='bbox 1408 1015 1459 1042; x_wconf 80' lang='grc' dir='ltr'>οὐκ</span> <span class='ocrx_word' id='word_1_355' title='bbox 1483 1016 1555 1050; x_wconf 83' lang='grc' dir='ltr'>ἔχων</span> <span class='ocrx_word' id='word_1_356' title='bbox 1577 1016 1638 1044; x_wconf 81' lang='grc' dir='ltr'>ὃποι</span> <span class='ocrx_word' id='word_1_357' title='bbox 1658 1018 1709 1053; x_wconf 84' lang='grc' dir='ltr'>τὴν</span> <span class='ocrx_word' id='word_1_358' title='bbox 1731 1018 1854 1054; x_wconf 80' lang='grc' dir='ltr'>κεφαλὴν</span> 
     </span>
    </p>
   </div>
   <div class='ocr_carea' id='block_1_52' title="bbox 1060 1060 1854 1099">
    <p class='ocr_par' dir='ltr' id='par_1_52' title="bbox 1060 1060 1854 1099">
     <span class='ocr_line' id='line_1_52' title="bbox 1060 1060 1854 1099; baseline 0.005 -13"><span class='ocrx_word' id='word_1_359' title='bbox 1060 1060 1150 1096; x_wconf 86' lang='grc' dir='ltr'>κλίνῃ,</span> <span class='ocrx_word' id='word_1_360' title='bbox 1165 1060 1316 1087; x_wconf 80' lang='grc' dir='ltr'>ἀλωπέκων</span> <span class='ocrx_word' id='word_1_361' title='bbox 1329 1061 1375 1087; x_wconf 78' lang='grc' dir='ltr'>καὶ</span> <span class='ocrx_word' id='word_1_362' title='bbox 1393 1061 1526 1088; x_wconf 84' lang='grc' dir='ltr'>πετεινῶν</span> <span class='ocrx_word' id='word_1_363' title='bbox 1538 1062 1726 1098; x_wconf 83' lang='grc' dir='ltr'>ἀπορώτερος,</span> <span class='ocrx_word' id='word_1_364' title='bbox 1744 1064 1854 1099; x_wconf 82' lang='grc' dir='ltr'>ἀριθμῴ</span> 
     </span>
    </p>
   </div>
   <div class='ocr_carea' id='block_1_53' title="bbox 1061 1106 1852 1145">
    <p class='ocr_par' dir='ltr' id='par_1_53' title="bbox 1061 1106 1852 1145">
     <span class='ocr_line' id='line_1_53' title="bbox 1061 1106 1852 1145; baseline 0.008 -14"><span class='ocrx_word' id='word_1_365' title='bbox 1061 1106 1172 1141; x_wconf 81' lang='grc' dir='ltr'>βραχεῖς</span> <span class='ocrx_word' id='word_1_366' title='bbox 1193 1106 1318 1141; x_wconf 78' lang='grc' dir='ltr'>μαθητὰς</span> <span class='ocrx_word' id='word_1_367' title='bbox 1337 1107 1521 1142; x_wconf 75' lang='grc' dir='ltr'>ἑπαγόμενος,</span> <span class='ocrx_word' id='word_1_368' title='bbox 1539 1108 1587 1134; x_wconf 79' lang='grc' dir='ltr'>καὶ</span> <span class='ocrx_word' id='word_1_369' title='bbox 1600 1108 1715 1141; x_wconf 79' lang='grc' dir='ltr'>τούτους</span> <span class='ocrx_word' id='word_1_370' title='bbox 1729 1110 1852 1145; x_wconf 82' lang='grc' dir='ltr'>ἀπόρους</span> 
     </span>
    </p>
   </div>
   <div class='ocr_carea' id='block_1_54' title="bbox 1061 1151 1854 1192">
    <p class='ocr_par' dir='ltr' id='par_1_54' title="bbox 1061 1151 1854 1192">
     <span class='ocr_line' id='line_1_54' title="bbox 1061 1151 1854 1192; baseline 0.008 -15"><span class='ocrx_word' id='word_1_371' title='bbox 1061 1151 1109 1178; x_wconf 79' lang='grc' dir='ltr'>καὶ</span> <span class='ocrx_word' id='word_1_372' title='bbox 1123 1151 1244 1186; x_wconf 84' lang='grc' dir='ltr'>πένητας</span> <span class='ocrx_word' id='word_1_373' title='bbox 1255 1161 1262 1168; x_wconf 86' lang='grc'><strong>·</strong></span> <span class='ocrx_word' id='word_1_374' title='bbox 1280 1151 1389 1187; x_wconf 85' lang='grc' dir='ltr'><strong>Θανάτῳ</strong></span> <span class='ocrx_word' id='word_1_375' title='bbox 1403 1161 1433 1179; x_wconf 89' lang='grc' dir='ltr'><strong>τε</strong></span> <span class='ocrx_word' id='word_1_376' title='bbox 1450 1153 1585 1189; x_wconf 84' lang='grc' dir='ltr'>αίσχίστῳ</span> <span class='ocrx_word' id='word_1_377' title='bbox 1598 1152 1642 1182; x_wconf 76' lang='grc' dir='ltr'><strong>οἷά</strong></span> <span class='ocrx_word' id='word_1_378' title='bbox 1656 1164 1717 1182; x_wconf 87' lang='grc' dir='ltr'>τινα</span> <span class='ocrx_word' id='word_1_379' title='bbox 1732 1156 1854 1192; x_wconf 85' lang='grc' dir='ltr'>κακοῦρ-</span> 
     </span>
    </p>
   </div>
   <div class='ocr_carea' id='block_1_55' title="bbox 1060 1197 1854 1238">
    <p class='ocr_par' dir='ltr' id='par_1_55' title="bbox 1060 1197 1854 1238">
     <span class='ocr_line' id='line_1_55' title="bbox 1060 1197 1854 1238; baseline 0.008 -15"><span class='ocrx_word' id='word_1_380' title='bbox 1060 1205 1109 1231; x_wconf 86' lang='grc' dir='ltr'><strong>γον</strong></span> <span class='ocrx_word' id='word_1_381' title='bbox 1125 1198 1173 1223; x_wconf 74' lang='grc' dir='ltr'>καὶ</span> <span class='ocrx_word' id='word_1_382' title='bbox 1190 1197 1341 1224; x_wconf 83' lang='grc' dir='ltr'>ὑπεύθυνον</span> <span class='ocrx_word' id='word_1_383' title='bbox 1356 1198 1536 1232; x_wconf 82' lang='grc' dir='ltr'>καταδίκαζε·</span> <span class='ocrx_word' id='word_1_384' title='bbox 1552 1199 1667 1235; x_wconf 82' lang='grc' dir='ltr'>χλεύαζε</span> <span class='ocrx_word' id='word_1_385' title='bbox 1680 1201 1726 1228; x_wconf 70' lang='grc' dir='ltr'><strong>τὸν</strong></span> <span class='ocrx_word' id='word_1_386' title='bbox 1738 1203 1854 1238; x_wconf 69' lang='grc' dir='ltr'>σταυρὸν</span> 
     </span>
    </p>
   </div>
   <div class='ocr_carea' id='block_1_56' title="bbox 1060 1241 1854 1279">
    <p class='ocr_par' dir='ltr' id='par_1_56' title="bbox 1060 1241 1854 1279">
     <span class='ocr_line' id='line_1_56' title="bbox 1060 1241 1854 1279; baseline 0.008 -11"><span class='ocrx_word' id='word_1_387' title='bbox 1060 1242 1108 1269; x_wconf 78' lang='grc' dir='ltr'><strong>καὶ</strong></span> <span class='ocrx_word' id='word_1_388' title='bbox 1127 1241 1157 1268; x_wconf 73' lang='grc' dir='ltr'><strong>τὸ</strong></span> <span class='ocrx_word' id='word_1_389' title='bbox 1170 1242 1256 1274; x_wconf 79' lang='grc' dir='ltr'>πάθος</span> <span class='ocrx_word' id='word_1_390' title='bbox 1269 1263 1275 1275; x_wconf 90' lang='grc'><strong>,</strong></span> <span class='ocrx_word' id='word_1_391' title='bbox 1295 1243 1309 1269; x_wconf 88' lang='grc' dir='ltr'><strong>ὂ</strong></span> <span class='ocrx_word' id='word_1_392' title='bbox 1332 1243 1379 1270; x_wconf 87' lang='grc' dir='ltr'>σοῦ</span> <span class='ocrx_word' id='word_1_393' title='bbox 1402 1251 1435 1277; x_wconf 86' lang='grc' dir='ltr'><strong>γε</strong></span> <span class='ocrx_word' id='word_1_394' title='bbox 1454 1243 1559 1271; x_wconf 80' lang='grc' dir='ltr'>εἵνεκεν</span> <span class='ocrx_word' id='word_1_395' title='bbox 1583 1245 1746 1279; x_wconf 76' lang='grc' dir='ltr'>κατεδέξατο</span> <span class='ocrx_word' id='word_1_396' title='bbox 1760 1255 1767 1261; x_wconf 92' lang='grc'>·</span> <span class='ocrx_word' id='word_1_397' title='bbox 1791 1248 1854 1279; x_wconf 84' lang='grc' dir='ltr'>ταῖς</span> 
     </span>
    </p>
   </div>
   <div class='ocr_carea' id='block_1_57' title="bbox 1061 1286 1853 1327">
    <p class='ocr_par' dir='ltr' id='par_1_57' title="bbox 1061 1286 1853 1327">
     <span class='ocr_line' id='line_1_57' title="bbox 1061 1286 1853 1327; baseline 0.009 -15"><span class='ocrx_word' id='word_1_398' title='bbox 1061 1286 1221 1322; x_wconf 85' lang='grc' dir='ltr'>θεοσημίαις</span> <span class='ocrx_word' id='word_1_399' title='bbox 1238 1287 1349 1314; x_wconf 85' lang='grc' dir='ltr'>ἀπίστει</span> <span class='ocrx_word' id='word_1_400' title='bbox 1363 1307 1370 1319; x_wconf 92' lang='grc'><em>,</em></span> <span class='ocrx_word' id='word_1_401' title='bbox 1392 1288 1507 1315; x_wconf 82' lang='grc' dir='ltr'>διάπτυε</span> <span class='ocrx_word' id='word_1_402' title='bbox 1519 1289 1553 1314; x_wconf 85' lang='grc' dir='ltr'><strong>τὰ</strong></span> <span class='ocrx_word' id='word_1_403' title='bbox 1572 1288 1710 1324; x_wconf 84' lang='grc' dir='ltr'>θαύματα,</span> <span class='ocrx_word' id='word_1_404' title='bbox 1725 1292 1853 1327; x_wconf 83' lang='grc' dir='ltr'>κωμῴδει</span> 
     </span>
    </p>
   </div>
   <div class='ocr_carea' id='block_1_58' title="bbox 1062 1332 1853 1373">
    <p class='ocr_par' dir='ltr' id='par_1_58' title="bbox 1062 1332 1853 1373">
     <span class='ocr_line' id='line_1_58' title="bbox 1062 1332 1853 1373; baseline 0.009 -15"><span class='ocrx_word' id='word_1_405' title='bbox 1062 1332 1131 1367; x_wconf 83' lang='grc' dir='ltr'><strong>μετά</strong></span> <span class='ocrx_word' id='word_1_406' title='bbox 1151 1333 1287 1359; x_wconf 81' lang='grc' dir='ltr'>Ἰουδαίων</span> <span class='ocrx_word' id='word_1_407' title='bbox 1308 1333 1357 1369; x_wconf 79' lang='grc' dir='ltr'>τὴν</span> <span class='ocrx_word' id='word_1_408' title='bbox 1380 1334 1531 1361; x_wconf 75' lang='grc' dir='ltr'>ἀνάστασιν</span> <span class='ocrx_word' id='word_1_409' title='bbox 1547 1334 1596 1371; x_wconf 85' lang='grc' dir='ltr'>(ο),</span> <span class='ocrx_word' id='word_1_410' title='bbox 1615 1335 1710 1371; x_wconf 77' lang='grc' dir='ltr'>ὕϐριζε</span> <span class='ocrx_word' id='word_1_411' title='bbox 1731 1338 1786 1364; x_wconf 78' lang='grc' dir='ltr'>’τῶν</span> <span class='ocrx_word' id='word_1_412' title='bbox 1802 1347 1853 1373; x_wconf 88' lang='grc' dir='ltr'>μα-</span> 
     </span>
    </p>
   </div>
   <div class='ocr_carea' id='block_1_59' title="bbox 1061 1377 1853 1417">
    <p class='ocr_par' dir='ltr' id='par_1_59' title="bbox 1061 1377 1853 1417">
     <span class='ocr_line' id='line_1_59' title="bbox 1061 1377 1853 1417; baseline 0.008 -13"><span class='ocrx_word' id='word_1_413' title='bbox 1061 1377 1150 1413; x_wconf 86' lang='grc' dir='ltr'>θητῶν</span> <span class='ocrx_word' id='word_1_414' title='bbox 1165 1377 1213 1414; x_wconf 84' lang='grc' dir='ltr'>τὴν</span> <span class='ocrx_word' id='word_1_415' title='bbox 1228 1379 1373 1413; x_wconf 79' lang='grc' dir='ltr'>ἀκτησίαν,</span> <span class='ocrx_word' id='word_1_416' title='bbox 1386 1379 1425 1411; x_wconf 82' lang='grc' dir='ltr'>ὡς</span> <span class='ocrx_word' id='word_1_417' title='bbox 1440 1380 1575 1414; x_wconf 79' lang='grc' dir='ltr'>ἀχάλκους</span> <span class='ocrx_word' id='word_1_418' title='bbox 1592 1381 1638 1408; x_wconf 76' lang='grc' dir='ltr'>καὶ</span> <span class='ocrx_word' id='word_1_419' title='bbox 1654 1382 1791 1417; x_wconf 75' lang='grc' dir='ltr'>ἀράὃδους</span> <span class='ocrx_word' id='word_1_420' title='bbox 1805 1385 1853 1410; x_wconf 74' lang='grc' dir='ltr'>καὶ</span> 
     </span>
    </p>
   </div>
   <div class='ocr_carea' id='block_1_60' title="bbox 1062 1423 1853 1461">
    <p class='ocr_par' dir='ltr' id='par_1_60' title="bbox 1062 1423 1853 1461">
     <span class='ocr_line' id='line_1_60' title="bbox 1062 1423 1853 1461; baseline 0.009 -12"><span class='ocrx_word' id='word_1_421' title='bbox 1062 1423 1245 1459; x_wconf 81' lang='grc' dir='ltr'>μονοχίτωνας</span> <span class='ocrx_word' id='word_1_422' title='bbox 1260 1425 1385 1459; x_wconf 84' lang='grc' dir='ltr'>πανταχῆ</span> <span class='ocrx_word' id='word_1_423' title='bbox 1403 1426 1562 1461; x_wconf 84' lang='grc' dir='ltr'>περιιόντας</span> <span class='ocrx_word' id='word_1_424' title='bbox 1574 1427 1706 1459; x_wconf 71' lang='grc' dir='ltr'>εὐτέλιζε,</span> <span class='ocrx_word' id='word_1_425' title='bbox 1721 1429 1770 1455; x_wconf 80' lang='grc' dir='ltr'>καὶ</span> <span class='ocrx_word' id='word_1_426' title='bbox 1790 1430 1853 1461; x_wconf 68' lang='grc' dir='ltr'>τοὺς</span> 
     </span>
    </p>
   </div>
   <div class='ocr_carea' id='block_1_61' title="bbox 1061 1469 1853 1510">
    <p class='ocr_par' dir='ltr' id='par_1_61' title="bbox 1061 1469 1853 1510">
     <span class='ocr_line' id='line_1_61' title="bbox 1061 1469 1853 1510; baseline 0.008 -15"><span class='ocrx_word' id='word_1_427' title='bbox 1061 1469 1180 1505; x_wconf 77' lang='grc' dir='ltr'>ὡραίους</span> <span class='ocrx_word' id='word_1_428' title='bbox 1194 1470 1248 1497; x_wconf 86' lang='grc' dir='ltr'>τῶν</span> <span class='ocrx_word' id='word_1_429' title='bbox 1269 1470 1525 1506; x_wconf 75' lang='grc' dir='ltr'>εὐαγγελιζομένων</span> <span class='ocrx_word' id='word_1_430' title='bbox 1549 1472 1633 1505; x_wconf 84' lang='grc' dir='ltr'>πόδας</span> <span class='ocrx_word' id='word_1_431' title='bbox 1649 1473 1853 1510; x_wconf 72' lang='grc' dir='ltr'>ἀποτροπαίους</span> 
     </span>
    </p>
   </div>
   <div class='ocr_carea' id='block_1_62' title="bbox 1061 1515 1854 1554">
    <p class='ocr_par' dir='ltr' id='par_1_62' title="bbox 1061 1515 1854 1554">
     <span class='ocr_line' id='line_1_62' title="bbox 1061 1515 1854 1554; baseline 0.009 -14"><span class='ocrx_word' id='word_1_432' title='bbox 1061 1515 1129 1550; x_wconf 84' lang='grc' dir='ltr'><strong>ἡγοῦ</strong></span> <span class='ocrx_word' id='word_1_433' title='bbox 1142 1524 1148 1531; x_wconf 94' lang='grc'><strong>·</strong></span> <span class='ocrx_word' id='word_1_434' title='bbox 1169 1516 1336 1552; x_wconf 74' lang='grc' dir='ltr'>ἀπρσκωπτε</span> <span class='ocrx_word' id='word_1_435' title='bbox 1353 1516 1411 1543; x_wconf 89' lang='grc' dir='ltr'>τῶν</span> <span class='ocrx_word' id='word_1_436' title='bbox 1432 1519 1582 1553; x_wconf 85' lang='grc' dir='ltr'>μαρτύρων</span> <span class='ocrx_word' id='word_1_437' title='bbox 1597 1520 1647 1550; x_wconf 73' lang='grc' dir='ltr'><strong>τῆς</strong></span> <span class='ocrx_word' id='word_1_438' title='bbox 1666 1519 1799 1554; x_wconf 81' lang='grc' dir='ltr'>ἀληθείας</span> <span class='ocrx_word' id='word_1_439' title='bbox 1824 1522 1854 1547; x_wconf 68' lang='grc' dir='ltr'>τδ</span> 
     </span>
    </p>
   </div>
   <div class='ocr_carea' id='block_1_63' title="bbox 220 1552 1009 1601">
    <p class='ocr_par' dir='ltr' id='par_1_63' title="bbox 220 1564 1009 1600">
     <span class='ocr_line' id='line_1_63' title="bbox 220 1564 1009 1600; baseline 0 -8"><span class='ocrx_word' id='word_1_440' title='bbox 220 1566 341 1592; x_wconf 89' lang='lat' dir='ltr'><strong>omnium</strong></span> <span class='ocrx_word' id='word_1_441' title='bbox 357 1565 492 1598; x_wconf 84' lang='lat' dir='ltr'><strong>jaclut&#39;am</strong></span> <span class='ocrx_word' id='word_1_442' title='bbox 505 1564 600 1592; x_wconf 88' lang='lat' dir='ltr'><strong>sannis</strong></span> <span class='ocrx_word' id='word_1_443' title='bbox 628 1571 803 1599; x_wconf 85' lang='lat' dir='ltr'><strong>prosequere,</strong></span> <span class='ocrx_word' id='word_1_444' title='bbox 820 1570 848 1591; x_wconf 89' lang='lat' dir='ltr'><strong>et</strong></span> <span class='ocrx_word' id='word_1_445' title='bbox 865 1565 898 1591; x_wconf 88' lang='lat' dir='ltr'><strong>ad</strong></span> <span class='ocrx_word' id='word_1_446' title='bbox 913 1573 1009 1600; x_wconf 83' lang='lat' dir='ltr'><strong>quant-</strong></span> 
     </span>
    </p>
   </div>
   <div class='ocr_carea' id='block_1_64' title="bbox 1063 1552 1853 1601">
    <p class='ocr_par' dir='ltr' id='par_1_64' title="bbox 1063 1552 1853 1601">
     <span class='ocr_line' id='line_1_64' title="bbox 1063 1552 1853 1601; baseline 0.009 -15"><span class='ocrx_word' id='word_1_447' title='bbox 1063 1560 1196 1593; x_wconf 83' lang='grc' dir='ltr'>δυσπαθὲς</span> <span class='ocrx_word' id='word_1_448' title='bbox 1228 1563 1275 1588; x_wconf 78' lang='grc' dir='ltr'><strong>καὶ</strong></span> <span class='ocrx_word' id='word_1_449' title='bbox 1304 1552 1480 1598; x_wconf 53' lang='grc' dir='ltr'>δυσήμερονί</span> <span class='ocrx_word' id='word_1_450' title='bbox 1510 1552 1559 1599; x_wconf 68' lang='grc' dir='ltr'>τὴν</span> <span class='ocrx_word' id='word_1_451' title='bbox 1591 1564 1646 1592; x_wconf 87' lang='grc' dir='ltr'>τῶν</span> <span class='ocrx_word' id='word_1_452' title='bbox 1672 1552 1853 1601; x_wconf 79' lang='grc' dir='ltr'>ὑπαρχόντων</span> 
     </span>
    </p>
   </div>
   <div class='ocr_carea' id='block_1_65' title="bbox 221 1610 1009 1646">
    <p class='ocr_par' dir='ltr' id='par_1_65' title="bbox 221 1610 1009 1646">
     <span class='ocr_line' id='line_1_65' title="bbox 221 1610 1009 1646; baseline 0 -8"><span class='ocrx_word' id='word_1_453' title='bbox 221 1611 286 1639; x_wconf 87' lang='lat' dir='ltr'><strong>libet</strong></span> <span class='ocrx_word' id='word_1_454' title='bbox 300 1611 490 1646; x_wconf 81' lang='lat' dir='ltr'><strong>perferendam</strong></span> <span class='ocrx_word' id='word_1_455' title='bbox 508 1610 661 1637; x_wconf 86' lang='lat' dir='ltr'><strong>molestiam</strong></span> <span class='ocrx_word' id='word_1_456' title='bbox 688 1611 872 1644; x_wconf 78' lang='lat' dir='ltr'><strong>alacritatem,</strong></span> <span class='ocrx_word' id='word_1_457' title='bbox 889 1611 1009 1645; x_wconf 78' lang='lat' dir='ltr'><strong>pericula</strong></span> 
     </span>
    </p>
   </div>
   <div class='ocr_carea' id='block_1_66' title="bbox 221 1656 1008 1693">
    <p class='ocr_par' dir='ltr' id='par_1_66' title="bbox 221 1656 1008 1693">
     <span class='ocr_line' id='line_1_66' title="bbox 221 1656 1008 1693; baseline -0.001 -8"><span class='ocrx_word' id='word_1_458' title='bbox 221 1659 363 1693; x_wconf 84' lang='lat' dir='ltr'><strong>ipsamque</strong></span> <span class='ocrx_word' id='word_1_459' title='bbox 397 1662 512 1684; x_wconf 89' lang='lat' dir='ltr'><strong>mortem</strong></span> <span class='ocrx_word' id='word_1_460' title='bbox 546 1656 679 1684; x_wconf 80' lang='lat' dir='ltr'><strong>tolerandi</strong></span> <span class='ocrx_word' id='word_1_461' title='bbox 710 1656 834 1684; x_wconf 84' lang='lat' dir='ltr'><strong>ﬁduciam</strong></span> <span class='ocrx_word' id='word_1_462' title='bbox 875 1657 1008 1692; x_wconf 81' lang='lat' dir='ltr'><strong>vitupera.</strong></span> 
     </span>
    </p>
   </div>
   <div class='ocr_carea' id='block_1_67' title="bbox 221 1701 1008 1734">
    <p class='ocr_par' dir='ltr' id='par_1_67' title="bbox 221 1701 1008 1734">
     <span class='ocr_line' id='line_1_67' title="bbox 221 1701 1008 1734; baseline -0.004 -3"><span class='ocrx_word' id='word_1_463' title='bbox 221 1704 325 1731; x_wconf 88' lang='lat' dir='ltr'><strong>Idcirco</strong></span> <span class='ocrx_word' id='word_1_464' title='bbox 341 1703 388 1730; x_wconf 89' lang='lat' dir='ltr'><strong>tibi</strong></span> <span class='ocrx_word' id='word_1_465' title='bbox 401 1703 504 1729; x_wconf 87' lang='lat' dir='ltr'><strong>vitandi</strong></span> <span class='ocrx_word' id='word_1_466' title='bbox 514 1703 643 1729; x_wconf 83' lang='lat' dir='ltr'><strong>videntur</strong></span> <span class='ocrx_word' id='word_1_467' title='bbox 657 1702 756 1734; x_wconf 85' lang='lat' dir='ltr'><strong>sancti,</strong></span> <span class='ocrx_word' id='word_1_468' title='bbox 773 1701 903 1729; x_wconf 87' lang='lat' dir='ltr'><strong>amabiles</strong></span> <span class='ocrx_word' id='word_1_469' title='bbox 919 1707 1008 1729; x_wconf 89' lang='lat' dir='ltr'><strong>autem</strong></span> 
     </span>
    </p>
   </div>
   <div class='ocr_carea' id='block_1_68' title="bbox 221 1747 1010 1790">
    <p class='ocr_par' dir='ltr' id='par_1_68' title="bbox 221 1747 1010 1790">
     <span class='ocr_line' id='line_1_68' title="bbox 221 1747 1010 1790; baseline -0.001 -14"><span class='ocrx_word' id='word_1_470' title='bbox 221 1754 430 1790; x_wconf 74' lang='lat' dir='ltr'><strong>persecutores;</strong></span> <span class='ocrx_word' id='word_1_471' title='bbox 448 1749 511 1783; x_wconf 83' lang='lat' dir='ltr'><strong>quia</strong></span> <span class='ocrx_word' id='word_1_472' title='bbox 523 1748 560 1774; x_wconf 92' lang='lat' dir='ltr'><strong>illi</strong></span> <span class='ocrx_word' id='word_1_473' title='bbox 575 1747 684 1783; x_wconf 77' lang='lat' dir='ltr'><strong>quidem</strong></span> <span class='ocrx_word' id='word_1_474' title='bbox 702 1749 915 1782; x_wconf 86' lang='lat' dir='ltr'><strong>succubuerunt,</strong></span> <span class='ocrx_word' id='word_1_475' title='bbox 930 1748 1010 1775; x_wconf 92' lang='lat' dir='ltr'><strong>nihil-</strong></span> 
     </span>
    </p>
   </div>
   <div class='ocr_carea' id='block_1_69' title="bbox 221 1795 1009 1832">
    <p class='ocr_par' dir='ltr' id='par_1_69' title="bbox 221 1795 1009 1832">
     <span class='ocr_line' id='line_1_69' title="bbox 221 1795 1009 1832; baseline 0 -10"><span class='ocrx_word' id='word_1_476' title='bbox 221 1804 274 1832; x_wconf 87' lang='lat' dir='ltr'><strong>que</strong></span> <span class='ocrx_word' id='word_1_477' title='bbox 292 1804 381 1823; x_wconf 89' lang='lat' dir='ltr'><strong>rertnn</strong></span> <span class='ocrx_word' id='word_1_478' title='bbox 405 1796 578 1830; x_wconf 79' lang='lat' dir='ltr'><strong>pra:sentium</strong></span> <span class='ocrx_word' id='word_1_479' title='bbox 597 1795 693 1822; x_wconf 87' lang='lat' dir='ltr'><strong>lucrati</strong></span> <span class='ocrx_word' id='word_1_480' title='bbox 717 1799 796 1829; x_wconf 83' lang='lat' dir='ltr'><strong>sunt;</strong></span> <span class='ocrx_word' id='word_1_481' title='bbox 810 1800 838 1822; x_wconf 88' lang='lat' dir='ltr'><strong>at</strong></span> <span class='ocrx_word' id='word_1_482' title='bbox 855 1795 881 1822; x_wconf 92' lang='lat' dir='ltr'><strong>hi</strong></span> <span class='ocrx_word' id='word_1_483' title='bbox 900 1802 1009 1830; x_wconf 86' lang='lat' dir='ltr'><strong>posses-</strong></span> 
     </span>
    </p>
   </div>
   <div class='ocr_carea' id='block_1_70' title="bbox 221 1841 1011 1877">
    <p class='ocr_par' dir='ltr' id='par_1_70' title="bbox 221 1841 1011 1877">
     <span class='ocr_line' id='line_1_70' title="bbox 221 1841 1011 1877; baseline 0 -8"><span class='ocrx_word' id='word_1_484' title='bbox 221 1843 298 1870; x_wconf 87' lang='lat' dir='ltr'><strong>sione</strong></span> <span class='ocrx_word' id='word_1_485' title='bbox 314 1843 405 1877; x_wconf 65' lang='lat' dir='ltr'><strong>gloriae</strong></span> <span class='ocrx_word' id='word_1_486' title='bbox 418 1850 470 1869; x_wconf 91' lang='lat' dir='ltr'><strong>non</strong></span> <span class='ocrx_word' id='word_1_487' title='bbox 483 1843 653 1869; x_wconf 66' lang='lat' dir='ltr'><strong>exciderunt.</strong></span> <span class='ocrx_word' id='word_1_488' title='bbox 668 1841 777 1877; x_wconf 80' lang='lat' dir='ltr'><strong>Ignoras</strong></span> <span class='ocrx_word' id='word_1_489' title='bbox 793 1842 865 1869; x_wconf 90' lang='lat' dir='ltr'><strong>enim</strong></span> <span class='ocrx_word' id='word_1_490' title='bbox 884 1842 936 1869; x_wconf 83' lang='lat' dir='ltr'><strong>alia</strong></span> <span class='ocrx_word' id='word_1_491' title='bbox 949 1849 1011 1869; x_wconf 86' lang='lat' dir='ltr'><strong>esse</strong></span> 
     </span>
    </p>
   </div>
   <div class='ocr_carea' id='block_1_71' title="bbox 222 1888 1011 1923">
    <p class='ocr_par' dir='ltr' id='par_1_71' title="bbox 222 1888 1011 1923">
     <span class='ocr_line' id='line_1_71' title="bbox 222 1888 1011 1923; baseline 0 -8"><span class='ocrx_word' id='word_1_492' title='bbox 222 1894 379 1916; x_wconf 85' lang='lat' dir='ltr'><strong>sanctorum</strong></span> <span class='ocrx_word' id='word_1_493' title='bbox 399 1893 472 1915; x_wconf 81' lang='lat' dir='ltr'><strong>recte</strong></span> <span class='ocrx_word' id='word_1_494' title='bbox 491 1888 624 1920; x_wconf 82' lang='lat' dir='ltr'><strong>faciliora,</strong></span> <span class='ocrx_word' id='word_1_495' title='bbox 647 1895 709 1915; x_wconf 88' lang='lat' dir='ltr'><strong>vera</strong></span> <span class='ocrx_word' id='word_1_496' title='bbox 735 1888 786 1915; x_wconf 88' lang='lat' dir='ltr'><strong>lide</strong></span> <span class='ocrx_word' id='word_1_497' title='bbox 803 1896 905 1923; x_wconf 85' lang='lat' dir='ltr'><strong>speque</strong></span> <span class='ocrx_word' id='word_1_498' title='bbox 930 1892 1011 1921; x_wconf 80' lang='lat' dir='ltr'><strong>prout</strong></span> 
     </span>
    </p>
   </div>
   <div class='ocr_carea' id='block_1_72' title="bbox 222 1933 1010 1969">
    <p class='ocr_par' dir='ltr' id='par_1_72' title="bbox 222 1933 1010 1969">
     <span class='ocr_line' id='line_1_72' title="bbox 222 1933 1010 1969; baseline -0.001 -8"><span class='ocrx_word' id='word_1_499' title='bbox 222 1935 272 1968; x_wconf 81' lang='lat' dir='ltr'><strong>ipsi</strong></span> <span class='ocrx_word' id='word_1_500' title='bbox 298 1935 421 1969; x_wconf 79' lang='lat' dir='ltr'><strong>judioant</strong></span> <span class='ocrx_word' id='word_1_501' title='bbox 454 1935 544 1969; x_wconf 84' lang='lat' dir='ltr'><strong>digna,</strong></span> <span class='ocrx_word' id='word_1_502' title='bbox 573 1934 769 1968; x_wconf 88' lang='lat' dir='ltr'><strong>sempiternam</strong></span> <span class='ocrx_word' id='word_1_503' title='bbox 798 1941 863 1961; x_wconf 81' lang='lat' dir='ltr'><strong>vere</strong></span> <span class='ocrx_word' id='word_1_504' title='bbox 895 1933 1010 1968; x_wconf 78' lang='lat' dir='ltr'><strong>gloriam</strong></span> 
     </span>
    </p>
   </div>
   <div class='ocr_carea' id='block_1_73' title="bbox 222 1979 1012 2015">
    <p class='ocr_par' dir='ltr' id='par_1_73' title="bbox 222 1979 1012 2015">
     <span class='ocr_line' id='line_1_73' title="bbox 222 1979 1012 2015; baseline 0.001 -9"><span class='ocrx_word' id='word_1_505' title='bbox 222 1980 450 2015; x_wconf 74' lang='lat' dir='ltr'><strong>splendoremque</strong></span> <span class='ocrx_word' id='word_1_506' title='bbox 475 1985 634 2014; x_wconf 84' lang='lat' dir='ltr'><strong>perpetuum</strong></span> <span class='ocrx_word' id='word_1_507' title='bbox 652 1980 854 2014; x_wconf 87' lang='lat' dir='ltr'><strong>comparantia.</strong></span> <span class='ocrx_word' id='word_1_508' title='bbox 870 1979 905 2006; x_wconf 90' lang='lat' dir='ltr'><strong>At</strong></span> <span class='ocrx_word' id='word_1_509' title='bbox 919 1987 1012 2013; x_wconf 87' lang='lat' dir='ltr'><strong>perse-</strong></span> 
     </span>
    </p>
   </div>
   <div class='ocr_carea' id='block_1_74' title="bbox 222 2025 1010 2060">
    <p class='ocr_par' dir='ltr' id='par_1_74' title="bbox 222 2025 1010 2060">
     <span class='ocr_line' id='line_1_74' title="bbox 222 2025 1010 2060; baseline -0.001 -8"><span class='ocrx_word' id='word_1_510' title='bbox 222 2031 345 2052; x_wconf 83' lang='lat' dir='ltr'><strong>cuturum</strong></span> <span class='ocrx_word' id='word_1_511' title='bbox 361 2034 442 2060; x_wconf 85' lang='lat' dir='ltr'><strong>prava</strong></span> <span class='ocrx_word' id='word_1_512' title='bbox 473 2031 536 2052; x_wconf 89' lang='lat' dir='ltr'><strong>sunt</strong></span> <span class='ocrx_word' id='word_1_513' title='bbox 550 2033 632 2060; x_wconf 85' lang='lat' dir='ltr'><strong>opera</strong></span> <span class='ocrx_word' id='word_1_514' title='bbox 649 2031 676 2053; x_wconf 89' lang='lat' dir='ltr'><strong>et</strong></span> <span class='ocrx_word' id='word_1_515' title='bbox 698 2025 826 2058; x_wconf 85' lang='lat' dir='ltr'><strong>scelesta,</strong></span> <span class='ocrx_word' id='word_1_516' title='bbox 843 2029 871 2052; x_wconf 85' lang='lat' dir='ltr'><strong>et</strong></span> <span class='ocrx_word' id='word_1_517' title='bbox 891 2025 1010 2059; x_wconf 87' lang='lat' dir='ltr'><strong>ipsorum</strong></span> 
     </span>
    </p>
   </div>
   <div class='ocr_carea' id='block_1_75' title="bbox 220 2070 1012 2107">
    <p class='ocr_par' dir='ltr' id='par_1_75' title="bbox 220 2070 1012 2107">
     <span class='ocr_line' id='line_1_75' title="bbox 220 2070 1012 2107; baseline 0 -9"><span class='ocrx_word' id='word_1_518' title='bbox 220 2072 355 2099; x_wconf 86' lang='lat' dir='ltr'><strong>atheismo</strong></span> <span class='ocrx_word' id='word_1_519' title='bbox 376 2073 455 2106; x_wconf 77' lang='lat' dir='ltr'><strong>digna</strong></span> <span class='ocrx_word' id='word_1_520' title='bbox 487 2081 494 2099; x_wconf 92' lang='lat'><strong>:</strong></span> <span class='ocrx_word' id='word_1_521' title='bbox 521 2079 581 2107; x_wconf 66' lang='lat' dir='ltr'><strong>quae</strong></span> <span class='ocrx_word' id='word_1_522' title='bbox 601 2079 664 2098; x_wconf 90' lang='lat' dir='ltr'><strong>cum</strong></span> <span class='ocrx_word' id='word_1_523' title='bbox 690 2070 848 2098; x_wconf 88' lang='lat' dir='ltr'><strong>eorumdem</strong></span> <span class='ocrx_word' id='word_1_524' title='bbox 879 2072 1012 2098; x_wconf 85' lang='lat' dir='ltr'><strong>memoria</strong></span> 
     </span>
    </p>
   </div>
   <div class='ocr_carea' id='block_1_76' title="bbox 220 2115 1011 2152">
    <p class='ocr_par' dir='ltr' id='par_1_76' title="bbox 220 2115 1011 2152">
     <span class='ocr_line' id='line_1_76' title="bbox 220 2115 1011 2152; baseline -0.003 -8"><span class='ocrx_word' id='word_1_525' title='bbox 220 2118 315 2144; x_wconf 82' lang='lat' dir='ltr'><strong>statim</strong></span> <span class='ocrx_word' id='word_1_526' title='bbox 338 2118 560 2152; x_wconf 85' lang='lat' dir='ltr'><strong>exstinguuntur,</strong></span> <span class='ocrx_word' id='word_1_527' title='bbox 591 2116 674 2143; x_wconf 88' lang='lat' dir='ltr'><strong>veluti</strong></span> <span class='ocrx_word' id='word_1_528' title='bbox 691 2115 781 2142; x_wconf 88' lang='lat' dir='ltr'><strong>fumus</strong></span> <span class='ocrx_word' id='word_1_529' title='bbox 799 2124 813 2142; x_wconf 92' lang='lat' dir='ltr'><strong>a</strong></span> <span class='ocrx_word' id='word_1_530' title='bbox 838 2116 947 2143; x_wconf 87' lang='lat' dir='ltr'><strong>turbine</strong></span> <span class='ocrx_word' id='word_1_531' title='bbox 964 2123 1011 2143; x_wconf 86' lang='lat' dir='ltr'><strong>ce-</strong></span> 
     </span>
    </p>
   </div>
   <div class='ocr_carea' id='block_1_77' title="bbox 217 2161 1010 2198">
    <p class='ocr_par' dir='ltr' id='par_1_77' title="bbox 217 2161 1010 2198">
     <span class='ocr_line' id='line_1_77' title="bbox 217 2161 1010 2198; baseline 0 -10"><span class='ocrx_word' id='word_1_532' title='bbox 217 2163 334 2190; x_wconf 83' lang='lat' dir='ltr'><strong>.ierrime</strong></span> <span class='ocrx_word' id='word_1_533' title='bbox 352 2163 532 2197; x_wconf 75' lang='lat' dir='ltr'><strong>dispergitur;</strong></span> <span class='ocrx_word' id='word_1_534' title='bbox 546 2169 703 2198; x_wconf 83' lang='lat' dir='ltr'><strong>quanquam</strong></span> <span class='ocrx_word' id='word_1_535' title='bbox 724 2168 754 2188; x_wconf 85' lang='lat' dir='ltr'><strong>ea</strong></span> <span class='ocrx_word' id='word_1_536' title='bbox 774 2161 823 2189; x_wconf 89' lang='lat' dir='ltr'><strong>tibi</strong></span> <span class='ocrx_word' id='word_1_537' title='bbox 843 2162 869 2188; x_wconf 94' lang='lat' dir='ltr'><strong>in</strong></span> <span class='ocrx_word' id='word_1_538' title='bbox 890 2163 1010 2189; x_wconf 85' lang='lat' dir='ltr'><strong>admira-</strong></span> 
     </span>
    </p>
   </div>
   <div class='ocr_carea' id='block_1_78' title="bbox 216 2208 1009 2244">
    <p class='ocr_par' dir='ltr' id='par_1_78' title="bbox 216 2208 1009 2244">
     <span class='ocr_line' id='line_1_78' title="bbox 216 2208 1009 2244; baseline -0.003 -7"><span class='ocrx_word' id='word_1_539' title='bbox 216 2209 296 2237; x_wconf 54' lang='lat' dir='ltr'><strong>itione</strong></span> <span class='ocrx_word' id='word_1_540' title='bbox 321 2215 396 2242; x_wconf 85' lang='lat' dir='ltr'><strong>sunt,</strong></span> <span class='ocrx_word' id='word_1_541' title='bbox 420 2209 464 2243; x_wconf 88' lang='lat' dir='ltr'><strong>qui</strong></span> <span class='ocrx_word' id='word_1_542' title='bbox 482 2209 663 2244; x_wconf 71' lang='lat' dir='ltr'><strong>praesentibus</strong></span> <span class='ocrx_word' id='word_1_543' title='bbox 688 2211 793 2234; x_wconf 88' lang='lat' dir='ltr'><strong>tantum</strong></span> <span class='ocrx_word' id='word_1_544' title='bbox 817 2215 847 2235; x_wconf 85' lang='lat' dir='ltr'><strong>es</strong></span> <span class='ocrx_word' id='word_1_545' title='bbox 874 2208 1009 2240; x_wconf 89' lang='lat' dir='ltr'><strong>addictus,</strong></span> 
     </span>
    </p>
   </div>
   <div class='ocr_carea' id='block_1_79' title="bbox 221 2252 1012 2290">
    <p class='ocr_par' dir='ltr' id='par_1_79' title="bbox 221 2252 1012 2290">
     <span class='ocr_line' id='line_1_79' title="bbox 221 2252 1012 2290; baseline -0.004 -8"><span class='ocrx_word' id='word_1_546' title='bbox 221 2256 379 2290; x_wconf 83' lang='lat' dir='ltr'><strong>nullamque</strong></span> <span class='ocrx_word' id='word_1_547' title='bbox 396 2252 578 2289; x_wconf 85' lang='lat' dir='ltr'><strong>repositorum</strong></span> <span class='ocrx_word' id='word_1_548' title='bbox 605 2253 695 2290; x_wconf 79' lang='lat' dir='ltr'><strong>dignis</strong></span> <span class='ocrx_word' id='word_1_549' title='bbox 726 2253 858 2281; x_wconf 86' lang='lat' dir='ltr'><strong>bonorum</strong></span> <span class='ocrx_word' id='word_1_550' title='bbox 875 2253 901 2281; x_wconf 93' lang='lat' dir='ltr'><strong>in</strong></span> <span class='ocrx_word' id='word_1_551' title='bbox 919 2253 1012 2280; x_wconf 87' lang='lat' dir='ltr'><strong>futuro</strong></span> 
     </span>
    </p>
   </div>
   <div class='ocr_carea' id='block_1_80' title="bbox 215 2303 464 2336">
    <p class='ocr_par' dir='ltr' id='par_1_80' title="bbox 215 2303 464 2336">
     <span class='ocr_line' id='line_1_80' title="bbox 215 2303 464 2336; baseline 0.004 -8"><span class='ocrx_word' id='word_1_552' title='bbox 215 2309 277 2329; x_wconf 76' lang='lat' dir='ltr'><strong>aevo</strong></span> <span class='ocrx_word' id='word_1_553' title='bbox 288 2309 363 2336; x_wconf 81' lang='lat' dir='ltr'><strong>spelit</strong></span> <span class='ocrx_word' id='word_1_554' title='bbox 379 2303 464 2329; x_wconf 86' lang='lat' dir='ltr'><strong>foves.</strong></span> 
     </span>
    </p>
   </div>
   <div class='ocr_carea' id='block_1_81' title="bbox 253 2403 1008 2433">
    <p class='ocr_par' dir='ltr' id='par_1_81' title="bbox 253 2403 1008 2433">
     <span class='ocr_line' id='line_1_81' title="bbox 253 2403 1008 2433; baseline 0 -1"><span class='ocrx_word' id='word_1_555' title='bbox 253 2405 301 2432; x_wconf 69' lang='lat'><strong>&#39;17.</strong></span> <span class='ocrx_word' id='word_1_556' title='bbox 324 2404 400 2433; x_wconf 77' lang='lat' dir='ltr'><strong>Risui</strong></span> <span class='ocrx_word' id='word_1_557' title='bbox 417 2403 464 2431; x_wconf 83' lang='lat' dir='ltr'><strong>tibi</strong></span> <span class='ocrx_word' id='word_1_558' title='bbox 479 2409 539 2431; x_wconf 88' lang='lat' dir='ltr'><strong>esto</strong></span> <span class='ocrx_word' id='word_1_559' title='bbox 551 2409 708 2432; x_wconf 90' lang='lat' dir='ltr'><strong>sanctorum</strong></span> <span class='ocrx_word' id='word_1_560' title='bbox 719 2409 747 2432; x_wconf 90' lang='lat' dir='ltr'><strong>et</strong></span> <span class='ocrx_word' id='word_1_561' title='bbox 759 2409 914 2432; x_wconf 77' lang='lat' dir='ltr'><strong>aseetarum</strong></span> <span class='ocrx_word' id='word_1_562' title='bbox 932 2405 1008 2432; x_wconf 90' lang='lat' dir='ltr'><strong>viro-</strong></span> 
     </span>
    </p>
   </div>
   <div class='ocr_carea' id='block_1_82' title="bbox 221 2449 1010 2485">
    <p class='ocr_par' dir='ltr' id='par_1_82' title="bbox 221 2449 1010 2485">
     <span class='ocr_line' id='line_1_82' title="bbox 221 2449 1010 2485; baseline -0.003 -7"><span class='ocrx_word' id='word_1_563' title='bbox 221 2459 281 2478; x_wconf 89' lang='lat' dir='ltr'><strong>rum</strong></span> <span class='ocrx_word' id='word_1_564' title='bbox 297 2451 365 2482; x_wconf 84' lang='lat' dir='ltr'><strong>vita,</strong></span> <span class='ocrx_word' id='word_1_565' title='bbox 377 2449 423 2484; x_wconf 92' lang='lat' dir='ltr'><strong>qui</strong></span> <span class='ocrx_word' id='word_1_566' title='bbox 452 2451 478 2476; x_wconf 89' lang='lat' dir='ltr'><strong>in</strong></span> <span class='ocrx_word' id='word_1_567' title='bbox 498 2458 613 2484; x_wconf 89' lang='lat' dir='ltr'><strong>corpore</strong></span> <span class='ocrx_word' id='word_1_568' title='bbox 630 2450 768 2485; x_wconf 80' lang='lat' dir='ltr'><strong>angelicas</strong></span> <span class='ocrx_word' id='word_1_569' title='bbox 793 2455 821 2478; x_wconf 92' lang='lat' dir='ltr'><strong>et</strong></span> <span class='ocrx_word' id='word_1_570' title='bbox 851 2450 910 2478; x_wconf 85' lang='lat' dir='ltr'><strong>sine</strong></span> <span class='ocrx_word' id='word_1_571' title='bbox 926 2457 1010 2477; x_wconf 85' lang='lat' dir='ltr'><strong>carne</strong></span> 
     </span>
    </p>
   </div>
   <div class='ocr_carea' id='block_1_83' title="bbox 222 2495 1009 2526">
    <p class='ocr_par' dir='ltr' id='par_1_83' title="bbox 222 2495 1009 2526">
     <span class='ocr_line' id='line_1_83' title="bbox 222 2495 1009 2526; baseline -0.001 -3"><span class='ocrx_word' id='word_1_572' title='bbox 222 2503 312 2523; x_wconf 85' lang='lat' dir='ltr'><strong>mores</strong></span> <span class='ocrx_word' id='word_1_573' title='bbox 335 2496 535 2523; x_wconf 87' lang='lat' dir='ltr'><strong>demonstrant.</strong></span> <span class='ocrx_word' id='word_1_574' title='bbox 553 2495 668 2524; x_wconf 84' lang='lat' dir='ltr'><strong>Maledic</strong></span> <span class='ocrx_word' id='word_1_575' title='bbox 690 2496 874 2526; x_wconf 72' lang='lat' dir='ltr'><strong>eontinen’tire,</strong></span> <span class='ocrx_word' id='word_1_576' title='bbox 897 2495 1009 2522; x_wconf 89' lang='lat' dir='ltr'><strong>humili-</strong></span> 
     </span>
    </p>
   </div>
   <div class='ocr_carea' id='block_1_84' title="bbox 219 2542 1009 2577">
    <p class='ocr_par' dir='ltr' id='par_1_84' title="bbox 219 2542 1009 2577">
     <span class='ocr_line' id='line_1_84' title="bbox 219 2542 1009 2577; baseline 0 -8"><span class='ocrx_word' id='word_1_577' title='bbox 219 2542 283 2576; x_wconf 77' lang='lat' dir='ltr'><strong>tati,</strong></span> <span class='ocrx_word' id='word_1_578' title='bbox 299 2543 513 2574; x_wconf 86' lang='lat' dir='ltr'><strong>mansuetudini.</strong></span> <span class='ocrx_word' id='word_1_579' title='bbox 527 2543 648 2576; x_wconf 89' lang='lat' dir='ltr'><strong>silentio,</strong></span> <span class='ocrx_word' id='word_1_580' title='bbox 671 2543 819 2577; x_wconf 72' lang='lat' dir='ltr'><strong>patientiae,</strong></span> <span class='ocrx_word' id='word_1_581' title='bbox 831 2542 1009 2573; x_wconf 55' lang='lat' dir='ltr'><strong>chameuniae,</strong></span> 
     </span>
    </p>
   </div>
   <div class='ocr_carea' id='block_1_85' title="bbox 221 2587 1008 2622">
    <p class='ocr_par' dir='ltr' id='par_1_85' title="bbox 221 2587 1008 2622">
     <span class='ocr_line' id='line_1_85' title="bbox 221 2587 1008 2622; baseline 0.001 -9"><span class='ocrx_word' id='word_1_582' title='bbox 221 2587 387 2622; x_wconf 84' lang='lat' dir='ltr'><strong>paupertati,</strong></span> <span class='ocrx_word' id='word_1_583' title='bbox 404 2587 555 2620; x_wconf 87' lang='lat' dir='ltr'><strong>solitudini,</strong></span> <span class='ocrx_word' id='word_1_584' title='bbox 580 2589 672 2615; x_wconf 92' lang='lat' dir='ltr'><strong>mundi</strong></span> <span class='ocrx_word' id='word_1_585' title='bbox 691 2588 947 2621; x_wconf 85' lang='lat' dir='ltr'><strong>mundanarumque</strong></span> <span class='ocrx_word' id='word_1_586' title='bbox 963 2595 1008 2614; x_wconf 86' lang='lat' dir='ltr'><strong>re-</strong></span> 
     </span>
    </p>
   </div>
   <div class='ocr_carea' id='block_1_86' title="bbox 221 2633 1011 2669">
    <p class='ocr_par' dir='ltr' id='par_1_86' title="bbox 221 2633 1011 2669">
     <span class='ocr_line' id='line_1_86' title="bbox 221 2633 1011 2669; baseline -0.001 -9"><span class='ocrx_word' id='word_1_587' title='bbox 221 2641 279 2660; x_wconf 85' lang='lat' dir='ltr'><strong>rum</strong></span> <span class='ocrx_word' id='word_1_588' title='bbox 299 2633 378 2668; x_wconf 63' lang='lat' dir='ltr'><strong>fugae.</strong></span> <span class='ocrx_word' id='word_1_589' title='bbox 394 2638 422 2661; x_wconf 88' lang='lat' dir='ltr'><strong>et</strong></span> <span class='ocrx_word' id='word_1_590' title='bbox 438 2633 499 2661; x_wconf 92' lang='lat' dir='ltr'><strong>aliis</strong></span> <span class='ocrx_word' id='word_1_591' title='bbox 514 2634 614 2669; x_wconf 86' lang='lat' dir='ltr'><strong>quibus</strong></span> <span class='ocrx_word' id='word_1_592' title='bbox 633 2634 704 2661; x_wconf 89' lang='lat' dir='ltr'><strong>Deus</strong></span> <span class='ocrx_word' id='word_1_593' title='bbox 725 2633 880 2660; x_wconf 87' lang='lat' dir='ltr'><strong>delectatur</strong></span> <span class='ocrx_word' id='word_1_594' title='bbox 900 2637 926 2660; x_wconf 87' lang='lat' dir='ltr'><strong>et</strong></span> <span class='ocrx_word' id='word_1_595' title='bbox 942 2640 1011 2668; x_wconf 75' lang='lat' dir='ltr'><strong>gau-</strong></span> 
     </span>
    </p>
   </div>
   <div class='ocr_carea' id='block_1_87' title="bbox 253 2730 1007 2767">
    <p class='ocr_par' dir='ltr' id='par_1_87' title="bbox 253 2730 1007 2767">
     <span class='ocr_line' id='line_1_87' title="bbox 253 2730 1007 2767; baseline -0.003 -8"><span class='ocrx_word' id='word_1_596' title='bbox 253 2732 335 2766; x_wconf 82' lang='lat' dir='ltr'><strong>(m-n)</strong></span> <span class='ocrx_word' id='word_1_597' title='bbox 346 2731 508 2767; x_wconf 83' lang='lat' dir='ltr'><strong>Copronymi</strong></span> <span class='ocrx_word' id='word_1_598' title='bbox 524 2731 705 2767; x_wconf 74' lang='lat' dir='ltr'><strong>avaritiamet</strong></span> <span class='ocrx_word' id='word_1_599' title='bbox 724 2730 893 2758; x_wconf 85' lang='lat' dir='ltr'><strong>subditorum</strong></span> <span class='ocrx_word' id='word_1_600' title='bbox 905 2732 1007 2767; x_wconf 84' lang='lat' dir='ltr'><strong>spolia-</strong></span> 
     </span>
    </p>
   </div>
   <div class='ocr_carea' id='block_1_88' title="bbox 218 2766 732 2800">
    <p class='ocr_par' dir='ltr' id='par_1_88' title="bbox 218 2766 732 2800">
     <span class='ocr_line' id='line_1_88' title="bbox 218 2766 732 2800; baseline -0.002 -7"><span class='ocrx_word' id='word_1_601' title='bbox 218 2767 307 2795; x_wconf 87' lang='lat' dir='ltr'><strong>tiones</strong></span> <span class='ocrx_word' id='word_1_602' title='bbox 323 2773 456 2794; x_wconf 87' lang='lat' dir='ltr'><strong>memorat</strong></span> <span class='ocrx_word' id='word_1_603' title='bbox 472 2767 613 2794; x_wconf 73' lang='lat' dir='ltr'><strong>tledrenus</strong></span> <span class='ocrx_word' id='word_1_604' title='bbox 629 2774 654 2800; x_wconf 89' lang='lat' dir='ltr'><strong>p.</strong></span> <span class='ocrx_word' id='word_1_605' title='bbox 668 2766 732 2793; x_wconf 66' lang='grc'><strong>462.</strong></span> 
     </span>
    </p>
   </div>
   <div class='ocr_carea' id='block_1_89' title="bbox 255 2801 1003 2838">
    <p class='ocr_par' dir='ltr' id='par_1_89' title="bbox 255 2801 1003 2838">
     <span class='ocr_line' id='line_1_89' title="bbox 255 2801 1003 2838; baseline -0.003 -9"><span class='ocrx_word' id='word_1_606' title='bbox 255 2804 292 2838; x_wconf 79' lang='grc' dir='ltr'><strong>(ο)</strong></span> <span class='ocrx_word' id='word_1_607' title='bbox 320 2803 438 2830; x_wconf 70' lang='lat' dir='ltr'><strong>Cmsaris</strong></span> <span class='ocrx_word' id='word_1_608' title='bbox 465 2802 544 2836; x_wconf 83' lang='lat' dir='ltr'><strong>hujus</strong></span> <span class='ocrx_word' id='word_1_609' title='bbox 565 2802 731 2838; x_wconf 77' lang='lat' dir='ltr'><strong>impietatem</strong></span> <span class='ocrx_word' id='word_1_610' title='bbox 750 2808 781 2828; x_wconf 89' lang='lat' dir='ltr'><strong>ac</strong></span> <span class='ocrx_word' id='word_1_611' title='bbox 802 2809 884 2836; x_wconf 85' lang='lat' dir='ltr'><strong>prope</strong></span> <span class='ocrx_word' id='word_1_612' title='bbox 901 2801 1003 2829; x_wconf 76' lang='lat' dir='ltr'><strong>atheis-</strong></span> 
     </span>
    </p>
   </div>
   <div class='ocr_carea' id='block_1_90' title="bbox 219 2837 1004 2872">
    <p class='ocr_par' dir='ltr' id='par_1_90' title="bbox 219 2837 1004 2872">
     <span class='ocr_line' id='line_1_90' title="bbox 219 2837 1004 2872; baseline 0.001 -9"><span class='ocrx_word' id='word_1_613' title='bbox 219 2845 291 2864; x_wconf 81' lang='lat' dir='ltr'><strong>tuum</strong></span> <span class='ocrx_word' id='word_1_614' title='bbox 312 2846 364 2865; x_wconf 90' lang='lat' dir='ltr'><strong>non</strong></span> <span class='ocrx_word' id='word_1_615' title='bbox 376 2842 522 2872; x_wconf 60' lang='lat' dir='ltr'><strong>exaggerat</strong></span> <span class='ocrx_word' id='word_1_616' title='bbox 541 2838 585 2864; x_wconf 78' lang='lat' dir='ltr'><strong>hic</strong></span> <span class='ocrx_word' id='word_1_617' title='bbox 605 2837 784 2870; x_wconf 75' lang='lat' dir='ltr'><strong>Nicephorus,</strong></span> <span class='ocrx_word' id='word_1_618' title='bbox 802 2837 848 2864; x_wconf 86' lang='lat' dir='ltr'><strong>sed</strong></span> <span class='ocrx_word' id='word_1_619' title='bbox 866 2845 928 2865; x_wconf 90' lang='lat' dir='ltr'><strong>cum</strong></span> <span class='ocrx_word' id='word_1_620' title='bbox 944 2838 1004 2864; x_wconf 91' lang='lat' dir='ltr'><strong>aliis</strong></span> 
     </span>
    </p>
   </div>
   <div class='ocr_carea' id='block_1_91' title="bbox 1061 1605 1853 1644">
    <p class='ocr_par' dir='ltr' id='par_1_91' title="bbox 1061 1605 1853 1644">
     <span class='ocr_line' id='line_1_91' title="bbox 1061 1605 1853 1644; baseline 0.006 -13"><span class='ocrx_word' id='word_1_621' title='bbox 1061 1605 1190 1632; x_wconf 83' lang='grc' dir='ltr'>ἁπάντων</span> <span class='ocrx_word' id='word_1_622' title='bbox 1215 1607 1356 1642; x_wconf 81' lang='grc' dir='ltr'>ἀποῦολὴν</span> <span class='ocrx_word' id='word_1_623' title='bbox 1380 1607 1536 1640; x_wconf 77' lang='grc' dir='ltr'>ἐπιτώθαζε</span> <span class='ocrx_word' id='word_1_624' title='bbox 1548 1627 1555 1640; x_wconf 90' lang='grc'><strong>,</strong></span> <span class='ocrx_word' id='word_1_625' title='bbox 1570 1609 1617 1634; x_wconf 79' lang='grc' dir='ltr'>καὶ</span> <span class='ocrx_word' id='word_1_626' title='bbox 1636 1609 1668 1634; x_wconf 84' lang='grc' dir='ltr'>τὸ</span> <span class='ocrx_word' id='word_1_627' title='bbox 1686 1609 1756 1644; x_wconf 73' lang='grc' dir='ltr'>πρὺς</span> <span class='ocrx_word' id='word_1_628' title='bbox 1778 1610 1853 1636; x_wconf 78' lang='grc' dir='ltr'>ἅπαν</span> 
     </span>
    </p>
   </div>
   <div class='ocr_carea' id='block_1_92' title="bbox 1060 1651 1853 1687">
    <p class='ocr_par' dir='ltr' id='par_1_92' title="bbox 1060 1651 1853 1687">
     <span class='ocr_line' id='line_1_92' title="bbox 1060 1651 1853 1687; baseline 0.006 -10"><span class='ocrx_word' id='word_1_629' title='bbox 1060 1651 1147 1678; x_wconf 75' lang='grc' dir='ltr'>δεινὸν</span> <span class='ocrx_word' id='word_1_630' title='bbox 1168 1652 1318 1687; x_wconf 76' lang='grc' dir='ltr'>αὐτόμολον</span> <span class='ocrx_word' id='word_1_631' title='bbox 1332 1672 1340 1685; x_wconf 87' lang='grc'><strong>,</strong></span> <span class='ocrx_word' id='word_1_632' title='bbox 1357 1653 1408 1687; x_wconf 85' lang='grc' dir='ltr'>τὴν</span> <span class='ocrx_word' id='word_1_633' title='bbox 1424 1653 1495 1680; x_wconf 88' lang='grc' dir='ltr'><strong>κατά</strong></span> <span class='ocrx_word' id='word_1_634' title='bbox 1514 1654 1568 1679; x_wconf 86' lang='grc' dir='ltr'>τῶν</span> <span class='ocrx_word' id='word_1_635' title='bbox 1591 1654 1723 1681; x_wconf 75' lang='grc' dir='ltr'>κινδύνων</span> <span class='ocrx_word' id='word_1_636' title='bbox 1738 1656 1786 1682; x_wconf 84' lang='grc' dir='ltr'>καὶ</span> <span class='ocrx_word' id='word_1_637' title='bbox 1805 1655 1853 1682; x_wconf 82' lang='grc' dir='ltr'>τοῦ</span> 
     </span>
    </p>
   </div>
   <div class='ocr_carea' id='block_1_93' title="bbox 1062 1698 1855 1736">
    <p class='ocr_par' dir='ltr' id='par_1_93' title="bbox 1062 1698 1855 1736">
     <span class='ocr_line' id='line_1_93' title="bbox 1062 1698 1855 1736; baseline 0.005 -12"><span class='ocrx_word' id='word_1_638' title='bbox 1062 1698 1179 1724; x_wconf 84' lang='grc' dir='ltr'>θανάτου</span> <span class='ocrx_word' id='word_1_639' title='bbox 1194 1698 1277 1726; x_wconf 79' lang='grc' dir='ltr'>αὑτοῦ</span> <span class='ocrx_word' id='word_1_640' title='bbox 1290 1699 1394 1734; x_wconf 81' lang='grc' dir='ltr'>τόλμαν</span> <span class='ocrx_word' id='word_1_641' title='bbox 1408 1699 1522 1731; x_wconf 83' lang='grc' dir='ltr'>ὀνείδιζε</span> <span class='ocrx_word' id='word_1_642' title='bbox 1534 1708 1541 1716; x_wconf 91' lang='grc'><strong>·</strong></span> <span class='ocrx_word' id='word_1_643' title='bbox 1559 1700 1604 1727; x_wconf 79' lang='grc' dir='ltr'><strong>διὰ</strong></span> <span class='ocrx_word' id='word_1_644' title='bbox 1624 1700 1705 1727; x_wconf 78' lang='grc' dir='ltr'>τοῦτό</span> <span class='ocrx_word' id='word_1_645' title='bbox 1723 1710 1764 1728; x_wconf 88' lang='grc' dir='ltr'><strong>σοι</strong></span> <span class='ocrx_word' id='word_1_646' title='bbox 1789 1711 1855 1736; x_wconf 79' lang='grc' dir='ltr'>φευ-</span> 
     </span>
    </p>
   </div>
   <div class='ocr_carea' id='block_1_94' title="bbox 1061 1746 1854 1785">
    <p class='ocr_par' dir='ltr' id='par_1_94' title="bbox 1061 1746 1854 1785">
     <span class='ocr_line' id='line_1_94' title="bbox 1061 1746 1854 1785; baseline 0.005 -13"><span class='ocrx_word' id='word_1_647' title='bbox 1061 1747 1120 1772; x_wconf 66' lang='grc' dir='ltr'>κτοὶ</span> <span class='ocrx_word' id='word_1_648' title='bbox 1143 1747 1169 1772; x_wconf 83' lang='grc' dir='ltr'>οἱ</span> <span class='ocrx_word' id='word_1_649' title='bbox 1188 1746 1263 1780; x_wconf 73' lang='grc' dir='ltr'>ἀγιοι</span> <span class='ocrx_word' id='word_1_650' title='bbox 1275 1766 1282 1779; x_wconf 89' lang='grc'><strong>,</strong></span> <span class='ocrx_word' id='word_1_651' title='bbox 1299 1746 1428 1773; x_wconf 76' lang='grc' dir='ltr'>ἑπευκτοὶ</span> <span class='ocrx_word' id='word_1_652' title='bbox 1442 1746 1470 1774; x_wconf 83' lang='grc' dir='ltr'>δὲ</span> <span class='ocrx_word' id='word_1_653' title='bbox 1485 1747 1508 1773; x_wconf 80' lang='grc' dir='ltr'>οἱ</span> <span class='ocrx_word' id='word_1_654' title='bbox 1525 1747 1670 1780; x_wconf 85' lang='grc' dir='ltr'>διώκοντες</span> <span class='ocrx_word' id='word_1_655' title='bbox 1683 1769 1690 1782; x_wconf 87' lang='grc'><strong>,</strong></span> <span class='ocrx_word' id='word_1_656' title='bbox 1706 1749 1748 1775; x_wconf 81' lang='grc' dir='ltr'>ὅτι</span> <span class='ocrx_word' id='word_1_657' title='bbox 1759 1751 1784 1775; x_wconf 80' lang='grc' dir='ltr'>οἱ</span> <span class='ocrx_word' id='word_1_658' title='bbox 1804 1750 1854 1785; x_wconf 84' lang='grc' dir='ltr'>μὲν</span> 
     </span>
    </p>
   </div>
   <div class='ocr_carea' id='block_1_95' title="bbox 1062 1793 1853 1829">
    <p class='ocr_par' dir='ltr' id='par_1_95' title="bbox 1062 1793 1853 1829">
     <span class='ocr_line' id='line_1_95' title="bbox 1062 1793 1853 1829; baseline 0.004 -10"><span class='ocrx_word' id='word_1_659' title='bbox 1062 1794 1232 1828; x_wconf 81' lang='grc' dir='ltr'>ἡττήθησαν,</span> <span class='ocrx_word' id='word_1_660' title='bbox 1247 1794 1294 1820; x_wconf 81' lang='grc' dir='ltr'>καὶ</span> <span class='ocrx_word' id='word_1_661' title='bbox 1312 1793 1390 1820; x_wconf 77' lang='grc' dir='ltr'>οὐδέν</span> <span class='ocrx_word' id='word_1_662' title='bbox 1405 1802 1430 1820; x_wconf 93' lang='grc' dir='ltr'><strong>τι</strong></span> <span class='ocrx_word' id='word_1_663' title='bbox 1450 1794 1505 1820; x_wconf 86' lang='grc' dir='ltr'><strong>τῶν</strong></span> <span class='ocrx_word' id='word_1_664' title='bbox 1521 1793 1666 1829; x_wconf 83' lang='grc' dir='ltr'>παρόντων</span> <span class='ocrx_word' id='word_1_665' title='bbox 1690 1796 1853 1822; x_wconf 81' lang='grc' dir='ltr'>ἀπώναντο’</span> 
     </span>
    </p>
   </div>
   <div class='ocr_carea' id='block_1_96' title="bbox 1063 1839 1853 1877">
    <p class='ocr_par' dir='ltr' id='par_1_96' title="bbox 1063 1839 1853 1877">
     <span class='ocr_line' id='line_1_96' title="bbox 1063 1839 1853 1877; baseline 0.003 -11"><span class='ocrx_word' id='word_1_666' title='bbox 1063 1840 1087 1866; x_wconf 88' lang='grc' dir='ltr'><strong>οί</strong></span> <span class='ocrx_word' id='word_1_667' title='bbox 1123 1839 1152 1866; x_wconf 82' lang='grc' dir='ltr'>δὲ</span> <span class='ocrx_word' id='word_1_668' title='bbox 1180 1840 1232 1874; x_wconf 79' lang='grc' dir='ltr'>τῆς</span> <span class='ocrx_word' id='word_1_669' title='bbox 1263 1840 1474 1875; x_wconf 78' lang='grc' dir='ltr'>ἐνυπαρχούσης</span> <span class='ocrx_word' id='word_1_670' title='bbox 1512 1840 1592 1876; x_wconf 78' lang='grc' dir='ltr'>δόξης</span> <span class='ocrx_word' id='word_1_671' title='bbox 1616 1841 1648 1867; x_wconf 83' lang='grc' dir='ltr'>οὐ</span> <span class='ocrx_word' id='word_1_672' title='bbox 1675 1841 1828 1877; x_wconf 82' lang='grc' dir='ltr'>διήμαρτον</span> <span class='ocrx_word' id='word_1_673' title='bbox 1846 1852 1853 1858; x_wconf 93' lang='grc'><strong>·</strong></span> 
     </span>
    </p>
   </div>
   <div class='ocr_carea' id='block_1_97' title="bbox 1063 1886 1855 1924">
    <p class='ocr_par' dir='ltr' id='par_1_97' title="bbox 1063 1886 1855 1924">
     <span class='ocr_line' id='line_1_97' title="bbox 1063 1886 1855 1924; baseline 0.001 -10"><span class='ocrx_word' id='word_1_674' title='bbox 1063 1887 1171 1921; x_wconf 87' lang='grc' dir='ltr'>ἀγνοεῖς</span> <span class='ocrx_word' id='word_1_675' title='bbox 1194 1886 1249 1922; x_wconf 84' lang='grc' dir='ltr'>γὰρ</span> <span class='ocrx_word' id='word_1_676' title='bbox 1264 1887 1305 1913; x_wconf 79' lang='grc' dir='ltr'>ὄτι</span> <span class='ocrx_word' id='word_1_677' title='bbox 1318 1887 1403 1922; x_wconf 73' lang='grc' dir='ltr'>ἕτερα</span> <span class='ocrx_word' id='word_1_678' title='bbox 1420 1887 1470 1921; x_wconf 78' lang='grc' dir='ltr'>μὲν</span> <span class='ocrx_word' id='word_1_679' title='bbox 1485 1887 1541 1914; x_wconf 84' lang='grc' dir='ltr'>τῶν</span> <span class='ocrx_word' id='word_1_680' title='bbox 1554 1887 1641 1922; x_wconf 79' lang='grc' dir='ltr'>ἁγίων</span> <span class='ocrx_word' id='word_1_681' title='bbox 1658 1887 1692 1914; x_wconf 83' lang='grc' dir='ltr'>τὰ</span> <span class='ocrx_word' id='word_1_682' title='bbox 1710 1889 1855 1924; x_wconf 78' lang='grc' dir='ltr'>κατορθώ-</span> 
     </span>
    </p>
   </div>
   <div class='ocr_carea' id='block_1_98' title="bbox 1063 1932 1855 1969">
    <p class='ocr_par' dir='ltr' id='par_1_98' title="bbox 1063 1932 1855 1969">
     <span class='ocr_line' id='line_1_98' title="bbox 1063 1932 1855 1969; baseline 0.001 -10"><span class='ocrx_word' id='word_1_683' title='bbox 1063 1941 1153 1968; x_wconf 84' lang='grc' dir='ltr'>ματα,</span> <span class='ocrx_word' id='word_1_684' title='bbox 1170 1932 1220 1967; x_wconf 83' lang='grc' dir='ltr'>τῆς</span> <span class='ocrx_word' id='word_1_685' title='bbox 1233 1932 1319 1964; x_wconf 73' lang='grc' dir='ltr'>ὅντως</span> <span class='ocrx_word' id='word_1_686' title='bbox 1333 1933 1452 1964; x_wconf 86' lang='grc' dir='ltr'>πίστεως</span> <span class='ocrx_word' id='word_1_687' title='bbox 1473 1933 1519 1959; x_wconf 75' lang='grc' dir='ltr'>καὶ</span> <span class='ocrx_word' id='word_1_688' title='bbox 1541 1933 1591 1968; x_wconf 84' lang='grc' dir='ltr'>τῆς</span> <span class='ocrx_word' id='word_1_689' title='bbox 1606 1933 1711 1965; x_wconf 69' lang='grc' dir='ltr'>ἐλπίδος</span> <span class='ocrx_word' id='word_1_690' title='bbox 1726 1934 1777 1969; x_wconf 86' lang='grc' dir='ltr'>τῆς</span> <span class='ocrx_word' id='word_1_691' title='bbox 1793 1935 1855 1961; x_wconf 86' lang='grc' dir='ltr'>κιτ¹</span> 
     </span>
    </p>
   </div>
   <div class='ocr_carea' id='block_1_99' title="bbox 1062 1978 1856 2016">
    <p class='ocr_par' dir='ltr' id='par_1_99' title="bbox 1062 1978 1856 2016">
     <span class='ocr_line' id='line_1_99' title="bbox 1062 1978 1856 2016; baseline 0.004 -12"><span class='ocrx_word' id='word_1_692' title='bbox 1062 1978 1160 2009; x_wconf 80' lang='grc' dir='ltr'>αὐτοὺς</span> <span class='ocrx_word' id='word_1_693' title='bbox 1174 1978 1235 2010; x_wconf 76' lang='grc' dir='ltr'>ἄξια</span> <span class='ocrx_word' id='word_1_694' title='bbox 1247 1999 1255 2011; x_wconf 82' lang='grc'><strong>,</strong></span> <span class='ocrx_word' id='word_1_695' title='bbox 1276 1979 1362 2006; x_wconf 75' lang='grc' dir='ltr'>ἀΐδιον</span> <span class='ocrx_word' id='word_1_696' title='bbox 1378 1979 1416 2010; x_wconf 80' lang='grc' dir='ltr'>ὡς</span> <span class='ocrx_word' id='word_1_697' title='bbox 1429 1979 1541 2014; x_wconf 83' lang='grc' dir='ltr'>ἀληθῶς</span> <span class='ocrx_word' id='word_1_698' title='bbox 1557 1980 1606 2015; x_wconf 85' lang='grc' dir='ltr'>τὴν</span> <span class='ocrx_word' id='word_1_699' title='bbox 1627 1979 1708 2012; x_wconf 83' lang='grc' dir='ltr'>δόξαν</span> <span class='ocrx_word' id='word_1_700' title='bbox 1734 1981 1782 2007; x_wconf 68' lang='grc' dir='ltr'>καὶ</span> <span class='ocrx_word' id='word_1_701' title='bbox 1805 1981 1856 2016; x_wconf 84' lang='grc' dir='ltr'>τὴν</span> 
     </span>
    </p>
   </div>
   <div class='ocr_carea' id='block_1_100' title="bbox 1061 2025 1859 2060">
    <p class='ocr_par' dir='ltr' id='par_1_100' title="bbox 1061 2025 1859 2060">
     <span class='ocr_line' id='line_1_100' title="bbox 1061 2025 1859 2060; baseline 0.006 -10"><span class='ocrx_word' id='word_1_702' title='bbox 1061 2025 1244 2060; x_wconf 85' lang='grc' dir='ltr'>λαμπρότητα</span> <span class='ocrx_word' id='word_1_703' title='bbox 1277 2026 1438 2060; x_wconf 82' lang='grc' dir='ltr'>κεκτημένα</span> <span class='ocrx_word' id='word_1_704' title='bbox 1467 2026 1515 2052; x_wconf 79' lang='grc' dir='ltr'>καὶ</span> <span class='ocrx_word' id='word_1_705' title='bbox 1547 2026 1774 2058; x_wconf 79' lang='grc' dir='ltr'>διαιωνίζουσαν·</span> <span class='ocrx_word' id='word_1_706' title='bbox 1803 2029 1859 2055; x_wconf 80' lang='grc' dir='ltr'><strong>τῶν</strong></span> 
     </span>
    </p>
   </div>
   <div class='ocr_carea' id='block_1_101' title="bbox 1061 2070 1860 2109">
    <p class='ocr_par' dir='ltr' id='par_1_101' title="bbox 1061 2070 1860 2109">
     <span class='ocr_line' id='line_1_101' title="bbox 1061 2070 1860 2109; baseline 0.005 -12"><span class='ocrx_word' id='word_1_707' title='bbox 1061 2071 1213 2098; x_wconf 77' lang='grc' dir='ltr'>διωκόντων</span> <span class='ocrx_word' id='word_1_708' title='bbox 1234 2070 1261 2097; x_wconf 81' lang='grc' dir='ltr'>δὲ</span> <span class='ocrx_word' id='word_1_709' title='bbox 1281 2071 1372 2106; x_wconf 77' lang='grc' dir='ltr'>φαῦλα</span> <span class='ocrx_word' id='word_1_710' title='bbox 1387 2071 1421 2098; x_wconf 85' lang='grc' dir='ltr'><strong>τὰ</strong></span> <span class='ocrx_word' id='word_1_711' title='bbox 1435 2071 1505 2106; x_wconf 80' lang='grc' dir='ltr'>ἔργα</span> <span class='ocrx_word' id='word_1_712' title='bbox 1532 2072 1580 2098; x_wconf 81' lang='grc' dir='ltr'>καὶ</span> <span class='ocrx_word' id='word_1_713' title='bbox 1599 2073 1695 2100; x_wconf 85' lang='grc' dir='ltr'>ἀνόσια</span> <span class='ocrx_word' id='word_1_714' title='bbox 1709 2094 1716 2105; x_wconf 87' lang='grc'><strong>,</strong></span> <span class='ocrx_word' id='word_1_715' title='bbox 1735 2076 1785 2100; x_wconf 81' lang='grc' dir='ltr'>καὶ</span> <span class='ocrx_word' id='word_1_716' title='bbox 1807 2075 1860 2109; x_wconf 79' lang='grc' dir='ltr'>τῆς</span> 
     </span>
    </p>
   </div>
   <div class='ocr_carea' id='block_1_102' title="bbox 1061 2116 1859 2154">
    <p class='ocr_par' dir='ltr' id='par_1_102' title="bbox 1061 2116 1859 2154">
     <span class='ocr_line' id='line_1_102' title="bbox 1061 2116 1859 2154; baseline 0.005 -12"><span class='ocrx_word' id='word_1_717' title='bbox 1061 2116 1173 2143; x_wconf 75' lang='grc' dir='ltr'>ἐκείνων</span> <span class='ocrx_word' id='word_1_718' title='bbox 1188 2116 1332 2152; x_wconf 75' lang='grc' dir='ltr'>ἀθεότητος</span> <span class='ocrx_word' id='word_1_719' title='bbox 1352 2116 1420 2144; x_wconf 70' lang='grc' dir='ltr'>ἴδιαι</span> <span class='ocrx_word' id='word_1_720' title='bbox 1436 2117 1454 2144; x_wconf 76' lang='grc' dir='ltr'>ὁ.</span> <span class='ocrx_word' id='word_1_721' title='bbox 1474 2117 1544 2152; x_wconf 82' lang='grc' dir='ltr'>μετὰ</span> <span class='ocrx_word' id='word_1_722' title='bbox 1559 2118 1610 2152; x_wconf 83' lang='grc' dir='ltr'>τῆς</span> <span class='ocrx_word' id='word_1_723' title='bbox 1628 2120 1738 2154; x_wconf 86' lang='grc' dir='ltr'>μνήμης</span> <span class='ocrx_word' id='word_1_724' title='bbox 1764 2121 1859 2148; x_wconf 79' lang='grc' dir='ltr'>αὐτῶν</span> 
     </span>
    </p>
   </div>
   <div class='ocr_carea' id='block_1_103' title="bbox 1061 2163 1858 2200">
    <p class='ocr_par' dir='ltr' id='par_1_103' title="bbox 1061 2163 1858 2200">
     <span class='ocr_line' id='line_1_103' title="bbox 1061 2163 1858 2200; baseline 0.008 -11"><span class='ocrx_word' id='word_1_725' title='bbox 1061 2163 1143 2195; x_wconf 84' lang='grc' dir='ltr'>εὐθὺς</span> <span class='ocrx_word' id='word_1_726' title='bbox 1165 2163 1291 2198; x_wconf 79' lang='grc' dir='ltr'>ἀπέσϐη,</span> <span class='ocrx_word' id='word_1_727' title='bbox 1315 2163 1410 2200; x_wconf 82' lang='grc' dir='ltr'>ὥσπερ</span> <span class='ocrx_word' id='word_1_728' title='bbox 1441 2165 1545 2196; x_wconf 77' lang='grc' dir='ltr'>καπνὸς</span> <span class='ocrx_word' id='word_1_729' title='bbox 1576 2165 1628 2192; x_wconf 80' lang='grc' dir='ltr'><strong>ὑπὸ</strong></span> <span class='ocrx_word' id='word_1_730' title='bbox 1648 2165 1783 2199; x_wconf 82' lang='grc' dir='ltr'>λαίλαπος</span> <span class='ocrx_word' id='word_1_731' title='bbox 1808 2168 1858 2195; x_wconf 82' lang='grc' dir='ltr'><strong>τά·</strong></span> 
     </span>
    </p>
   </div>
   <div class='ocr_carea' id='block_1_104' title="bbox 1066 2209 1859 2247">
    <p class='ocr_par' dir='ltr' id='par_1_104' title="bbox 1066 2209 1859 2247">
     <span class='ocr_line' id='line_1_104' title="bbox 1066 2209 1859 2247; baseline 0.006 -11"><span class='ocrx_word' id='word_1_732' title='bbox 1066 2218 1148 2245; x_wconf 88' lang='grc' dir='ltr'>χιστα</span> <span class='ocrx_word' id='word_1_733' title='bbox 1169 2209 1392 2244; x_wconf 82' lang='grc' dir='ltr'>σκεδαννύμενα,</span> <span class='ocrx_word' id='word_1_734' title='bbox 1413 2211 1462 2237; x_wconf 79' lang='grc' dir='ltr'><strong>καὶ</strong></span> <span class='ocrx_word' id='word_1_735' title='bbox 1487 2211 1528 2236; x_wconf 86' lang='grc' dir='ltr'><strong>σοί</strong></span> <span class='ocrx_word' id='word_1_736' title='bbox 1544 2219 1575 2245; x_wconf 83' lang='grc' dir='ltr'>γε</span> <span class='ocrx_word' id='word_1_737' title='bbox 1602 2211 1775 2247; x_wconf 76' lang='grc' dir='ltr'>θαυμάζεται</span> <span class='ocrx_word' id='word_1_738' title='bbox 1800 2215 1859 2246; x_wconf 82' lang='grc' dir='ltr'>τοῖς</span> 
     </span>
    </p>
   </div>
   <div class='ocr_carea' id='block_1_105' title="bbox 1067 2255 1861 2294">
    <p class='ocr_par' dir='ltr' id='par_1_105' title="bbox 1067 2255 1861 2294">
     <span class='ocr_line' id='line_1_105' title="bbox 1067 2255 1861 2294; baseline 0.005 -12"><span class='ocrx_word' id='word_1_739' title='bbox 1067 2255 1188 2291; x_wconf 78' lang='grc' dir='ltr'>παροῦσι</span> <span class='ocrx_word' id='word_1_740' title='bbox 1220 2256 1301 2291; x_wconf 85' lang='grc' dir='ltr'>μόνον</span> <span class='ocrx_word' id='word_1_741' title='bbox 1322 2256 1548 2292; x_wconf 80' lang='grc' dir='ltr'>προσηλωμένῳ,</span> <span class='ocrx_word' id='word_1_742' title='bbox 1574 2258 1622 2284; x_wconf 81' lang='grc' dir='ltr'><strong>καὶ</strong></span> <span class='ocrx_word' id='word_1_743' title='bbox 1644 2259 1773 2294; x_wconf 81' lang='grc' dir='ltr'>οὐδαμῶς</span> <span class='ocrx_word' id='word_1_744' title='bbox 1804 2260 1861 2286; x_wconf 81' lang='grc' dir='ltr'>τῶν</span> 
     </span>
    </p>
   </div>
   <div class='ocr_carea' id='block_1_106' title="bbox 1063 2301 1860 2339">
    <p class='ocr_par' dir='ltr' id='par_1_106' title="bbox 1063 2301 1860 2339">
     <span class='ocr_line' id='line_1_106' title="bbox 1063 2301 1860 2339; baseline 0.006 -12"><span class='ocrx_word' id='word_1_745' title='bbox 1063 2301 1256 2336; x_wconf 77' lang='grc' dir='ltr'>ἀποκειμένων</span> <span class='ocrx_word' id='word_1_746' title='bbox 1278 2302 1307 2328; x_wconf 87' lang='grc' dir='ltr'>ὲν</span> <span class='ocrx_word' id='word_1_747' title='bbox 1319 2302 1357 2336; x_wconf 86' lang='grc' dir='ltr'>τῷ</span> <span class='ocrx_word' id='word_1_748' title='bbox 1376 2302 1501 2337; x_wconf 76' lang='grc' dir='ltr'>μέλλοντι</span> <span class='ocrx_word' id='word_1_749' title='bbox 1517 2305 1574 2335; x_wconf 91' lang='grc' dir='ltr'>τοῖς</span> <span class='ocrx_word' id='word_1_750' title='bbox 1591 2303 1678 2336; x_wconf 78' lang='grc' dir='ltr'>ἀξίοις</span> <span class='ocrx_word' id='word_1_751' title='bbox 1700 2305 1814 2339; x_wconf 83' lang='grc' dir='ltr'>ἀγαθῶν</span> <span class='ocrx_word' id='word_1_752' title='bbox 1829 2307 1860 2332; x_wconf 84' lang='grc' dir='ltr'>ὲν</span> 
     </span>
    </p>
   </div>
   <div class='ocr_carea' id='block_1_107' title="bbox 1062 2347 1344 2382">
    <p class='ocr_par' dir='ltr' id='par_1_107' title="bbox 1062 2347 1344 2382">
     <span class='ocr_line' id='line_1_107' title="bbox 1062 2347 1344 2382; baseline 0.004 -9"><span class='ocrx_word' id='word_1_753' title='bbox 1062 2347 1169 2373; x_wconf 77' lang='grc' dir='ltr'>ἐλπίσιν</span> <span class='ocrx_word' id='word_1_754' title='bbox 1182 2347 1344 2382; x_wconf 82' lang='grc' dir='ltr'>ὑπάρχοντι.</span> 
     </span>
    </p>
   </div>
   <div class='ocr_carea' id='block_1_108' title="bbox 1096 2403 1859 2444">
    <p class='ocr_par' dir='ltr' id='par_1_108' title="bbox 1096 2403 1859 2444">
     <span class='ocr_line' id='line_1_108' title="bbox 1096 2403 1859 2444; baseline 0.008 -14"><span class='ocrx_word' id='word_1_755' title='bbox 1096 2403 1144 2436; x_wconf 62' lang='grc' dir='ltr'><strong>οξ.</strong></span> <span class='ocrx_word' id='word_1_756' title='bbox 1166 2404 1255 2435; x_wconf 86' lang='grc' dir='ltr'>Γέλως</span> <span class='ocrx_word' id='word_1_757' title='bbox 1275 2413 1317 2431; x_wconf 90' lang='grc' dir='ltr'><strong>σοι</strong></span> <span class='ocrx_word' id='word_1_758' title='bbox 1330 2405 1487 2440; x_wconf 83' lang='grc' dir='ltr'>προκείσθω</span> <span class='ocrx_word' id='word_1_759' title='bbox 1501 2406 1556 2433; x_wconf 75' lang='grc' dir='ltr'><strong>τῶν</strong></span> <span class='ocrx_word' id='word_1_760' title='bbox 1569 2409 1651 2434; x_wconf 85' lang='grc' dir='ltr'>ὁσίων</span> <span class='ocrx_word' id='word_1_761' title='bbox 1666 2409 1714 2434; x_wconf 77' lang='grc' dir='ltr'>καὶ</span> <span class='ocrx_word' id='word_1_762' title='bbox 1726 2409 1859 2444; x_wconf 80' lang='grc' dir='ltr'>ἀσκητῶν</span> 
     </span>
    </p>
   </div>
   <div class='ocr_carea' id='block_1_109' title="bbox 1062 2449 1861 2491">
    <p class='ocr_par' dir='ltr' id='par_1_109' title="bbox 1062 2449 1861 2491">
     <span class='ocr_line' id='line_1_109' title="bbox 1062 2449 1861 2491; baseline 0.009 -16"><span class='ocrx_word' id='word_1_763' title='bbox 1062 2450 1167 2486; x_wconf 83' lang='grc' dir='ltr'>ἀνδρῶν</span> <span class='ocrx_word' id='word_1_764' title='bbox 1179 2451 1192 2476; x_wconf 89' lang='grc' dir='ltr'><strong>ό</strong></span> <span class='ocrx_word' id='word_1_765' title='bbox 1203 2451 1259 2485; x_wconf 84' lang='grc' dir='ltr'>βίος</span> <span class='ocrx_word' id='word_1_766' title='bbox 1267 2451 1316 2485; x_wconf 78' lang='grc' dir='ltr'>(ρ),</span> <span class='ocrx_word' id='word_1_767' title='bbox 1325 2449 1364 2482; x_wconf 72' lang='grc' dir='ltr'>οἷς</span> <span class='ocrx_word' id='word_1_768' title='bbox 1372 2452 1400 2477; x_wconf 82' lang='grc' dir='ltr'>ὲν</span> <span class='ocrx_word' id='word_1_769' title='bbox 1410 2451 1516 2487; x_wconf 81' lang='grc' dir='ltr'>σώματι</span> <span class='ocrx_word' id='word_1_770' title='bbox 1523 2453 1554 2479; x_wconf 86' lang='grc' dir='ltr'><strong>τὺ</strong></span> <span class='ocrx_word' id='word_1_771' title='bbox 1562 2454 1708 2487; x_wconf 67' lang='grc' dir='ltr'>ἀγγελικὴν</span> <span class='ocrx_word' id='word_1_772' title='bbox 1719 2456 1767 2481; x_wconf 75' lang='grc' dir='ltr'>καὶ</span> <span class='ocrx_word' id='word_1_773' title='bbox 1774 2456 1861 2491; x_wconf 75' lang='grc' dir='ltr'>ἄσαρ-</span> 
     </span>
    </p>
   </div>
   <div class='ocr_carea' id='block_1_110' title="bbox 1063 2496 1858 2536">
    <p class='ocr_par' dir='ltr' id='par_1_110' title="bbox 1063 2496 1858 2536">
     <span class='ocr_line' id='line_1_110' title="bbox 1063 2496 1858 2536; baseline 0.006 -14"><span class='ocrx_word' id='word_1_774' title='bbox 1063 2496 1312 2522; x_wconf 76' lang='grc' dir='ltr'>κονὲπιδείκνυται·</span> <span class='ocrx_word' id='word_1_775' title='bbox 1323 2497 1433 2532; x_wconf 83' lang='grc' dir='ltr'>διάσυρε</span> <span class='ocrx_word' id='word_1_776' title='bbox 1442 2498 1493 2532; x_wconf 79' lang='grc' dir='ltr'>τὴν</span> <span class='ocrx_word' id='word_1_777' title='bbox 1505 2498 1682 2534; x_wconf 77' lang='grc' dir='ltr'>ἐγκράτειαν,</span> <span class='ocrx_word' id='word_1_778' title='bbox 1695 2500 1746 2536; x_wconf 81' lang='grc' dir='ltr'>τὴν</span> <span class='ocrx_word' id='word_1_779' title='bbox 1757 2509 1858 2527; x_wconf 78' lang='grc' dir='ltr'>ταπει-</span> 
     </span>
    </p>
   </div>
   <div class='ocr_carea' id='block_1_111' title="bbox 1063 2542 1860 2581">
    <p class='ocr_par' dir='ltr' id='par_1_111' title="bbox 1063 2542 1860 2581">
     <span class='ocr_line' id='line_1_111' title="bbox 1063 2542 1860 2581; baseline 0.008 -14"><span class='ocrx_word' id='word_1_780' title='bbox 1063 2542 1244 2576; x_wconf 79' lang='grc' dir='ltr'>νοφροσύνην,</span> <span class='ocrx_word' id='word_1_781' title='bbox 1253 2542 1284 2568; x_wconf 85' lang='grc' dir='ltr'>τὸ</span> <span class='ocrx_word' id='word_1_782' title='bbox 1291 2543 1390 2577; x_wconf 81' lang='grc' dir='ltr'>πρᾶον,</span> <span class='ocrx_word' id='word_1_783' title='bbox 1400 2543 1550 2579; x_wconf 76' lang='grc' dir='ltr'>τὸῆσυχον,</span> <span class='ocrx_word' id='word_1_784' title='bbox 1563 2545 1594 2571; x_wconf 83' lang='grc' dir='ltr'>τὸ</span> <span class='ocrx_word' id='word_1_785' title='bbox 1607 2546 1796 2581; x_wconf 83' lang='grc' dir='ltr'>μακρόθυμον,</span> <span class='ocrx_word' id='word_1_786' title='bbox 1807 2546 1860 2581; x_wconf 80' lang='grc' dir='ltr'>τὴν</span> 
     </span>
    </p>
   </div>
   <div class='ocr_carea' id='block_1_112' title="bbox 1063 2588 1858 2627">
    <p class='ocr_par' dir='ltr' id='par_1_112' title="bbox 1063 2588 1858 2627">
     <span class='ocr_line' id='line_1_112' title="bbox 1063 2588 1858 2627; baseline 0.005 -13"><span class='ocrx_word' id='word_1_787' title='bbox 1063 2588 1226 2624; x_wconf 86' lang='grc' dir='ltr'>χαμευνίαν,</span> <span class='ocrx_word' id='word_1_788' title='bbox 1242 2589 1292 2618; x_wconf 81' lang='grc' dir='ltr'>τὴν</span> <span class='ocrx_word' id='word_1_789' title='bbox 1308 2589 1443 2624; x_wconf 77' lang='grc' dir='ltr'>ἀκτησίαν</span> <span class='ocrx_word' id='word_1_790' title='bbox 1454 2610 1460 2621; x_wconf 92' lang='grc'><strong>,</strong></span> <span class='ocrx_word' id='word_1_791' title='bbox 1477 2590 1526 2625; x_wconf 83' lang='grc' dir='ltr'>τὴν</span> <span class='ocrx_word' id='word_1_792' title='bbox 1542 2591 1662 2626; x_wconf 80' lang='grc' dir='ltr'>ἐρημίαν</span> <span class='ocrx_word' id='word_1_793' title='bbox 1675 2611 1682 2622; x_wconf 90' lang='grc'><strong>,</strong></span> <span class='ocrx_word' id='word_1_794' title='bbox 1702 2592 1734 2618; x_wconf 82' lang='grc' dir='ltr'>τὸ</span> <span class='ocrx_word' id='word_1_795' title='bbox 1749 2592 1858 2627; x_wconf 73' lang='grc' dir='ltr'>κόσμου</span> 
     </span>
    </p>
   </div>
   <div class='ocr_carea' id='block_1_113' title="bbox 1064 2632 1858 2668">
    <p class='ocr_par' dir='ltr' id='par_1_113' title="bbox 1064 2632 1858 2668">
     <span class='ocr_line' id='line_1_113' title="bbox 1064 2632 1858 2668; baseline 0.004 -10"><span class='ocrx_word' id='word_1_796' title='bbox 1064 2632 1179 2659; x_wconf 79' lang='grc' dir='ltr'>καὶτῶν</span> <span class='ocrx_word' id='word_1_797' title='bbox 1202 2633 1230 2658; x_wconf 78' lang='grc' dir='ltr'>ἐν</span> <span class='ocrx_word' id='word_1_798' title='bbox 1251 2633 1346 2668; x_wconf 84' lang='grc' dir='ltr'>κόσμῳ</span> <span class='ocrx_word' id='word_1_799' title='bbox 1364 2633 1547 2668; x_wconf 79' lang='grc' dir='ltr'>χωρίζεσθαι,</span> <span class='ocrx_word' id='word_1_800' title='bbox 1563 2635 1610 2662; x_wconf 78' lang='grc' dir='ltr'>καὶ</span> <span class='ocrx_word' id='word_1_801' title='bbox 1629 2635 1715 2663; x_wconf 84' lang='grc' dir='ltr'>τᾶλλα</span> <span class='ocrx_word' id='word_1_802' title='bbox 1732 2633 1774 2666; x_wconf 71' lang='grc' dir='ltr'>οἷς</span> <span class='ocrx_word' id='word_1_803' title='bbox 1787 2635 1858 2668; x_wconf 68' lang='grc' dir='ltr'>θεὶς</span> 
     </span>
    </p>
   </div>
   <div class='ocr_carea' id='block_1_114' title="bbox 1063 2731 1422 2759">
    <p class='ocr_par' dir='ltr' id='par_1_114' title="bbox 1063 2731 1422 2759">
     <span class='ocr_line' id='line_1_114' title="bbox 1063 2731 1422 2759; baseline 0.003 -1"><span class='ocrx_word' id='word_1_804' title='bbox 1063 2731 1203 2759; x_wconf 86' lang='lat' dir='ltr'><strong>historicis</strong></span> <span class='ocrx_word' id='word_1_805' title='bbox 1217 2738 1282 2758; x_wconf 88' lang='lat' dir='ltr'><strong>vere</strong></span> <span class='ocrx_word' id='word_1_806' title='bbox 1297 2731 1422 2759; x_wconf 75' lang='lat' dir='ltr'><strong>affirmat.</strong></span> 
     </span>
    </p>
   </div>
   <div class='ocr_carea' id='block_1_115' title="bbox 1097 2766 1857 2803">
    <p class='ocr_par' dir='ltr' id='par_1_115' title="bbox 1097 2766 1857 2803">
     <span class='ocr_line' id='line_1_115' title="bbox 1097 2766 1857 2803; baseline 0.008 -11"><span class='ocrx_word' id='word_1_807' title='bbox 1097 2767 1135 2802; x_wconf 78' lang='grc' dir='ltr'>(ρ)</span> <span class='ocrx_word' id='word_1_808' title='bbox 1173 2766 1317 2800; x_wconf 76' lang='lat' dir='ltr'><strong>Singulare</strong></span> <span class='ocrx_word' id='word_1_809' title='bbox 1339 2767 1511 2803; x_wconf 19' lang='lat' dir='ltr'><strong>rCopronymi</strong></span> <span class='ocrx_word' id='word_1_810' title='bbox 1538 2769 1670 2796; x_wconf 82' lang='lat' dir='ltr'><strong>adversus</strong></span> <span class='ocrx_word' id='word_1_811' title='bbox 1705 2771 1857 2798; x_wconf 74' lang='lat' dir='ltr'><strong>monachos</strong></span> 
     </span>
    </p>
   </div>
   <div class='ocr_carea' id='block_1_116' title="bbox 1059 2802 1856 2864">
    <p class='ocr_par' dir='ltr' id='par_1_116' title="bbox 1059 2802 1856 2864">
     <span class='ocr_line' id='line_1_116' title="bbox 1059 2802 1856 2863; baseline 0.01 -36"><span class='ocrx_word' id='word_1_812' title='bbox 1059 2802 1153 2863; x_wconf 72' lang='lat' dir='ltr'><strong>lodium</strong></span> <span class='ocrx_word' id='word_1_813' title='bbox 1165 2807 1191 2842; x_wconf 79' lang='lat' dir='ltr'><strong>et</strong></span> <span class='ocrx_word' id='word_1_814' title='bbox 1210 2802 1427 2835; x_wconf 84' lang='lat' dir='ltr'><strong>persecutionem</strong></span> <span class='ocrx_word' id='word_1_815' title='bbox 1456 2802 1571 2831; x_wconf 87' lang='lat' dir='ltr'><strong>narrant</strong></span> <span class='ocrx_word' id='word_1_816' title='bbox 1586 2805 1687 2839; x_wconf 83' lang='lat' dir='ltr'><strong>passim</strong></span> <span class='ocrx_word' id='word_1_817' title='bbox 1710 2805 1856 2841; x_wconf 75' lang='lat' dir='ltr'><strong>Byzantini</strong></span> 
     </span>
     <span class='ocr_line' id='line_1_117' title="bbox 1068 2842 1191 2864; baseline 0 -1"><span class='ocrx_word' id='word_1_818' title='bbox 1068 2842 1191 2864; x_wconf 72' lang='lat' dir='ltr'><strong>tIstorICI.</strong></span> 
     </span>
    </p>
   </div>
  </div>
