  <div class='ocr_page' id='page_1' title='image "/cluster/home/n/w/nwhite01/storage/ocr_20150623/100/njp.32101077772869/279.png"; bbox 0 0 1945 3078; ppageno 0'>
   <div class='ocr_carea' id='block_1_1' title="bbox 205 143 257 176">
    <p class='ocr_par' dir='ltr' id='par_1_1' title="bbox 205 143 257 176">
     <span class='ocr_line' id='line_1_1' title="bbox 205 143 257 176; baseline -0.019 0"><span class='ocrx_word' id='word_1_1' title='bbox 205 143 257 176; x_wconf 73' lang='lat'><strong>519</strong></span> 
     </span>
    </p>
   </div>
   <div class='ocr_carea' id='block_1_2' title="bbox 718 145 1326 176">
    <p class='ocr_par' dir='ltr' id='par_1_2' title="bbox 718 145 1326 176">
     <span class='ocr_line' id='line_1_2' title="bbox 718 145 1326 176; baseline -0.003 0"><span class='ocrx_word' id='word_1_2' title='bbox 718 146 747 175; x_wconf 90' lang='lat' dir='ltr'><strong>S.</strong></span> <span class='ocrx_word' id='word_1_3' title='bbox 768 145 978 176; x_wconf 85' lang='lat' dir='ltr'><strong>NICEPHORI</strong></span> <span class='ocrx_word' id='word_1_4' title='bbox 998 145 1250 176; x_wconf 74' lang='lat' dir='ltr'><strong>PATRIARCIUE</strong></span> <span class='ocrx_word' id='word_1_5' title='bbox 1271 145 1326 175; x_wconf 74' lang='lat' dir='ltr'><strong>Cl&quot;.</strong></span> 
     </span>
    </p>
   </div>
   <div class='ocr_carea' id='block_1_3' title="bbox 1782 130 1841 179">
    <p class='ocr_par' dir='ltr' id='par_1_3' title="bbox 1782 130 1841 179">
     <span class='ocr_line' id='line_1_3' title="bbox 1782 130 1841 179; baseline 0.017 -1"><span class='ocrx_word' id='word_1_6' title='bbox 1782 130 1841 179; x_wconf 67' lang='lat'><strong>520</strong></span> 
     </span>
    </p>
   </div>
   <div class='ocr_carea' id='block_1_4' title="bbox 205 193 995 235">
    <p class='ocr_par' dir='ltr' id='par_1_4' title="bbox 205 197 992 231">
     <span class='ocr_line' id='line_1_4' title="bbox 205 197 992 231; baseline -0.004 -4"><span class='ocrx_word' id='word_1_7' title='bbox 205 208 247 227; x_wconf 83' lang='lat' dir='ltr'><strong>ua</strong></span> <span class='ocrx_word' id='word_1_8' title='bbox 273 199 381 226; x_wconf 91' lang='lat' dir='ltr'><strong>illorum</strong></span> <span class='ocrx_word' id='word_1_9' title='bbox 399 203 426 226; x_wconf 90' lang='lat' dir='ltr'><strong>et</strong></span> <span class='ocrx_word' id='word_1_10' title='bbox 442 197 608 226; x_wconf 80' lang='lat' dir='ltr'><strong>imitationea</strong></span> <span class='ocrx_word' id='word_1_11' title='bbox 640 197 754 225; x_wconf 94' lang='lat' dir='ltr'><strong>omnino</strong></span> <span class='ocrx_word' id='word_1_12' title='bbox 787 197 992 231; x_wconf 85' lang='lat' dir='ltr'><strong>exterminavit,</strong></span> 
     </span>
    </p>
   </div>
   <div class='ocr_carea' id='block_1_5' title="bbox 1048 193 1838 235">
    <p class='ocr_par' dir='ltr' id='par_1_5' title="bbox 1048 193 1838 235">
     <span class='ocr_line' id='line_1_5' title="bbox 1048 193 1838 235; baseline 0.005 -12"><span class='ocrx_word' id='word_1_13' title='bbox 1048 205 1074 223; x_wconf 87' lang='grc' dir='ltr'><strong>τε</strong></span> <span class='ocrx_word' id='word_1_14' title='bbox 1094 195 1128 224; x_wconf 80' lang='grc' dir='ltr'>αὖ</span> <span class='ocrx_word' id='word_1_15' title='bbox 1146 198 1193 223; x_wconf 80' lang='grc' dir='ltr'>καὶ</span> <span class='ocrx_word' id='word_1_16' title='bbox 1219 206 1247 223; x_wconf 86' lang='grc' dir='ltr'><strong>τε</strong></span> <span class='ocrx_word' id='word_1_17' title='bbox 1253 197 1332 232; x_wconf 77' lang='grc' dir='ltr'>μένη,</span> <span class='ocrx_word' id='word_1_18' title='bbox 1350 197 1379 223; x_wconf 81' lang='grc' dir='ltr'>ὲν</span> <span class='ocrx_word' id='word_1_19' title='bbox 1397 193 1437 228; x_wconf 71' lang='grc' dir='ltr'>οἷς</span> <span class='ocrx_word' id='word_1_20' title='bbox 1454 197 1508 223; x_wconf 81' lang='grc' dir='ltr'>τῶν</span> <span class='ocrx_word' id='word_1_21' title='bbox 1530 197 1666 234; x_wconf 82' lang='grc' dir='ltr'><strong>βδελυρῶν</strong></span> <span class='ocrx_word' id='word_1_22' title='bbox 1686 197 1838 235; x_wconf 73' lang='grc' dir='ltr'><strong>δαιμονίων</strong></span> 
     </span>
    </p>
   </div>
   <div class='ocr_carea' id='block_1_6' title="bbox 207 243 994 278">
    <p class='ocr_par' dir='ltr' id='par_1_6' title="bbox 207 243 994 278">
     <span class='ocr_line' id='line_1_6' title="bbox 207 243 994 278; baseline 0 -8"><span class='ocrx_word' id='word_1_23' title='bbox 207 243 310 278; x_wconf 84' lang='lat' dir='ltr'><strong>Deique</strong></span> <span class='ocrx_word' id='word_1_24' title='bbox 325 244 457 271; x_wconf 84' lang='lat' dir='ltr'><strong>roborans</strong></span> <span class='ocrx_word' id='word_1_25' title='bbox 467 243 678 276; x_wconf 76' lang='lat' dir='ltr'><strong>confessionem,</strong></span> <span class='ocrx_word' id='word_1_26' title='bbox 692 251 771 271; x_wconf 87' lang='lat' dir='ltr'><strong>sacra</strong></span> <span class='ocrx_word' id='word_1_27' title='bbox 787 243 887 278; x_wconf 89' lang='lat' dir='ltr'><strong>templa</strong></span> <span class='ocrx_word' id='word_1_28' title='bbox 900 248 994 271; x_wconf 85' lang='lat' dir='ltr'><strong>nostra</strong></span> 
     </span>
    </p>
   </div>
   <div class='ocr_carea' id='block_1_7' title="bbox 205 289 997 324">
    <p class='ocr_par' dir='ltr' id='par_1_7' title="bbox 205 289 997 324">
     <span class='ocr_line' id='line_1_7' title="bbox 205 289 997 324; baseline 0 -8"><span class='ocrx_word' id='word_1_29' title='bbox 205 290 329 317; x_wconf 90' lang='lat' dir='ltr'><strong>condidit</strong></span> <span class='ocrx_word' id='word_1_30' title='bbox 368 295 396 317; x_wconf 92' lang='lat' dir='ltr'><strong>et</strong></span> <span class='ocrx_word' id='word_1_31' title='bbox 425 291 553 323; x_wconf 88' lang='lat' dir='ltr'><strong>ornavit,</strong></span> <span class='ocrx_word' id='word_1_32' title='bbox 576 290 769 317; x_wconf 82' lang='lat' dir='ltr'><strong>liberalitatem</strong></span> <span class='ocrx_word' id='word_1_33' title='bbox 796 289 943 324; x_wconf 83' lang='lat' dir='ltr'><strong>plurimam</strong></span> <span class='ocrx_word' id='word_1_34' title='bbox 968 294 997 317; x_wconf 88' lang='lat' dir='ltr'><strong>et</strong></span> 
     </span>
    </p>
   </div>
   <div class='ocr_carea' id='block_1_8' title="bbox 206 333 994 369">
    <p class='ocr_par' dir='ltr' id='par_1_8' title="bbox 206 333 994 369">
     <span class='ocr_line' id='line_1_8' title="bbox 206 333 994 369; baseline -0.003 -8"><span class='ocrx_word' id='word_1_35' title='bbox 206 334 457 369; x_wconf 79' lang='lat' dir='ltr'><strong>magnanimitatem</strong></span> <span class='ocrx_word' id='word_1_36' title='bbox 474 342 538 369; x_wconf 82' lang='lat' dir='ltr'><strong>erga</strong></span> <span class='ocrx_word' id='word_1_37' title='bbox 565 341 597 362; x_wconf 87' lang='lat' dir='ltr'><strong>ea</strong></span> <span class='ocrx_word' id='word_1_38' title='bbox 638 341 810 368; x_wconf 86' lang='lat' dir='ltr'><strong>expromens,</strong></span> <span class='ocrx_word' id='word_1_39' title='bbox 826 333 994 360; x_wconf 88' lang='lat' dir='ltr'><strong>libertatem-</strong></span> 
     </span>
    </p>
   </div>
   <div class='ocr_carea' id='block_1_9' title="bbox 204 378 994 416">
    <p class='ocr_par' dir='ltr' id='par_1_9' title="bbox 204 378 994 416">
     <span class='ocr_line' id='line_1_9' title="bbox 204 378 994 416; baseline -0.001 -9"><span class='ocrx_word' id='word_1_40' title='bbox 204 389 258 416; x_wconf 86' lang='lat' dir='ltr'><strong>que</strong></span> <span class='ocrx_word' id='word_1_41' title='bbox 269 386 296 407; x_wconf 90' lang='lat' dir='ltr'><strong>et</strong></span> <span class='ocrx_word' id='word_1_42' title='bbox 308 380 434 407; x_wconf 84' lang='lat' dir='ltr'><strong>ﬁduciam</strong></span> <span class='ocrx_word' id='word_1_43' title='bbox 449 380 616 408; x_wconf 83' lang='lat' dir='ltr'><strong>Christianis</strong></span> <span class='ocrx_word' id='word_1_44' title='bbox 635 379 751 414; x_wconf 82' lang='lat' dir='ltr'><strong>largitus</strong></span> <span class='ocrx_word' id='word_1_45' title='bbox 761 384 815 406; x_wconf 87' lang='lat' dir='ltr'><strong>est.</strong></span> <span class='ocrx_word' id='word_1_46' title='bbox 829 378 900 412; x_wconf 86' lang='lat' dir='ltr'><strong>Quin</strong></span> <span class='ocrx_word' id='word_1_47' title='bbox 911 379 994 406; x_wconf 89' lang='lat' dir='ltr'><strong>etiam</strong></span> 
     </span>
    </p>
   </div>
   <div class='ocr_carea' id='block_1_10' title="bbox 206 426 995 463">
    <p class='ocr_par' dir='ltr' id='par_1_10' title="bbox 206 426 995 463">
     <span class='ocr_line' id='line_1_10' title="bbox 206 426 995 463; baseline 0 -9"><span class='ocrx_word' id='word_1_48' title='bbox 206 429 232 454; x_wconf 95' lang='lat' dir='ltr'><strong>in</strong></span> <span class='ocrx_word' id='word_1_49' title='bbox 249 427 386 463; x_wconf 75' lang='lat' dir='ltr'><strong>religiosis</strong></span> <span class='ocrx_word' id='word_1_50' title='bbox 410 435 425 455; x_wconf 88' lang='lat' dir='ltr'><strong>a</strong></span> <span class='ocrx_word' id='word_1_51' title='bbox 445 435 475 454; x_wconf 86' lang='lat' dir='ltr'><strong>se</strong></span> <span class='ocrx_word' id='word_1_52' title='bbox 493 426 617 454; x_wconf 81' lang='lat' dir='ltr'><strong>funditus</strong></span> <span class='ocrx_word' id='word_1_53' title='bbox 633 427 779 454; x_wconf 76' lang='lat' dir='ltr'><strong>:ediiicatis</strong></span> <span class='ocrx_word' id='word_1_54' title='bbox 802 427 856 454; x_wconf 88' lang='lat' dir='ltr'><strong>Deo</strong></span> <span class='ocrx_word' id='word_1_55' title='bbox 888 426 995 460; x_wconf 84' lang='lat' dir='ltr'><strong>templis</strong></span> 
     </span>
    </p>
   </div>
   <div class='ocr_carea' id='block_1_11' title="bbox 204 473 995 509">
    <p class='ocr_par' dir='ltr' id='par_1_11' title="bbox 204 473 995 509">
     <span class='ocr_line' id='line_1_11' title="bbox 204 473 995 509; baseline 0 -9"><span class='ocrx_word' id='word_1_56' title='bbox 204 482 280 502; x_wconf 82' lang='lat' dir='ltr'><strong>sacra</strong></span> <span class='ocrx_word' id='word_1_57' title='bbox 291 474 411 509; x_wconf 82' lang='lat' dir='ltr'><strong>symbola</strong></span> <span class='ocrx_word' id='word_1_58' title='bbox 425 482 528 508; x_wconf 72' lang='lat' dir='ltr'><strong>Inagnre</strong></span> <span class='ocrx_word' id='word_1_59' title='bbox 542 474 587 501; x_wconf 90' lang='lat' dir='ltr'><strong>Dei</strong></span> <span class='ocrx_word' id='word_1_60' title='bbox 600 474 769 506; x_wconf 66' lang='lat' dir='ltr'><strong>(ecouomiaa,</strong></span> <span class='ocrx_word' id='word_1_61' title='bbox 780 473 958 508; x_wconf 65' lang='lat' dir='ltr'><strong>prodigia-que</strong></span> <span class='ocrx_word' id='word_1_62' title='bbox 967 477 995 500; x_wconf 86' lang='lat' dir='ltr'><strong>et</strong></span> 
     </span>
    </p>
   </div>
   <div class='ocr_carea' id='block_1_12' title="bbox 203 519 993 554">
    <p class='ocr_par' dir='ltr' id='par_1_12' title="bbox 203 519 993 554">
     <span class='ocr_line' id='line_1_12' title="bbox 203 519 993 554; baseline 0 -8"><span class='ocrx_word' id='word_1_63' title='bbox 203 519 295 546; x_wconf 89' lang='lat' dir='ltr'><strong>divina</strong></span> <span class='ocrx_word' id='word_1_64' title='bbox 313 521 391 554; x_wconf 82' lang='lat' dir='ltr'><strong>signa</strong></span> <span class='ocrx_word' id='word_1_65' title='bbox 409 524 436 546; x_wconf 91' lang='lat' dir='ltr'><strong>et</strong></span> <span class='ocrx_word' id='word_1_66' title='bbox 462 519 564 546; x_wconf 80' lang='lat' dir='ltr'><strong>Christi</strong></span> <span class='ocrx_word' id='word_1_67' title='bbox 586 524 800 554; x_wconf 82' lang='lat' dir='ltr'><strong>sanctorumque</strong></span> <span class='ocrx_word' id='word_1_68' title='bbox 818 519 876 554; x_wconf 79' lang='lat' dir='ltr'><strong>ejus</strong></span> <span class='ocrx_word' id='word_1_69' title='bbox 888 519 993 553; x_wconf 80' lang='lat' dir='ltr'><strong>passio-</strong></span> 
     </span>
    </p>
   </div>
   <div class='ocr_carea' id='block_1_13' title="bbox 204 565 995 600">
    <p class='ocr_par' dir='ltr' id='par_1_13' title="bbox 204 565 995 600">
     <span class='ocr_line' id='line_1_13' title="bbox 204 565 995 600; baseline 0 -8"><span class='ocrx_word' id='word_1_70' title='bbox 204 573 252 593; x_wconf 83' lang='lat' dir='ltr'><strong>nes</strong></span> <span class='ocrx_word' id='word_1_71' title='bbox 266 567 406 600; x_wconf 86' lang='lat' dir='ltr'><strong>perspicue</strong></span> <span class='ocrx_word' id='word_1_72' title='bbox 421 565 583 600; x_wconf 78' lang='lat' dir='ltr'><strong>magnisque</strong></span> <span class='ocrx_word' id='word_1_73' title='bbox 599 565 732 600; x_wconf 78' lang='lat' dir='ltr'><strong>impensis</strong></span> <span class='ocrx_word' id='word_1_74' title='bbox 747 565 933 600; x_wconf 79' lang='lat' dir='ltr'><strong>depingendas</strong></span> <span class='ocrx_word' id='word_1_75' title='bbox 946 573 995 592; x_wconf 92' lang='lat' dir='ltr'><strong>cu-</strong></span> 
     </span>
    </p>
   </div>
   <div class='ocr_carea' id='block_1_14' title="bbox 203 611 995 646">
    <p class='ocr_par' dir='ltr' id='par_1_14' title="bbox 203 611 995 646">
     <span class='ocr_line' id='line_1_14' title="bbox 203 611 995 646; baseline 0 -8"><span class='ocrx_word' id='word_1_76' title='bbox 203 612 284 642; x_wconf 79' lang='lat' dir='ltr'><strong>rarit.</strong></span> <span class='ocrx_word' id='word_1_77' title='bbox 302 612 382 646; x_wconf 89' lang='lat' dir='ltr'><strong>idque</strong></span> <span class='ocrx_word' id='word_1_78' title='bbox 396 611 478 639; x_wconf 86' lang='lat' dir='ltr'><strong>etiam</strong></span> <span class='ocrx_word' id='word_1_79' title='bbox 494 612 520 638; x_wconf 94' lang='lat' dir='ltr'><strong>in</strong></span> <span class='ocrx_word' id='word_1_80' title='bbox 541 611 630 638; x_wconf 80' lang='lat' dir='ltr'><strong>sacris</strong></span> <span class='ocrx_word' id='word_1_81' title='bbox 644 611 717 638; x_wconf 81' lang='lat' dir='ltr'><strong>vasis</strong></span> <span class='ocrx_word' id='word_1_82' title='bbox 735 611 857 645; x_wconf 84' lang='lat' dir='ltr'><strong>alibique</strong></span> <span class='ocrx_word' id='word_1_83' title='bbox 875 611 995 638; x_wconf 78' lang='lat' dir='ltr'><strong>honora-</strong></span> 
     </span>
    </p>
   </div>
   <div class='ocr_carea' id='block_1_15' title="bbox 203 657 996 691">
    <p class='ocr_par' dir='ltr' id='par_1_15' title="bbox 203 657 996 691">
     <span class='ocr_line' id='line_1_15' title="bbox 203 657 996 691; baseline 0.001 -8"><span class='ocrx_word' id='word_1_84' title='bbox 203 657 296 684; x_wconf 86' lang='lat' dir='ltr'><strong>biliter</strong></span> <span class='ocrx_word' id='word_1_85' title='bbox 311 657 410 684; x_wconf 79' lang='lat' dir='ltr'><strong>eﬂecit.</strong></span> <span class='ocrx_word' id='word_1_86' title='bbox 427 657 515 691; x_wconf 79' lang='lat' dir='ltr'><strong>Atque</strong></span> <span class='ocrx_word' id='word_1_87' title='bbox 532 657 596 684; x_wconf 85' lang='lat' dir='ltr'><strong>hinc</strong></span> <span class='ocrx_word' id='word_1_88' title='bbox 610 657 696 684; x_wconf 77' lang='lat' dir='ltr'><strong>sacris</strong></span> <span class='ocrx_word' id='word_1_89' title='bbox 708 658 814 684; x_wconf 63' lang='lat' dir='ltr'><strong>aedibus</strong></span> <span class='ocrx_word' id='word_1_90' title='bbox 828 662 954 684; x_wconf 90' lang='lat' dir='ltr'><strong>ornatum</strong></span> <span class='ocrx_word' id='word_1_91' title='bbox 966 661 996 684; x_wconf 89' lang='lat' dir='ltr'><strong>et</strong></span> 
     </span>
    </p>
   </div>
   <div class='ocr_carea' id='block_1_16' title="bbox 204 702 994 738">
    <p class='ocr_par' dir='ltr' id='par_1_16' title="bbox 204 702 994 738">
     <span class='ocr_line' id='line_1_16' title="bbox 204 702 994 738; baseline 0 -9"><span class='ocrx_word' id='word_1_92' title='bbox 204 703 438 738; x_wconf 84' lang='lat' dir='ltr'><strong>pulchritudinem</strong></span> <span class='ocrx_word' id='word_1_93' title='bbox 466 703 634 734; x_wconf 84' lang='lat' dir='ltr'><strong>conciliavit.</strong></span> <span class='ocrx_word' id='word_1_94' title='bbox 654 703 737 730; x_wconf 84' lang='lat' dir='ltr'><strong>divini</strong></span> <span class='ocrx_word' id='word_1_95' title='bbox 764 702 846 730; x_wconf 83' lang='lat' dir='ltr'><strong>simul</strong></span> <span class='ocrx_word' id='word_1_96' title='bbox 870 703 994 738; x_wconf 88' lang='lat' dir='ltr'><strong>mysterii</strong></span> 
     </span>
    </p>
   </div>
   <div class='ocr_carea' id='block_1_17' title="bbox 204 749 994 784">
    <p class='ocr_par' dir='ltr' id='par_1_17' title="bbox 204 749 994 784">
     <span class='ocr_line' id='line_1_17' title="bbox 204 749 994 784; baseline 0 -8"><span class='ocrx_word' id='word_1_97' title='bbox 204 750 343 784; x_wconf 85' lang='lat' dir='ltr'><strong>explicans</strong></span> <span class='ocrx_word' id='word_1_98' title='bbox 359 750 566 783; x_wconf 82' lang='lat' dir='ltr'><strong>edisserensque</strong></span> <span class='ocrx_word' id='word_1_99' title='bbox 580 749 645 781; x_wconf 82' lang='lat' dir='ltr'><strong>vim,</strong></span> <span class='ocrx_word' id='word_1_100' title='bbox 664 754 691 777; x_wconf 84' lang='lat' dir='ltr'><strong>et</strong></span> <span class='ocrx_word' id='word_1_101' title='bbox 713 754 881 784; x_wconf 84' lang='lat' dir='ltr'><strong>spectatores</strong></span> <span class='ocrx_word' id='word_1_102' title='bbox 899 749 932 776; x_wconf 92' lang='lat' dir='ltr'><strong>ad</strong></span> <span class='ocrx_word' id='word_1_103' title='bbox 948 757 994 776; x_wconf 82' lang='lat' dir='ltr'><strong>re-</strong></span> 
     </span>
    </p>
   </div>
   <div class='ocr_carea' id='block_1_18' title="bbox 205 795 996 831">
    <p class='ocr_par' dir='ltr' id='par_1_18' title="bbox 205 795 996 831">
     <span class='ocr_line' id='line_1_18' title="bbox 205 795 996 831; baseline 0 -10"><span class='ocrx_word' id='word_1_104' title='bbox 205 796 314 831; x_wconf 80' lang='lat' dir='ltr'><strong>ligiOnis</strong></span> <span class='ocrx_word' id='word_1_105' title='bbox 337 797 497 823; x_wconf 87' lang='lat' dir='ltr'><strong>memoriam</strong></span> <span class='ocrx_word' id='word_1_106' title='bbox 520 796 655 828; x_wconf 87' lang='lat' dir='ltr'><strong>excitans,</strong></span> <span class='ocrx_word' id='word_1_107' title='bbox 677 803 710 823; x_wconf 91' lang='lat' dir='ltr'><strong>eo</strong></span> <span class='ocrx_word' id='word_1_108' title='bbox 734 796 814 830; x_wconf 82' lang='lat' dir='ltr'><strong>plane</strong></span> <span class='ocrx_word' id='word_1_109' title='bbox 834 795 916 823; x_wconf 89' lang='lat' dir='ltr'><strong>modo</strong></span> <span class='ocrx_word' id='word_1_110' title='bbox 940 802 996 829; x_wconf 89' lang='lat' dir='ltr'><strong>quo</strong></span> 
     </span>
    </p>
   </div>
   <div class='ocr_carea' id='block_1_19' title="bbox 204 841 994 876">
    <p class='ocr_par' dir='ltr' id='par_1_19' title="bbox 204 841 994 876">
     <span class='ocr_line' id='line_1_19' title="bbox 204 841 994 876; baseline -0.003 -8"><span class='ocrx_word' id='word_1_111' title='bbox 204 847 350 869; x_wconf 78' lang='lat' dir='ltr'><strong>narrantur</strong></span> <span class='ocrx_word' id='word_1_112' title='bbox 363 843 397 869; x_wconf 88' lang='lat' dir='ltr'><strong>ab</strong></span> <span class='ocrx_word' id='word_1_113' title='bbox 422 841 587 876; x_wconf 77' lang='lat' dir='ltr'><strong>Evangeliis,</strong></span> <span class='ocrx_word' id='word_1_114' title='bbox 602 849 662 876; x_wconf 73' lang='lat' dir='ltr'><strong>qua:</strong></span> <span class='ocrx_word' id='word_1_115' title='bbox 679 846 743 868; x_wconf 86' lang='lat' dir='ltr'><strong>sunt</strong></span> <span class='ocrx_word' id='word_1_116' title='bbox 775 842 872 868; x_wconf 89' lang='lat' dir='ltr'><strong>barum</strong></span> <span class='ocrx_word' id='word_1_117' title='bbox 901 848 994 868; x_wconf 88' lang='lat' dir='ltr'><strong>rerum</strong></span> 
     </span>
    </p>
   </div>
   <div class='ocr_carea' id='block_1_20' title="bbox 208 877 1032 923">
    <p class='ocr_par' dir='ltr' id='par_1_20' title="bbox 208 877 1032 923">
     <span class='ocr_line' id='line_1_20' title="bbox 208 877 1032 923; baseline -0.004 -7"><span class='ocrx_word' id='word_1_118' title='bbox 208 889 366 923; x_wconf 78' lang='lat' dir='ltr'><strong>testimonia</strong></span> <span class='ocrx_word' id='word_1_119' title='bbox 389 888 552 916; x_wconf 82' lang='lat' dir='ltr'><strong>indelebilia.</strong></span> <span class='ocrx_word' id='word_1_120' title='bbox 577 888 636 922; x_wconf 90' lang='lat' dir='ltr'><strong>lpsa</strong></span> <span class='ocrx_word' id='word_1_121' title='bbox 660 888 752 922; x_wconf 81' lang='lat' dir='ltr'><strong>itaque</strong></span> <span class='ocrx_word' id='word_1_122' title='bbox 773 887 872 922; x_wconf 88' lang='lat' dir='ltr'><strong>templa</strong></span> <span class='ocrx_word' id='word_1_123' title='bbox 896 894 994 922; x_wconf 82' lang='lat' dir='ltr'><strong>magna</strong></span> <span class='ocrx_word' id='word_1_124' title='bbox 1011 877 1032 907; x_wconf 67' lang='grc' dir='ltr'><strong><em>Β</em></strong></span> 
     </span>
    </p>
   </div>
   <div class='ocr_carea' id='block_1_21' title="bbox 206 932 992 969">
    <p class='ocr_par' dir='ltr' id='par_1_21' title="bbox 206 932 992 969">
     <span class='ocr_line' id='line_1_21' title="bbox 206 932 992 969; baseline -0.001 -8"><span class='ocrx_word' id='word_1_125' title='bbox 206 935 393 968; x_wconf 84' lang='lat' dir='ltr'><strong>immensaque</strong></span> <span class='ocrx_word' id='word_1_126' title='bbox 413 941 480 962; x_wconf 77' lang='lat' dir='ltr'><strong>vore</strong></span> <span class='ocrx_word' id='word_1_127' title='bbox 504 934 695 961; x_wconf 79' lang='lat' dir='ltr'><strong>ot&#39;tliodoxiam</strong></span> <span class='ocrx_word' id='word_1_128' title='bbox 716 933 776 968; x_wconf 85' lang='lat' dir='ltr'><strong>ejus</strong></span> <span class='ocrx_word' id='word_1_129' title='bbox 787 933 908 961; x_wconf 87' lang='lat' dir='ltr'><strong>clamant</strong></span> <span class='ocrx_word' id='word_1_130' title='bbox 923 932 992 969; x_wconf 71' lang='grc'><strong>(94).</strong></span> 
     </span>
    </p>
   </div>
   <div class='ocr_carea' id='block_1_22' title="bbox 206 978 994 1013">
    <p class='ocr_par' dir='ltr' id='par_1_22' title="bbox 206 978 994 1013">
     <span class='ocr_line' id='line_1_22' title="bbox 206 978 994 1013; baseline -0.001 -8"><span class='ocrx_word' id='word_1_131' title='bbox 206 979 301 1013; x_wconf 84' lang='lat' dir='ltr'><strong>Neque</strong></span> <span class='ocrx_word' id='word_1_132' title='bbox 324 986 419 1010; x_wconf 86' lang='lat' dir='ltr'><strong>secus,</strong></span> <span class='ocrx_word' id='word_1_133' title='bbox 445 978 492 1013; x_wconf 90' lang='lat' dir='ltr'><strong>qui</strong></span> <span class='ocrx_word' id='word_1_134' title='bbox 517 982 715 1005; x_wconf 83' lang='lat' dir='ltr'><strong>conservantur</strong></span> <span class='ocrx_word' id='word_1_135' title='bbox 754 978 843 1005; x_wconf 88' lang='lat' dir='ltr'><strong>adhuc</strong></span> <span class='ocrx_word' id='word_1_136' title='bbox 866 985 994 1006; x_wconf 74' lang='lat' dir='ltr'><strong>cusorum</strong></span> 
     </span>
    </p>
   </div>
   <div class='ocr_carea' id='block_1_23' title="bbox 207 1022 994 1060">
    <p class='ocr_par' dir='ltr' id='par_1_23' title="bbox 207 1022 994 1060">
     <span class='ocr_line' id='line_1_23' title="bbox 207 1022 994 1060; baseline -0.003 -8"><span class='ocrx_word' id='word_1_137' title='bbox 207 1025 285 1060; x_wconf 68' lang='grc'><strong>143</strong></span> <span class='ocrx_word' id='word_1_138' title='bbox 302 1025 335 1051; x_wconf 86' lang='lat' dir='ltr'><strong>ab</strong></span> <span class='ocrx_word' id='word_1_139' title='bbox 352 1032 385 1052; x_wconf 88' lang='lat' dir='ltr'><strong>eo</strong></span> <span class='ocrx_word' id='word_1_140' title='bbox 413 1024 608 1051; x_wconf 85' lang='lat' dir='ltr'><strong>uumismatum</strong></span> <span class='ocrx_word' id='word_1_141' title='bbox 628 1024 683 1059; x_wconf 87' lang='lat' dir='ltr'><strong>typi</strong></span> <span class='ocrx_word' id='word_1_142' title='bbox 705 1024 774 1059; x_wconf 82' lang='lat'><strong>(95).</strong></span> <span class='ocrx_word' id='word_1_143' title='bbox 787 1022 856 1051; x_wconf 78' lang='lat' dir='ltr'><strong>Hinc</strong></span> <span class='ocrx_word' id='word_1_144' title='bbox 875 1031 918 1051; x_wconf 88' lang='lat' dir='ltr'><strong>res</strong></span> <span class='ocrx_word' id='word_1_145' title='bbox 933 1024 994 1050; x_wconf 81' lang='lat' dir='ltr'><strong>feli-</strong></span> 
     </span>
    </p>
   </div>
   <div class='ocr_carea' id='block_1_24' title="bbox 206 1069 995 1105">
    <p class='ocr_par' dir='ltr' id='par_1_24' title="bbox 206 1069 995 1105">
     <span class='ocr_line' id='line_1_24' title="bbox 206 1069 995 1105; baseline -0.001 -8"><span class='ocrx_word' id='word_1_146' title='bbox 206 1076 273 1097; x_wconf 77' lang='lat' dir='ltr'><strong>citer</strong></span> <span class='ocrx_word' id='word_1_147' title='bbox 299 1075 390 1105; x_wconf 82' lang='lat' dir='ltr'><strong>gestas</strong></span> <span class='ocrx_word' id='word_1_148' title='bbox 415 1076 571 1104; x_wconf 78' lang='lat' dir='ltr'><strong>cognosce,</strong></span> <span class='ocrx_word' id='word_1_149' title='bbox 603 1071 755 1104; x_wconf 82' lang='lat' dir='ltr'><strong>qualesque</strong></span> <span class='ocrx_word' id='word_1_150' title='bbox 776 1074 805 1097; x_wconf 91' lang='lat' dir='ltr'><strong>et</strong></span> <span class='ocrx_word' id='word_1_151' title='bbox 828 1074 946 1104; x_wconf 89' lang='lat' dir='ltr'><strong>quantas</strong></span> <span class='ocrx_word' id='word_1_152' title='bbox 962 1069 995 1097; x_wconf 82' lang='lat' dir='ltr'><strong>de</strong></span> 
     </span>
    </p>
   </div>
   <div class='ocr_carea' id='block_1_25' title="bbox 205 1116 995 1151">
    <p class='ocr_par' dir='ltr' id='par_1_25' title="bbox 205 1116 995 1151">
     <span class='ocr_line' id='line_1_25' title="bbox 205 1116 995 1151; baseline 0.001 -8"><span class='ocrx_word' id='word_1_153' title='bbox 205 1117 342 1143; x_wconf 75' lang='lat' dir='ltr'><strong>extraneis</strong></span> <span class='ocrx_word' id='word_1_154' title='bbox 358 1116 487 1143; x_wconf 79' lang='lat' dir='ltr'><strong>victorias</strong></span> <span class='ocrx_word' id='word_1_155' title='bbox 504 1116 639 1149; x_wconf 89' lang='lat' dir='ltr'><strong>retulerit,</strong></span> <span class='ocrx_word' id='word_1_156' title='bbox 655 1121 684 1143; x_wconf 87' lang='lat' dir='ltr'><strong>et</strong></span> <span class='ocrx_word' id='word_1_157' title='bbox 701 1117 836 1151; x_wconf 91' lang='lat' dir='ltr'><strong>quomodo</strong></span> <span class='ocrx_word' id='word_1_158' title='bbox 850 1116 887 1143; x_wconf 89' lang='lat' dir='ltr'><strong>illi</strong></span> <span class='ocrx_word' id='word_1_159' title='bbox 908 1117 995 1150; x_wconf 89' lang='lat' dir='ltr'><strong>impe-</strong></span> 
     </span>
    </p>
   </div>
   <div class='ocr_carea' id='block_1_26' title="bbox 206 1159 995 1196">
    <p class='ocr_par' dir='ltr' id='par_1_26' title="bbox 206 1159 995 1196">
     <span class='ocr_line' id='line_1_26' title="bbox 206 1159 995 1196; baseline 0 -8"><span class='ocrx_word' id='word_1_160' title='bbox 206 1163 274 1188; x_wconf 83' lang='lat' dir='ltr'><strong>rium</strong></span> <span class='ocrx_word' id='word_1_161' title='bbox 290 1161 453 1196; x_wconf 84' lang='lat' dir='ltr'><strong>cxcreverit,</strong></span> <span class='ocrx_word' id='word_1_162' title='bbox 469 1166 497 1189; x_wconf 91' lang='lat' dir='ltr'><strong>et</strong></span> <span class='ocrx_word' id='word_1_163' title='bbox 520 1161 574 1188; x_wconf 74' lang='lat' dir='ltr'><strong>vita</strong></span> <span class='ocrx_word' id='word_1_164' title='bbox 593 1168 721 1196; x_wconf 81' lang='lat' dir='ltr'><strong>prospera</strong></span> <span class='ocrx_word' id='word_1_165' title='bbox 747 1159 839 1194; x_wconf 76' lang='lat' dir='ltr'><strong>fuerit,</strong></span> <span class='ocrx_word' id='word_1_166' title='bbox 862 1166 890 1189; x_wconf 91' lang='lat' dir='ltr'><strong>ct</strong></span> <span class='ocrx_word' id='word_1_167' title='bbox 906 1161 995 1189; x_wconf 66' lang='lat' dir='ltr'><strong>aetatis</strong></span> 
     </span>
    </p>
   </div>
   <div class='ocr_carea' id='block_1_27' title="bbox 205 1207 994 1242">
    <p class='ocr_par' dir='ltr' id='par_1_27' title="bbox 205 1207 994 1242">
     <span class='ocr_line' id='line_1_27' title="bbox 205 1207 994 1242; baseline 0 -7"><span class='ocrx_word' id='word_1_168' title='bbox 205 1210 319 1242; x_wconf 81' lang='lat' dir='ltr'><strong>spatium</strong></span> <span class='ocrx_word' id='word_1_169' title='bbox 338 1213 468 1242; x_wconf 89' lang='lat' dir='ltr'><strong>quantum</strong></span> <span class='ocrx_word' id='word_1_170' title='bbox 494 1207 618 1235; x_wconf 68' lang='lat' dir='ltr'><strong>humanae</strong></span> <span class='ocrx_word' id='word_1_171' title='bbox 644 1208 708 1235; x_wconf 59' lang='lat' dir='ltr'><strong>vita</strong></span> <span class='ocrx_word' id='word_1_172' title='bbox 723 1208 830 1235; x_wconf 90' lang='lat' dir='ltr'><strong>abunde</strong></span> <span class='ocrx_word' id='word_1_173' title='bbox 854 1207 994 1241; x_wconf 87' lang='lat' dir='ltr'><strong>convenit,</strong></span> 
     </span>
    </p>
   </div>
   <div class='ocr_carea' id='block_1_28' title="bbox 205 1253 996 1288">
    <p class='ocr_par' dir='ltr' id='par_1_28' title="bbox 205 1253 996 1288">
     <span class='ocr_line' id='line_1_28' title="bbox 205 1253 996 1288; baseline 0 -7"><span class='ocrx_word' id='word_1_174' title='bbox 205 1255 363 1288; x_wconf 78' lang='lat' dir='ltr'><strong>expleverit.</strong></span> <span class='ocrx_word' id='word_1_175' title='bbox 375 1253 444 1287; x_wconf 86' lang='lat' dir='ltr'><strong>Quid</strong></span> <span class='ocrx_word' id='word_1_176' title='bbox 459 1261 527 1288; x_wconf 88' lang='lat' dir='ltr'><strong>opus</strong></span> <span class='ocrx_word' id='word_1_177' title='bbox 538 1258 580 1281; x_wconf 86' lang='lat' dir='ltr'><strong>est</strong></span> <span class='ocrx_word' id='word_1_178' title='bbox 591 1253 771 1288; x_wconf 83' lang='lat' dir='ltr'><strong>diccrequam</strong></span> <span class='ocrx_word' id='word_1_179' title='bbox 786 1253 902 1285; x_wconf 73' lang='lat' dir='ltr'><strong>illustris</strong></span> <span class='ocrx_word' id='word_1_180' title='bbox 913 1258 996 1288; x_wconf 85' lang='lat' dir='ltr'><strong>atque</strong></span> 
     </span>
    </p>
   </div>
   <div class='ocr_carea' id='block_1_29' title="bbox 206 1299 994 1335">
    <p class='ocr_par' dir='ltr' id='par_1_29' title="bbox 206 1299 994 1335">
     <span class='ocr_line' id='line_1_29' title="bbox 206 1299 994 1335; baseline 0 -9"><span class='ocrx_word' id='word_1_181' title='bbox 206 1301 342 1335; x_wconf 70' lang='lat' dir='ltr'><strong>gloriosus</strong></span> <span class='ocrx_word' id='word_1_182' title='bbox 362 1300 450 1334; x_wconf 85' lang='lat' dir='ltr'><strong>quoad</strong></span> <span class='ocrx_word' id='word_1_183' title='bbox 475 1300 544 1326; x_wconf 86' lang='lat' dir='ltr'><strong>vixit</strong></span> <span class='ocrx_word' id='word_1_184' title='bbox 569 1300 729 1327; x_wconf 83' lang='lat' dir='ltr'><strong>exstiterit‘t</strong></span> <span class='ocrx_word' id='word_1_185' title='bbox 746 1299 822 1332; x_wconf 86' lang='lat' dir='ltr'><strong>Quod</strong></span> <span class='ocrx_word' id='word_1_186' title='bbox 838 1299 861 1327; x_wconf 85' lang='lat' dir='ltr'><strong>si</strong></span> <span class='ocrx_word' id='word_1_187' title='bbox 875 1299 994 1328; x_wconf 77' lang='lat' dir='ltr'><strong>:edilica-</strong></span> 
     </span>
    </p>
   </div>
   <div class='ocr_carea' id='block_1_30' title="bbox 207 1344 995 1379">
    <p class='ocr_par' dir='ltr' id='par_1_30' title="bbox 207 1344 995 1379">
     <span class='ocr_line' id='line_1_30' title="bbox 207 1344 995 1379; baseline 0 -8"><span class='ocrx_word' id='word_1_188' title='bbox 207 1347 309 1372; x_wconf 81' lang='lat' dir='ltr'><strong>tionutn</strong></span> <span class='ocrx_word' id='word_1_189' title='bbox 325 1352 407 1379; x_wconf 91' lang='lat' dir='ltr'><strong>opera</strong></span> <span class='ocrx_word' id='word_1_190' title='bbox 419 1344 548 1371; x_wconf 87' lang='lat' dir='ltr'><strong>admirari</strong></span> <span class='ocrx_word' id='word_1_191' title='bbox 561 1344 609 1371; x_wconf 88' lang='lat' dir='ltr'><strong>tibi</strong></span> <span class='ocrx_word' id='word_1_192' title='bbox 623 1344 721 1379; x_wconf 85' lang='lat' dir='ltr'><strong>placet,</strong></span> <span class='ocrx_word' id='word_1_193' title='bbox 740 1351 822 1372; x_wconf 82' lang='lat' dir='ltr'><strong>cerne</strong></span> <span class='ocrx_word' id='word_1_194' title='bbox 834 1344 860 1372; x_wconf 92' lang='lat' dir='ltr'><strong>in</strong></span> <span class='ocrx_word' id='word_1_195' title='bbox 877 1345 995 1372; x_wconf 83' lang='lat' dir='ltr'><strong>transitu</strong></span> 
     </span>
    </p>
   </div>
   <div class='ocr_carea' id='block_1_31' title="bbox 207 1390 996 1426">
    <p class='ocr_par' dir='ltr' id='par_1_31' title="bbox 207 1390 996 1426">
     <span class='ocr_line' id='line_1_31' title="bbox 207 1390 996 1426; baseline 0 -9"><span class='ocrx_word' id='word_1_196' title='bbox 207 1391 367 1426; x_wconf 82' lang='lat' dir='ltr'><strong>Byzantium</strong></span> <span class='ocrx_word' id='word_1_197' title='bbox 398 1391 424 1417; x_wconf 92' lang='lat' dir='ltr'><strong>in</strong></span> <span class='ocrx_word' id='word_1_198' title='bbox 444 1395 574 1425; x_wconf 87' lang='lat' dir='ltr'><strong>quantam</strong></span> <span class='ocrx_word' id='word_1_199' title='bbox 603 1390 716 1424; x_wconf 77' lang='lat' dir='ltr'><strong>gloriam</strong></span> <span class='ocrx_word' id='word_1_200' title='bbox 741 1397 924 1426; x_wconf 89' lang='lat' dir='ltr'><strong>ornatumque</strong></span> <span class='ocrx_word' id='word_1_201' title='bbox 945 1399 996 1419; x_wconf 85' lang='lat' dir='ltr'><strong>ex-</strong></span> 
     </span>
    </p>
   </div>
   <div class='ocr_carea' id='block_1_32' title="bbox 209 1436 996 1471">
    <p class='ocr_par' dir='ltr' id='par_1_32' title="bbox 209 1436 996 1471">
     <span class='ocr_line' id='line_1_32' title="bbox 209 1436 996 1471; baseline 0 -7"><span class='ocrx_word' id='word_1_202' title='bbox 209 1437 319 1469; x_wconf 85' lang='lat' dir='ltr'><strong>tulerit,</strong></span> <span class='ocrx_word' id='word_1_203' title='bbox 344 1441 486 1471; x_wconf 82' lang='lat' dir='ltr'><strong>tantopere</strong></span> <span class='ocrx_word' id='word_1_204' title='bbox 505 1444 618 1471; x_wconf 79' lang='lat' dir='ltr'><strong>augens,</strong></span> <span class='ocrx_word' id='word_1_205' title='bbox 641 1436 764 1471; x_wconf 88' lang='lat' dir='ltr'><strong>pulchris</strong></span> <span class='ocrx_word' id='word_1_206' title='bbox 790 1437 927 1464; x_wconf 84' lang='lat' dir='ltr'><strong>moenibus</strong></span> <span class='ocrx_word' id='word_1_207' title='bbox 950 1444 996 1464; x_wconf 90' lang='lat' dir='ltr'><strong>se-</strong></span> 
     </span>
    </p>
   </div>
   <div class='ocr_carea' id='block_1_33' title="bbox 208 1483 995 1520">
    <p class='ocr_par' dir='ltr' id='par_1_33' title="bbox 208 1483 995 1520">
     <span class='ocr_line' id='line_1_33' title="bbox 208 1483 995 1520; baseline 0.001 -9"><span class='ocrx_word' id='word_1_208' title='bbox 208 1486 326 1519; x_wconf 86' lang='lat' dir='ltr'><strong>ptisque,</strong></span> <span class='ocrx_word' id='word_1_209' title='bbox 345 1489 425 1518; x_wconf 89' lang='lat' dir='ltr'><strong>prout</strong></span> <span class='ocrx_word' id='word_1_210' title='bbox 447 1483 573 1510; x_wconf 89' lang='lat' dir='ltr'><strong>idoneum</strong></span> <span class='ocrx_word' id='word_1_211' title='bbox 587 1488 646 1510; x_wconf 89' lang='lat' dir='ltr'><strong>erat</strong></span> <span class='ocrx_word' id='word_1_212' title='bbox 664 1484 829 1518; x_wconf 66' lang='lat' dir='ltr'><strong>recipiendae</strong></span> <span class='ocrx_word' id='word_1_213' title='bbox 845 1485 925 1520; x_wconf 68' lang='lat' dir='ltr'><strong>regiae</strong></span> <span class='ocrx_word' id='word_1_214' title='bbox 938 1483 995 1512; x_wconf 83' lang='lat' dir='ltr'><strong>Ro-</strong></span> 
     </span>
    </p>
   </div>
   <div class='ocr_carea' id='block_1_34' title="bbox 209 1528 992 1558">
    <p class='ocr_par' dir='ltr' id='par_1_34' title="bbox 209 1528 992 1558">
     <span class='ocr_line' id='line_1_34' title="bbox 209 1528 992 1558; baseline 0.001 -2"><span class='ocrx_word' id='word_1_215' title='bbox 209 1537 351 1557; x_wconf 78' lang='lat' dir='ltr'><strong>manorum</strong></span> <span class='ocrx_word' id='word_1_216' title='bbox 386 1528 507 1556; x_wconf 83' lang='lat' dir='ltr'><strong>stationi.</strong></span> <span class='ocrx_word' id='word_1_217' title='bbox 543 1529 599 1556; x_wconf 84' lang='lat' dir='ltr'><strong>Cur</strong></span> <span class='ocrx_word' id='word_1_218' title='bbox 628 1536 784 1557; x_wconf 76' lang='lat' dir='ltr'><strong>enumerent</strong></span> <span class='ocrx_word' id='word_1_219' title='bbox 817 1530 992 1558; x_wconf 72' lang='lat' dir='ltr'><strong>mdillciorum</strong></span> 
     </span>
    </p>
   </div>
   <div class='ocr_carea' id='block_1_35' title="bbox 209 1573 993 1608">
    <p class='ocr_par' dir='ltr' id='par_1_35' title="bbox 209 1573 993 1608">
     <span class='ocr_line' id='line_1_35' title="bbox 209 1573 993 1608; baseline 0 -7"><span class='ocrx_word' id='word_1_220' title='bbox 209 1574 410 1602; x_wconf 86' lang='lat' dir='ltr'><strong>multitudinem</strong></span> <span class='ocrx_word' id='word_1_221' title='bbox 434 1581 466 1600; x_wconf 86' lang='lat' dir='ltr'><strong>ac</strong></span> <span class='ocrx_word' id='word_1_222' title='bbox 489 1573 714 1608; x_wconf 74' lang='lat' dir='ltr'><strong>magnitudinem,</strong></span> <span class='ocrx_word' id='word_1_223' title='bbox 732 1574 830 1608; x_wconf 82' lang='lat' dir='ltr'><strong>quibus</strong></span> <span class='ocrx_word' id='word_1_224' title='bbox 855 1581 888 1601; x_wconf 85' lang='lat' dir='ltr'><strong>ex</strong></span> <span class='ocrx_word' id='word_1_225' title='bbox 903 1575 993 1602; x_wconf 88' lang='lat' dir='ltr'><strong>omni-</strong></span> 
     </span>
    </p>
   </div>
   <div class='ocr_carea' id='block_1_36' title="bbox 210 1619 997 1654">
    <p class='ocr_par' dir='ltr' id='par_1_36' title="bbox 210 1619 997 1654">
     <span class='ocr_line' id='line_1_36' title="bbox 210 1619 997 1654; baseline 0 -7"><span class='ocrx_word' id='word_1_226' title='bbox 210 1620 261 1647; x_wconf 85' lang='lat' dir='ltr'><strong>bus</strong></span> <span class='ocrx_word' id='word_1_227' title='bbox 278 1627 412 1647; x_wconf 85' lang='lat' dir='ltr'><strong>summam</strong></span> <span class='ocrx_word' id='word_1_228' title='bbox 432 1624 474 1646; x_wconf 89' lang='lat' dir='ltr'><strong>est</strong></span> <span class='ocrx_word' id='word_1_229' title='bbox 491 1619 606 1654; x_wconf 82' lang='lat' dir='ltr'><strong>gloriam</strong></span> <span class='ocrx_word' id='word_1_230' title='bbox 621 1620 745 1654; x_wconf 73' lang='lat' dir='ltr'><strong>adeptusl</strong></span> <span class='ocrx_word' id='word_1_231' title='bbox 763 1628 823 1654; x_wconf 75' lang='lat' dir='ltr'><strong>qua:</strong></span> <span class='ocrx_word' id='word_1_232' title='bbox 852 1627 940 1654; x_wconf 87' lang='lat' dir='ltr'><strong>neque</strong></span> <span class='ocrx_word' id='word_1_233' title='bbox 956 1620 997 1647; x_wconf 94' lang='lat' dir='ltr'><strong>vi-</strong></span> 
     </span>
    </p>
   </div>
   <div class='ocr_carea' id='block_1_37' title="bbox 210 1664 994 1700">
    <p class='ocr_par' dir='ltr' id='par_1_37' title="bbox 210 1664 994 1700">
     <span class='ocr_line' id='line_1_37' title="bbox 210 1664 994 1700; baseline 0 -8"><span class='ocrx_word' id='word_1_234' title='bbox 210 1665 334 1693; x_wconf 82' lang='lat' dir='ltr'><strong>sentibus</strong></span> <span class='ocrx_word' id='word_1_235' title='bbox 351 1664 432 1692; x_wconf 81' lang='lat' dir='ltr'><strong>facile</strong></span> <span class='ocrx_word' id='word_1_236' title='bbox 445 1669 487 1692; x_wconf 87' lang='lat' dir='ltr'><strong>est</strong></span> <span class='ocrx_word' id='word_1_237' title='bbox 510 1665 752 1699; x_wconf 82' lang='lat' dir='ltr'><strong>comprehendere,</strong></span> <span class='ocrx_word' id='word_1_238' title='bbox 768 1672 856 1700; x_wconf 90' lang='lat' dir='ltr'><strong>neque</strong></span> <span class='ocrx_word' id='word_1_239' title='bbox 876 1666 994 1693; x_wconf 85' lang='lat' dir='ltr'><strong>scriben-</strong></span> 
     </span>
    </p>
   </div>
   <div class='ocr_carea' id='block_1_38' title="bbox 212 1709 998 1745">
    <p class='ocr_par' dir='ltr' id='par_1_38' title="bbox 212 1709 998 1745">
     <span class='ocr_line' id='line_1_38' title="bbox 212 1709 998 1745; baseline 0 -8"><span class='ocrx_word' id='word_1_240' title='bbox 212 1711 283 1737; x_wconf 85' lang='lat' dir='ltr'><strong>tibus</strong></span> <span class='ocrx_word' id='word_1_241' title='bbox 309 1709 439 1744; x_wconf 86' lang='lat' dir='ltr'><strong>possibile</strong></span> <span class='ocrx_word' id='word_1_242' title='bbox 463 1715 506 1737; x_wconf 87' lang='lat' dir='ltr'><strong>est</strong></span> <span class='ocrx_word' id='word_1_243' title='bbox 533 1717 682 1744; x_wconf 76' lang='lat' dir='ltr'><strong>exponere.</strong></span> <span class='ocrx_word' id='word_1_244' title='bbox 705 1709 790 1745; x_wconf 80' lang='lat' dir='ltr'><strong>Perge</strong></span> <span class='ocrx_word' id='word_1_245' title='bbox 804 1717 897 1744; x_wconf 88' lang='lat' dir='ltr'><strong>porro,</strong></span> <span class='ocrx_word' id='word_1_246' title='bbox 918 1715 947 1737; x_wconf 90' lang='lat' dir='ltr'><strong>et</strong></span> <span class='ocrx_word' id='word_1_247' title='bbox 964 1710 998 1737; x_wconf 87' lang='lat' dir='ltr'><strong>ad</strong></span> 
     </span>
    </p>
   </div>
   <div class='ocr_carea' id='block_1_39' title="bbox 211 1755 998 1790">
    <p class='ocr_par' dir='ltr' id='par_1_39' title="bbox 211 1755 998 1790">
     <span class='ocr_line' id='line_1_39' title="bbox 211 1755 998 1790; baseline -0.001 -7"><span class='ocrx_word' id='word_1_248' title='bbox 211 1757 338 1790; x_wconf 75' lang='lat' dir='ltr'><strong>sequiora</strong></span> <span class='ocrx_word' id='word_1_249' title='bbox 362 1760 484 1790; x_wconf 88' lang='lat' dir='ltr'><strong>tempora</strong></span> <span class='ocrx_word' id='word_1_250' title='bbox 503 1755 633 1788; x_wconf 85' lang='lat' dir='ltr'><strong>veniens,</strong></span> <span class='ocrx_word' id='word_1_251' title='bbox 650 1755 725 1783; x_wconf 86' lang='lat' dir='ltr'><strong>disce</strong></span> <span class='ocrx_word' id='word_1_252' title='bbox 751 1763 813 1790; x_wconf 76' lang='lat' dir='ltr'><strong>qua:</strong></span> <span class='ocrx_word' id='word_1_253' title='bbox 839 1760 899 1790; x_wconf 89' lang='lat' dir='ltr'><strong>post</strong></span> <span class='ocrx_word' id='word_1_254' title='bbox 923 1755 998 1783; x_wconf 82' lang='lat' dir='ltr'><strong>illurn</strong></span> 
     </span>
    </p>
   </div>
   <div class='ocr_carea' id='block_1_40' title="bbox 212 1801 997 1837">
    <p class='ocr_par' dir='ltr' id='par_1_40' title="bbox 212 1801 997 1837">
     <span class='ocr_line' id='line_1_40' title="bbox 212 1801 997 1837; baseline 0 -8"><span class='ocrx_word' id='word_1_255' title='bbox 212 1810 289 1837; x_wconf 78' lang='lat' dir='ltr'><strong>reges</strong></span> <span class='ocrx_word' id='word_1_256' title='bbox 321 1801 484 1829; x_wconf 77' lang='lat' dir='ltr'><strong>rectitudine</strong></span> <span class='ocrx_word' id='word_1_257' title='bbox 517 1802 672 1836; x_wconf 84' lang='lat' dir='ltr'><strong>dogmatum</strong></span> <span class='ocrx_word' id='word_1_258' title='bbox 709 1802 813 1836; x_wconf 66' lang='lat' dir='ltr'><strong>praediti</strong></span> <span class='ocrx_word' id='word_1_259' title='bbox 844 1801 997 1829; x_wconf 81' lang='lat' dir='ltr'><strong>eﬂccerint.</strong></span> 
     </span>
    </p>
   </div>
   <div class='ocr_carea' id='block_1_41' title="bbox 211 1847 999 1882">
    <p class='ocr_par' dir='ltr' id='par_1_41' title="bbox 211 1847 999 1882">
     <span class='ocr_line' id='line_1_41' title="bbox 211 1847 999 1882; baseline 0.001 -8"><span class='ocrx_word' id='word_1_260' title='bbox 211 1848 309 1882; x_wconf 83' lang='lat' dir='ltr'><strong>Specta</strong></span> <span class='ocrx_word' id='word_1_261' title='bbox 327 1848 405 1881; x_wconf 89' lang='lat' dir='ltr'><strong>mihi,</strong></span> <span class='ocrx_word' id='word_1_262' title='bbox 433 1848 455 1874; x_wconf 90' lang='lat' dir='ltr'><strong>si</strong></span> <span class='ocrx_word' id='word_1_263' title='bbox 482 1847 535 1881; x_wconf 87' lang='lat' dir='ltr'><strong>vis,</strong></span> <span class='ocrx_word' id='word_1_264' title='bbox 562 1847 755 1880; x_wconf 87' lang='lat' dir='ltr'><strong>Theodosium,</strong></span> <span class='ocrx_word' id='word_1_265' title='bbox 780 1852 809 1874; x_wconf 90' lang='lat' dir='ltr'><strong>ut</strong></span> <span class='ocrx_word' id='word_1_266' title='bbox 823 1848 857 1875; x_wconf 91' lang='lat' dir='ltr'><strong>de</strong></span> <span class='ocrx_word' id='word_1_267' title='bbox 876 1847 999 1875; x_wconf 75' lang='lat' dir='ltr'><strong>aediﬁciis</strong></span> 
     </span>
    </p>
   </div>
   <div class='ocr_carea' id='block_1_42' title="bbox 211 1893 1000 1928">
    <p class='ocr_par' dir='ltr' id='par_1_42' title="bbox 211 1893 1000 1928">
     <span class='ocr_line' id='line_1_42' title="bbox 211 1893 1000 1928; baseline -0.001 -7"><span class='ocrx_word' id='word_1_268' title='bbox 211 1901 366 1922; x_wconf 84' lang='lat' dir='ltr'><strong>sermonem</strong></span> <span class='ocrx_word' id='word_1_269' title='bbox 381 1894 548 1925; x_wconf 86' lang='lat' dir='ltr'><strong>continuem,</strong></span> <span class='ocrx_word' id='word_1_270' title='bbox 568 1899 698 1928; x_wconf 88' lang='lat' dir='ltr'><strong>quantum</strong></span> <span class='ocrx_word' id='word_1_271' title='bbox 722 1893 847 1920; x_wconf 87' lang='lat' dir='ltr'><strong>eamdem</strong></span> <span class='ocrx_word' id='word_1_272' title='bbox 865 1893 1000 1921; x_wconf 82' lang='lat' dir='ltr'><strong>Constan-</strong></span> 
     </span>
    </p>
   </div>
   <div class='ocr_carea' id='block_1_43' title="bbox 211 1939 998 1975">
    <p class='ocr_par' dir='ltr' id='par_1_43' title="bbox 211 1939 998 1975">
     <span class='ocr_line' id='line_1_43' title="bbox 211 1939 998 1975; baseline 0 -8"><span class='ocrx_word' id='word_1_273' title='bbox 211 1941 261 1968; x_wconf 89' lang='lat' dir='ltr'><strong>tini</strong></span> <span class='ocrx_word' id='word_1_274' title='bbox 279 1941 373 1967; x_wconf 89' lang='lat' dir='ltr'><strong>urbem</strong></span> <span class='ocrx_word' id='word_1_275' title='bbox 392 1939 563 1975; x_wconf 85' lang='lat' dir='ltr'><strong>ampliaverit</strong></span> <span class='ocrx_word' id='word_1_276' title='bbox 575 1947 607 1966; x_wconf 92' lang='lat' dir='ltr'><strong>ac</strong></span> <span class='ocrx_word' id='word_1_277' title='bbox 618 1939 844 1974; x_wconf 84' lang='lat' dir='ltr'><strong>magniﬁcaverit,</strong></span> <span class='ocrx_word' id='word_1_278' title='bbox 861 1944 888 1966; x_wconf 88' lang='lat' dir='ltr'><strong>et</strong></span> <span class='ocrx_word' id='word_1_279' title='bbox 905 1939 998 1974; x_wconf 85' lang='lat' dir='ltr'><strong>qualia</strong></span> 
     </span>
    </p>
   </div>
   <div class='ocr_carea' id='block_1_44' title="bbox 213 1983 995 2019">
    <p class='ocr_par' dir='ltr' id='par_1_44' title="bbox 213 1983 995 2019">
     <span class='ocr_line' id='line_1_44' title="bbox 213 1983 995 2019; baseline 0.001 -7"><span class='ocrx_word' id='word_1_280' title='bbox 213 1985 324 2019; x_wconf 86' lang='lat' dir='ltr'><strong>templa,</strong></span> <span class='ocrx_word' id='word_1_281' title='bbox 343 1988 435 2019; x_wconf 89' lang='lat' dir='ltr'><strong>utpote</strong></span> <span class='ocrx_word' id='word_1_282' title='bbox 447 1985 570 2011; x_wconf 85' lang='lat' dir='ltr'><strong>eamdem</strong></span> <span class='ocrx_word' id='word_1_283' title='bbox 581 1991 614 2011; x_wconf 84' lang='lat' dir='ltr'><strong>ac</strong></span> <span class='ocrx_word' id='word_1_284' title='bbox 629 1983 746 2017; x_wconf 80' lang='lat' dir='ltr'><strong>majores</strong></span> <span class='ocrx_word' id='word_1_285' title='bbox 765 1985 806 2011; x_wconf 84' lang='lat' dir='ltr'><strong>sui</strong></span> <span class='ocrx_word' id='word_1_286' title='bbox 824 1985 995 2013; x_wconf 81' lang='lat' dir='ltr'><strong>orthodoxia:</strong></span> 
     </span>
    </p>
   </div>
   <div class='ocr_carea' id='block_1_45' title="bbox 212 2028 1000 2063">
    <p class='ocr_par' dir='ltr' id='par_1_45' title="bbox 212 2028 1000 2063">
     <span class='ocr_line' id='line_1_45' title="bbox 212 2028 1000 2063; baseline 0.001 -7"><span class='ocrx_word' id='word_1_287' title='bbox 212 2030 344 2056; x_wconf 82' lang='lat' dir='ltr'><strong>rationem</strong></span> <span class='ocrx_word' id='word_1_288' title='bbox 362 2029 492 2061; x_wconf 83' lang='lat' dir='ltr'><strong>retinens,</strong></span> <span class='ocrx_word' id='word_1_289' title='bbox 508 2029 648 2056; x_wconf 82' lang='lat' dir='ltr'><strong>struxerit.</strong></span> <span class='ocrx_word' id='word_1_290' title='bbox 670 2028 775 2063; x_wconf 77' lang='lat' dir='ltr'><strong>chuta</strong></span> <span class='ocrx_word' id='word_1_291' title='bbox 792 2036 924 2056; x_wconf 74' lang='lat' dir='ltr'><strong>uitiorum</strong></span> <span class='ocrx_word' id='word_1_292' title='bbox 947 2038 1000 2057; x_wconf 77' lang='lat' dir='ltr'><strong>nu-</strong></span> 
     </span>
    </p>
   </div>
   <div class='ocr_carea' id='block_1_46' title="bbox 211 2075 996 2111">
    <p class='ocr_par' dir='ltr' id='par_1_46' title="bbox 211 2075 996 2111">
     <span class='ocr_line' id='line_1_46' title="bbox 211 2075 996 2111; baseline 0.001 -9"><span class='ocrx_word' id='word_1_293' title='bbox 211 2084 327 2108; x_wconf 84' lang='lat' dir='ltr'><strong>merum.</strong></span> <span class='ocrx_word' id='word_1_294' title='bbox 355 2076 401 2111; x_wconf 87' lang='lat' dir='ltr'><strong>qui</strong></span> <span class='ocrx_word' id='word_1_295' title='bbox 433 2075 480 2102; x_wconf 89' lang='lat' dir='ltr'><strong>tibi</strong></span> <span class='ocrx_word' id='word_1_296' title='bbox 511 2075 630 2102; x_wconf 87' lang='lat' dir='ltr'><strong>maxime</strong></span> <span class='ocrx_word' id='word_1_297' title='bbox 653 2075 727 2101; x_wconf 90' lang='lat' dir='ltr'><strong>cordi</strong></span> <span class='ocrx_word' id='word_1_298' title='bbox 747 2079 788 2101; x_wconf 84' lang='lat' dir='ltr'><strong>est</strong></span> <span class='ocrx_word' id='word_1_299' title='bbox 806 2079 833 2102; x_wconf 91' lang='lat' dir='ltr'><strong>ct</strong></span> <span class='ocrx_word' id='word_1_300' title='bbox 857 2076 996 2110; x_wconf 86' lang='lat' dir='ltr'><strong>optabilis,</strong></span> 
     </span>
    </p>
   </div>
   <div class='ocr_carea' id='block_1_47' title="bbox 211 2121 997 2158">
    <p class='ocr_par' dir='ltr' id='par_1_47' title="bbox 211 2121 997 2158">
     <span class='ocr_line' id='line_1_47' title="bbox 211 2121 997 2158; baseline 0.001 -9"><span class='ocrx_word' id='word_1_301' title='bbox 211 2123 288 2158; x_wconf 81' lang='lat' dir='ltr'><strong>regni</strong></span> <span class='ocrx_word' id='word_1_302' title='bbox 305 2122 363 2157; x_wconf 83' lang='lat' dir='ltr'><strong>ejus</strong></span> <span class='ocrx_word' id='word_1_303' title='bbox 376 2122 573 2157; x_wconf 82' lang='lat' dir='ltr'><strong>prolixitatem,</strong></span> <span class='ocrx_word' id='word_1_304' title='bbox 587 2126 613 2147; x_wconf 90' lang='lat' dir='ltr'><strong>tu</strong></span> <span class='ocrx_word' id='word_1_305' title='bbox 626 2121 671 2156; x_wconf 89' lang='lat' dir='ltr'><strong>qui</strong></span> <span class='ocrx_word' id='word_1_306' title='bbox 685 2122 890 2149; x_wconf 89' lang='lat' dir='ltr'><strong>diuturnitatem</strong></span> <span class='ocrx_word' id='word_1_307' title='bbox 907 2122 933 2149; x_wconf 91' lang='lat' dir='ltr'><strong>in</strong></span> <span class='ocrx_word' id='word_1_308' title='bbox 946 2123 997 2150; x_wconf 85' lang='lat' dir='ltr'><strong>hoc</strong></span> 
     </span>
    </p>
   </div>
   <div class='ocr_carea' id='block_1_48' title="bbox 212 2165 997 2202">
    <p class='ocr_par' dir='ltr' id='par_1_48' title="bbox 212 2165 997 2202">
     <span class='ocr_line' id='line_1_48' title="bbox 212 2165 997 2202; baseline 0 -7"><span class='ocrx_word' id='word_1_309' title='bbox 212 2168 311 2195; x_wconf 85' lang='lat' dir='ltr'><strong>mundo</strong></span> <span class='ocrx_word' id='word_1_310' title='bbox 323 2172 446 2202; x_wconf 82' lang='lat' dir='ltr'><strong>exoptas,</strong></span> <span class='ocrx_word' id='word_1_311' title='bbox 459 2172 487 2194; x_wconf 89' lang='lat' dir='ltr'><strong>et</strong></span> <span class='ocrx_word' id='word_1_312' title='bbox 499 2165 586 2194; x_wconf 81' lang='lat' dir='ltr'><strong>ﬂuxas</strong></span> <span class='ocrx_word' id='word_1_313' title='bbox 599 2174 642 2193; x_wconf 86' lang='lat' dir='ltr'><strong>res</strong></span> <span class='ocrx_word' id='word_1_314' title='bbox 662 2167 858 2195; x_wconf 76' lang='lat' dir='ltr'><strong>absurdissima</strong></span> <span class='ocrx_word' id='word_1_315' title='bbox 875 2168 997 2195; x_wconf 88' lang='lat' dir='ltr'><strong>adamas.</strong></span> 
     </span>
    </p>
   </div>
   <div class='ocr_carea' id='block_1_49' title="bbox 1045 242 1842 280">
    <p class='ocr_par' dir='ltr' id='par_1_49' title="bbox 1045 242 1842 280">
     <span class='ocr_line' id='line_1_49' title="bbox 1045 242 1842 280; baseline 0.005 -12"><span class='ocrx_word' id='word_1_316' title='bbox 1045 242 1200 269; x_wconf 83' lang='grc' dir='ltr'>ὲπετελείτο</span> <span class='ocrx_word' id='word_1_317' title='bbox 1213 243 1229 277; x_wconf 80' lang='grc' dir='ltr'>ἡ</span> <span class='ocrx_word' id='word_1_318' title='bbox 1242 242 1387 277; x_wconf 79' lang='grc' dir='ltr'><strong>Θεραπεία,</strong></span> <span class='ocrx_word' id='word_1_319' title='bbox 1406 243 1438 269; x_wconf 82' lang='grc' dir='ltr'>ἐκ</span> <span class='ocrx_word' id='word_1_320' title='bbox 1453 242 1563 278; x_wconf 78' lang='grc' dir='ltr'>βάθρων</span> <span class='ocrx_word' id='word_1_321' title='bbox 1578 242 1670 270; x_wconf 79' lang='grc' dir='ltr'>αὐτῶν</span> <span class='ocrx_word' id='word_1_322' title='bbox 1685 252 1842 280; x_wconf 83' lang='grc' dir='ltr'>καταστρε-</span> 
     </span>
    </p>
   </div>
   <div class='ocr_carea' id='block_1_50' title="bbox 1045 287 1842 325">
    <p class='ocr_par' dir='ltr' id='par_1_50' title="bbox 1045 287 1842 325">
     <span class='ocr_line' id='line_1_50' title="bbox 1045 287 1842 325; baseline 0.005 -11"><span class='ocrx_word' id='word_1_323' title='bbox 1045 287 1177 323; x_wconf 72' lang='grc' dir='ltr'>ψάμενος,</span> <span class='ocrx_word' id='word_1_324' title='bbox 1196 287 1294 319; x_wconf 80' lang='grc' dir='ltr'><strong>θυσίας</strong></span> <span class='ocrx_word' id='word_1_325' title='bbox 1308 296 1338 314; x_wconf 86' lang='grc' dir='ltr'><strong>τε</strong></span> <span class='ocrx_word' id='word_1_326' title='bbox 1358 288 1448 315; x_wconf 79' lang='grc' dir='ltr'>αὐτῶν</span> <span class='ocrx_word' id='word_1_327' title='bbox 1472 289 1521 314; x_wconf 76' lang='grc' dir='ltr'>καὶ</span> <span class='ocrx_word' id='word_1_328' title='bbox 1541 289 1654 320; x_wconf 85' lang='grc' dir='ltr'>τελετὰς</span> <span class='ocrx_word' id='word_1_329' title='bbox 1670 290 1787 325; x_wconf 82' lang='grc' dir='ltr'><strong>πάμπαν</strong></span> <span class='ocrx_word' id='word_1_330' title='bbox 1807 291 1842 318; x_wconf 79' lang='grc' dir='ltr'>ἐκ</span> 
     </span>
    </p>
   </div>
   <div class='ocr_carea' id='block_1_51' title="bbox 1048 333 1842 372">
    <p class='ocr_par' dir='ltr' id='par_1_51' title="bbox 1048 333 1842 372">
     <span class='ocr_line' id='line_1_51' title="bbox 1048 333 1842 372; baseline 0.005 -12"><span class='ocrx_word' id='word_1_331' title='bbox 1048 334 1137 360; x_wconf 81' lang='grc' dir='ltr'><strong>ποδῶν</strong></span> <span class='ocrx_word' id='word_1_332' title='bbox 1163 333 1362 369; x_wconf 79' lang='grc' dir='ltr'>ἐργαζόμενος,</span> <span class='ocrx_word' id='word_1_333' title='bbox 1386 333 1436 366; x_wconf 78' lang='grc' dir='ltr'>τὰς</span> <span class='ocrx_word' id='word_1_334' title='bbox 1458 333 1488 360; x_wconf 79' lang='grc' dir='ltr'>δὲ</span> <span class='ocrx_word' id='word_1_335' title='bbox 1511 335 1580 370; x_wconf 78' lang='grc' dir='ltr'>πρὸς</span> <span class='ocrx_word' id='word_1_336' title='bbox 1601 336 1668 362; x_wconf 81' lang='grc' dir='ltr'>Θεὸν</span> <span class='ocrx_word' id='word_1_337' title='bbox 1693 337 1842 372; x_wconf 79' lang='grc' dir='ltr'><strong>κρατύνων</strong></span> 
     </span>
    </p>
   </div>
   <div class='ocr_carea' id='block_1_52' title="bbox 1045 379 1841 418">
    <p class='ocr_par' dir='ltr' id='par_1_52' title="bbox 1045 379 1841 418">
     <span class='ocr_line' id='line_1_52' title="bbox 1045 379 1841 418; baseline 0.006 -13"><span class='ocrx_word' id='word_1_338' title='bbox 1045 380 1204 414; x_wconf 71' lang='grc' dir='ltr'><strong>ὁμολογίας,</strong></span> <span class='ocrx_word' id='word_1_339' title='bbox 1221 380 1286 412; x_wconf 81' lang='grc' dir='ltr'>τοὺς</span> <span class='ocrx_word' id='word_1_340' title='bbox 1302 379 1363 406; x_wconf 81' lang='grc' dir='ltr'>καθ’</span> <span class='ocrx_word' id='word_1_341' title='bbox 1376 381 1452 415; x_wconf 84' lang='grc' dir='ltr'>ἡμᾶς</span> <span class='ocrx_word' id='word_1_342' title='bbox 1472 381 1563 416; x_wconf 76' lang='grc' dir='ltr'>ἱεροὺς</span> <span class='ocrx_word' id='word_1_343' title='bbox 1577 382 1658 413; x_wconf 80' lang='grc' dir='ltr'>ναοὺς</span> <span class='ocrx_word' id='word_1_344' title='bbox 1668 382 1841 418; x_wconf 80' lang='grc' dir='ltr'>ἀνεστήσατο</span> 
     </span>
    </p>
   </div>
   <div class='ocr_carea' id='block_1_53' title="bbox 1045 426 1841 464">
    <p class='ocr_par' dir='ltr' id='par_1_53' title="bbox 1045 426 1841 464">
     <span class='ocr_line' id='line_1_53' title="bbox 1045 426 1841 464; baseline 0.005 -12"><span class='ocrx_word' id='word_1_345' title='bbox 1045 427 1093 452; x_wconf 77' lang='grc' dir='ltr'>καὶ</span> <span class='ocrx_word' id='word_1_346' title='bbox 1110 426 1259 461; x_wconf 80' lang='grc' dir='ltr'>ὲφαίδρυνε</span> <span class='ocrx_word' id='word_1_347' title='bbox 1271 446 1278 458; x_wconf 94' lang='grc'><strong>,</strong></span> <span class='ocrx_word' id='word_1_348' title='bbox 1295 426 1464 462; x_wconf 76' lang='grc' dir='ltr'><strong>φιλοτιμίαις</strong></span> <span class='ocrx_word' id='word_1_349' title='bbox 1480 427 1518 458; x_wconf 87' lang='grc' dir='ltr'><strong>ὡς</strong></span> <span class='ocrx_word' id='word_1_350' title='bbox 1533 427 1676 460; x_wconf 73' lang='grc' dir='ltr'><strong>πλείσταις</strong></span> <span class='ocrx_word' id='word_1_351' title='bbox 1689 430 1736 455; x_wconf 74' lang='grc' dir='ltr'>καὶ</span> <span class='ocrx_word' id='word_1_352' title='bbox 1751 437 1841 464; x_wconf 84' lang='grc' dir='ltr'>μεγα-</span> 
     </span>
    </p>
   </div>
   <div class='ocr_carea' id='block_1_54' title="bbox 1045 470 1841 508">
    <p class='ocr_par' dir='ltr' id='par_1_54' title="bbox 1045 470 1841 508">
     <span class='ocr_line' id='line_1_54' title="bbox 1045 470 1841 508; baseline 0.005 -12"><span class='ocrx_word' id='word_1_353' title='bbox 1045 470 1187 506; x_wconf 69' lang='grc' dir='ltr'>λοψυχίαις</span> <span class='ocrx_word' id='word_1_354' title='bbox 1202 472 1242 502; x_wconf 88' lang='grc' dir='ltr'><strong>είς</strong></span> <span class='ocrx_word' id='word_1_355' title='bbox 1259 471 1359 501; x_wconf 81' lang='grc' dir='ltr'>αὐτοὺς</span> <span class='ocrx_word' id='word_1_356' title='bbox 1371 471 1411 498; x_wconf 80' lang='grc' dir='ltr'><strong>ὁτι</strong></span> <span class='ocrx_word' id='word_1_357' title='bbox 1427 471 1545 506; x_wconf 82' lang='grc' dir='ltr'>μάλιστα</span> <span class='ocrx_word' id='word_1_358' title='bbox 1555 472 1709 507; x_wconf 82' lang='grc' dir='ltr'>χρώμενος,</span> <span class='ocrx_word' id='word_1_359' title='bbox 1725 473 1773 500; x_wconf 72' lang='grc' dir='ltr'>καὶ</span> <span class='ocrx_word' id='word_1_360' title='bbox 1787 474 1841 508; x_wconf 80' lang='grc' dir='ltr'>τήν</span> 
     </span>
    </p>
   </div>
   <div class='ocr_carea' id='block_1_55' title="bbox 1045 517 1838 555">
    <p class='ocr_par' dir='ltr' id='par_1_55' title="bbox 1045 517 1838 555">
     <span class='ocr_line' id='line_1_55' title="bbox 1045 517 1838 555; baseline 0.005 -12"><span class='ocrx_word' id='word_1_361' title='bbox 1045 526 1074 544; x_wconf 86' lang='grc' dir='ltr'><strong>τε</strong></span> <span class='ocrx_word' id='word_1_362' title='bbox 1088 517 1247 552; x_wconf 81' lang='grc' dir='ltr'>ἐλευθερίαν</span> <span class='ocrx_word' id='word_1_363' title='bbox 1257 517 1305 544; x_wconf 75' lang='grc' dir='ltr'>καὶ</span> <span class='ocrx_word' id='word_1_364' title='bbox 1318 518 1473 553; x_wconf 71' lang='grc' dir='ltr'>παρρησίαν</span> <span class='ocrx_word' id='word_1_365' title='bbox 1485 519 1660 552; x_wconf 86' lang='grc' dir='ltr'>Χριστιανοῖς</span> <span class='ocrx_word' id='word_1_366' title='bbox 1673 519 1838 555; x_wconf 74' lang='grc' dir='ltr'>ἐχαρίσατο·</span> 
     </span>
    </p>
   </div>
   <div class='ocr_carea' id='block_1_56' title="bbox 1044 563 1838 599">
    <p class='ocr_par' dir='ltr' id='par_1_56' title="bbox 1044 563 1838 599">
     <span class='ocr_line' id='line_1_56' title="bbox 1044 563 1838 599; baseline 0.004 -10"><span class='ocrx_word' id='word_1_367' title='bbox 1044 564 1075 590; x_wconf 84' lang='grc' dir='ltr'>οὐ</span> <span class='ocrx_word' id='word_1_368' title='bbox 1100 564 1154 599; x_wconf 74' lang='grc' dir='ltr'>μὴν</span> <span class='ocrx_word' id='word_1_369' title='bbox 1168 563 1197 590; x_wconf 77' lang='grc' dir='ltr'>δὲ</span> <span class='ocrx_word' id='word_1_370' title='bbox 1212 563 1280 590; x_wconf 84' lang='grc' dir='ltr'><strong>ἀλλὰ</strong></span> <span class='ocrx_word' id='word_1_371' title='bbox 1295 564 1344 590; x_wconf 82' lang='grc' dir='ltr'><strong>καὶ</strong></span> <span class='ocrx_word' id='word_1_372' title='bbox 1369 563 1442 590; x_wconf 87' lang='grc' dir='ltr'>κατὰ</span> <span class='ocrx_word' id='word_1_373' title='bbox 1454 564 1519 595; x_wconf 75' lang='grc' dir='ltr'>τοὺς</span> <span class='ocrx_word' id='word_1_374' title='bbox 1544 564 1712 599; x_wconf 78' lang='grc' dir='ltr'>σεϐασμίους</span> <span class='ocrx_word' id='word_1_375' title='bbox 1732 565 1838 598; x_wconf 74' lang='grc' dir='ltr'>οἴκους,</span> 
     </span>
    </p>
   </div>
   <div class='ocr_carea' id='block_1_57' title="bbox 1045 607 1841 644">
    <p class='ocr_par' dir='ltr' id='par_1_57' title="bbox 1045 607 1841 644">
     <span class='ocr_line' id='line_1_57' title="bbox 1045 607 1841 644; baseline 0 -8"><span class='ocrx_word' id='word_1_376' title='bbox 1045 608 1091 641; x_wconf 81' lang='grc' dir='ltr'><strong>οὒς</strong></span> <span class='ocrx_word' id='word_1_377' title='bbox 1118 609 1200 641; x_wconf 79' lang='grc' dir='ltr'>αὐτὸς</span> <span class='ocrx_word' id='word_1_378' title='bbox 1218 608 1256 643; x_wconf 84' lang='grc' dir='ltr'><strong>τῷ</strong></span> <span class='ocrx_word' id='word_1_379' title='bbox 1278 608 1337 643; x_wconf 85' lang='grc' dir='ltr'><strong>Θεῷ</strong></span> <span class='ocrx_word' id='word_1_380' title='bbox 1359 609 1392 635; x_wconf 83' lang='grc' dir='ltr'>ὲκ</span> <span class='ocrx_word' id='word_1_381' title='bbox 1415 607 1550 643; x_wconf 84' lang='grc' dir='ltr'>θεμελίων</span> <span class='ocrx_word' id='word_1_382' title='bbox 1574 608 1688 643; x_wconf 79' lang='grc' dir='ltr'>ἀνίστη·</span> <span class='ocrx_word' id='word_1_383' title='bbox 1713 609 1749 636; x_wconf 85' lang='grc' dir='ltr'><strong>τὰ</strong></span> <span class='ocrx_word' id='word_1_384' title='bbox 1777 609 1841 644; x_wconf 82' lang='grc' dir='ltr'>ίερὰ</span> 
     </span>
    </p>
   </div>
   <div class='ocr_carea' id='block_1_58' title="bbox 1047 654 1840 690">
    <p class='ocr_par' dir='ltr' id='par_1_58' title="bbox 1047 654 1840 690">
     <span class='ocr_line' id='line_1_58' title="bbox 1047 654 1840 690; baseline 0.001 -9"><span class='ocrx_word' id='word_1_385' title='bbox 1047 655 1171 690; x_wconf 76' lang='grc' dir='ltr'>σύμϐολα</span> <span class='ocrx_word' id='word_1_386' title='bbox 1194 654 1245 689; x_wconf 80' lang='grc' dir='ltr'>τῆς</span> <span class='ocrx_word' id='word_1_387' title='bbox 1267 655 1391 690; x_wconf 75' lang='grc' dir='ltr'>μεγάλης</span> <span class='ocrx_word' id='word_1_388' title='bbox 1409 654 1455 681; x_wconf 84' lang='grc' dir='ltr'>τοῦ</span> <span class='ocrx_word' id='word_1_389' title='bbox 1473 654 1540 681; x_wconf 85' lang='grc' dir='ltr'>Θεοῦ</span> <span class='ocrx_word' id='word_1_390' title='bbox 1565 655 1742 690; x_wconf 79' lang='grc' dir='ltr'>οἰκονομίας,</span> <span class='ocrx_word' id='word_1_391' title='bbox 1768 655 1840 682; x_wconf 83' lang='grc' dir='ltr'>θαύ-</span> 
     </span>
    </p>
   </div>
   <div class='ocr_carea' id='block_1_59' title="bbox 1047 700 1839 737">
    <p class='ocr_par' dir='ltr' id='par_1_59' title="bbox 1047 700 1839 737">
     <span class='ocr_line' id='line_1_59' title="bbox 1047 700 1839 737; baseline -0.001 -9"><span class='ocrx_word' id='word_1_392' title='bbox 1047 701 1121 737; x_wconf 85' lang='grc' dir='ltr'>ματά</span> <span class='ocrx_word' id='word_1_393' title='bbox 1131 710 1162 728; x_wconf 87' lang='grc' dir='ltr'><strong>τε</strong></span> <span class='ocrx_word' id='word_1_394' title='bbox 1187 701 1236 728; x_wconf 77' lang='grc' dir='ltr'>καὶ</span> <span class='ocrx_word' id='word_1_395' title='bbox 1250 700 1402 736; x_wconf 85' lang='grc' dir='ltr'>θεοσημίας</span> <span class='ocrx_word' id='word_1_396' title='bbox 1418 700 1466 727; x_wconf 75' lang='grc' dir='ltr'>καὶ</span> <span class='ocrx_word' id='word_1_397' title='bbox 1482 700 1651 736; x_wconf 81' lang='grc' dir='ltr'>παθήματα,</span> <span class='ocrx_word' id='word_1_398' title='bbox 1667 701 1738 736; x_wconf 71' lang='grc' dir='ltr'>πρὸς</span> <span class='ocrx_word' id='word_1_399' title='bbox 1755 701 1787 728; x_wconf 92' lang='grc' dir='ltr'><strong>δέ</strong></span> <span class='ocrx_word' id='word_1_400' title='bbox 1804 709 1839 734; x_wconf 85' lang='grc' dir='ltr'><strong>γε</strong></span> 
     </span>
    </p>
   </div>
   <div class='ocr_carea' id='block_1_60' title="bbox 1046 747 1839 781">
    <p class='ocr_par' dir='ltr' id='par_1_60' title="bbox 1046 747 1839 781">
     <span class='ocr_line' id='line_1_60' title="bbox 1046 747 1839 781; baseline 0 -7"><span class='ocrx_word' id='word_1_401' title='bbox 1046 747 1094 774; x_wconf 68' lang='grc' dir='ltr'>καὶ</span> <span class='ocrx_word' id='word_1_402' title='bbox 1107 747 1141 774; x_wconf 77' lang='grc' dir='ltr'><strong>τὰ</strong></span> <span class='ocrx_word' id='word_1_403' title='bbox 1153 748 1208 774; x_wconf 84' lang='grc' dir='ltr'><strong>τῶν</strong></span> <span class='ocrx_word' id='word_1_404' title='bbox 1222 747 1307 781; x_wconf 83' lang='grc' dir='ltr'>ἁγίων</span> <span class='ocrx_word' id='word_1_405' title='bbox 1319 747 1414 778; x_wconf 82' lang='grc' dir='ltr'>αὐτοῦ,</span> <span class='ocrx_word' id='word_1_406' title='bbox 1430 747 1524 780; x_wconf 83' lang='grc' dir='ltr'>σαφῶς</span> <span class='ocrx_word' id='word_1_407' title='bbox 1537 749 1584 773; x_wconf 77' lang='grc' dir='ltr'>καὶ</span> <span class='ocrx_word' id='word_1_408' title='bbox 1598 747 1751 779; x_wconf 84' lang='grc' dir='ltr'>πολυτελῶς</span> <span class='ocrx_word' id='word_1_409' title='bbox 1765 748 1839 780; x_wconf 73' lang='grc' dir='ltr'>ἐξει-</span> 
     </span>
    </p>
   </div>
   <div class='ocr_carea' id='block_1_61' title="bbox 1046 793 1840 828">
    <p class='ocr_par' dir='ltr' id='par_1_61' title="bbox 1046 793 1840 828">
     <span class='ocr_line' id='line_1_61' title="bbox 1046 793 1840 828; baseline 0 -8"><span class='ocrx_word' id='word_1_410' title='bbox 1046 793 1161 825; x_wconf 83' lang='grc' dir='ltr'>κονίζων</span> <span class='ocrx_word' id='word_1_411' title='bbox 1184 793 1343 828; x_wconf 83' lang='grc' dir='ltr'>διέγραφεν,</span> <span class='ocrx_word' id='word_1_412' title='bbox 1368 793 1396 820; x_wconf 74' lang='grc' dir='ltr'>ἓν</span> <span class='ocrx_word' id='word_1_413' title='bbox 1418 801 1448 819; x_wconf 88' lang='grc' dir='ltr'><strong>τε</strong></span> <span class='ocrx_word' id='word_1_414' title='bbox 1471 794 1528 824; x_wconf 82' lang='grc' dir='ltr'>τοῖς</span> <span class='ocrx_word' id='word_1_415' title='bbox 1549 794 1633 828; x_wconf 76' lang='grc' dir='ltr'>ἱεροῖς</span> <span class='ocrx_word' id='word_1_416' title='bbox 1657 793 1768 820; x_wconf 83' lang='grc' dir='ltr'>σκεύεσι</span> <span class='ocrx_word' id='word_1_417' title='bbox 1790 794 1840 820; x_wconf 77' lang='grc' dir='ltr'>καὶ</span> 
     </span>
    </p>
   </div>
   <div class='ocr_carea' id='block_1_62' title="bbox 1046 837 1839 873">
    <p class='ocr_par' dir='ltr' id='par_1_62' title="bbox 1046 837 1839 873">
     <span class='ocr_line' id='line_1_62' title="bbox 1046 837 1839 873; baseline 0.003 -9"><span class='ocrx_word' id='word_1_418' title='bbox 1046 838 1160 873; x_wconf 79' lang='grc' dir='ltr'>ἑτέρωθι</span> <span class='ocrx_word' id='word_1_419' title='bbox 1176 839 1303 873; x_wconf 76' lang='grc' dir='ltr'>πράττων</span> <span class='ocrx_word' id='word_1_420' title='bbox 1319 837 1478 873; x_wconf 74' lang='grc' dir='ltr'>τετίμηκεν,</span> <span class='ocrx_word' id='word_1_421' title='bbox 1495 837 1623 865; x_wconf 75' lang='grc' dir='ltr'>ἐντεῦθέν</span> <span class='ocrx_word' id='word_1_422' title='bbox 1638 847 1669 865; x_wconf 87' lang='grc' dir='ltr'><strong>τε</strong></span> <span class='ocrx_word' id='word_1_423' title='bbox 1690 839 1774 866; x_wconf 79' lang='grc' dir='ltr'>οίιιων</span> <span class='ocrx_word' id='word_1_424' title='bbox 1790 839 1839 866; x_wconf 84' lang='grc' dir='ltr'><strong>τδν</strong></span> 
     </span>
    </p>
   </div>
   <div class='ocr_carea' id='block_1_63' title="bbox 1047 883 1838 921">
    <p class='ocr_par' dir='ltr' id='par_1_63' title="bbox 1047 883 1838 921">
     <span class='ocr_line' id='line_1_63' title="bbox 1047 883 1838 921; baseline 0.003 -12"><span class='ocrx_word' id='word_1_425' title='bbox 1047 883 1241 918; x_wconf 79' lang='grc' dir='ltr'>καλλωπισμὸν</span> <span class='ocrx_word' id='word_1_426' title='bbox 1257 883 1305 910; x_wconf 78' lang='grc' dir='ltr'>καὶ</span> <span class='ocrx_word' id='word_1_427' title='bbox 1317 883 1367 918; x_wconf 85' lang='grc' dir='ltr'>τὴν</span> <span class='ocrx_word' id='word_1_428' title='bbox 1380 883 1539 919; x_wconf 71' lang='grc' dir='ltr'>ὡραιότητα</span> <span class='ocrx_word' id='word_1_429' title='bbox 1551 884 1748 920; x_wconf 73' lang='grc' dir='ltr'>ἐργαζόμενος,</span> <span class='ocrx_word' id='word_1_430' title='bbox 1766 885 1838 921; x_wconf 83' lang='grc' dir='ltr'>ὁμοῦ</span> 
     </span>
    </p>
   </div>
   <div class='ocr_carea' id='block_1_64' title="bbox 1046 929 1839 967">
    <p class='ocr_par' dir='ltr' id='par_1_64' title="bbox 1046 929 1839 967">
     <span class='ocr_line' id='line_1_64' title="bbox 1046 929 1839 967; baseline 0.001 -11"><span class='ocrx_word' id='word_1_431' title='bbox 1046 929 1092 956; x_wconf 83' lang='grc' dir='ltr'>καὶ</span> <span class='ocrx_word' id='word_1_432' title='bbox 1108 929 1157 964; x_wconf 85' lang='grc' dir='ltr'>τὴν</span> <span class='ocrx_word' id='word_1_433' title='bbox 1176 929 1223 955; x_wconf 87' lang='grc' dir='ltr'>τοῦ</span> <span class='ocrx_word' id='word_1_434' title='bbox 1241 929 1315 955; x_wconf 82' lang='grc' dir='ltr'>θείου</span> <span class='ocrx_word' id='word_1_435' title='bbox 1333 929 1487 964; x_wconf 82' lang='grc' dir='ltr'>μυστηρίου</span> <span class='ocrx_word' id='word_1_436' title='bbox 1513 929 1639 962; x_wconf 71' lang='grc' dir='ltr'>ἑξαπλῶν</span> <span class='ocrx_word' id='word_1_437' title='bbox 1661 931 1709 957; x_wconf 80' lang='grc' dir='ltr'>καὶ</span> <span class='ocrx_word' id='word_1_438' title='bbox 1723 931 1839 967; x_wconf 87' lang='grc' dir='ltr'>διατρα-</span> 
     </span>
    </p>
   </div>
   <div class='ocr_carea' id='block_1_65' title="bbox 1046 974 1839 1012">
    <p class='ocr_par' dir='ltr' id='par_1_65' title="bbox 1046 974 1839 1012">
     <span class='ocr_line' id='line_1_65' title="bbox 1046 974 1839 1012; baseline 0.003 -12"><span class='ocrx_word' id='word_1_439' title='bbox 1046 974 1100 1001; x_wconf 87' lang='grc' dir='ltr'>νῶν</span> <span class='ocrx_word' id='word_1_440' title='bbox 1121 974 1237 1009; x_wconf 85' lang='grc' dir='ltr'>δύναμιν</span> <span class='ocrx_word' id='word_1_441' title='bbox 1249 994 1257 1007; x_wconf 85' lang='grc'><strong>,</strong></span> <span class='ocrx_word' id='word_1_442' title='bbox 1273 975 1320 1001; x_wconf 84' lang='grc' dir='ltr'>καὶ</span> <span class='ocrx_word' id='word_1_443' title='bbox 1344 975 1409 1006; x_wconf 79' lang='grc' dir='ltr'>τοὺς</span> <span class='ocrx_word' id='word_1_444' title='bbox 1427 974 1583 1010; x_wconf 84' lang='grc' dir='ltr'>θεωμένους</span> <span class='ocrx_word' id='word_1_445' title='bbox 1607 975 1676 1012; x_wconf 69' lang='grc' dir='ltr'>πρὸς</span> <span class='ocrx_word' id='word_1_446' title='bbox 1694 976 1839 1008; x_wconf 75' lang='grc' dir='ltr'>εὐσεϐείας</span> 
     </span>
    </p>
   </div>
   <div class='ocr_carea' id='block_1_66' title="bbox 1045 1019 1840 1056">
    <p class='ocr_par' dir='ltr' id='par_1_66' title="bbox 1045 1019 1840 1056">
     <span class='ocr_line' id='line_1_66' title="bbox 1045 1019 1840 1056; baseline 0.001 -9"><span class='ocrx_word' id='word_1_447' title='bbox 1045 1021 1152 1054; x_wconf 79' lang='grc' dir='ltr'>ἑνάγων</span> <span class='ocrx_word' id='word_1_448' title='bbox 1172 1019 1347 1055; x_wconf 79' lang='grc' dir='ltr'>ὑπόμνησιν·</span> <span class='ocrx_word' id='word_1_449' title='bbox 1363 1020 1491 1055; x_wconf 83' lang='grc' dir='ltr'>καθάπερ</span> <span class='ocrx_word' id='word_1_450' title='bbox 1508 1020 1677 1056; x_wconf 78' lang='grc' dir='ltr'>ὑπαγορεύει</span> <span class='ocrx_word' id='word_1_451' title='bbox 1689 1021 1725 1048; x_wconf 87' lang='grc' dir='ltr'>τὰ</span> <span class='ocrx_word' id='word_1_452' title='bbox 1748 1022 1840 1056; x_wconf 84' lang='grc' dir='ltr'>Εὐαγ-</span> 
     </span>
    </p>
   </div>
   <div class='ocr_carea' id='block_1_67' title="bbox 1046 1065 1838 1102">
    <p class='ocr_par' dir='ltr' id='par_1_67' title="bbox 1046 1065 1838 1102">
     <span class='ocr_line' id='line_1_67' title="bbox 1046 1065 1838 1102; baseline 0.003 -10"><span class='ocrx_word' id='word_1_453' title='bbox 1046 1066 1136 1100; x_wconf 79' lang='grc' dir='ltr'>γὲλια,</span> <span class='ocrx_word' id='word_1_454' title='bbox 1150 1065 1197 1092; x_wconf 76' lang='grc' dir='ltr'>καὶ</span> <span class='ocrx_word' id='word_1_455' title='bbox 1214 1066 1353 1101; x_wconf 85' lang='grc' dir='ltr'>μάρτυρες</span> <span class='ocrx_word' id='word_1_456' title='bbox 1370 1065 1474 1102; x_wconf 83' lang='grc' dir='ltr'>τούτων</span> <span class='ocrx_word' id='word_1_457' title='bbox 1495 1066 1714 1102; x_wconf 79' lang='grc' dir='ltr'>ἀπαράγραπτοι</span> <span class='ocrx_word' id='word_1_458' title='bbox 1730 1088 1737 1100; x_wconf 87' lang='grc'><strong>,</strong></span> <span class='ocrx_word' id='word_1_459' title='bbox 1758 1068 1838 1094; x_wconf 78' lang='grc' dir='ltr'>αὐτοί</span> 
     </span>
    </p>
   </div>
   <div class='ocr_carea' id='block_1_68' title="bbox 1044 1112 1839 1148">
    <p class='ocr_par' dir='ltr' id='par_1_68' title="bbox 1044 1112 1839 1148">
     <span class='ocr_line' id='line_1_68' title="bbox 1044 1112 1839 1148; baseline 0.003 -10"><span class='ocrx_word' id='word_1_460' title='bbox 1044 1120 1073 1138; x_wconf 89' lang='grc' dir='ltr'><strong>τε</strong></span> <span class='ocrx_word' id='word_1_461' title='bbox 1088 1113 1112 1138; x_wconf 90' lang='grc' dir='ltr'>οἰ</span> <span class='ocrx_word' id='word_1_462' title='bbox 1125 1113 1185 1139; x_wconf 72' lang='grc' dir='ltr'>ναοὶ</span> <span class='ocrx_word' id='word_1_463' title='bbox 1199 1112 1270 1147; x_wconf 88' lang='grc' dir='ltr'>μέγα</span> <span class='ocrx_word' id='word_1_464' title='bbox 1285 1113 1333 1139; x_wconf 78' lang='grc' dir='ltr'><strong>καὶ</strong></span> <span class='ocrx_word' id='word_1_465' title='bbox 1351 1112 1514 1148; x_wconf 84' lang='grc' dir='ltr'>διαπρύσιον</span> <span class='ocrx_word' id='word_1_466' title='bbox 1526 1113 1577 1148; x_wconf 80' lang='grc' dir='ltr'>τὴν</span> <span class='ocrx_word' id='word_1_467' title='bbox 1591 1113 1698 1140; x_wconf 71' lang='grc' dir='ltr'>ἐκείνου</span> <span class='ocrx_word' id='word_1_468' title='bbox 1714 1114 1839 1148; x_wconf 84' lang='grc' dir='ltr'>βοῶντες</span> 
     </span>
    </p>
   </div>
   <div class='ocr_carea' id='block_1_69' title="bbox 1045 1156 1840 1195">
    <p class='ocr_par' dir='ltr' id='par_1_69' title="bbox 1045 1156 1840 1195">
     <span class='ocr_line' id='line_1_69' title="bbox 1045 1156 1840 1195; baseline 0.005 -11"><span class='ocrx_word' id='word_1_469' title='bbox 1045 1158 1201 1194; x_wconf 80' lang='grc' dir='ltr'>ὀρθοδοξίαν</span> <span class='ocrx_word' id='word_1_470' title='bbox 1213 1179 1221 1192; x_wconf 91' lang='grc'><strong>,</strong></span> <span class='ocrx_word' id='word_1_471' title='bbox 1241 1159 1319 1186; x_wconf 80' lang='grc' dir='ltr'>οὐδὲν</span> <span class='ocrx_word' id='word_1_472' title='bbox 1335 1159 1365 1186; x_wconf 76' lang='grc' dir='ltr'>δὲ</span> <span class='ocrx_word' id='word_1_473' title='bbox 1384 1156 1466 1195; x_wconf 84' lang='grc' dir='ltr'>ἧττον</span> <span class='ocrx_word' id='word_1_474' title='bbox 1479 1159 1526 1186; x_wconf 85' lang='grc' dir='ltr'>καὶ</span> <span class='ocrx_word' id='word_1_475' title='bbox 1551 1160 1636 1186; x_wconf 72' lang='grc' dir='ltr'>εἰσέτι</span> <span class='ocrx_word' id='word_1_476' title='bbox 1657 1160 1706 1187; x_wconf 72' lang='grc' dir='ltr'>καὶ</span> <span class='ocrx_word' id='word_1_477' title='bbox 1718 1160 1767 1187; x_wconf 81' lang='grc' dir='ltr'>νῦν</span> <span class='ocrx_word' id='word_1_478' title='bbox 1780 1161 1840 1188; x_wconf 85' lang='grc' dir='ltr'>δια-</span> 
     </span>
    </p>
   </div>
   <div class='ocr_carea' id='block_1_70' title="bbox 1047 1204 1838 1242">
    <p class='ocr_par' dir='ltr' id='par_1_70' title="bbox 1047 1204 1838 1242">
     <span class='ocr_line' id='line_1_70' title="bbox 1047 1204 1838 1242; baseline 0.001 -11"><span class='ocrx_word' id='word_1_479' title='bbox 1047 1205 1206 1239; x_wconf 83' lang='grc' dir='ltr'>σωζόμενοι,</span> <span class='ocrx_word' id='word_1_480' title='bbox 1220 1205 1266 1231; x_wconf 79' lang='grc' dir='ltr'><strong>τὸν</strong></span> <span class='ocrx_word' id='word_1_481' title='bbox 1282 1204 1351 1240; x_wconf 79' lang='grc' dir='ltr'>πρὸς</span> <span class='ocrx_word' id='word_1_482' title='bbox 1370 1204 1453 1232; x_wconf 83' lang='grc' dir='ltr'>αὑτοῦ</span> <span class='ocrx_word' id='word_1_483' title='bbox 1469 1206 1686 1240; x_wconf 84' lang='grc' dir='ltr'>κεχαραγμένων</span> <span class='ocrx_word' id='word_1_484' title='bbox 1702 1207 1838 1242; x_wconf 76' lang='grc' dir='ltr'>νομισμά-</span> 
     </span>
    </p>
   </div>
   <div class='ocr_carea' id='block_1_71' title="bbox 1046 1249 1840 1288">
    <p class='ocr_par' dir='ltr' id='par_1_71' title="bbox 1046 1249 1840 1288">
     <span class='ocr_line' id='line_1_71' title="bbox 1046 1249 1840 1288; baseline 0.001 -10"><span class='ocrx_word' id='word_1_485' title='bbox 1046 1259 1100 1278; x_wconf 82' lang='grc' dir='ltr'><strong>των</strong></span> <span class='ocrx_word' id='word_1_486' title='bbox 1110 1253 1134 1278; x_wconf 82' lang='grc' dir='ltr'>οἱ</span> <span class='ocrx_word' id='word_1_487' title='bbox 1151 1250 1231 1278; x_wconf 87' lang='grc' dir='ltr'>τύποι</span> <span class='ocrx_word' id='word_1_488' title='bbox 1252 1252 1304 1286; x_wconf 72' lang='grc' dir='ltr'>(ν)”</span> <span class='ocrx_word' id='word_1_489' title='bbox 1328 1250 1454 1278; x_wconf 64' lang='grc' dir='ltr'>ἐντεῦθεν</span> <span class='ocrx_word' id='word_1_490' title='bbox 1478 1249 1524 1278; x_wconf 85' lang='grc' dir='ltr'><strong>οὗν</strong></span> <span class='ocrx_word' id='word_1_491' title='bbox 1543 1251 1623 1286; x_wconf 81' lang='grc' dir='ltr'>δέχου</span> <span class='ocrx_word' id='word_1_492' title='bbox 1645 1252 1680 1279; x_wconf 79' lang='grc' dir='ltr'>τὰ</span> <span class='ocrx_word' id='word_1_493' title='bbox 1694 1251 1840 1288; x_wconf 83' lang='grc' dir='ltr'>κατορθώ-</span> 
     </span>
    </p>
   </div>
   <div class='ocr_carea' id='block_1_72' title="bbox 1049 1295 1840 1334">
    <p class='ocr_par' dir='ltr' id='par_1_72' title="bbox 1049 1295 1840 1334">
     <span class='ocr_line' id='line_1_72' title="bbox 1049 1295 1840 1334; baseline 0 -9"><span class='ocrx_word' id='word_1_494' title='bbox 1049 1306 1121 1333; x_wconf 77' lang='grc' dir='ltr'>ματα</span> <span class='ocrx_word' id='word_1_495' title='bbox 1138 1295 1182 1325; x_wconf 74' lang='grc' dir='ltr'>οἷα</span> <span class='ocrx_word' id='word_1_496' title='bbox 1200 1298 1249 1325; x_wconf 78' lang='grc' dir='ltr'>καὶ</span> <span class='ocrx_word' id='word_1_497' title='bbox 1265 1298 1331 1329; x_wconf 83' lang='grc' dir='ltr'>ὅσας</span> <span class='ocrx_word' id='word_1_498' title='bbox 1344 1297 1416 1324; x_wconf 82' lang='grc' dir='ltr'>κατὰ</span> <span class='ocrx_word' id='word_1_499' title='bbox 1437 1297 1538 1329; x_wconf 79' lang='grc' dir='ltr'>παντὸς</span> <span class='ocrx_word' id='word_1_500' title='bbox 1558 1298 1663 1324; x_wconf 80' lang='grc' dir='ltr'>όθνείου</span> <span class='ocrx_word' id='word_1_501' title='bbox 1686 1298 1840 1334; x_wconf 77' lang='grc' dir='ltr'>ἀνεδήσατο</span> 
     </span>
    </p>
   </div>
   <div class='ocr_carea' id='block_1_73' title="bbox 1047 1343 1840 1380">
    <p class='ocr_par' dir='ltr' id='par_1_73' title="bbox 1047 1343 1840 1380">
     <span class='ocr_line' id='line_1_73' title="bbox 1047 1343 1840 1380; baseline 0.001 -9"><span class='ocrx_word' id='word_1_502' title='bbox 1047 1344 1124 1375; x_wconf 86' lang='grc' dir='ltr'>νίκας</span> <span class='ocrx_word' id='word_1_503' title='bbox 1135 1353 1141 1360; x_wconf 90' lang='grc'><strong>·</strong></span> <span class='ocrx_word' id='word_1_504' title='bbox 1160 1343 1234 1376; x_wconf 79' lang='grc' dir='ltr'>ὅπως</span> <span class='ocrx_word' id='word_1_505' title='bbox 1249 1353 1279 1370; x_wconf 90' lang='grc' dir='ltr'><strong>τε</strong></span> <span class='ocrx_word' id='word_1_506' title='bbox 1293 1344 1368 1379; x_wconf 81' lang='grc' dir='ltr'>αὐτῷ</span> <span class='ocrx_word' id='word_1_507' title='bbox 1381 1344 1416 1370; x_wconf 79' lang='grc' dir='ltr'>τὰ</span> <span class='ocrx_word' id='word_1_508' title='bbox 1429 1345 1480 1379; x_wconf 85' lang='grc' dir='ltr'>τῆς</span> <span class='ocrx_word' id='word_1_509' title='bbox 1494 1345 1582 1379; x_wconf 81' lang='grc' dir='ltr'>ἀρχῆς</span> <span class='ocrx_word' id='word_1_510' title='bbox 1597 1345 1775 1380; x_wconf 80' lang='grc' dir='ltr'>ὲπευρύνετο,</span> <span class='ocrx_word' id='word_1_511' title='bbox 1789 1346 1840 1372; x_wconf 74' lang='grc' dir='ltr'>καὶ</span> 
     </span>
    </p>
   </div>
   <div class='ocr_carea' id='block_1_74' title="bbox 1046 1388 1840 1428">
    <p class='ocr_par' dir='ltr' id='par_1_74' title="bbox 1046 1388 1840 1428">
     <span class='ocr_line' id='line_1_74' title="bbox 1046 1388 1840 1428; baseline 0 -10"><span class='ocrx_word' id='word_1_512' title='bbox 1046 1391 1081 1418; x_wconf 81' lang='grc' dir='ltr'>τὰ</span> <span class='ocrx_word' id='word_1_513' title='bbox 1095 1392 1146 1426; x_wconf 85' lang='grc' dir='ltr'>τῆς</span> <span class='ocrx_word' id='word_1_514' title='bbox 1161 1390 1233 1425; x_wconf 75' lang='grc' dir='ltr'>ζωῆς</span> <span class='ocrx_word' id='word_1_515' title='bbox 1247 1388 1276 1417; x_wconf 80' lang='grc' dir='ltr'>εὖ</span> <span class='ocrx_word' id='word_1_516' title='bbox 1292 1390 1366 1425; x_wconf 69' lang='grc' dir='ltr'>ἔσχε,</span> <span class='ocrx_word' id='word_1_517' title='bbox 1385 1391 1432 1417; x_wconf 76' lang='grc' dir='ltr'>καὶ</span> <span class='ocrx_word' id='word_1_518' title='bbox 1453 1392 1467 1417; x_wconf 84' lang='grc' dir='ltr'><strong>ὸ</strong></span> <span class='ocrx_word' id='word_1_519' title='bbox 1482 1391 1578 1426; x_wconf 80' lang='grc' dir='ltr'>χρόνος</span> <span class='ocrx_word' id='word_1_520' title='bbox 1593 1391 1656 1418; x_wconf 78' lang='grc' dir='ltr'>ὅσον</span> <span class='ocrx_word' id='word_1_521' title='bbox 1671 1393 1712 1423; x_wconf 85' lang='grc' dir='ltr'><strong>είς</strong></span> <span class='ocrx_word' id='word_1_522' title='bbox 1730 1391 1840 1428; x_wconf 82' lang='grc' dir='ltr'>ἀνθρωο</span> 
     </span>
    </p>
   </div>
   <div class='ocr_carea' id='block_1_75' title="bbox 1047 1434 1840 1472">
    <p class='ocr_par' dir='ltr' id='par_1_75' title="bbox 1047 1434 1840 1472">
     <span class='ocr_line' id='line_1_75' title="bbox 1047 1434 1840 1472; baseline 0.005 -12"><span class='ocrx_word' id='word_1_523' title='bbox 1047 1435 1130 1470; x_wconf 80' lang='grc' dir='ltr'>πίνης</span> <span class='ocrx_word' id='word_1_524' title='bbox 1152 1434 1224 1469; x_wconf 84' lang='grc' dir='ltr'>ζωῆς</span> <span class='ocrx_word' id='word_1_525' title='bbox 1244 1434 1343 1470; x_wconf 87' lang='grc' dir='ltr'>μέτρον</span> <span class='ocrx_word' id='word_1_526' title='bbox 1362 1434 1547 1467; x_wconf 86' lang='grc' dir='ltr'>ίκανώτατος·</span> <span class='ocrx_word' id='word_1_527' title='bbox 1564 1436 1612 1462; x_wconf 73' lang='grc' dir='ltr'>καὶ</span> <span class='ocrx_word' id='word_1_528' title='bbox 1628 1436 1655 1462; x_wconf 90' lang='grc' dir='ltr'><strong>τί</strong></span> <span class='ocrx_word' id='word_1_529' title='bbox 1672 1436 1725 1472; x_wconf 75' lang='grc' dir='ltr'><strong>χρὴ</strong></span> <span class='ocrx_word' id='word_1_530' title='bbox 1746 1437 1840 1472; x_wconf 79' lang='grc' dir='ltr'>λέγειν</span> 
     </span>
    </p>
   </div>
   <div class='ocr_carea' id='block_1_76' title="bbox 1047 1478 1840 1518">
    <p class='ocr_par' dir='ltr' id='par_1_76' title="bbox 1047 1478 1840 1518">
     <span class='ocr_line' id='line_1_76' title="bbox 1047 1478 1840 1518; baseline 0.003 -10"><span class='ocrx_word' id='word_1_531' title='bbox 1047 1478 1104 1512; x_wconf 76' lang='grc' dir='ltr'>οἶος</span> <span class='ocrx_word' id='word_1_532' title='bbox 1117 1481 1243 1516; x_wconf 71' lang='grc' dir='ltr'>λαμπρὸς</span> <span class='ocrx_word' id='word_1_533' title='bbox 1260 1481 1306 1507; x_wconf 82' lang='grc' dir='ltr'>καὶ</span> <span class='ocrx_word' id='word_1_534' title='bbox 1322 1480 1504 1516; x_wconf 77' lang='grc' dir='ltr'>περίϐλεπτος</span> <span class='ocrx_word' id='word_1_535' title='bbox 1517 1481 1547 1507; x_wconf 74' lang='grc' dir='ltr'>ἑν</span> <span class='ocrx_word' id='word_1_536' title='bbox 1565 1481 1604 1516; x_wconf 84' lang='grc' dir='ltr'>τῷ</span> <span class='ocrx_word' id='word_1_537' title='bbox 1623 1481 1673 1518; x_wconf 83' lang='grc' dir='ltr'><strong>βίῳ</strong></span> <span class='ocrx_word' id='word_1_538' title='bbox 1685 1483 1840 1518; x_wconf 74' lang='grc' dir='ltr'>ἐχρημάτι-</span> 
     </span>
    </p>
   </div>
   <div class='ocr_carea' id='block_1_77' title="bbox 1049 1526 1839 1564">
    <p class='ocr_par' dir='ltr' id='par_1_77' title="bbox 1049 1526 1839 1564">
     <span class='ocr_line' id='line_1_77' title="bbox 1049 1526 1839 1564; baseline 0.003 -10"><span class='ocrx_word' id='word_1_539' title='bbox 1049 1536 1113 1561; x_wconf 79' lang='grc' dir='ltr'>σεν;</span> <span class='ocrx_word' id='word_1_540' title='bbox 1136 1528 1166 1554; x_wconf 83' lang='lat' dir='ltr'><strong>El</strong></span> <span class='ocrx_word' id='word_1_541' title='bbox 1188 1527 1216 1553; x_wconf 80' lang='grc' dir='ltr'>δὲ</span> <span class='ocrx_word' id='word_1_542' title='bbox 1239 1527 1354 1554; x_wconf 86' lang='grc' dir='ltr'>κτίσεων</span> <span class='ocrx_word' id='word_1_543' title='bbox 1375 1526 1444 1562; x_wconf 82' lang='grc' dir='ltr'>ἔργα</span> <span class='ocrx_word' id='word_1_544' title='bbox 1459 1527 1611 1562; x_wconf 81' lang='grc' dir='ltr'>θαυμάζειν</span> <span class='ocrx_word' id='word_1_545' title='bbox 1636 1537 1677 1555; x_wconf 87' lang='grc' dir='ltr'><strong>σοι</strong></span> <span class='ocrx_word' id='word_1_546' title='bbox 1693 1529 1839 1564; x_wconf 78' lang='grc' dir='ltr'>πάρεστιν,</span> 
     </span>
    </p>
   </div>
   <div class='ocr_carea' id='block_1_78' title="bbox 1049 1573 1839 1611">
    <p class='ocr_par' dir='ltr' id='par_1_78' title="bbox 1049 1573 1839 1611">
     <span class='ocr_line' id='line_1_78' title="bbox 1049 1573 1839 1611; baseline 0.005 -12"><span class='ocrx_word' id='word_1_547' title='bbox 1049 1574 1100 1609; x_wconf 82' lang='grc' dir='ltr'>ὅρα</span> <span class='ocrx_word' id='word_1_548' title='bbox 1122 1573 1266 1609; x_wconf 81' lang='grc' dir='ltr'>παρελθὼν</span> <span class='ocrx_word' id='word_1_549' title='bbox 1293 1573 1324 1600; x_wconf 80' lang='grc' dir='ltr'><strong>τὸ</strong></span> <span class='ocrx_word' id='word_1_550' title='bbox 1341 1573 1489 1605; x_wconf 81' lang='grc' dir='ltr'>Βυζάντιον</span> <span class='ocrx_word' id='word_1_551' title='bbox 1521 1575 1562 1605; x_wconf 88' lang='grc' dir='ltr'><strong>είς</strong></span> <span class='ocrx_word' id='word_1_552' title='bbox 1587 1574 1650 1601; x_wconf 78' lang='grc' dir='ltr'>ὅσον</span> <span class='ocrx_word' id='word_1_553' title='bbox 1665 1575 1732 1602; x_wconf 80' lang='grc' dir='ltr'>αὐτὸ</span> <span class='ocrx_word' id='word_1_554' title='bbox 1749 1576 1839 1611; x_wconf 73' lang='grc' dir='ltr'>ἑτι-ἦρε</span> 
     </span>
    </p>
   </div>
   <div class='ocr_carea' id='block_1_79' title="bbox 1051 1619 1840 1656">
    <p class='ocr_par' dir='ltr' id='par_1_79' title="bbox 1051 1619 1840 1656">
     <span class='ocr_line' id='line_1_79' title="bbox 1051 1619 1840 1656; baseline 0.003 -9"><span class='ocrx_word' id='word_1_555' title='bbox 1051 1620 1132 1654; x_wconf 79' lang='grc' dir='ltr'>δόξης</span> <span class='ocrx_word' id='word_1_556' title='bbox 1146 1621 1194 1647; x_wconf 73' lang='grc' dir='ltr'>καὶ</span> <span class='ocrx_word' id='word_1_557' title='bbox 1211 1619 1380 1654; x_wconf 78' lang='grc' dir='ltr'>εὐκοσμίας,</span> <span class='ocrx_word' id='word_1_558' title='bbox 1402 1619 1531 1646; x_wconf 84' lang='grc' dir='ltr'>τοσοῦτον</span> <span class='ocrx_word' id='word_1_559' title='bbox 1551 1620 1673 1656; x_wconf 80' lang='grc' dir='ltr'>αὐξήσας</span> <span class='ocrx_word' id='word_1_560' title='bbox 1695 1623 1742 1648; x_wconf 78' lang='grc' dir='ltr'>καὶ</span> <span class='ocrx_word' id='word_1_561' title='bbox 1773 1622 1840 1649; x_wconf 74' lang='grc' dir='ltr'>καλι-</span> 
     </span>
    </p>
   </div>
   <div class='ocr_carea' id='block_1_80' title="bbox 1048 1665 1842 1704">
    <p class='ocr_par' dir='ltr' id='par_1_80' title="bbox 1048 1665 1842 1704">
     <span class='ocr_line' id='line_1_80' title="bbox 1048 1665 1842 1704; baseline 0.006 -13"><span class='ocrx_word' id='word_1_562' title='bbox 1048 1666 1172 1697; x_wconf 85' lang='grc' dir='ltr'>λωπίσας</span> <span class='ocrx_word' id='word_1_563' title='bbox 1194 1665 1297 1701; x_wconf 85' lang='grc' dir='ltr'>τείχεσί</span> <span class='ocrx_word' id='word_1_564' title='bbox 1316 1674 1345 1692; x_wconf 89' lang='grc' dir='ltr'><strong>τε</strong></span> <span class='ocrx_word' id='word_1_565' title='bbox 1364 1665 1412 1692; x_wconf 76' lang='grc' dir='ltr'>καὶ</span> <span class='ocrx_word' id='word_1_566' title='bbox 1426 1665 1598 1700; x_wconf 77' lang='grc' dir='ltr'>περιόόλοις,</span> <span class='ocrx_word' id='word_1_567' title='bbox 1610 1668 1673 1694; x_wconf 80' lang='grc' dir='ltr'>ὅσον</span> <span class='ocrx_word' id='word_1_568' title='bbox 1686 1668 1842 1704; x_wconf 70' lang='grc' dir='ltr'>ἐπιτήδειον</span> 
     </span>
    </p>
   </div>
   <div class='ocr_carea' id='block_1_81' title="bbox 1049 1710 1839 1748">
    <p class='ocr_par' dir='ltr' id='par_1_81' title="bbox 1049 1710 1839 1748">
     <span class='ocr_line' id='line_1_81' title="bbox 1049 1710 1839 1748; baseline 0.005 -11"><span class='ocrx_word' id='word_1_569' title='bbox 1049 1710 1176 1742; x_wconf 78' lang='grc' dir='ltr'>δέξασθαι</span> <span class='ocrx_word' id='word_1_570' title='bbox 1190 1710 1225 1736; x_wconf 84' lang='grc' dir='ltr'><strong>τὰ</strong></span> <span class='ocrx_word' id='word_1_571' title='bbox 1246 1710 1391 1745; x_wconf 80' lang='grc' dir='ltr'>Ῥωμαίων</span> <span class='ocrx_word' id='word_1_572' title='bbox 1408 1710 1532 1745; x_wconf 82' lang='grc' dir='ltr'>βασίλεια</span> <span class='ocrx_word' id='word_1_573' title='bbox 1543 1720 1550 1726; x_wconf 84' lang='lat'>&#39;</span> <span class='ocrx_word' id='word_1_574' title='bbox 1566 1712 1593 1737; x_wconf 85' lang='grc' dir='ltr'><strong>τί</strong></span> <span class='ocrx_word' id='word_1_575' title='bbox 1611 1711 1839 1748; x_wconf 66' lang='grc' dir='ltr'>δεΓὰπαριθμεῖ-</span> 
     </span>
    </p>
   </div>
   <div class='ocr_carea' id='block_1_82' title="bbox 1050 1756 1842 1793">
    <p class='ocr_par' dir='ltr' id='par_1_82' title="bbox 1050 1756 1842 1793">
     <span class='ocr_line' id='line_1_82' title="bbox 1050 1756 1842 1793; baseline 0.006 -11"><span class='ocrx_word' id='word_1_576' title='bbox 1050 1756 1113 1783; x_wconf 90' lang='grc' dir='ltr'>σθαι</span> <span class='ocrx_word' id='word_1_577' title='bbox 1126 1756 1286 1790; x_wconf 79' lang='grc' dir='ltr'>κτισμάτων</span> <span class='ocrx_word' id='word_1_578' title='bbox 1304 1756 1407 1791; x_wconf 83' lang='grc' dir='ltr'>πλῆθος</span> <span class='ocrx_word' id='word_1_579' title='bbox 1425 1758 1471 1783; x_wconf 72' lang='grc' dir='ltr'>καὶ</span> <span class='ocrx_word' id='word_1_580' title='bbox 1485 1757 1613 1793; x_wconf 87' lang='grc' dir='ltr'>μέγεθος,</span> <span class='ocrx_word' id='word_1_581' title='bbox 1630 1759 1660 1791; x_wconf 73' lang='grc' dir='ltr'><strong>ἐξ</strong></span> <span class='ocrx_word' id='word_1_582' title='bbox 1676 1758 1714 1786; x_wconf 81' lang='grc' dir='ltr'>ὧν</span> <span class='ocrx_word' id='word_1_583' title='bbox 1730 1760 1842 1787; x_wconf 83' lang='grc' dir='ltr'>πάντων</span> 
     </span>
    </p>
   </div>
   <div class='ocr_carea' id='block_1_83' title="bbox 1049 1801 1842 1840">
    <p class='ocr_par' dir='ltr' id='par_1_83' title="bbox 1049 1801 1842 1840">
     <span class='ocr_line' id='line_1_83' title="bbox 1049 1801 1842 1840; baseline 0.005 -12"><span class='ocrx_word' id='word_1_584' title='bbox 1049 1802 1256 1836; x_wconf 75' lang='grc' dir='ltr'>ὑπερήνεγκεν,</span> <span class='ocrx_word' id='word_1_585' title='bbox 1281 1801 1300 1829; x_wconf 73' lang='grc' dir='ltr'><strong>ἃ.</strong></span> <span class='ocrx_word' id='word_1_586' title='bbox 1322 1802 1391 1837; x_wconf 83' lang='grc' dir='ltr'>μήτε</span> <span class='ocrx_word' id='word_1_587' title='bbox 1425 1803 1482 1834; x_wconf 81' lang='grc' dir='ltr'>τοῖς</span> <span class='ocrx_word' id='word_1_588' title='bbox 1517 1803 1604 1838; x_wconf 82' lang='grc' dir='ltr'>ὁρῶσι</span> <span class='ocrx_word' id='word_1_589' title='bbox 1633 1804 1842 1840; x_wconf 64' lang='grc' dir='ltr'>καταλήψεσθαι</span> 
     </span>
    </p>
   </div>
   <div class='ocr_carea' id='block_1_84' title="bbox 1050 1847 1842 1884">
    <p class='ocr_par' dir='ltr' id='par_1_84' title="bbox 1050 1847 1842 1884">
     <span class='ocr_line' id='line_1_84' title="bbox 1050 1847 1842 1884; baseline 0.008 -11"><span class='ocrx_word' id='word_1_590' title='bbox 1050 1848 1130 1883; x_wconf 75' lang='grc' dir='ltr'>ῥᾴδια</span> <span class='ocrx_word' id='word_1_591' title='bbox 1141 1867 1148 1880; x_wconf 86' lang='grc'><strong>,</strong></span> <span class='ocrx_word' id='word_1_592' title='bbox 1164 1848 1231 1882; x_wconf 80' lang='grc' dir='ltr'>μηδὲ</span> <span class='ocrx_word' id='word_1_593' title='bbox 1249 1848 1388 1884; x_wconf 62' lang='grc' dir='ltr'>γράφουσι</span> <span class='ocrx_word' id='word_1_594' title='bbox 1402 1847 1514 1875; x_wconf 76' lang='grc' dir='ltr'>δυνατὸν</span> <span class='ocrx_word' id='word_1_595' title='bbox 1525 1849 1728 1883; x_wconf 76' lang='grc' dir='ltr'>ἀνατάξασθαι;</span> <span class='ocrx_word' id='word_1_596' title='bbox 1743 1851 1842 1879; x_wconf 81' lang='grc' dir='ltr'>Καίτοι</span> 
     </span>
    </p>
   </div>
   <div class='ocr_carea' id='block_1_85' title="bbox 1049 1893 1842 1932">
    <p class='ocr_par' dir='ltr' id='par_1_85' title="bbox 1049 1893 1842 1932">
     <span class='ocr_line' id='line_1_85' title="bbox 1049 1893 1842 1932; baseline 0.004 -11"><span class='ocrx_word' id='word_1_597' title='bbox 1049 1893 1102 1929; x_wconf 79' lang='grc' dir='ltr'><strong>ὀδῷ</strong></span> <span class='ocrx_word' id='word_1_598' title='bbox 1117 1893 1232 1928; x_wconf 80' lang='grc' dir='ltr'>βαδίζων</span> <span class='ocrx_word' id='word_1_599' title='bbox 1249 1894 1296 1920; x_wconf 72' lang='grc' dir='ltr'><strong>ἐπὶ</strong></span> <span class='ocrx_word' id='word_1_600' title='bbox 1318 1894 1354 1920; x_wconf 84' lang='grc' dir='ltr'>τὰ</span> <span class='ocrx_word' id='word_1_601' title='bbox 1368 1894 1454 1926; x_wconf 85' lang='grc' dir='ltr'>κάτω,</span> <span class='ocrx_word' id='word_1_602' title='bbox 1473 1895 1520 1921; x_wconf 76' lang='grc' dir='ltr'>καὶ</span> <span class='ocrx_word' id='word_1_603' title='bbox 1537 1894 1655 1930; x_wconf 83' lang='grc' dir='ltr'>μάνθανε</span> <span class='ocrx_word' id='word_1_604' title='bbox 1677 1893 1722 1923; x_wconf 75' lang='grc' dir='ltr'>οἷα</span> <span class='ocrx_word' id='word_1_605' title='bbox 1741 1897 1768 1923; x_wconf 75' lang='lat' dir='ltr'><strong>oi</strong></span> <span class='ocrx_word' id='word_1_606' title='bbox 1783 1897 1842 1932; x_wconf 73' lang='grc' dir='ltr'>μετ’</span> 
     </span>
    </p>
   </div>
   <div class='ocr_carea' id='block_1_86' title="bbox 1049 1939 1842 1978">
    <p class='ocr_par' dir='ltr' id='par_1_86' title="bbox 1049 1939 1842 1978">
     <span class='ocr_line' id='line_1_86' title="bbox 1049 1939 1842 1978; baseline 0.005 -12"><span class='ocrx_word' id='word_1_607' title='bbox 1049 1940 1153 1967; x_wconf 72' lang='grc' dir='ltr'>ἐκεῖνον</span> <span class='ocrx_word' id='word_1_608' title='bbox 1177 1939 1307 1975; x_wconf 82' lang='grc' dir='ltr'>εὐθύτητι</span> <span class='ocrx_word' id='word_1_609' title='bbox 1327 1939 1471 1974; x_wconf 86' lang='grc' dir='ltr'>δογμάτων</span> <span class='ocrx_word' id='word_1_610' title='bbox 1489 1941 1679 1976; x_wconf 78' lang='grc' dir='ltr'>ὲμπρέψαντες</span> <span class='ocrx_word' id='word_1_611' title='bbox 1701 1942 1842 1978; x_wconf 79' lang='grc' dir='ltr'>ἔδρασαν·</span> 
     </span>
    </p>
   </div>
   <div class='ocr_carea' id='block_1_87' title="bbox 1050 1985 1842 2023">
    <p class='ocr_par' dir='ltr' id='par_1_87' title="bbox 1050 1985 1842 2023">
     <span class='ocr_line' id='line_1_87' title="bbox 1050 1985 1842 2023; baseline 0.004 -11"><span class='ocrx_word' id='word_1_612' title='bbox 1050 1985 1099 2012; x_wconf 85' lang='grc' dir='ltr'><strong>θέα</strong></span> <span class='ocrx_word' id='word_1_613' title='bbox 1111 1994 1166 2020; x_wconf 77' lang='grc' dir='ltr'>μοι,</span> <span class='ocrx_word' id='word_1_614' title='bbox 1176 1987 1200 2012; x_wconf 88' lang='grc' dir='ltr'><strong>εί</strong></span> <span class='ocrx_word' id='word_1_615' title='bbox 1218 1985 1318 2020; x_wconf 86' lang='grc' dir='ltr'>βούλει,</span> <span class='ocrx_word' id='word_1_616' title='bbox 1331 1985 1377 2012; x_wconf 82' lang='grc' dir='ltr'>τὸν</span> <span class='ocrx_word' id='word_1_617' title='bbox 1395 1985 1546 2020; x_wconf 78' lang='grc' dir='ltr'>Θεοδόσιον,</span> <span class='ocrx_word' id='word_1_618' title='bbox 1566 1987 1608 2013; x_wconf 78' lang='grc' dir='ltr'>ἵνα</span> <span class='ocrx_word' id='word_1_619' title='bbox 1625 1987 1656 2013; x_wconf 80' lang='grc' dir='ltr'><strong>τὺ</strong></span> <span class='ocrx_word' id='word_1_620' title='bbox 1667 1988 1781 2023; x_wconf 83' lang='grc' dir='ltr'>συνεχὲς</span> <span class='ocrx_word' id='word_1_621' title='bbox 1793 1988 1842 2016; x_wconf 81' lang='grc' dir='ltr'><strong>τοῦ</strong></span> 
     </span>
    </p>
   </div>
   <div class='ocr_carea' id='block_1_88' title="bbox 1049 2031 1845 2070">
    <p class='ocr_par' dir='ltr' id='par_1_88' title="bbox 1049 2031 1845 2070">
     <span class='ocr_line' id='line_1_88' title="bbox 1049 2031 1845 2070; baseline 0.004 -12"><span class='ocrx_word' id='word_1_622' title='bbox 1049 2032 1129 2066; x_wconf 89' lang='grc' dir='ltr'>λόγου</span> <span class='ocrx_word' id='word_1_623' title='bbox 1145 2031 1354 2066; x_wconf 84' lang='grc' dir='ltr'>συμφυλαχθείη</span> <span class='ocrx_word' id='word_1_624' title='bbox 1370 2032 1420 2066; x_wconf 82' lang='grc' dir='ltr'>τῆς</span> <span class='ocrx_word' id='word_1_625' title='bbox 1441 2031 1559 2064; x_wconf 88' lang='grc' dir='ltr'>κτίσεως</span> <span class='ocrx_word' id='word_1_626' title='bbox 1570 2052 1578 2065; x_wconf 90' lang='grc'><strong>,</strong></span> <span class='ocrx_word' id='word_1_627' title='bbox 1590 2033 1633 2067; x_wconf 76' lang='grc' dir='ltr'><strong>ἐφ’</strong></span> <span class='ocrx_word' id='word_1_628' title='bbox 1648 2033 1711 2060; x_wconf 82' lang='grc' dir='ltr'>ὅσον</span> <span class='ocrx_word' id='word_1_629' title='bbox 1730 2033 1781 2070; x_wconf 84' lang='grc' dir='ltr'>τὴν</span> <span class='ocrx_word' id='word_1_630' title='bbox 1794 2034 1845 2061; x_wconf 84' lang='grc' dir='ltr'><strong>αὐ-</strong></span> 
     </span>
    </p>
   </div>
   <div class='ocr_carea' id='block_1_89' title="bbox 1048 2076 1840 2115">
    <p class='ocr_par' dir='ltr' id='par_1_89' title="bbox 1048 2076 1840 2115">
     <span class='ocr_line' id='line_1_89' title="bbox 1048 2076 1840 2115; baseline 0.001 -9"><span class='ocrx_word' id='word_1_631' title='bbox 1048 2079 1099 2114; x_wconf 83' lang='grc' dir='ltr'>τὴν</span> <span class='ocrx_word' id='word_1_632' title='bbox 1126 2078 1203 2105; x_wconf 89' lang='grc' dir='ltr'>πόλιν</span> <span class='ocrx_word' id='word_1_633' title='bbox 1225 2077 1432 2104; x_wconf 84' lang='grc' dir='ltr'>Κωνσταντίνου</span> <span class='ocrx_word' id='word_1_634' title='bbox 1455 2076 1582 2109; x_wconf 78' lang='grc' dir='ltr'>ὲξαπλῶν</span> <span class='ocrx_word' id='word_1_635' title='bbox 1607 2079 1656 2105; x_wconf 75' lang='grc' dir='ltr'>καὶ</span> <span class='ocrx_word' id='word_1_636' title='bbox 1675 2079 1840 2115; x_wconf 79' lang='grc' dir='ltr'>ἀπευρύνων</span> 
     </span>
    </p>
   </div>
   <div class='ocr_carea' id='block_1_90' title="bbox 1048 2122 1842 2160">
    <p class='ocr_par' dir='ltr' id='par_1_90' title="bbox 1048 2122 1842 2160">
     <span class='ocr_line' id='line_1_90' title="bbox 1048 2122 1842 2160; baseline 0.001 -8"><span class='ocrx_word' id='word_1_637' title='bbox 1048 2125 1185 2160; x_wconf 83' lang='grc' dir='ltr'>διάστημα</span> <span class='ocrx_word' id='word_1_638' title='bbox 1197 2124 1361 2160; x_wconf 76' lang='grc' dir='ltr'>ὲμεγάλυνε,</span> <span class='ocrx_word' id='word_1_639' title='bbox 1373 2124 1421 2151; x_wconf 64' lang='grc' dir='ltr'><strong>καλ</strong></span> <span class='ocrx_word' id='word_1_640' title='bbox 1433 2122 1476 2150; x_wconf 84' lang='grc' dir='ltr'>οἶα</span> <span class='ocrx_word' id='word_1_641' title='bbox 1487 2124 1521 2151; x_wconf 89' lang='grc' dir='ltr'><strong>τὰ</strong></span> <span class='ocrx_word' id='word_1_642' title='bbox 1536 2123 1608 2160; x_wconf 82' lang='grc' dir='ltr'>ίερὰ,</span> <span class='ocrx_word' id='word_1_643' title='bbox 1618 2125 1690 2159; x_wconf 74' lang='grc' dir='ltr'>ᾇπερ</span> <span class='ocrx_word' id='word_1_644' title='bbox 1701 2126 1747 2152; x_wconf 84' lang='grc' dir='ltr'><strong>τδν</strong></span> <span class='ocrx_word' id='word_1_645' title='bbox 1759 2126 1842 2153; x_wconf 78' lang='grc' dir='ltr'>αὺτδν</span> 
     </span>
    </p>
   </div>
   <div class='ocr_carea' id='block_1_91' title="bbox 1049 2170 1842 2207">
    <p class='ocr_par' dir='ltr' id='par_1_91' title="bbox 1049 2170 1842 2207">
     <span class='ocr_line' id='line_1_91' title="bbox 1049 2170 1842 2207; baseline 0 -9"><span class='ocrx_word' id='word_1_646' title='bbox 1049 2173 1107 2204; x_wconf 76' lang='grc' dir='ltr'>τοῖς</span> <span class='ocrx_word' id='word_1_647' title='bbox 1142 2171 1311 2207; x_wconf 78' lang='grc' dir='ltr'>προλαϐοῦσι</span> <span class='ocrx_word' id='word_1_648' title='bbox 1334 2171 1383 2205; x_wconf 81' lang='grc' dir='ltr'>τῆς</span> <span class='ocrx_word' id='word_1_649' title='bbox 1410 2170 1567 2206; x_wconf 80' lang='grc' dir='ltr'>όρθοδοξίας</span> <span class='ocrx_word' id='word_1_650' title='bbox 1586 2171 1714 2207; x_wconf 79' lang='grc' dir='ltr'>ζηλώσας</span> <span class='ocrx_word' id='word_1_651' title='bbox 1739 2173 1842 2207; x_wconf 78' lang='grc' dir='ltr'>τρόπον</span> 
     </span>
    </p>
   </div>
   <div class='ocr_carea' id='block_1_92' title="bbox 209 2213 995 2252">
    <p class='ocr_par' dir='ltr' id='par_1_92' title="bbox 209 2213 995 2249">
     <span class='ocr_line' id='line_1_92' title="bbox 209 2213 995 2249; baseline -0.001 -7"><span class='ocrx_word' id='word_1_652' title='bbox 209 2215 318 2242; x_wconf 76' lang='lat' dir='ltr'><strong>Etenim</strong></span> <span class='ocrx_word' id='word_1_653' title='bbox 334 2214 440 2241; x_wconf 88' lang='lat' dir='ltr'><strong>duobus</strong></span> <span class='ocrx_word' id='word_1_654' title='bbox 468 2220 550 2248; x_wconf 85' lang='lat' dir='ltr'><strong>supra</strong></span> <span class='ocrx_word' id='word_1_655' title='bbox 576 2213 756 2248; x_wconf 73' lang='lat' dir='ltr'><strong>quadraginta</strong></span> <span class='ocrx_word' id='word_1_656' title='bbox 771 2213 851 2241; x_wconf 88' lang='lat' dir='ltr'><strong>annis</strong></span> <span class='ocrx_word' id='word_1_657' title='bbox 875 2213 903 2241; x_wconf 89' lang='lat' dir='ltr'><strong>in</strong></span> <span class='ocrx_word' id='word_1_658' title='bbox 920 2214 995 2249; x_wconf 87' lang='lat' dir='ltr'><strong>regio</strong></span> 
     </span>
    </p>
   </div>
   <div class='ocr_carea' id='block_1_93' title="bbox 1048 2213 1842 2252">
    <p class='ocr_par' dir='ltr' id='par_1_93' title="bbox 1048 2215 1842 2252">
     <span class='ocr_line' id='line_1_93' title="bbox 1048 2215 1842 2252; baseline 0 -8"><span class='ocrx_word' id='word_1_659' title='bbox 1048 2217 1190 2252; x_wconf 81' lang='grc' dir='ltr'>ὲδείματο’</span> <span class='ocrx_word' id='word_1_660' title='bbox 1205 2216 1314 2250; x_wconf 80' lang='grc' dir='ltr'>λογίζου</span> <span class='ocrx_word' id='word_1_661' title='bbox 1336 2215 1381 2242; x_wconf 77' lang='grc' dir='ltr'><strong>τὸν</strong></span> <span class='ocrx_word' id='word_1_662' title='bbox 1397 2215 1515 2251; x_wconf 83' lang='grc' dir='ltr'>ἀριθμὸν</span> <span class='ocrx_word' id='word_1_663' title='bbox 1540 2216 1595 2242; x_wconf 84' lang='grc' dir='ltr'><strong>τῶν</strong></span> <span class='ocrx_word' id='word_1_664' title='bbox 1615 2216 1720 2251; x_wconf 84' lang='grc' dir='ltr'>χρόνων</span> <span class='ocrx_word' id='word_1_665' title='bbox 1732 2236 1740 2248; x_wconf 94' lang='grc'><strong>,</strong></span> <span class='ocrx_word' id='word_1_666' title='bbox 1755 2217 1784 2248; x_wconf 84' lang='grc' dir='ltr'>ὃς</span> <span class='ocrx_word' id='word_1_667' title='bbox 1800 2225 1842 2244; x_wconf 84' lang='grc' dir='ltr'><strong>σοι</strong></span> 
     </span>
    </p>
   </div>
   <div class='ocr_carea' id='block_1_94' title="bbox 211 2260 443 2288">
    <p class='ocr_par' dir='ltr' id='par_1_94' title="bbox 211 2260 443 2288">
     <span class='ocr_line' id='line_1_94' title="bbox 211 2260 443 2288; baseline -0.009 0"><span class='ocrx_word' id='word_1_668' title='bbox 211 2263 308 2288; x_wconf 86' lang='lat' dir='ltr'><strong>throno</strong></span> <span class='ocrx_word' id='word_1_669' title='bbox 325 2260 443 2287; x_wconf 77' lang='lat' dir='ltr'><strong>refulsit.</strong></span> 
     </span>
    </p>
   </div>
   <div class='ocr_carea' id='block_1_95' title="bbox 1052 2260 1841 2296">
    <p class='ocr_par' dir='ltr' id='par_1_95' title="bbox 1052 2260 1841 2296">
     <span class='ocr_line' id='line_1_95' title="bbox 1052 2260 1841 2296; baseline -0.001 -8"><span class='ocrx_word' id='word_1_670' title='bbox 1052 2262 1128 2296; x_wconf 76' lang='grc' dir='ltr'>φίλος</span> <span class='ocrx_word' id='word_1_671' title='bbox 1144 2262 1192 2288; x_wconf 72' lang='grc' dir='ltr'>καὶ</span> <span class='ocrx_word' id='word_1_672' title='bbox 1204 2260 1449 2296; x_wconf 79' lang='grc' dir='ltr'>περισπούδαστος,</span> <span class='ocrx_word' id='word_1_673' title='bbox 1467 2260 1517 2295; x_wconf 85' lang='grc' dir='ltr'>τῆς</span> <span class='ocrx_word' id='word_1_674' title='bbox 1533 2261 1639 2287; x_wconf 71' lang='grc' dir='ltr'>ἐκείνου</span> <span class='ocrx_word' id='word_1_675' title='bbox 1655 2260 1796 2295; x_wconf 81' lang='grc' dir='ltr'>βασιλείας</span> <span class='ocrx_word' id='word_1_676' title='bbox 1811 2261 1841 2287; x_wconf 73' lang='grc' dir='ltr'>τὸ</span> 
     </span>
    </p>
   </div>
   <div class='ocr_carea' id='block_1_96' title="bbox 211 2303 1840 2343">
    <p class='ocr_par' dir='ltr' id='par_1_96' title="bbox 211 2303 1840 2343">
     <span class='ocr_line' id='line_1_96' title="bbox 211 2303 1840 2343; baseline 0.001 -11"><span class='ocrx_word' id='word_1_677' title='bbox 211 2308 356 2342; x_wconf 81' lang='grc' dir='ltr'>μήκιστον,</span> <span class='ocrx_word' id='word_1_678' title='bbox 381 2303 403 2332; x_wconf 80' lang='grc' dir='ltr'>ὦ</span> <span class='ocrx_word' id='word_1_679' title='bbox 422 2306 564 2341; x_wconf 84' lang='grc' dir='ltr'>φιλόχρονε</span> <span class='ocrx_word' id='word_1_680' title='bbox 576 2306 608 2333; x_wconf 83' lang='grc' dir='ltr'>σὺ</span> <span class='ocrx_word' id='word_1_681' title='bbox 628 2307 675 2333; x_wconf 57' lang='grc' dir='ltr'><strong>καί¹</strong></span> <span class='ocrx_word' id='word_1_682' title='bbox 694 2306 859 2342; x_wconf 81' lang='grc' dir='ltr'>φιλόκοσμε,</span> <span class='ocrx_word' id='word_1_683' title='bbox 881 2306 929 2334; x_wconf 80' lang='grc' dir='ltr'>καὶ</span> <span class='ocrx_word' id='word_1_684' title='bbox 942 2307 996 2333; x_wconf 86' lang='grc' dir='ltr'><strong>τῶν</strong></span> <span class='ocrx_word' id='word_1_685' title='bbox 1018 2308 1134 2343; x_wconf 80' lang='grc' dir='ltr'>ῥεόντων</span> <span class='ocrx_word' id='word_1_686' title='bbox 1147 2307 1217 2343; x_wconf 80' lang='grc' dir='ltr'><strong>ὲρῶν</strong></span> <span class='ocrx_word' id='word_1_687' title='bbox 1248 2307 1428 2334; x_wconf 82' lang='grc' dir='ltr'>ὲκτοπώτατα</span> <span class='ocrx_word' id='word_1_688' title='bbox 1440 2316 1446 2323; x_wconf 90' lang='grc'><strong>·</strong></span> <span class='ocrx_word' id='word_1_689' title='bbox 1459 2307 1520 2334; x_wconf 79' lang='grc' dir='ltr'>δυσὶ</span> <span class='ocrx_word' id='word_1_690' title='bbox 1553 2307 1606 2342; x_wconf 86' lang='grc' dir='ltr'><strong>γὰρ</strong></span> <span class='ocrx_word' id='word_1_691' title='bbox 1622 2307 1692 2343; x_wconf 81' lang='grc' dir='ltr'>πρὸς</span> <span class='ocrx_word' id='word_1_692' title='bbox 1706 2308 1764 2340; x_wconf 82' lang='grc' dir='ltr'>τοῖς</span> <span class='ocrx_word' id='word_1_693' title='bbox 1777 2315 1840 2334; x_wconf 79' lang='grc' dir='ltr'>τεσ·</span> 
     </span>
    </p>
   </div>
   <div class='ocr_carea' id='block_1_97' title="bbox 211 2351 1114 2389">
    <p class='ocr_par' dir='ltr' id='par_1_97' title="bbox 211 2351 1114 2389">
     <span class='ocr_line' id='line_1_97' title="bbox 211 2351 1114 2389; baseline 0.001 -10"><span class='ocrx_word' id='word_1_694' title='bbox 211 2353 366 2389; x_wconf 88' lang='grc' dir='ltr'>σαράκοντα</span> <span class='ocrx_word' id='word_1_695' title='bbox 380 2352 470 2378; x_wconf 74' lang='grc' dir='ltr'>ἐτεσιν</span> <span class='ocrx_word' id='word_1_696' title='bbox 490 2353 529 2384; x_wconf 85' lang='grc' dir='ltr'><strong>είς</strong></span> <span class='ocrx_word' id='word_1_697' title='bbox 544 2351 590 2378; x_wconf 82' lang='grc' dir='ltr'>τὸν</span> <span class='ocrx_word' id='word_1_698' title='bbox 607 2351 702 2387; x_wconf 84' lang='grc' dir='ltr'>θρόνον</span> <span class='ocrx_word' id='word_1_699' title='bbox 716 2352 847 2388; x_wconf 83' lang='grc' dir='ltr'>διέπρεψε</span> <span class='ocrx_word' id='word_1_700' title='bbox 860 2352 905 2379; x_wconf 81' lang='grc' dir='ltr'>τὸν</span> <span class='ocrx_word' id='word_1_701' title='bbox 919 2352 1055 2388; x_wconf 89' lang='grc' dir='ltr'>βασίλειον</span> <span class='ocrx_word' id='word_1_702' title='bbox 1070 2354 1114 2389; x_wconf 80' lang='lat' dir='ltr'><strong>(s).</strong></span> 
     </span>
    </p>
   </div>
   <div class='ocr_carea' id='block_1_98' title="bbox 246 2421 995 2456">
    <p class='ocr_par' dir='ltr' id='par_1_98' title="bbox 246 2421 995 2456">
     <span class='ocr_line' id='line_1_98' title="bbox 246 2421 995 2456; baseline 0.001 -7"><span class='ocrx_word' id='word_1_703' title='bbox 246 2422 290 2449; x_wconf 86' lang='lat'><strong>79.</strong></span> <span class='ocrx_word' id='word_1_704' title='bbox 308 2421 362 2449; x_wconf 86' lang='lat' dir='ltr'><strong>Sed</strong></span> <span class='ocrx_word' id='word_1_705' title='bbox 373 2428 423 2448; x_wconf 90' lang='lat' dir='ltr'><strong>cur</strong></span> <span class='ocrx_word' id='word_1_706' title='bbox 435 2421 491 2456; x_wconf 87' lang='lat' dir='ltr'><strong>jam</strong></span> <span class='ocrx_word' id='word_1_707' title='bbox 508 2421 584 2449; x_wconf 71' lang='grc' dir='ltr'>ιιωοῖ</span> <span class='ocrx_word' id='word_1_708' title='bbox 607 2421 716 2454; x_wconf 83' lang='lat' dir='ltr'><strong>Mirare,</strong></span> <span class='ocrx_word' id='word_1_709' title='bbox 737 2421 759 2449; x_wconf 89' lang='lat' dir='ltr'><strong>si</strong></span> <span class='ocrx_word' id='word_1_710' title='bbox 773 2426 848 2449; x_wconf 90' lang='lat' dir='ltr'><strong>certe</strong></span> <span class='ocrx_word' id='word_1_711' title='bbox 873 2423 995 2450; x_wconf 83' lang='lat' dir='ltr'><strong>melioris</strong></span> 
     </span>
    </p>
   </div>
   <div class='ocr_carea' id='block_1_99' title="bbox 210 2467 997 2503">
    <p class='ocr_par' dir='ltr' id='par_1_99' title="bbox 210 2467 997 2503">
     <span class='ocr_line' id='line_1_99' title="bbox 210 2467 997 2503; baseline 0.001 -8"><span class='ocrx_word' id='word_1_712' title='bbox 210 2467 249 2495; x_wconf 88' lang='lat' dir='ltr'><strong>rei</strong></span> <span class='ocrx_word' id='word_1_713' title='bbox 262 2467 430 2495; x_wconf 86' lang='lat' dir='ltr'><strong>discretione</strong></span> <span class='ocrx_word' id='word_1_714' title='bbox 456 2467 552 2502; x_wconf 85' lang='lat' dir='ltr'><strong>polles,</strong></span> <span class='ocrx_word' id='word_1_715' title='bbox 576 2468 619 2494; x_wconf 87' lang='lat' dir='ltr'><strong>avi</strong></span> <span class='ocrx_word' id='word_1_716' title='bbox 651 2467 711 2502; x_wconf 89' lang='lat' dir='ltr'><strong>ejus</strong></span> <span class='ocrx_word' id='word_1_717' title='bbox 736 2467 883 2496; x_wconf 88' lang='lat' dir='ltr'><strong>Theodosii</strong></span> <span class='ocrx_word' id='word_1_718' title='bbox 908 2467 997 2503; x_wconf 81' lang='lat' dir='ltr'><strong>Magni</strong></span> 
     </span>
    </p>
   </div>
   <div class='ocr_carea' id='block_1_100' title="bbox 209 2511 998 2548">
    <p class='ocr_par' dir='ltr' id='par_1_100' title="bbox 209 2511 998 2548">
     <span class='ocr_line' id='line_1_100' title="bbox 209 2511 998 2548; baseline 0.001 -9"><span class='ocrx_word' id='word_1_719' title='bbox 209 2521 273 2548; x_wconf 85' lang='lat' dir='ltr'><strong>erga</strong></span> <span class='ocrx_word' id='word_1_720' title='bbox 288 2513 370 2540; x_wconf 88' lang='lat' dir='ltr'><strong>Deum</strong></span> <span class='ocrx_word' id='word_1_721' title='bbox 386 2513 486 2547; x_wconf 85' lang='lat' dir='ltr'><strong>Deique</strong></span> <span class='ocrx_word' id='word_1_722' title='bbox 498 2511 617 2541; x_wconf 80' lang='lat' dir='ltr'><strong>famulos</strong></span> <span class='ocrx_word' id='word_1_723' title='bbox 629 2513 819 2540; x_wconf 85' lang='lat' dir='ltr'><strong>reverentiam.</strong></span> <span class='ocrx_word' id='word_1_724' title='bbox 833 2513 908 2546; x_wconf 85' lang='lat' dir='ltr'><strong>Quod</strong></span> <span class='ocrx_word' id='word_1_725' title='bbox 925 2513 998 2540; x_wconf 90' lang='lat' dir='ltr'><strong>enim</strong></span> 
     </span>
    </p>
   </div>
   <div class='ocr_carea' id='block_1_101' title="bbox 210 2558 997 2586">
    <p class='ocr_par' dir='ltr' id='par_1_101' title="bbox 210 2558 997 2586">
     <span class='ocr_line' id='line_1_101' title="bbox 210 2558 997 2586; baseline -0.001 0"><span class='ocrx_word' id='word_1_726' title='bbox 210 2560 283 2586; x_wconf 83' lang='lat' dir='ltr'><strong>circa</strong></span> <span class='ocrx_word' id='word_1_727' title='bbox 316 2559 472 2586; x_wconf 83' lang='lat' dir='ltr'><strong>Servatoris</strong></span> <span class='ocrx_word' id='word_1_728' title='bbox 508 2560 593 2586; x_wconf 92' lang='lat' dir='ltr'><strong>nostri</strong></span> <span class='ocrx_word' id='word_1_729' title='bbox 626 2559 844 2585; x_wconf 87' lang='lat' dir='ltr'><strong>incarnationem</strong></span> <span class='ocrx_word' id='word_1_730' title='bbox 877 2558 997 2586; x_wconf 87' lang='lat' dir='ltr'><strong>studium</strong></span> 
     </span>
    </p>
   </div>
   <div class='ocr_carea' id='block_1_102' title="bbox 210 2606 995 2642">
    <p class='ocr_par' dir='ltr' id='par_1_102' title="bbox 210 2606 995 2642">
     <span class='ocr_line' id='line_1_102' title="bbox 210 2606 995 2642; baseline 0 -8"><span class='ocrx_word' id='word_1_731' title='bbox 210 2607 345 2641; x_wconf 80' lang='lat' dir='ltr'><strong>ﬁdemque</strong></span> <span class='ocrx_word' id='word_1_732' title='bbox 359 2606 487 2642; x_wconf 84' lang='lat' dir='ltr'><strong>habebat,</strong></span> <span class='ocrx_word' id='word_1_733' title='bbox 506 2612 562 2634; x_wconf 88' lang='lat' dir='ltr'><strong>tum</strong></span> <span class='ocrx_word' id='word_1_734' title='bbox 579 2613 664 2635; x_wconf 73' lang='lat' dir='ltr'><strong>sacra:</strong></span> <span class='ocrx_word' id='word_1_735' title='bbox 678 2606 747 2640; x_wconf 87' lang='lat' dir='ltr'><strong>apud</strong></span> <span class='ocrx_word' id='word_1_736' title='bbox 766 2613 814 2633; x_wconf 89' lang='lat' dir='ltr'><strong>nos</strong></span> <span class='ocrx_word' id='word_1_737' title='bbox 832 2607 903 2633; x_wconf 75' lang='lat' dir='ltr'><strong>:edes</strong></span> <span class='ocrx_word' id='word_1_738' title='bbox 917 2606 950 2634; x_wconf 83' lang='lat' dir='ltr'><strong>ab</strong></span> <span class='ocrx_word' id='word_1_739' title='bbox 963 2614 995 2634; x_wconf 89' lang='lat' dir='ltr'><strong>co</strong></span> 
     </span>
    </p>
   </div>
   <div class='ocr_carea' id='block_1_103' title="bbox 243 2706 997 2749">
    <p class='ocr_par' dir='ltr' id='par_1_103' title="bbox 243 2706 997 2749">
     <span class='ocr_line' id='line_1_103' title="bbox 243 2706 997 2749; baseline -0.004 -11"><span class='ocrx_word' id='word_1_740' title='bbox 243 2712 300 2749; x_wconf 72' lang='grc'><strong>(94)</strong></span> <span class='ocrx_word' id='word_1_741' title='bbox 317 2711 353 2749; x_wconf 69' lang='lat' dir='ltr'><strong>[)e</strong></span> <span class='ocrx_word' id='word_1_742' title='bbox 366 2709 536 2749; x_wconf 59' lang='lat' dir='ltr'><strong>Constantini</strong></span> <span class='ocrx_word' id='word_1_743' title='bbox 553 2707 641 2743; x_wconf 68' lang='lat' dir='ltr'><strong>Magni</strong></span> <span class='ocrx_word' id='word_1_744' title='bbox 657 2707 743 2735; x_wconf 85' lang='lat' dir='ltr'><strong>sacris</strong></span> <span class='ocrx_word' id='word_1_745' title='bbox 759 2706 881 2734; x_wconf 72' lang='lat' dir='ltr'><strong>mdillciis</strong></span> <span class='ocrx_word' id='word_1_746' title='bbox 909 2707 997 2736; x_wconf 90' lang='lat' dir='ltr'><strong>recole</strong></span> 
     </span>
    </p>
   </div>
   <div class='ocr_carea' id='block_1_104' title="bbox 208 2747 467 2780">
    <p class='ocr_par' dir='ltr' id='par_1_104' title="bbox 208 2747 467 2780">
     <span class='ocr_line' id='line_1_104' title="bbox 208 2747 467 2780; baseline -0.012 -5"><span class='ocrx_word' id='word_1_747' title='bbox 208 2747 300 2775; x_wconf 80' lang='lat' dir='ltr'><strong>adnot.</strong></span> <span class='ocrx_word' id='word_1_748' title='bbox 320 2747 364 2780; x_wconf 67' lang='grc' dir='ltr'>Η,</span> <span class='ocrx_word' id='word_1_749' title='bbox 378 2754 392 2780; x_wconf 86' lang='lat' dir='ltr'><strong>p</strong></span> <span class='ocrx_word' id='word_1_750' title='bbox 423 2747 467 2774; x_wconf 81' lang='lat'><strong>66.</strong></span> 
     </span>
    </p>
   </div>
   <div class='ocr_carea' id='block_1_105' title="bbox 244 2778 996 2817">
    <p class='ocr_par' dir='ltr' id='par_1_105' title="bbox 244 2778 996 2817">
     <span class='ocr_line' id='line_1_105' title="bbox 244 2778 996 2817; baseline -0.007 -7"><span class='ocrx_word' id='word_1_751' title='bbox 244 2785 278 2817; x_wconf 77' lang='grc' dir='ltr'><strong>μ’)</strong></span> <span class='ocrx_word' id='word_1_752' title='bbox 294 2778 362 2810; x_wconf 63' lang='grc' dir='ltr'>Ρυιιι</span> <span class='ocrx_word' id='word_1_753' title='bbox 373 2778 460 2816; x_wconf 67' lang='lat' dir='ltr'><strong>Magni</strong></span> <span class='ocrx_word' id='word_1_754' title='bbox 475 2779 799 2817; x_wconf 53' lang='lat' dir='ltr'><strong>Constantini&quot;nummos</strong></span> <span class='ocrx_word' id='word_1_755' title='bbox 815 2787 875 2806; x_wconf 81' lang='lat' dir='ltr'><strong>cum</strong></span> <span class='ocrx_word' id='word_1_756' title='bbox 892 2778 996 2817; x_wconf 66' lang='lat' dir='ltr'><strong>Laboro</strong></span> 
     </span>
    </p>
   </div>
   <div class='ocr_carea' id='block_1_106' title="bbox 208 2813 997 2850">
    <p class='ocr_par' dir='ltr' id='par_1_106' title="bbox 208 2813 997 2850">
     <span class='ocr_line' id='line_1_106' title="bbox 208 2813 997 2850; baseline -0.008 -5"><span class='ocrx_word' id='word_1_757' title='bbox 208 2813 255 2845; x_wconf 66' lang='lat' dir='ltr'><strong>sz-u</strong></span> <span class='ocrx_word' id='word_1_758' title='bbox 270 2813 376 2845; x_wconf 52' lang='lat' dir='ltr'><strong>&#39;Cltristi</strong></span> <span class='ocrx_word' id='word_1_759' title='bbox 393 2813 635 2850; x_wconf 73' lang='lat' dir='ltr'><strong>monogranunate.</strong></span> <span class='ocrx_word' id='word_1_760' title='bbox 652 2813 782 2850; x_wconf 80' lang='lat' dir='ltr'><strong>Nummos</strong></span> <span class='ocrx_word' id='word_1_761' title='bbox 800 2820 855 2841; x_wconf 87' lang='lat' dir='ltr'><strong>toto</strong></span> <span class='ocrx_word' id='word_1_762' title='bbox 866 2815 930 2840; x_wconf 85' lang='lat' dir='ltr'><strong>orbe</strong></span> <span class='ocrx_word' id='word_1_763' title='bbox 944 2814 997 2840; x_wconf 69' lang='lat' dir='ltr'><strong>lto-</strong></span> 
     </span>
    </p>
   </div>
   <div class='ocr_carea' id='block_1_107' title="bbox 208 2849 998 2886">
    <p class='ocr_par' dir='ltr' id='par_1_107' title="bbox 208 2849 998 2886">
     <span class='ocr_line' id='line_1_107' title="bbox 208 2849 998 2886; baseline -0.008 -5"><span class='ocrx_word' id='word_1_764' title='bbox 208 2862 289 2881; x_wconf 78' lang='lat' dir='ltr'><strong>luunt)</strong></span> <span class='ocrx_word' id='word_1_765' title='bbox 302 2852 427 2884; x_wconf 69' lang='lat' dir='ltr'><strong>uitiosos,</strong></span> <span class='ocrx_word' id='word_1_766' title='bbox 454 2849 594 2886; x_wconf 67' lang='lat' dir='ltr'><strong>inquibus</strong></span> <span class='ocrx_word' id='word_1_767' title='bbox 615 2856 728 2885; x_wconf 83' lang='lat' dir='ltr'><strong>magnus</strong></span> <span class='ocrx_word' id='word_1_768' title='bbox 740 2849 934 2877; x_wconf 77' lang='lat' dir='ltr'><strong>Constantinus</strong></span> <span class='ocrx_word' id='word_1_769' title='bbox 951 2850 998 2876; x_wconf 87' lang='lat' dir='ltr'><strong>ha-</strong></span> 
     </span>
    </p>
   </div>
   <div class='ocr_carea' id='block_1_108' title="bbox 1082 2421 1839 2457">
    <p class='ocr_par' dir='ltr' id='par_1_108' title="bbox 1082 2421 1839 2457">
     <span class='ocr_line' id='line_1_108' title="bbox 1082 2421 1839 2457; baseline -0.003 -8"><span class='ocrx_word' id='word_1_770' title='bbox 1082 2423 1130 2450; x_wconf 85' lang='lat' dir='ltr'><strong>oO’.</strong></span> <span class='ocrx_word' id='word_1_771' title='bbox 1152 2423 1186 2449; x_wconf 91' lang='grc' dir='ltr'>Τί</span> <span class='ocrx_word' id='word_1_772' title='bbox 1200 2422 1303 2456; x_wconf 84' lang='grc' dir='ltr'>ταῦτα;</span> <span class='ocrx_word' id='word_1_773' title='bbox 1328 2421 1464 2457; x_wconf 79' lang='grc' dir='ltr'>θαύμαζε.</span> <span class='ocrx_word' id='word_1_774' title='bbox 1483 2422 1511 2448; x_wconf 78' lang='grc' dir='ltr'>ετ</span> <span class='ocrx_word' id='word_1_775' title='bbox 1525 2430 1565 2448; x_wconf 86' lang='grc' dir='ltr'><strong>σοι</strong></span> <span class='ocrx_word' id='word_1_776' title='bbox 1588 2421 1771 2448; x_wconf 85' lang='grc' dir='ltr'>πεπίστευται</span> <span class='ocrx_word' id='word_1_777' title='bbox 1787 2422 1839 2448; x_wconf 86' lang='grc' dir='ltr'><strong>τῶν</strong></span> 
     </span>
    </p>
   </div>
   <div class='ocr_carea' id='block_1_109' title="bbox 1047 2467 1838 2504">
    <p class='ocr_par' dir='ltr' id='par_1_109' title="bbox 1047 2467 1838 2504">
     <span class='ocr_line' id='line_1_109' title="bbox 1047 2467 1838 2504; baseline -0.003 -9"><span class='ocrx_word' id='word_1_778' title='bbox 1047 2470 1199 2504; x_wconf 86' lang='grc' dir='ltr'>ἀμεινόνων</span> <span class='ocrx_word' id='word_1_779' title='bbox 1215 2470 1231 2504; x_wconf 86' lang='grc' dir='ltr'>ὴ</span> <span class='ocrx_word' id='word_1_780' title='bbox 1249 2469 1340 2504; x_wconf 86' lang='grc' dir='ltr'>κρίσις</span> <span class='ocrx_word' id='word_1_781' title='bbox 1351 2488 1358 2500; x_wconf 91' lang='grc'><strong>,</strong></span> <span class='ocrx_word' id='word_1_782' title='bbox 1373 2468 1421 2503; x_wconf 76' lang='grc' dir='ltr'>τὴν</span> <span class='ocrx_word' id='word_1_783' title='bbox 1436 2468 1484 2495; x_wconf 82' lang='grc' dir='ltr'>τοῦ</span> <span class='ocrx_word' id='word_1_784' title='bbox 1502 2468 1615 2495; x_wconf 81' lang='grc' dir='ltr'>πάππου</span> <span class='ocrx_word' id='word_1_785' title='bbox 1629 2467 1724 2494; x_wconf 84' lang='grc' dir='ltr'>τούτου</span> <span class='ocrx_word' id='word_1_786' title='bbox 1741 2467 1838 2494; x_wconf 82' lang='grc' dir='ltr'>Θεοδο-</span> 
     </span>
    </p>
   </div>
   <div class='ocr_carea' id='block_1_110' title="bbox 1049 2512 1837 2549">
    <p class='ocr_par' dir='ltr' id='par_1_110' title="bbox 1049 2512 1837 2549">
     <span class='ocr_line' id='line_1_110' title="bbox 1049 2512 1837 2549; baseline -0.004 -7"><span class='ocrx_word' id='word_1_787' title='bbox 1049 2516 1105 2542; x_wconf 87' lang='grc' dir='ltr'>σίου</span> <span class='ocrx_word' id='word_1_788' title='bbox 1125 2515 1172 2542; x_wconf 85' lang='grc' dir='ltr'>τοῦ</span> <span class='ocrx_word' id='word_1_789' title='bbox 1190 2515 1318 2549; x_wconf 86' lang='grc' dir='ltr'>Μεγάλου</span> <span class='ocrx_word' id='word_1_790' title='bbox 1330 2535 1337 2546; x_wconf 86' lang='grc'><strong>,</strong></span> <span class='ocrx_word' id='word_1_791' title='bbox 1359 2515 1422 2549; x_wconf 84' lang='grc' dir='ltr'>περί</span> <span class='ocrx_word' id='word_1_792' title='bbox 1436 2523 1466 2541; x_wconf 90' lang='grc' dir='ltr'><strong>τε</strong></span> <span class='ocrx_word' id='word_1_793' title='bbox 1484 2514 1516 2540; x_wconf 85' lang='grc' dir='ltr'>τὸ</span> <span class='ocrx_word' id='word_1_794' title='bbox 1534 2515 1611 2541; x_wconf 84' lang='grc' dir='ltr'>Θεῐον</span> <span class='ocrx_word' id='word_1_795' title='bbox 1633 2514 1680 2540; x_wconf 82' lang='grc' dir='ltr'>καὶ</span> <span class='ocrx_word' id='word_1_796' title='bbox 1705 2514 1769 2545; x_wconf 76' lang='grc' dir='ltr'>τοὺς</span> <span class='ocrx_word' id='word_1_797' title='bbox 1792 2512 1837 2540; x_wconf 81' lang='grc' dir='ltr'>τοῦ</span> 
     </span>
    </p>
   </div>
   <div class='ocr_carea' id='block_1_111' title="bbox 1049 2559 1836 2596">
    <p class='ocr_par' dir='ltr' id='par_1_111' title="bbox 1049 2559 1836 2596">
     <span class='ocr_line' id='line_1_111' title="bbox 1049 2559 1836 2596; baseline -0.005 -7"><span class='ocrx_word' id='word_1_798' title='bbox 1049 2562 1126 2589; x_wconf 80' lang='grc' dir='ltr'>Θείου</span> <span class='ocrx_word' id='word_1_799' title='bbox 1145 2561 1314 2595; x_wconf 73' lang='grc' dir='ltr'>θεράποντας</span> <span class='ocrx_word' id='word_1_800' title='bbox 1331 2560 1485 2587; x_wconf 80' lang='grc' dir='ltr'>εὐλάϐειαν·</span> <span class='ocrx_word' id='word_1_801' title='bbox 1507 2560 1541 2596; x_wconf 81' lang='grc' dir='ltr'>ἢν</span> <span class='ocrx_word' id='word_1_802' title='bbox 1564 2560 1619 2595; x_wconf 84' lang='grc' dir='ltr'><strong>γὰρ</strong></span> <span class='ocrx_word' id='word_1_803' title='bbox 1636 2560 1702 2595; x_wconf 81' lang='grc' dir='ltr'>περὶ</span> <span class='ocrx_word' id='word_1_804' title='bbox 1717 2561 1769 2594; x_wconf 82' lang='grc' dir='ltr'><strong>τὴν</strong></span> <span class='ocrx_word' id='word_1_805' title='bbox 1792 2559 1836 2586; x_wconf 74' lang='grc' dir='ltr'>τοῦ</span> 
     </span>
    </p>
   </div>
   <div class='ocr_carea' id='block_1_112' title="bbox 1050 2604 1838 2642">
    <p class='ocr_par' dir='ltr' id='par_1_112' title="bbox 1050 2604 1838 2642">
     <span class='ocr_line' id='line_1_112' title="bbox 1050 2604 1838 2642; baseline -0.004 -9"><span class='ocrx_word' id='word_1_806' title='bbox 1050 2607 1176 2642; x_wconf 72' lang='grc' dir='ltr'>Σωτῆρος</span> <span class='ocrx_word' id='word_1_807' title='bbox 1190 2607 1268 2642; x_wconf 83' lang='grc' dir='ltr'>ἡμῶν</span> <span class='ocrx_word' id='word_1_808' title='bbox 1281 2606 1448 2641; x_wconf 68' lang='grc' dir='ltr'>οἰκονομίαν,</span> <span class='ocrx_word' id='word_1_809' title='bbox 1465 2605 1585 2641; x_wconf 81' lang='grc' dir='ltr'>σπουδὴν</span> <span class='ocrx_word' id='word_1_810' title='bbox 1605 2605 1653 2632; x_wconf 78' lang='grc' dir='ltr'>καὶ</span> <span class='ocrx_word' id='word_1_811' title='bbox 1669 2605 1762 2632; x_wconf 81' lang='grc' dir='ltr'>πίστιν</span> <span class='ocrx_word' id='word_1_812' title='bbox 1778 2604 1838 2641; x_wconf 64' lang='lat' dir='ltr'><strong>sxt-</strong></span> 
     </span>
    </p>
   </div>
   <div class='ocr_carea' id='block_1_113' title="bbox 1047 2706 1835 2742">
    <p class='ocr_par' dir='ltr' id='par_1_113' title="bbox 1047 2706 1835 2742">
     <span class='ocr_line' id='line_1_113' title="bbox 1047 2706 1835 2742; baseline -0.001 -7"><span class='ocrx_word' id='word_1_813' title='bbox 1047 2708 1104 2735; x_wconf 88' lang='lat' dir='ltr'><strong>bitn</strong></span> <span class='ocrx_word' id='word_1_814' title='bbox 1121 2709 1224 2736; x_wconf 85' lang='lat' dir='ltr'><strong>orantis</strong></span> <span class='ocrx_word' id='word_1_815' title='bbox 1248 2707 1309 2735; x_wconf 92' lang='lat' dir='ltr'><strong>cudi</strong></span> <span class='ocrx_word' id='word_1_816' title='bbox 1328 2715 1357 2735; x_wconf 89' lang='lat' dir='ltr'><strong>se</strong></span> <span class='ocrx_word' id='word_1_817' title='bbox 1375 2707 1511 2742; x_wconf 79' lang='lat' dir='ltr'><strong>iusserat,</strong></span> <span class='ocrx_word' id='word_1_818' title='bbox 1539 2713 1673 2736; x_wconf 82' lang='lat' dir='ltr'><strong>memorat</strong></span> <span class='ocrx_word' id='word_1_819' title='bbox 1693 2706 1835 2735; x_wconf 85' lang='lat' dir='ltr'><strong>Eusebius.</strong></span> 
     </span>
    </p>
   </div>
   <div class='ocr_carea' id='block_1_114' title="bbox 1053 2743 1387 2774">
    <p class='ocr_par' dir='ltr' id='par_1_114' title="bbox 1053 2743 1387 2774">
     <span class='ocr_line' id='line_1_114' title="bbox 1053 2743 1387 2774; baseline 0 -4"><span class='ocrx_word' id='word_1_820' title='bbox 1053 2743 1106 2770; x_wconf 83' lang='lat' dir='ltr'><strong>Vit.</strong></span> <span class='ocrx_word' id='word_1_821' title='bbox 1121 2743 1211 2770; x_wconf 79' lang='lat' dir='ltr'><strong>Const.</strong></span> <span class='ocrx_word' id='word_1_822' title='bbox 1229 2744 1275 2771; x_wconf 85' lang='lat' dir='ltr'><strong>tib.</strong></span> <span class='ocrx_word' id='word_1_823' title='bbox 1293 2751 1328 2774; x_wconf 84' lang='lat' dir='ltr'><strong>tv,</strong></span> <span class='ocrx_word' id='word_1_824' title='bbox 1347 2743 1387 2770; x_wconf 80' lang='grc'><strong>15.</strong></span> 
     </span>
    </p>
   </div>
   <div class='ocr_carea' id='block_1_115' title="bbox 1086 2777 1838 2819">
    <p class='ocr_par' dir='ltr' id='par_1_115' title="bbox 1086 2777 1838 2819">
     <span class='ocr_line' id='line_1_115' title="bbox 1086 2777 1838 2819; baseline 0.001 -14"><span class='ocrx_word' id='word_1_825' title='bbox 1086 2779 1117 2819; x_wconf 70' lang='grc' dir='ltr'><strong>(τ)</strong></span> <span class='ocrx_word' id='word_1_826' title='bbox 1145 2779 1276 2819; x_wconf 39' lang='lat' dir='ltr'><strong>lipquilnr</strong></span> <span class='ocrx_word' id='word_1_827' title='bbox 1296 2780 1330 2819; x_wconf 74' lang='lat' dir='ltr'><strong>de</strong></span> <span class='ocrx_word' id='word_1_828' title='bbox 1346 2777 1499 2819; x_wconf 70' lang='lat' dir='ltr'><strong>Theodosio</strong></span> <span class='ocrx_word' id='word_1_829' title='bbox 1529 2777 1715 2819; x_wconf 41' lang='lat' dir='ltr'><strong>Minore1qni</strong></span> <span class='ocrx_word' id='word_1_830' title='bbox 1743 2785 1838 2819; x_wconf 76' lang='lat' dir='ltr'><strong>reapse</strong></span> 
     </span>
    </p>
   </div>
   <div class='ocr_carea' id='block_1_116' title="bbox 1051 2813 1837 2848">
    <p class='ocr_par' dir='ltr' id='par_1_116' title="bbox 1051 2813 1837 2848">
     <span class='ocr_line' id='line_1_116' title="bbox 1051 2813 1837 2848; baseline -0.003 -7"><span class='ocrx_word' id='word_1_831' title='bbox 1051 2813 1130 2841; x_wconf 85' lang='lat' dir='ltr'><strong>annis</strong></span> <span class='ocrx_word' id='word_1_832' title='bbox 1145 2814 1178 2840; x_wconf 70' lang='lat'><strong>4‘2</strong></span> <span class='ocrx_word' id='word_1_833' title='bbox 1202 2814 1354 2848; x_wconf 85' lang='lat' dir='ltr'><strong>imperavit,</strong></span> <span class='ocrx_word' id='word_1_834' title='bbox 1376 2818 1403 2840; x_wconf 89' lang='lat' dir='ltr'><strong>ct</strong></span> <span class='ocrx_word' id='word_1_835' title='bbox 1416 2813 1680 2848; x_wconf 69' lang='lat' dir='ltr'><strong>Constantinopolim</strong></span> <span class='ocrx_word' id='word_1_836' title='bbox 1702 2815 1837 2841; x_wconf 69' lang='lat' dir='ltr'><strong>mmnibns</strong></span> 
     </span>
    </p>
   </div>
   <div class='ocr_carea' id='block_1_117' title="bbox 1051 2848 1565 2884">
    <p class='ocr_par' dir='ltr' id='par_1_117' title="bbox 1051 2848 1565 2884">
     <span class='ocr_line' id='line_1_117' title="bbox 1051 2848 1565 2884; baseline -0.006 -7"><span class='ocrx_word' id='word_1_837' title='bbox 1051 2849 1226 2884; x_wconf 71' lang='lat' dir='ltr'><strong>tt-diliciisque</strong></span> <span class='ocrx_word' id='word_1_838' title='bbox 1240 2850 1363 2883; x_wconf 81' lang='lat' dir='ltr'><strong>plurimis</strong></span> <span class='ocrx_word' id='word_1_839' title='bbox 1380 2848 1565 2884; x_wconf 78' lang='lat' dir='ltr'><strong>ampliﬁcavit.</strong></span> 
     </span>
    </p>
   </div>
  </div>
