1947 3080
231 150 284 184 ῐ93

745 152 774 181 S.
794 149 1005 181 NICEPHORI
1025 147 1281 180 PATRI.\RCiI.E
1300 146 1357 177 (ΣΡ.

1816 139 1870 172 596

234 206 410 242 perversitas,
427 210 456 235 ut
474 206 540 234 nihil
551 207 648 235 stabile
674 208 834 242 firmumque
859 207 971 239 haheat,
991 211 1021 234 ιιι

1084 206 1176 236 τάσαις
1191 205 1252 236 ταῖς
1269 204 1338 236 ὁδοῖς
1355 203 1451 239 ἡμῶν.
1469 201 1517 229 καὶ
1535 202 1666 236 ἐοίκαμεν
1680 198 1798 226 κλύδωνι
1814 197 1864 224 θα-

235 261 342 289 scmper
349 254 444 286 variet,
455 258 536 289 atque
547 255 598 282 hac
609 254 669 282 illac
678 255 779 290 agitata
795 260 924 282 mutetur.
936 254 1024 288 Atque

234 303 264 325 ut
292 298 446 326 summatim
482 299 618 331 dicamus,
641 299 705 326 dum
731 299 887 326 hominibus
915 299 1023 333 placere

234 343 384 378 Mttdemns,
402 351 416 371 a
429 343 481 371 Dei
491 343 623 372 famulatu
646 344 797 372 excidimus
812 352 819 378 ;
846 351 945 378 nempe
963 350 1024 378 qute

237 398 324 425 neque
344 390 466 426 cogitare
490 398 579 426 neque
603 390 695 419 dicere
713 391 787 423 licet,
814 389 950 417 affirmare
964 389 1023 416 ausi

234 445 339 471 sumus,
366 437 440 465 Pauli
465 438 639 466 sententiae"
670 442 759 465 mente
788 442 813 464 et
838 443 922 470 opere
959 443 1025 462 con-

235 484 411 511 tradicentes.
435 483 494 512 Jam
523 491 588 512 vero
607 491 714 519 aequum
743 487 815 510 esset
831 487 858 509 et
883 485 1024 508 consecta-

237 531 330 562 nenm',
363 529 563 564 impendentem
589 537 605 558 a
642 529 696 556 Dco
720 527 897 562 blasphemiis
925 527 1024 554 nostris

237 576 382 602 vindictam
424 576 612 610 prawidentes,
655 576 713 602 haec
749 575 860 608 insuper
901 573 1023 599 addere:

239 629 335 657 umnpe
349 622 597 661 quodscptuplum
622 621 688 648 ultio
706 621 814 647 dabitur
836 620 868 648 de
884 619 979 650 Caino,
994 619 1026 646 de

239 666 376 694 Lanterho
399 671 493 694 autem-
511 666 664 702 sepluagies
691 666 801 701 septies,
828 664 867 690 nti
896 664 1025 697 scriptum

239 711 318 738 est".
338 712 393 745 Qua
409 713 435 739 in
452 711 570 739 dictione
590 711 683 738 nescio
699 710 762 745 quid
780 709 930 736 desiderari
949 709 1025 742 quis-

241 758 312 793 piam
337 758 516 785 considerans
546 764 598 784 non
619 756 756 784 immerito
777 756 882 782 diceret
912 755 1027 781 fortasse

240 803 366 835 indicari,
385 803 443 831 fore
467 808 495 830 ut
518 803 563 837 qui
578 802 714 837 peccando
726 801 923 836 progrediatur,
941 799 1026 833 majo‘

241 857 296 876 rem
320 856 406 884 paruae
425 855 581 876 mensuram
599 848 636 875 sit
655 851 823 881 recepturus.
840 845 907 872 Nam
925 843 1027 872 Cainus

240 896 278 923 rei
307 895 439 929 imperitia
462 895 546 927 rudis,
565 897 589 921 et
616 893 680 921 mali
699 891 875 928 coargutione
907 891 1027 918 nondum

240 941 405 974 admonitus,
418 940 570 976 ignorantia
584 940 674 967 adhuc
687 938 802 970 laborat,
818 944 869 965 nec
886 937 1027 972 parricidii

239 987 306 1014 satis
322 986 426 1014 facinus
445 986 486 1014 vel
506 994 556 1022 pro
574 986 612 1013 rei
635 985 766 1020 gravitate
779 983 952 1018 agnoseebat,
966 991 1029 1018 pec-

241 1038 302 1060 cato
330 1037 385 1060 tum
418 1033 536 1067 primum
564 1031 650 1060 veluti
685 1030 712 1058 in
739 1030 842 1058 foribus
867 1035 1025 1065 apparentc.

242 1077 340 1106 “erum
366 1080 439 1114 quod
455 1078 631 1106 subsecutum
654 1080 695 1105 est
718 1076 907 1107 homicidium,
925 1075 1028 1110 majore

241 1130 322 1160 atque
348 1124 453 1152 infinita
471 1131 558 1159 poenae
575 1123 696 1151 vindicta
723 1122 865 1150 multatum
886 1120 947 1153 fuit,
965 1119 1029 1155 quia

242 1175 303 1205 post
318 1170 442 1198 notitiam
460 1169 566 1204 peccari
590 1176 686 1197 ausum
713 1172 763 1196 est.
788 1167 853 1202 Ejus
869 1166 908 1194 rei
923 1166 1030 1201 insigne

242 1216 396 1252 exemplum
411 1216 498 1244 oculis
507 1219 566 1242 erat
582 1215 759 1250 propositum,
774 1218 801 1241 et
815 1213 906 1240 divino
920 1212 1030 1239 decreto

243 1263 391 1295 ﬁrmatum,
407 1262 516 1296 signum
532 1260 659 1289 videlicet
682 1268 698 1287 a
719 1259 774 1287 Deo
801 1259 977 1294 impressum,
997 1264 1030 1284 ne

242 1308 303 1342 quis
320 1315 381 1336 eum
397 1307 534 1336 occideret
545 1306 592 1341 qui
607 1306 744 1334 sententia
763 1304 854 1331 fuerat.
875 1303 1029 1334 damnatus,

243 1354 289 1382 sed
305 1361 426 1381 amaram
444 1353 534 1389 potius
546 1353 630 1380 vitam
643 1351 826 1387 protraheret.

1075 251 1179 285 λάσσης
1197 249 1387 284 ἀνεμιζομένῳ
1406 248 1456 275 καὶ
1474 247 1657 284 ῥιπιζομένῳ·
1674 245 1796 272 τοιοῦτον
1815 244 1869 278 γὰρ

1075 298 1092 333 ὴ
1116 297 1201 324 κακία
1223 296 1274 331 τῆς
1304 295 1448 325 ἀπιστίας.
1476 292 1597 329 οὐδαμοῦ
1612 293 1646 321 τὸ
1681 292 1790 327 ἑδραῖον
1819 291 1870 317 καὶ

1077 342 1193 378 βάσιμον
1213 341 1325 378 ἔχουσα,
1341 340 1399 368 ἀλλ’
1414 340 1459 367 ἀεὶ
1474 339 1695 375 μετα-πίπτουσα,
1709 337 1756 364 καὶ
1771 336 1869 364 ἄλλοτε

1076 388 1164 420 ἄλλως
1188 388 1327 423 φερομένη
1349 386 1397 413 καὶ
1423 385 1650 421 μεταϐάλλουσαι
1675 384 1721 410 καὶΙ
1747 382 1777 409 τὸ
1807 382 1870 408 ὅλον

1076 436 1180 466 είπεῖν,
1204 433 1361 469 ἀνθρώποις
1377 433 1476 468 ἀρέσαι
1494 431 1698 462 σπουδάσαντες
1711 451 1718 463 ,
1733 428 1781 456 τοῦ
1798 426 1871 454 εἶναι

1076 480 1145 507 Θεοῦ
1167 480 1256 507 δοῦλοι
1285 477 1530 512 ἁποπεπτώκαμεν
1543 485 1550 493 ·
1576 476 1594 503 a
1612 476 1650 511 μὴ
1670 474 1784 509 θεμιτὸν
1807 472 1870 509 μηδ’

1077 526 1202 559 ἐννοῆσαι
1216 524 1268 559 χρὴ
1278 544 1284 556 ,
1305 525 1394 550 είπεῖν
1406 523 1455 550 οὐκ
1470 523 1730 557 ἀποναρκήσαντες,
1752 519 1802 546 καὶ
1817 519 1871 545 ἀπ-

1077 571 1202 602 εναντίας
1220 570 1237 606 ἢ
1255 569 1353 605 Παύλῳ
1366 568 1501 596 δοκεῖκαὶ
1518 568 1704 603 φρονήσαντες
1719 565 1766 591 καὶ
1783 563 1872 591 διαθέ-

1079 625 1164 651 μενοι.
1187 616 1299 642 Δίκαιον
1313 615 1335 641 δ’
1350 615 1383 642 ἂν
1398 614 1440 650 εἴη
1457 614 1505 642 καὶ
1525 613 1674 640 ἀκόλουθον
1686 632 1693 642 .
1707 610 1870 647 προειδομέ-

1078 671 1139 693 νους
1155 662 1205 697 τὴν
1226 661 1269 696 ἐφ’
1288 659 1330 692 οἷς
1352 660 1621 695 δεδυσφημήκαμεν,
1644 657 1872 692 ἐπικρεμαμένην

1078 709 1143 743 ἡμῖν
1164 707 1294 742 θεήλατον
1312 707 1402 742 δίκην,
1416 707 1530 732 κᾶκείνα
1549 706 1604 736 τοῖς
1620 704 1773 740 εἰρημένοις
1785 710 1871 738 προα-

1079 755 1177 786 θεῖναι,
1206 756 1248 781 ὅτι
1279 755 1311 780 ἐκ
1338 755 1386 788 μὲν
1413 754 1482 780 Κάῖν
1507 751 1622 782 ἑπτάκις
1644 749 1872 784 ἐκδικηϐήσεται,

1079 803 1110 829 ὲκ
1131 801 1160 828 δὲ
1179 801 1276 835 Λάμεχ
1301 799 1533 834 ἑϐδομηκοντάκις
1560 798 1648 828 ἑπτὰ,
1671 796 1742 822 καοά
1767 795 1873 829 γέγρα-

1080 857 1156 874 πται.
1178 847 1236 881 Ἐφ’
1253 844 1294 878 οἷς
1307 855 1348 878 τις
1363 845 1453 874 ἐνδέον
1467 854 1492 871 τι
1508 844 1712 879 συνθεωρήσας,
1726 841 1776 868 οὐκ
1792 841 1873 866 ἀπει-

1081 893 1169 925 κότως
1188 894 1316 928 φήσειεν·
1339 892 1376 924 ὡς
1395 892 1467 926 τάχα
1484 891 1535 926 μὲν
1549 891 1579 916 τὺ
1598 889 1719 924 προάγον
1734 888 1762 913 ἐν
1782 887 1874 921 ἀμαρ-

1081 940 1144 975 τίᾳ.
1161 940 1190 966 ἐν
1219 938 1308 974 μείοσι
1325 937 1436 973 μέτροις
1462 936 1517 962 τῶν
1537 934 1716 969 δικασμάτων
1733 931 1872 961 κείσεται,

1081 986 1125 1013 διὰ
1140 994 1170 1012 τε
1182 984 1212 1011 τὸ
1226 984 1276 1018 τῆς
1291 983 1418 1017 πράξεως
1431 983 1546 1018 ἄπειρον
1565 981 1612 1008 καὶ
1625 981 1655 1007 τὸ
1678 978 1874 1011 ἀνεξέλεγκτον

1081 1032 1127 1059 τοῦ
1143 1030 1241 1062 κακοῦ,
1258 1031 1287 1056 ὲν
1307 1029 1404 1064 ἀγνοίᾳ
1420 1028 1459 1055 ἑτι
1476 1027 1616 1062 κειμένου,
1637 1026 1669 1052 ὲκ
1686 1024 1733 1051 τοῦ
1751 1023 1874 1057 ἀπείρως

1082 1077 1155 1112 ἔχειν
1169 1077 1216 1104 τὸν
1233 1075 1339 1112 δρῶντα
1352 1075 1404 1109 τῆς
1424 1073 1634 1108 ἀδελφοκτονίας
1649 1070 1696 1098 τοῦ
1710 1070 1792 1104 ᾶγονς
1803 1089 1809 1100 ,
1828 1067 1874 1095 καὶ

1082 1121 1138 1151 οἷον
1159 1124 1188 1150 ἐν
1212 1121 1360 1158 προθύροις
1385 1122 1434 1156 τῆς
1457 1119 1595 1154 ἁμαρτίας
1617 1116 1826 1152 ἐφαλλομένηςσ
1844 1114 1874 1140 τὸ

1083 1170 1105 1196 δ’
1122 1167 1154 1196 αὖ
1170 1168 1314 1203 ἑπόμενον,
1331 1168 1360 1193 ἐν
1376 1165 1482 1193 πλείοσί
1495 1174 1525 1192 τε
1539 1165 1586 1192 καὶ
1603 1164 1643 1195 εἰς
1661 1163 1692 1189 τὸ
1704 1159 1875 1196 ἀπειροπλά-

1079 1223 1138 1241 σιον
1154 1213 1339 1249 ἐκφερόμενον
1351 1231 1359 1244 ,
1376 1212 1418 1239 ὅτι
1438 1210 1508 1246 μετὰ
1526 1210 1576 1244 τὴν
1592 1208 1742 1242 ἐπίγνωσιν
1757 1206 1806 1232 τοῦ
1822 1213 1875 1232 πα-

1079 1259 1264 1295 ραπτώματος
1287 1258 1316 1284 τὺ
1340 1257 1535 1293 τολμώμενον·
1555 1256 1625 1290 ὅπερ
1645 1252 1800 1288 παρεδήλου
1824 1259 1875 1277 σα-

1078 1304 1155 1339 φῶς,
1180 1302 1298 1338 ἐγγύθεν
1313 1311 1343 1329 τε
1368 1302 1415 1329 καὶ¹
1432 1303 1461 1328 ἐν
1480 1300 1632 1335 ὀφθαλμοῖς
1653 1297 1875 1334 προφαινόμενον

1077 1348 1108 1376 τὸ
1135 1348 1331 1384 παράδειγμα,
1356 1348 1405 1374 καὶ
1428 1347 1489 1378 ταῖς
1508 1345 1610 1381 ψήφοις
1637 1344 1698 1374 ταῖς
1721 1341 1875 1376 θεοκριτοις

243 1386 457 1435 βεϐαιούμενον,
476 1398 490 1425 δ
518 1399 551 1434 δὴ
570 1386 683 1433 σημεῗον
708 1394 743 1433 ἦν
777 1395 852 1430 παρὰ
873 1395 941 1422 Θεοῦ
961 1394 1114 1432 διδόμενον,
1148 1394 1282 1431 μηδαμῶς
1301 1392 1472 1429 ἀναιρεῖσθαι
1505 1391 1550 1418 τὸν
1577 1392 1606 1417 ἐν
1627 1389 1690 1426 δίκῃ
1712 1386 1872 1422 κολασθησί.

244 1454 341 1480 μενον,
357 1443 451 1480 ζήσειν
466 1445 494 1471 δὲ
512 1444 612 1480 μᾶλλον
628 1443 734 1479 πικρῶς
752 1442 982 1479 συντηρούμενον.

279 1491 356 1518 Paria
375 1489 497 1525 qua‘tiutn
524 1495 614 1516 nostra
639 1497 749 1524 quoque
777 1494 857 1517 aetate
882 1489 1029 1525 contigisse

1117 1487 1237 1514 Τοιαῦτα
1264 1487 1295 1522 δή
1321 1494 1382 1512 τινα
1406 1484 1452 1511 καὶ
1480 1484 1508 1510 ἐν
1531 1484 1586 1514 τοῖς
1602 1483 1644 1516 ἐφ’
1668 1481 1747 1516 ήμῶν
1768 1480 1877 1516 γρόνοις

243 1538 377 1565 videmus.
403 1535 472 1563 Nam
494 1536 565 1563 hunc
585 1543 705 1563 errorem
724 1535 794 1569 apud
815 1536 931 1571 majores
947 1536 1028 1562 etiam

1084 1533 1279 1568 συνενεχθέντα
1301 1532 1409 1567 ὁρῶμεν
1421 1539 1427 1545 ·
1452 1529 1520 1556 ἀλλὰ
1538 1528 1641 1555 τούτων
1657 1528 1686 1554 τὸ
1706 1527 1754 1562 μὲν
1776 1527 1878 1562 πρότε-

244 1588 352 1611 nostros
368 1582 514 1617 aliquando
529 1586 682 1616 grassatum
695 1582 877 1617 comperimus
890 1581 958 1617 (50).
979 1581 1033 1608 Ve-

245 1633 395 1656 rumtamen
420 1627 501 1664 paulo
515 1628 601 1656 levius
625 1628 732 1655 illorum
750 1633 888 1663 peccatum
907 1627 967 1661 fuit,
986 1635 1033 1656 ve-

245 1676 372 1710 niamque
394 1675 476 1702 etiam
494 1682 509 1701 a
528 1675 582 1702 Deo
607 1674 724 1702 fortasse
751 1681 861 1709 sperare
889 1677 1031 1709 poterant,

244 1727 325 1756 atque
340 1721 429 1756 aliqua
455 1721 505 1749 etsi
527 1721 599 1749 hand
622 1720 700 1747 valde
725 1720 875 1755 probabilis
902 1719 1034 1754 analogiae

245 1768 314 1796 ratio
329 1772 482 1803 supererat,
495 1768 567 1802 quod
583 1767 700 1794 nondum
718 1767 785 1794 satis
796 1767 847 1795 sibi
863 1766 1032 1801 exploratum

245 1814 467 1849 intellectumque
490 1818 562 1841 esset
588 1813 716 1840 Ecclesiae
741 1813 836 1847 dogma
864 1818 945 1847 atque
971 1819 1034 1839 sen-

246 1861 339 1888 tentia.
349 1860 424 1894 Quod
438 1860 534 1887 deinde
545 1860 634 1887 evenit
645 1859 744 1893 (neque
759 1859 831 1886 enim
846 1857 1027 1893 negabimus),

246 1907 378 1942 nobisque
396 1907 462 1941 ipsis
481 1905 635 1933 viventibus
662 1903 806 1932 manifeste
829 1910 969 1939 peractum
988 1904 1034 1930 de-

246 1954 441 1988 prehenditur:
459 1952 521 1988 quia
551 1960 605 1980 non
632 1951 756 1987 privatim
774 1951 800 1978 in
823 1954 927 1978 secreta
944 1950 1033 1984 aliqua

245 2001 287 2028 vel
313 2000 410 2036 exigua
434 1999 508 2026 orbis
534 2003 621 2033 parte,
650 1998 697 2025 sed
717 1996 824 2032 publice
849 2000 877 2023 et
902 1996 929 2023 in
946 1995 1035 2023 medio

246 2048 437 2082 communique
459 2047 566 2073 theatro
589 2044 747 2080 angelorum
764 2048 792 2070 et
809 2042 960 2075 hominum,
972 2049 1034 2068 om-

247 2096 384 2130 niumque,
404 2096 536 2128 quotquot
559 2095 623 2119 sunt
646 2089 791 2117 rationales
808 2093 835 2116 et
862 2095 941 2115 sensu
968 2094 1034 2122 prte-

246 2143 326 2171 ditae.
354 2144 560 2171 creaturarum,
583 2143 730 2170 coramque
754 2135 808 2162 Deo
833 2138 929 2161 cuncta
954 2140 1035 2159 manu

247 2196 293 2214 sua
311 2191 430 2216 tenente.
448 2185 555 2212 vidente
569 2188 651 2217 atque
676 2185 829 2216 spectante,
843 2187 874 2207 ea
892 2187 951 2214 qua:
966 2178 1035 2214 apud

247 2241 296 2260 nos
308 2233 387 2267 plane
399 2232 425 2258 in
442 2230 566 2258 confesso
582 2232 671 2259 erant,
688 2226 855 2255 abolevimus
867 2225 935 2260 (51).
949 2224 1034 2258 Quam

247 2281 282 2306 pb
299 2288 353 2307 rem
371 2285 506 2306 smnmum
526 2276 603 2304 nobis
622 2274 758 2309 impendet
771 2272 915 2300 discrimen
926 2292 932 2303 ,
949 2276 976 2298 et
992 2271 1035 2297 in-

248 2327 321 2354 finita
335 2333 413 2360 pmna
425 2345 433 2357 ,
450 2324 512 2359 quia
529 2327 589 2358 post
601 2322 672 2349 illam
688 2325 788 2348 tantam
803 2319 1034 2354 disquisitionem,

247 2378 275 2400 ct
290 2371 426 2399 ineffabile
443 2377 556 2397 examen
569 2388 576 2401 ,
595 2367 743 2395 infeliciter
766 2365 950 2401 peccavimus,
970 2363 1038 2398 dog-

249 2424 320 2447 mate
335 2423 389 2445 tam
409 2415 549 2452 splendide
561 2415 617 2448 jam
634 2413 831 2449 perspicueque
841 2411 926 2438 oculis
938 2409 1039 2436 nostris

248 2464 388 2500 propesito
403 2472 410 2490 :
426 2462 496 2498 quod
510 2461 618 2497 quidem
633 2461 730 2495 dogma
749 2459 818 2493 apud
835 2456 964 2487 Nicaeam.
977 2462 1036 2490 quae

248 2515 290 2538 cst
315 2509 493 2545 Bithynorum
525 2507 570 2534 Dei
603 2510 677 2533 recte
706 2504 778 2532 cultu
807 2509 913 2536 smper
943 2500 1034 2528 innixa

250 2554 420 2589 triumphalis
433 2552 489 2590 (52)
503 2551 670 2586 metropolis,
687 2554 781 2578 sancte
799 2549 933 2575 adunatus
950 2554 965 2573 a
984 2545 1037 2572 Dco

249 2601 384 2629 secundus
397 2604 555 2630 conventus.
572 2598 630 2626 sive
643 2604 721 2625 sacra
736 2601 762 2623 et
778 2594 858 2630 1'74
871 2592 1036 2620 oecumcnii-a

249 2647 377 2683 synodus,
390 2646 513 2682 plurimis
524 2644 731 2672 attrtoritatibus
746 2641 778 2668 de
792 2641 879 2667 divina
897 2639 924 2666 SI
934 2639 1038 2673 riptnra

285 2727 307 2743 ⁷⁵
327 2726 414 2754 Ga‘at.
431 2734 451 2759 t,
469 2725 511 2752 {0.
551 2724 572 2739 ⁷⁵
593 2723 661 2751 Gen.
679 2730 714 2754 tv,
732 2720 777 2747 Ἡ.

285 2794 341 2829 (30)
362 2793 464 2828 Nempe
478 2793 508 2829 in
520 2793 611 2826 priore
625 2791 760 2818 Inercseos
771 2786 969 2816 iconoclasticzc
979 2789 1038 2811 actu

248 2834 300 2859 uti
314 2830 432 2858 lsamim
448 2835 474 2856 et
490 2828 671 2862 (iopronymo.

286 2854 345 2900 ξεῖ)
365 2854 474 2891 Srilirct
489 2865 514 2890 in
531 2854 651 2890 'sccun‘lo
668 2865 728 2887 artu
747 2858 797 2886 sub
815 2857 952 2885 Armenio.
973 2854 1038 2882 Nam

1085 1589 1130 1616 ρον
1153 1580 1200 1607 ἐπὶ
1217 1579 1270 1611 τῶν
1288 1577 1495 1613 προειληφότων
1522 1574 1629 1610 συμϐὰν
1649 1573 1777 1608 εὕρηται·
1794 1570 1878 1607 ἦττον

1083 1625 1139 1660 γὰρ
1166 1625 1200 1652 ἂν
1218 1621 1253 1658 ἦν
1277 1623 1372 1653 αὐτοῖς
1390 1620 1421 1647 τὸ
1443 1619 1580 1654 ἀδίκημα,
1605 1617 1653 1644 καί
1671 1626 1730 1648 πως
1750 1617 1801 1651 ἥδη
1829 1616 1877 1642 καὶ

1084 1670 1266 1706 συγγνώμονα
1281 1668 1348 1695 Θεὸν
1363 1667 1417 1694 τῶν
1431 1665 1608 1701 ἠγνοημένων
1621 1663 1740 1698 ἤλπισαν
1754 1662 1876 1694 ἔσεσθαι,

1084 1713 1131 1745 καί
1155 1725 1208 1743 που
1234 1715 1282 1742 καὶ
1308 1713 1473 1747 ἀπολογίας,
1491 1711 1542 1738 κᾶν
1561 1710 1598 1746 μὴ
1614 1710 1674 1736 λίαν
1698 1708 1878 1743 εὐπρόσωπος

1085 1763 1280 1798 περιστήσεται
1304 1759 1422 1796 τρόπος,
1449 1758 1487 1789 ὡς
1510 1757 1552 1784 ὅτι
1577 1755 1755 1788 ἀνεξέταστον
1786 1754 1880 1783 αὐτοῖς

1084 1809 1132 1836 καὶ
1159 1809 1189 1835 οὐ
1217 1807 1288 1834 πάνυ
1315 1803 1536 1840 κατειλημμένον
1567 1802 1597 1829 τὸ
1626 1803 1676 1835 τῆς
1714 1799 1881 1834 Ἐκκλησίας

1084 1846 1178 1888 δόγμα
1192 1851 1240 1879 καὶ
1267 1850 1411 1886 φρόνημα-
1434 1849 1465 1874 τὸ
1486 1847 1514 1873 δὲ
1537 1846 1584 1872 ἐπὶ
1602 1845 1690 1879 τούτῳ
1711 1844 1761 1879 (οὺ
1776 1843 1832 1877 γὰρ
1847 1843 1880 1869 ἂν

1085 1896 1302 1934 ἀρνηθείημεν),
1335 1895 1378 1929 ἐφ’
1410 1893 1490 1929 ἡμῶν
1517 1891 1610 1919 αὐτῶν
1641 1889 1735 1925 σαφῶς
1753 1888 1880 1915 ἐκϐαῖνον

1086 1943 1344 1980 καταλαμϐάνεται,
1361 1942 1403 1968 ὅτι
1417 1941 1455 1975 μὴ
1468 1939 1522 1974 ἰδίᾳ
1535 1939 1583 1965 καὶ
1601 1938 1629 1963 ἐν
1643 1936 1813 1972 παραδύστῳ
1832 1935 1882 1961 καὶ

1088 1991 1178 2027 μικρῷ
1204 1990 1284 2026 μέρει
1298 1990 1347 2023 τῆς
1364 1986 1539 2021 οἰκουμένης,
1561 1983 1630 2011 ἀλλὰ
1650 1981 1770 2018 δημοσίᾳ
1787 1981 1835 2007 καὶ
1851 1981 1882 2006 ἐν

1088 2037 1164 2073 μέσῳ
1186 2036 1233 2063 καὶ
1255 2035 1339 2070 κοινῷ
1360 2034 1469 2068 θεάτρῳ
1492 2031 1616 2066 ἀγγέλων
1634 2029 1683 2056 καὶ
1707 2027 1882 2062 ἀνθρώπων,

1087 2083 1136 2110 καὶ
1153 2082 1254 2117 πάσης,
1268 2081 1317 2116 ὅση
1333 2088 1362 2106 τε
1370 2074 1475 2114 ’λογικὴ
1489 2077 1539 2104 καὶ
1555 2076 1729 2110 ἀναίσθητος,
1751 2074 1882 2105 κτίσεως,

1088 2129 1134 2156 καὶ
1154 2127 1222 2154 Θεοῦ
1239 2127 1285 2154 τοῦ
1303 2126 1393 2153 πάντα
1411 2126 1441 2151 ἐν
1456 2125 1489 2159 τῇ
1509 2122 1583 2158 χειρὶ
1609 2118 1862 2156 περιδρασσομένον
1874 2137 1882 2149 ,

1088 2175 1242 2212 ἐφορῶντος
1257 2174 1305 2201 καὶ
1324 2171 1540 2201 κατοπτεύοντος
1551 2189 1558 2201 ,
1583 2167 1673 2194 πάντα
1688 2166 1722 2193 τὰ
1740 2165 1885 2201 ὡμολογη-

1090 2210 1160 2257 μένα
1173 2221 1239 2255 ἡμῖν
1254 2219 1431 2254 ὴθετήκαμεν
1446 2225 1451 2232 '
1465 2216 1508 2242 διὰ
1524 2215 1556 2250 δὴ
1568 2214 1666 2244 ταῦτα,
1686 2211 1734 2239 καὶ
1746 2211 1811 2246 περὶ
1826 2210 1884 2236 τῶν

1090 2268 1216 2303 ἐσχάτων
1243 2266 1310 2301 ἡμῖν
1336 2265 1350 2290 ὁ
1378 2263 1518 2294 κίνδυνος,
1542 2261 1588 2288 καὶ
1609 2258 1826 2293 άπειροπλάσιοῖι
1851 2256 1884 2281 τδ

1090 2302 1268 2347 κατάκριμα,
1291 2311 1333 2337 ὅτι
1357 2309 1389 2345 δὴ
1407 2309 1476 2344 μετά
1499 2308 1550 2342 τὴν
1575 2305 1676 2340 πολλὴν
1703 2303 1811 2338 ἐκείνην
1835 2302 1883 2335 ἐξ-

1090 2359 1184 2386 ἐτασιν
1209 2357 1255 2384 καὶ
1278 2356 1328 2391 τὴν
1344 2356 1447 2389 ἄφατον
1468 2353 1592 2389 ἔρευναν,
1617 2350 1716 2381 ἀθλίως
1740 2347 1883 2381 ἑάλωμεν,

1090 2404 1227 2438 δόγματος
1251 2402 1318 2436 ἡμῖν
1343 2400 1393 2435 ἤδη
1419 2397 1555 2433 λαμπρῶς
1574 2404 1604 2422 τε
1631 2395 1679 2421 καὶ
1696 2394 1734 2425 ὡς
1753 2392 1886 2427 ἐμφανῶς

1091 2450 1136 2476 ὑπ’
1153 2448 1247 2483 ὕψεσιν
1270 2446 1446 2480 ἐκκειμένου·
1472 2445 1540 2479 ὅπερ
1555 2442 1587 2476 δὴ
1609 2441 1638 2467 re
1661 2440 1731 2466 κατὰ
1746 2439 1885 2469 Νίκαιαν,

1089 2496 1103 2522 ὃ
1128 2496 1177 2530 τῆς
1205 2492 1325 2520 Βιθυνῶν
1343 2490 1545 2527 προκαθέζεται
1565 2488 1610 2514 ἀεὶ
1630 2485 1770 2521 Οεοσεὸείᾳ
1787 2493 1887 2519 στηρι-

1091 2542 1205 2576 ζόμενον
1222 2539 1377 2567 καλλίνικον
1396 2538 1474 2569 ἄστυ,
1493 2535 1600 2569 εὑαγῶς
1616 2532 1758 2569 domum
1775 2531 1805 2558 τὸ
1823 2530 1886 2557 δεύ-

1092 2597 1169 2622 τερον
1195 2587 1267 2615 θεῖον
1289 2585 1446 2620 συνέδριον,
1467 2583 1525 2618 ἦτοι
1549 2581 1611 2616 ἱερὰ
1632 2582 1679 2607 καὶ
1703 2577 1886 2612 οἱκουμενικὴ

1094 2633 1204 2664 σύνοδος
1215 2654 1221 2665 ,
1237 2632 1378 2662 πλείσταις
1391 2631 1465 2661 Beat;
1478 2628 1580 2664 ψήφοις
1596 2627 1627 2652 ἐκ
1643 2634 1672 2651 τε
1687 2624 1742 2651 τῶν
1757 2622 1888 2650 οεοπνεύι

1095 2782 1137 2809 hic
1157 2781 1228 2815 loqui
1244 2779 1383 2815 tinguntur
1395 2777 1513 2815 episcopi
1532 2774 1763 2815 pray'aricatorcs.

1130 2805 1447 2852 {5-2)‘Curitiéinmphaiis
1588 2807 1662 2852 Nihil
1677 2807 1747 2835 aliud
1764 2805 1886 2852 fortasse

1095 2845 1312 2888 quam'vm'abuli
1327 2845 1516 2884 etymologiam
1535 2845 1702 2880 Nicephorns
1714 2845 1834 2876 respicit.
