1947 3080
223 156 274 188 (ill

739 151 768 180 S.
791 149 1001 180 NlCEPIIORI
1021 148 1276 179 PATRIARCIIE
1296 148 1350 178 (ΞΡ.

1810 150 1863 181 διε

224 215 320 246 beant;
339 210 473 246 quomodo
491 209 536 236 lict
567 207 620 234 illis
642 207 796 241 dogmatqu
826 213 871 233 ant
892 211 1016 232 actorum

1080 213 1135 232 τοτε
1154 205 1246 236 αὐτοῖς
1259 205 1314 240 ἄρα
1330 206 1344 231 ὁ
1361 204 1408 239 τῆς
1423 204 1595 240 ἐπιστροφῆς
1611 204 1712 240 τρόπος
1737 205 1784 232 καὶ
1802 206 1864 241 χρό-

224 259 258 285 ob
271 256 453 292 ignorantiam
482 254 523 281 vel
542 253 673 280 malitiam
690 252 930 286 vituperamlorum
956 259 1018 277 cur-

226 305 330 332 rectio:
348 303 385 329 ita
401 307 429 328 ut
440 302 479 328 sic
498 300 686 334 explorentur,
706 306 740 325 an
756 297 829 331 digni
845 304 924 324 sacro
937 304 1018 331 grege

228 350 295 377 siut.
315 348 395 374 Certe
410 347 539 381 quamdiu
551 345 692 372 Christqu
705 350 861 378 oppugnare
877 350 930 369 non
946 342 1019 369 desi-

227 400 303 427 nunt,
318 393 411 430 procul
425 393 511 420 sacris
528 391 624 426 septis
637 390 780 420 absistunt,
794 392 874 422 atque
889 393 917 414 ut
931 388 1020 414 tabida

226 440 427 476 atquciuutilia
448 439 527 465 ovilis
550 437 652 465 Christi
675 437 795 463 meiubra
812 435 1018 465 abscimlanlur,

227 495 260 515 ne
276 487 346 514 forte
370 493 436 513 sana
452 492 576 519 quoque,
588 488 614 510 et
638 482 664 509 in
689 481 819 516 praeclara
848 480 1020 507 confessione

227 532 403 560 incolutuiter
430 529 592 564 perstantia,
629 535 645 555 a
674 527 892 554 contaminatore
922 526 1021 552 animae

227 579 323 604 morbo
339 584 418 610 pessn
424 584 447 601 ιιι
463 576 545 601 deutu
551 581 572 600 r.

1070 259 1114 282 vo;
1134 250 1352 285 δεδοκίμασται;
1381 249 1455 281 τίνες
1482 251 1507 277 οἱ
1527 250 1577 282 τὰς
1602 250 1798 286 ἐξαγορεύσεις
1815 253 1864 288 τῆς

1070 296 1199 327 ἀσεϐείας
1232 296 1390 332 δεξάμενοι;
1420 297 1509 328 ποίοις
1541 297 1654 324 κανόσιν
1681 298 1893 332 ὑπήκουσαν;-·

1072 343 1154 369 πὸοεν
1181 342 1274 373 αὺτοῒς
1290 342 1345 368 τῶν
1368 342 1474 376 ἀλόγως
1502 342 1550 368 καὶ
1566 342 1674 374 ἀσεϐῶς
1688 343 1864 378 δεδογμένων

1072 390 1119 415 καὶ
1132 389 1339 423 πεπραγμένων
1356 389 1373 424 ἡ
1393 388 1554 424 διόρθωσιςς
1576 389 1632 415 Καὶ
1649 388 1721 416 οὕτω
1747 389 1865 425 δοκιμα-

1074 431 1232 463 ζέσθωσαν,
1254 432 1278 458 εἰ
1295 431 1366 464 ἄξιοι
1395 433 1445 467 τῆς
1464 433 1540 468 ἱερᾶς
1564 433 1668 469 ἀγέλης
1685 435 1864 469 τυγχάνοιεν·

1073 477 1126 509 ἕως
1141 477 1164 504 δ’
1182 478 1218 504 ἂν
1231 477 1277 504 τοῦ
1298 480 1497 514 χριστομαχεϊν
1514 480 1564 506 οὐκ
1576 480 1751 514 ἀπόσχοιντο,
1770 481 1866 516 πόρρω

1075 531 1125 550 που
1144 523 1192 550 καὶ⁵
1218 523 1297 555 tm;
1320 523 1376 550 τῶν
1398 524 1481 559 ἱερῶν
1497 525 1653 560 περιὸόλων
1675 526 1866 561 ἀποτρεχέτω-

1074 578 1134 602 σαν,
1151 570 1202 597 καὶ
1219 570 1257 601 ὡς
1283 569 1351 605 μέλη
1368 571 1506 606 σεσηπότα
1531 571 1578 598 κιιιδν
1594 571 1720 607 ἄχρηστα
1736 573 1786 607 τῆς
1806 572 1866 598 ποί-

230 631 297 658 μνης
320 620 438 656 Χριστοῦ
466 618 725 655 ἀποτεμνὲσθωσαν,
755 619 791 654 μή
813 626 878 644 ποτε
897 617 946 644 καὶ
972 616 1005 643 τὰ
1026 616 1196 650 ὑγιαίνοντα,
1229 617 1276 642 καὶ
1310 617 1374 652 περὶ
1390 617 1440 652 τὴν
1473 617 1562 651 καλὴν
1578 618 1726 653 ὁμολογίαν
1743 618 1866 654 ἐρρωμέ-

227 679 281 702 νως
313 670 455 704 ἱστάμενα,
486 669 518 703 τῇ
552 667 717 702 ψυχοφθόρῳ
752 666 824 701 νόσῳ
860 665 1087 700 διαλυμήναιντο.

264 719 309 745 50.
322 718 388 744 Cum
408 721 497 743 autent
520 715 665 745 idolorum,
681 719 708 741 et
730 722 778 741 eor
796 722 840 741 um
863 713 908 747 qui
930 719 1023 744 errore

230 764 337 791 alnlna'ti
351 771 381 790 ea
396 766 572 792 venerantur,
592 760 689 794 duplex
706 760 742 786 sit
755 759 851 786 classis
866 767 871 785 :
894 767 944 785 una
961 759 1022 792 qui-

231 813 290 838 tlrm
310 810 415 836 illorum
434 809 479 842 qui
510 815 603 834 crassa
627 806 816 840 materialiqne
839 810 929 832 mente
954 812 1023 839 pne-

231 857 291 888 diti,
307 857 334 883 in
353 863 385 882 eo
410 859 513 881 tantum
535 853 605 888 quod
621 852 743 880 cernitur
759 852 954 882 sub~islentes,
982 851 1024 877 ui-

235 903 327 937 lulquc
346 901 459 928 ulterius
493 901 616 934 cogitare
641 898 772 929 valentes,
799 897 934 932 lapidibus
962 902 1024 923 tnu-

233 947 371 975 tuniuu-do
401 952 428 972 et
458 946 538 980 lignis
563 950 590 971 et
619 944 730 979 reliqua:
762 943 875 970 inanimi
905 943 1025 969 materiae

234 998 351 1021 mentem
379 991 564 1023 iuteudeutes,
590 989 721 1021 adorant;
749 989 795 1023 qui
820 996 883 1015 vero
905 988 1026 1014 rationa-

235 1039 316 1067 bilius
330 1038 535 1072 sapientiusque
551 1037 674 1071 cogitare
689 1035 826 1065 videntur,
842 1035 860 1062 ii
882 1035 907 1061 in
928 1035 1026 1062 Statuis

234 1085 361 1112 habitare
388 1084 440 1110 vim
468 1083 615 1118 quanulam
640 1081 818 1114 existimant;
839 1089 920 1115 quam
943 1081 1025 1108 etiam

234 1134 345 1160 deorum
365 1129 474 1157 nomine
497 1127 643 1163 appellant,
665 1127 745 1155 sicuti
761 1133 788 1155 et
803 1127 847 1154 illa
860 1126 1026 1160 signa,i-ua-

235 1179 313 1214 giues
325 1178 436 1204 deorum
451 1178 571 1202 vocitare
581 1174 685 1201 solent:
698 1181 748 1209 age
758 1181 832 1204 vero,
845 1173 914 1200 utris
929 1173 1025 1199 horum

236 1224 297 1252 novi
320 1223 453 1250 idolorum
477 1221 597 1249 cultores
615 1219 771 1247 aseribendi
795 1218 875 1246 sunt?
889 1218 918 1245 Si
945 1218 1027 1245 rusti-

236 1279 329 1298 corum
348 1277 422 1296 more
442 1268 468 1294 in
484 1266 618 1294 deteriore
647 1265 736 1293 classe
762 1273 791 1292 se
821 1264 966 1296 collocant,
993 1263 1027 1290 ad

237 1318 389 1345 evidentem
404 1315 550 1341 amentiam
566 1313 763 1346 belluinamque
791 1311 975 1346 stupiditatem
998 1317 1028 1337 se

237 1362 394 1390 demittunt.
413 1359 489 1393 Quod
510 1358 532 1385 si
548 1358 680 1385 urbanius
694 1362 804 1392 agentes
828 1356 942 1382 classem
959 1356 1028 1381 alte-

237 1415 295 1436 ram
308 1407 420 1441 eligant,
439 1410 502 1432 tunc
518 1404 544 1431 in
557 1410 693 1430 summam
719 1402 888 1436 impietatem
908 1408 940 1428 ac
958 1401 1027 1428 irre-

237 1452 412 1488 ligiositatcm
440 1450 596 1477 incurrunt.
631 1447 867 1481 Quaerendnmque
891 1451 1026 1481 superest,

238 1504 328 1526 utrum
341 1496 518 1524 masculinum
533 1495 751 1522 malintdeorum
772 1501 867 1528 genus,
880 1498 907 1520 et
920 1492 1027 1527 quidem

238 1544 335 1572 sortito
353 1542 496 1578 quosdam,
512 1540 593 1568 veluti
621 1540 780 1572 Saturnum,
797 1538 903 1572 Jovem,
924 1538 1027 1573 Apolli-
1041 1535 1063 1564 C

238 1601 318 1626 nem;
334 1599 369 1618 an
388 1590 477 1625 potius
493 1587 653 1617 femininum
666 1608 675 1622 ,
693 1587 777 1615 veluti
804 1587 919 1619 Rheam,
939 1586 1026 1614 Juno-

237 1648 312 1672 nem,
326 1638 455 1669 Dianam;
470 1636 536 1662 item
554 1643 587 1662 ex
601 1635 760 1662 eorumdem
786 1634 898 1661 deorum
929 1633 1028 1661 classi-

238 1686 300 1717 bus,
315 1689 405 1710 utrum
424 1682 539 1717 primam
565 1684 592 1707 et
609 1679 768 1711 secundam,
794 1683 822 1706 et
846 1683 936 1705 utrum
957 1685 1026 1712 pra:-

237 1729 398 1758 emineutias
405 1727 548 1762 quasdam,
556 1731 583 1752 et
592 1725 701 1758 limites,
710 1730 735 1752 et
746 1725 905 1761 dignitatum
916 1725 1024 1760 gradus.

238 1777 320 1814 180
341 1774 505 1807 attribuant,
529 1777 568 1806 ut,
596 1772 731 1807 siquidem
749 1772 941 1799 ethuicismum
958 1771 1028 1799 forte

238 1822 359 1858 protiteri
375 1821 502 1852 debeant,
521 1818 716 1853 prwrogativas
740 1826 793 1845 non
812 1818 947 1854 ignorent.
975 1817 1025 1844 bli-

238 1870 393 1897 rariautem
409 1873 584 1900 summopere
595 1870 705 1900 oportet
720 1865 827 1892 illormn
839 1863 1026 1900 stupiditatetn

236 1915 284 1950 qui
298 1914 391 1941 nolunt
403 1912 555 1946 intelligere
565 1911 586 1938 si
605 1911 672 1938 nihil
689 1910 773 1942 aliud,
786 1915 860 1937 certe
875 1909 947 1944 quod
964 1908 1026 1936 uui-

238 1961 336 1994 tuique
351 1958 473 1994 religioni
492 1962 532 1984 est
544 1957 693 1991 peculiare,
711 1961 738 1984 et
755 1955 916 1990 templorum
930 1962 961 1982 ac
980 1961 1026 1982 sa-

236 2006 404 2034 criﬁciorum
416 2004 614 2035 diversitatem,
628 2003 744 2036 denique
760 2002 907 2036 imaginum
919 2006 1027 2035 quoque

237 2051 430 2079 diﬂ'ercntiam.
445 2049 512 2077 Nam
525 2050 604 2078 sicuti
615 2057 646 2075 ea
657 2056 715 2082 qua:
725 2049 882 2079 adorantur,
895 2047 1025 2074 attributa

236 2105 287 2125 sua
300 2097 367 2125 citra
382 2104 490 2124 omnem
502 2095 734 2130 comparationem
749 2094 850 2122 habent
862 2093 940 2129 (sunt
953 2093 1026 2121 enim

237 2145 290 2172 alia
307 2143 416 2178 quidem
436 2142 530 2169 divina
550 2146 578 2168 et
593 2141 759 2173 veneranda,
775 2139 826 2167 alia
846 2147 912 2167 vero
929 2139 1028 2167 dzemo-

239 2189 317 2216 niaca
329 2192 356 2215 (ιι
368 2187 558 2220 exsecranda),
573 2186 607 2213 ita
619 2186 761 2213 dicendum
778 2190 819 2212 est
827 2185 900 2212 locos
909 2192 1027 2219 quoque,

239 2234 284 2260 ubi
302 2233 390 2260 cultus
411 2233 562 2268 peragitur,
578 2222 791 2265 uecuon‘ritus,
806 2230 1030 2259 manifestissime

241 2281 313 2308 inter
327 2286 357 2306 se
373 2279 492 2306 nitier-re.
503 2278 574 2305 Non
591 2286 650 2312 qua:
662 2282 726 2304 sum
741 2278 895 2310 tenebrosa,
906 2278 1028 2312 el’digna

244 2325 376 2357 tenebris,
396 2325 556 2360 plerumque
575 2324 603 2351 in
622 2325 740 2353 tenebris
753 2329 893 2360 aguntur:
912 2324 939 2352 in
964 2324 1031 2352 sub-

243 2371 378 2398 terraneis
398 2378 496 2406 nempe
508 2371 597 2406 adytis
615 2370 756 2405 antrisque
766 2370 932 2398 initiationes
944 2370 1009 2397 tlnut
1022 2377 1029 2396 :

243 2422 337 2446 nostra
355 2408 431 2450 rem,
446 2413 666 2452 quandoquidem
678 2416 703 2442 in
716 2415 816 2443 lumine
826 2415 914 2443 vultus
925 2414 1030 2443 Domini

244 2463 410 2495 incedimus,
423 2463 449 2489 in
468 2462 667 2490 illuminatione
689 2462 775 2489 divini
805 2461 959 2496 splendoris
974 2461 1032 2496 ple-

243 2517 333 2544 naque
351 2509 377 2536 iu
406 2508 465 2536 luce
481 2508 637 2535 revelantur
655 2508 794 2544 mysteria,
815 2507 877 2542 quia
890 2507 935 2534 lux
956 2513 1031 2543 sunt.

276 2555 320 2582 51.
341 2556 396 2589 Age
420 2562 494 2586 vero,
513 2554 596 2581 etiam
621 2553 770 2588 imaginum
801 2552 1031 2588 (quandoquidem

242 2600 392 2628 multiﬁdus
410 2604 452 2627 est
477 2607 565 2632 error,
596 2598 727 2632 multique
745 2598 816 2634 apud
840 2598 965 2625 ethnicos
995 2596 1032 2625 dii

239 2647 434 2680 dzemoncsque
450 2645 532 2678 sunt)
546 2650 660 2671 necesse
675 2646 718 2670 est
733 2643 823 2682 plures
843 2650 904 2669 esse
920 2641 1031 2674 formas,

240 2698 269 2720 et
285 2692 385 2728 ﬁguras
403 2692 493 2719 varias
522 2697 603 2725 atque
622 2688 797 2723 multiplices,
830 2688 975 2724 specieque
992 2689 1033 2716 di-

241 2747 347 2770 versas,
360 2738 529 2771 invicemque
548 2735 694 2763 dissimiles
708 2755 716 2767 ,
732 2740 758 2762 et
773 2735 861 2768 ipsum
877 2734 941 2762 illud
967 2735 1033 2761 rude

242 2785 389 2818 unicuique
403 2785 458 2810 Deo
471 2783 588 2818 positum
598 2782 773 2809 simulacrum
784 2786 890 2815 oportet
908 2780 1032 2808 dill'erre.

241 2830 317 2865 Apud
335 2837 384 2856 uos
397 2834 486 2855 autem
510 2827 691 2854 Christianos'
707 2835 790 2862 quum
814 2826 930 2860 simplex
956 2826 992 2852 sit
1007 2831 1035 2852 et

242 2876 358 2904 indivisa
372 2875 482 2908 veritas,
494 2874 559 2909 quia
571 2881 642 2902 unus
657 2879 698 2901 est
708 2872 846 2904 Christus,
860 2880 910 2900 una
926 2879 1034 2907 quoque

1112 711 1144 738 λ’.
1158 712 1252 739 Διττοῦ
1268 712 1295 739 δὲ
1306 712 1382 744 ὄντος
1398 711 1446 739 τοῦ
1463 713 1528 748 περὶ
1546 713 1601 740 τῶν
1616 714 1734 740 εἰδώλων
1758 715 1807 742 καὶ
1819 715 1868 749 τῆς

1077 759 1119 785 ἐπ’
1136 759 1227 790 αὐτοῖς
1249 759 1302 786 τῶν
1329 758 1514 793 πλανωμένων
1532 760 1746 795 προσκυνήσεως
1770 760 1865 794 λόγου.

1075 805 1130 832 τῶν
1150 805 1200 840 μὲν
1214 806 1267 840 γὰρ
1288 805 1344 831 ὅσοι
1362 807 1459 840 παχεῖς
1485 806 1533 832 καὶ
1558 806 1647 832 ὑλικοὶ
1664 806 1713 841 τὴν
1732 806 1866 835 διάνοιαν.

1041 866 1060 893 Β
1077 852 1144 887 πρὸς
1160 852 1190 878 τὸ
1206 852 1367 887 φαινόμενον
1383 852 1464 887 μόνον
1475 853 1706 888 ὲναπομένοντες,
1723 854 1770 880 καὶ
1788 854 1866 880 οἰδὲν

1076 899 1157 926 πλέον
1187 899 1289 925 ἐννοεῖν
1312 898 1467 933 δυνάμενοι,
1493 899 1562 926 αὐτὸ
1598 899 1679 935 μόνον
1700 899 1786 931 λίθοις
1821 901 1868 927 καὶ

1076 945 1166 979 ξύλοις
1181 945 1230 972 καὶ⁸
1243 947 1276 980 τῇ
1293 945 1375 981 λοιπῇ
1389 945 1486 981 ἀψύχῳ
1503 946 1553 983 ὕλῃ
1567 946 1613 974 τὸν
1631 938 1700 974 ¹νοῦν
1717 947 1867 982 προσέχον-

1075 1001 1121 1024 τες
1138 991 1343 1019 ύποκύπτουσιν
1359 1000 1366 1007 ·
1380 993 1405 1018 οι
1421 991 1449 1018 δί
1467 993 1525 1020 ὅσοι
1547 993 1657 1020 δοκοῦσι
1683 993 1868 1028 λογικώτερον

1076 1038 1122 1064 καὶ
1135 1037 1356 1073 φιλοσοφώτερόν
1387 1047 1446 1070 πως
1469 1038 1640 1072 ἐπιϐάλλειν,
1665 1039 1712 1065 καὶ
1738 1038 1869 1073 δυνάμεις

1076 1085 1151 1115 τινας
1177 1085 1293 1112 ἐνοικεῖν
1306 1086 1360 1116 τοῖς
1385 1084 1492 1118 ξοάνοις
1506 1085 1664 1118 δοξάζουσιν
1677 1093 1684 1100 ·
1698 1084 1731 1116 ἀς
1761 1085 1794 1119 δὴ
1821 1085 1870 1112 καὶ

1077 1129 1166 1161 θεοὺς,
1186 1130 1281 1166 ὥσπερ
1295 1131 1410 1157 κάκεῖνα
1424 1131 1533 1162 εἰκόνας
1546 1130 1615 1157 θεῶν
1630 1131 1724 1158 καλεῖν
1739 1131 1867 1158 amem-

1077 1176 1202 1210 ποτέροις
1219 1175 1251 1212 δὴ
1267 1175 1370 1203 τούτων
1387 1176 1411 1202 oi
1425 1176 1480 1202 νέοι
1495 1176 1551 1202 τῶν
1566 1175 1684 1203 εἰδώλων
1698 1176 1870 1212 θεραπευταὶ

1078 1223 1288 1258 προστίθενται;
1304 1223 1335 1249 Εἰ
1347 1222 1397 1258 μὲν
1412 1223 1466 1258 γὰρ
1480 1221 1705 1258 ἀγροικιζόμενοι
1718 1224 1751 1258 τῇ
1768 1223 1870 1258 χείρονι

1080 1268 1163 1304 μοίρᾳ.
1198 1268 1372 1303 προσέχοιεν,
1413 1268 1453 1299 εἰς
1479 1265 1621 1303 προῦπτον
1651 1268 1802 1303 κτηνωδίας
1824 1268 1872 1295 καὶ

1079 1315 1208 1346 ἀΰουλίας
1233 1315 1407 1350 κατῲχοντο·
1435 1315 1460 1341 εἰ
1482 1314 1512 1341 δὲ
1537 1314 1570 1350 δὴ
1596 1314 1787 1348 ἀστεῖζόμενοι
1820 1315 1872 1348 τῆς

1079 1361 1176 1397 ἐτέρας
1204 1359 1450 1395 μεταλαγχάνοιεν,
1474 1359 1515 1391 είς
1540 1359 1625 1394 ἀκρον
1637 1358 1798 1390 δυσσεϐείας
1823 1359 1872 1385 καὶ

1078 1406 1172 1437 ἀθεῖας
1196 1405 1357 1438 ὲξώλισθον·
1390 1405 1438 1432 καὶ
1467 1405 1582 1439 πότερον
1606 1404 1645 1439 τῷ
1670 1404 1724 1431 τῶν
1746 1404 1873 1440 ἀρρένων

1079 1452 1155 1483 εἴδει,
1164 1450 1324 1478 καὶτούτων
1335 1450 1613 1486 ἀποκεκληρωμένως
1626 1451 1691 1482 τινὶ,
1703 1448 1759 1477 οἷον
1774 1451 1873 1486 Κρόνῳ

1080 1499 1127 1525 καὶ
1137 1499 1180 1525 Διὶ
1193 1498 1241 1524 καὶ
1258 1498 1286 1524 ’Λ
1292 1497 1407 1524 πόλλωνι
1418 1506 1424 1530 ;
1438 1498 1473 1523 Ἢ
1487 1497 1527 1532 τῷ
1536 1497 1590 1523 τῶν
1599 1496 1726 1532 θηλειῶν,
1736 1493 1791 1523 οἷον
1809 1496 1873 1532 Ῥέᾳ

1080 1545 1127 1572 καὶ
1143 1544 1217 1580 Ἦρα
1235 1543 1281 1570 κα)⁸
1303 1542 1442 1578 Ἀρτέμιδι
1466 1545 1592 1578 χαίρουσι
1606 1551 1614 1576 ;
1629 1543 1677 1569 καὶ
1691 1544 1716 1569 εἰ
1733 1543 1826 1575 τάξεις
1843 1543 1873 1570 ἒν

1081 1591 1173 1621 αὐτοῖς
1189 1590 1303 1625 πρώτην
1325 1590 1370 1616 καὶ
1400 1590 1530 1624 δευτέραν
1554 1589 1635 1622 θεῶν,
1657 1590 1704 1616 καὶ
1732 1589 1873 1625 ὑπεροχάς

1080 1636 1111 1670 δή
1121 1644 1208 1668 τινας,
1224 1637 1271 1662 καὶ
1284 1637 1382 1670 μέτρα,
1393 1636 1439 1661 καὶ
1453 1635 1618 1670 ἀξιωμάτων
1629 1635 1761 1670 διαφορὰς
1772 1636 1874 1669 νέμου-

1082 1689 1124 1707 σιν
1133 1688 1139 1694 ·
1151 1680 1198 1707 ἵνα
1210 1679 1291 1715 εἴπερ
1310 1680 1477 1715 Ἐλληνίςειν
1490 1680 1589 1711 αὐτοὺς
1603 1680 1670 1712 δέοι,
1681 1680 1735 1707 τῶν
1748 1681 1874 1715 ὑπερφέ-

1082 1727 1183 1762 ρόντων
1198 1727 1275 1753 αὐτοὶ
1287 1726 1325 1762 μὴ
1334 1727 1562 1762 ἀποτυγχάνοιεν.
1572 1727 1794 1762 Ὑπεραγάσαιτο
1807 1727 1830 1753 δ’
1839 1727 1874 1754 ἄν

1079 1781 1123 1803 τις
1136 1773 1185 1807 τῆς
1197 1772 1377 1808 ἀναισθησίας
1392 1773 1500 1805 αὐτοὺς,
1518 1773 1555 1804 ὡς
1571 1773 1688 1800 συνιδεῖν
1704 1773 1754 1800 οὒκ
1763 1773 1874 1800 ἐθέλου-

1081 1827 1133 1848 σιν.
1152 1819 1175 1844 εἰ
1193 1819 1228 1853 μή
1244 1827 1271 1844 τι
1286 1816 1334 1845 οὖν
1352 1818 1425 1849 ἄλλο,
1441 1817 1471 1844 τὸ
1487 1818 1552 1852 γοῦν
1579 1818 1680 1849 ίδιάζον
1695 1819 1724 1844 ἔν
1750 1819 1874 1854 ἑκατέρᾳ.

1079 1865 1134 1892 τῶν
1146 1864 1312 1900 θρησκ;ιῶν,
1323 1864 1377 1890 τῶν
1388 1873 1417 1890 τε
1433 1865 1515 1897 ναῶν,
1527 1864 1582 1891 τῶν
1593 1873 1623 1891 τε
1638 1864 1738 1891 θυσιῶν
1753 1864 1784 1890 τὸ
1795 1865 1876 1900 ὲξηλ-

1080 1912 1226 1947 λαγμένον,
1241 1912 1288 1938 καὶ
1302 1911 1355 1937 τῶν
1365 1911 1585 1946 είκονιζομένων,
1598 1911 1697 1938 ὁπόσον
1709 1912 1767 1938 ἐστὶ
1776 1912 1807 1939 τὸ
1816 1913 1876 1940 διὰ-

1081 1967 1180 1994 φορον·
1202 1959 1243 1986 ὅτι
1260 1958 1388 1993 καθάπερ
1407 1958 1440 1984 τὰ
1462 1958 1706 1994 προσκυνούμενα,
1726 1959 1758 1986 τὸ
1778 1959 1875 1994 διῳκι-

1082 2003 1181 2038 σμένον
1193 2003 1368 2039 ἀσυγκρίτως
1381 2003 1500 2031 είσάπαν
1509 2003 1603 2038 ἔχουσι
1613 2003 1659 2038 (τά
1673 2004 1726 2038 μὲν
1740 2004 1797 2040 γὰρ
1812 2004 1876 2030 Θεία

1081 2048 1128 2076 καὶ
1144 2048 1291 2082 ιτεὸάιιμια.ξ
1317 2048 1350 2076 τὰ
1370 2047 1398 2075 δὲ
1414 2047 1546 2082 βδελυκτὰ
1561 2047 1610 2074 καὶ
1625 2047 1776 2083 δαιμόνια),
1801 2047 1876 2074 eiu)

1080 2094 1112 2129 δὴ
1122 2094 1169 2120 καὶ
1177 2093 1232 2120 τῶν
1242 2094 1271 2120 ὲν
1282 2090 1323 2124 οἷς
1339 2094 1355 2128 ἡ
1366 2092 1500 2128 θεραπεία
1511 2091 1616 2119 τούτων
1631 2093 1751 2119 τελεῖται
1768 2092 1874 2123 τόπων,

1081 2140 1195 2175 προσέτι
1210 2139 1238 2166 δὲ
1251 2140 1299 2166 καὶ
1316 2139 1363 2165 τοῦ
1375 2140 1482 2175 τρόπου
1503 2138 1534 2165 τὸ
1549 2139 1772 2175 ἀποκεκριμένον
1791 2147 1875 2174 περι-

1081 2186 1240 2220 φανέστατα
1277 2185 1444 2220 κέκτηνται·
1477 2184 1571 2212 ἐκεῖνα.
1598 2185 1649 2221 μὲν
1674 2184 1748 2221 γὰρ,
1776 2186 1875 2221 ἐπειδὴ

1082 2231 1208 2258 σκοτεινὰ
1220 2231 1267 2257 καὶ
1283 2231 1395 2262 σκότους
1412 2231 1481 2258 εἰσὶν
1494 2231 1567 2265 ἄξια,
1586 2232 1615 2258 ὲν
1639 2231 1728 2267 σκότῳ
1742 2231 1876 2264 πολλάκις

1083 2275 1300 2311 ἐπιτελούμενα,
1330 2276 1503 2312 ὑποχθονίοις
1534 2277 1644 2309 ἀδύτοις
1671 2278 1718 2304 καὶ
1753 2277 1867 2313 ἄντροις

1083 2323 1297 2356 συγκατακλείει
1321 2323 1356 2350 τὰ
1392 2323 1569 2359 τελεστήρια·
1602 2323 1638 2350 τὰ
1664 2323 1693 2352 δὲ
1729 2324 1876 2360 ἡμέτερα,

1082 2368 1176 2404 ἐπειδὴ
1199 2369 1228 2395 ἐν
1245 2368 1284 2404 τῷ
1307 2370 1376 2403 φωτὶ
1395 2369 1442 2396 τοῦ
1463 2369 1611 2408 προσώπου
1632 2370 1739 2406 Κυρίου
1759 2371 1877 2407 πορευό-

1084 2414 1163 2449 μεοα,
1192 2413 1232 2448 τῷ
1258 2412 1391 2449 φωτισμῷ
1419 2413 1469 2448 τῆς
1492 2413 1570 2446 θείας
1587 2413 1750 2450 ὲλλάμψεως
1775 2415 1825 2442 καὶ
1847 2416 1877 2442 ὲν

1083 2459 1155 2495 φωτὶ
1179 2459 1382 2487 ἑκκαλύπτεται
1410 2459 1491 2494 ήμῶν
1505 2459 1540 2487 τὰ
1563 2460 1722 2495 μυστήρια,
1751 2460 1793 2487 ὅτι
1817 2461 1876 2496 φῶς

1084 2506 1149 2532 εισι.

1119 2552 1169 2580 λα’.
1187 2552 1247 2578 Τῶν
1272 2551 1301 2579 δὲ
1327 2551 1548 2587 είκονιζομένων,
1569 2551 1651 2588 ἡνίκα
1670 2552 1837 2589 πολυσχιδὴς
1860 2554 1876 2588 ἡ

1084 2598 1171 2633 πλάνη
1183 2598 1289 2634 (πολλοὶ
1301 2597 1355 2633 γὰρ
1368 2597 1433 2634 παρ’
1444 2598 1536 2631 αὐτοῖς
1546 2598 1603 2625 θεοί
1618 2607 1647 2625 τε
1662 2599 1709 2626 καὶ
1723 2599 1875 2635 δαίμονες).

1084 2644 1192 2680 ἀνάγκη
1212 2644 1323 2676 πλείους
1338 2642 1408 2671 εῐναι
1421 2644 1528 2677 καὶτὰς
1546 2644 1663 2680 μορφὰς.
1680 2646 1728 2672 καὶ
1743 2645 1778 2672 τὰ
1794 2647 1877 2673 ἔκτυ-

1085 2689 1204 2724 πώματα
1222 2689 1332 2716 ποικίλα
1348 2689 1396 2716 καὶ
1414 2689 1641 2725 πεπληθυσμένα,
1658 2691 1705 2718 καὶ
1720 2692 1778 2722 τοῖς
1791 2691 1876 2718 aram

1084 2734 1248 2770 διαφέροντα
1260 2755 1268 2767 ,
1285 2735 1332 2761 καὶ
1352 2735 1489 2769 ἀνομοίων
1504 2735 1632 2770 ἀνόμοια,
1659 2736 1707 2762 καὶ
1725 2735 1756 2762 τὸ
1771 2735 1876 2771 βρέτας

1085 2780 1194 2817 ἑκάστῳ
1213 2779 1358 2806 ἀλλόκοτον
1377 2780 1574 2815 ἀνατιθέμενον
1587 2789 1594 2796 ·
1612 2781 1677 2815 παρ’
1693 2782 1759 2815 ἡμῖν
1776 2781 1804 2807 δὲ
1822 2783 1878 2812 τοῖς

1085 2827 1261 2861 Χριστιανοῖς
1278 2826 1366 2860 ἁπλῆς
1383 2825 1468 2860 οὔσης
1488 2827 1536 2853 καὶ
1556 2827 1727 2854 ἀσκεδάστου
1742 2827 1794 2863 τῆς
1809 2827 1877 2862 ἁλη-

1086 2872 1171 2906 οείας,
1188 2872 1282 2908 ἐπειδὴ
1302 2869 1342 2904 εἷς
1357 2873 1430 2900 ἐστιν
1444 2873 1458 2899 ὁ
1474 2872 1603 2908 Χριστὸς,
1627 2873 1677 2909 μία
1693 2873 1732 2908 τῷ
1746 2873 1811 2900 εῖδει
1828 2872 1876 2902 καὶ
