1947 3080
87 124 140 156 689

510 130 793 165 APOLOGETICUS
812 135 887 166 PRO
907 138 1040 169 SACHIS
1060 139 1301 169 lM-AGI'NIBUS.

1665 137 1718 170 690

84 179 145 214 ρὰν
169 181 380 228 flamianci?
411 183 529 220 ἔχωμεν
566 189 594 214 οἱ
634 190 876 225 καταφεύγοντες

933 193 1038 227 insuper
1046 193 1082 220 ait
1093 202 1099 219 :
1110 193 1259 226 Lwtautini,
1273 199 1436 228 gertles,cum
1448 192 1544 226 populo
1554 191 1715 226 t-juthem:

86 225 237 258 κρατῆσαι
249 227 305 261 τῆς
317 230 517 264 προκειμένης
535 232 671 266 ἐλπίδος.
691 235 746 261 Καὶ
775 235 856 263 πάλιν
869 246 876 254 ·

86 271 170 306 Λέγω
185 272 220 298 δὲ
241 273 359 306 Ἰησοῦν
377 277 509 309 Χριστὸν
531 278 673 306 διάκονον
694 281 877 316 γεγενῆσθαι

85 320 249 353 περιτομῆς
259 320 336 355 ὑπὲρ
350 321 494 356 ἀληθείας
507 325 592 358 Θεοῦ,
603 327 646 358 εἰς
664 326 697 353 τὸ
711 327 877 358 βεϐαιῶσαι

86 363 142 396 τὰς
151 365 333 400 ἐπαγγελίας
347 368 406 395 τῶν
420 369 558 404 πατέρων
569 378 575 385 ’
601 371 636 397 τὰ
654 371 688 398 δὲ
708 372 779 407 ἔθνη
801 373 878 408 ὑπὲρ

85 409 194 443 ἐλέους
205 411 334 443 δοξάσαι
351 414 403 440 τὸν
420 415 502 448 Θεὸν,
519 417 617 449 καθὼς
637 417 798 452 γέγραπται
809 429 815 436 ⁸
827 421 878 448 Διά

86 455 177 483 τοῦτο
191 458 456 495 ἐξοιιολογήσομαί
466 470 515 489 σοι
528 463 562 489 ἐν
576 463 688 496 ἔθνεσι,
707 467 806 500 Κύριε,
827 468 877 494 καὶ

86 499 126 533 τῷ
136 502 262 536 ὀνόματί
275 511 334 531 σου
346 505 446 539 ¹ψαλῶ.
457 508 513 533 Καὶ
531 508 611 534 πᾶλιν
627 509 701 544 λέγει
716 520 721 525 ·
738 512 878 546 Εὐφράν-

86 548 168 580 θητε.
182 548 266 582 ἔθνη,
278 551 352 584 μετὰ
362 552 414 578 τοῦ
422 553 498 580 λαοῦ
507 555 610 582 αὐτοῦ.
626 556 679 583 Καὶ
693 557 774 583 πάλιν
784 558 858 592 λέγει
870 568 876 575 ι

85 593 202 620 Abt-sits
218 594 273 622 τὸν
285 596 406 630 Κύριον,
422 599 521 625 πάντα
532 600 568 627 τὰ
589 600 661 635 ἔθνη
675 611 682 618 ·
697 603 878 632 ἐπαινέσαιτε

85 639 193 672 αὐτὸν,
205 639 319 674 πάντες
331 644 358 668 οἱ
367 644 445 670 .‘tacl.
463 645 517 671 Καὶ
528 646 730 680 πάλινἩσαῖας
744 658 751 664 ·
772 650 878 678 ’Ἔσται

85 683 105 716 ἡ
116 683 186 717 ῥίζα
206 685 259 712 τοῦ
281 687 405 718 Ἰεσσαὶ,
437 690 485 715 καὶ
509 691 525 716 ό
541 691 743 726 ἀνιστάμενος
773 694 879 729 ἄρχειν

85 731 193 764 ἐθνῶν,
205 733 251 759 ἐπ’
264 734 344 767 αὐτῷ
361 735 433 770 ἔθνη
446 737 598 766 ἐλπιοῦσι.
616 740 784 775 Προσεκτέον
797 742 824 768 δὲ
849 743 878 769 ἐν

85 778 203 810 τούτοις,
220 780 260 806 ὅτι
275 781 305 806 οὺ
328 781 408 815 μόνον
423 783 486 817 περὶ
501 784 555 810 τῶν
566 785 667 818 αὐτῶν,
684 786 751 812 ἀλλὰ
769 788 815 813 καὶ
845 787 878 814 τὰ

86 825 156 851 αὐτὰ
183 825 331 860 φθέγγεται
359 827 398 863 τῷ
414 830 540 866 προφήτῃ
557 831 571 856 ὁ
593 831 664 866 ἱερὸς
695 832 855 864 ’Δπόστολος
869 841 876 847 ·

87 871 135 896 καὶ
152 871 220 906 πρὸς
233 873 320 899 ταῦτα
337 873 378 905 τίς
392 875 501 909 ἀντερεῖ
516 875 614 910 λόγος;
637 877 661 903 οἱ
690 877 744 914 γὰρ
759 879 878 914 ἠλεημέο
895 869 916 897 Β

86 924 127 942 νοι
141 917 246 952 δωρεὰν
262 920 338 954 ποιρά
351 920 431 952 Θεοῦ,
450 922 482 947 ὲκ
499 922 549 957 τῆς
562 923 659 954 ἀθεῖσς
678 923 725 949 ἐπὶ
739 924 788 959 τὴν
802 924 879 958 φιλο-

87 961 166 989 Οεταν
183 966 427 1000 μεταταττόμενοι,
444 967 547 1002 ἑδραῖοι
567 969 601 1003 τῇ
628 969 720 996 πίστει
731 970 880 1005 ἑστηκότες

87 1008 261 1043 δοξολογοῦσι
281 1011 328 1038 τὸν
344 1011 421 1045 Θεὸν,
444 1013 494 1039 οὐκ
509 1014 746 1050 εἰδωλολατροῠσι,
764 1016 817 1042 κᾶν
842 1016 880 1051 μὴ

88 1053 153 1092 δοκῇ
171 1058 228 1089 τοῖς
254 1057 415 1094 ὲξεστηκὸσι
442 1069 472 1087 τε
490 1061 537 1087 καὶ
567 1060 721 1096 μεθύουσι·
748 1061 807 1094 πῶς
826 1063 880 1098 γὰρ

91 1103 182 1134 αὐτοῖς
201 1105 387 1140 μεταμελήσει
412 1106 467 1133 τῶν
499 1107 540 1141 ἐφ’
559 1104 600 1138 οἷς
618 1107 731 1142 αὑχοῦσι
764 1108 882 1143 μάλιστα

87 1148 192 1183 ἡλίκων
207 1150 318 1184 ἀγαθῶν
341 1152 524 1188 δωρημάτων,
548 1155 611 1180 ἐπεὶ
625 1154 711 1181 τέκνα
733 1154 802 1181 Θεοῦ
833 1155 881 1181 καὶ

88 1193 256 1230 κληρονόμοι
275 1196 319 1222 διὰ
339 1197 458 1229 πίστεως
483 1197 610 1232 γενέσθαι
633 1198 775 1233 ἠξίωνται,
802 1198 882 1234 σῶμά

88 1248 119 1266 τε
137 1240 258 1275 Χριστοῦ
274 1243 321 1269 καὶ
340 1244 408 1279 μέλη
425 1245 652 1280 χρηματίζοντες,
668 1243 713 1272 οἶα
729 1246 807 1281 δόξης
831 1246 882 1281 τῆς

89 1285 179 1312 ἀϊδίου
194 1287 402 1322 ὲπορεγόμενοι,
418 1289 490 1316 ὥστε
506 1291 610 1318 τούτων
626 1291 808 1324 ἀπολιπόντας
833 1293 882 1327 τὴν

90 1332 172 1368 χάριν
189 1334 236 1360 καὶ
249 1334 298 1369 τὴν
313 1335 506 1371 λαμπρότητα,
526 1337 565 1372 τῷ
580 1338 668 1373 σκότῳ
681 1338 728 1365 καὶ
745 1340 778 1373 τῇ
794 1338 882 1374 πλάνῃ

91 1379 276 1414 προσθέσθαις
295 1381 326 1407 Ei
339 1381 361 1408 δ’
376 1380 423 1409 οὖν
439 1383 487 1410 καὶ
505 1383 593 1410 ταῦτα
610 1385 667 1415 τοῖς
695 1384 814 1416 ἀνοσίοις
832 1385 881 1421 ἀρ-

90 1425 139 1459 δην
152 1425 321 1462 ἀπήρνηται,
338 1427 397 1455 ἀλλ’
413 1429 479 1464 ἡμῖν
490 1438 522 1464 γε
550 1429 742 1462 πεπίστευται,
766 1429 813 1458 καὶ
838 1438 883 1457 το-

92 1470 190 1526 σαξτοῖ
202 1472 267 1526 ὅσον
277 1474 323 1500 καὶ
337 1475 528 1510 ὐπεράγασθαι
542 1477 592 1511 τῆς
605 1476 682 1508 θείας
692 1475 740 1503 τοῦ
755 1476 833 1511 Σωτῆ
839 1485 883 1511 ρος
897 1498 918 1526 C

92 1517 312 1553 φιλανθρωπίας,
330 1521 472 1555 ὁμολογεῖν
488 1530 517 1548 τε
530 1522 624 1556 σαφῶς
641 1523 681 1549 ὃτι
701 1531 733 1557 γε
745 1523 882 1559 ὑπερϐολῇ

93 1563 279 1599 χρηστότητος
292 1565 363 1591 κατὰ
375 1565 404 1592 τὸ
420 1567 515 1602 περιὸν
526 1567 576 1602 τῆς
587 1566 739 1602 δυνάμεώς,
765 1569 795 1594 οὑ
820 1568 885 1599 τοὺς

93 1607 167 1634 κατὰ
181 1609 227 1634 τὸν
239 1610 302 1644 τῇδε
314 1609 371 1644 βίον
385 1609 536 1642 διαζῶντας
553 1611 632 1646 μόνον
641 1611 692 1645 τῆς
703 1612 749 1638 τοῦ
761 1612 832 1647 Πονη
838 1611 885 1647 ροῡ

92 1656 253 1690 τυραννίδος
263 1657 439 1692 συγκαταϐὰς
452 1657 553 1691 ἐξεῖλεν
568 1667 575 1674 ·
588 1659 638 1695 ἤδη
655 1659 684 1685 δὲ
711 1659 757 1686 καὶ
774 1661 830 1691 τοῖς
856 1660 886 1686 ὲν

92 1700 158 1736 ᾲδου
171 1702 300 1738 κατόχοις
317 1705 510 1740 προγεγονόσι,
524 1705 572 1731 καὶ
583 1705 649 1741 πρὶν
660 1705 732 1731 κατὰ
747 1706 811 1736 τοὺς
827 1713 886 1732 και-

93 1748 160 1782 ροὺς
177 1748 227 1783 τῆς
239 1749 351 1782 ἀγνοίας
368 1749 447 1786 ἀθεῖᾳ
464 1750 510 1777 καὶ
526 1750 640 1784 ἀσεϐείᾳ
651 1750 794 1786 συζήσασι,
809 1751 884 1787 ζόφῳ

92 1801 124 1820 τε
141 1795 188 1820 καὶ
200 1795 335 1830 ἀφεγγέσι
346 1797 456 1831 χωρίοις
468 1798 573 1832 σειραῖς
588 1798 807 1832 ἀναποδράστοις
819 1806 885 1824 κατ-

93 1839 281 1875 ειλημμένοις,
311 1842 456 1876 ἐπιφανεὶς
467 1843 481 1869 ὁ
494 1843 590 1878 Σωτὴρ
604 1843 654 1878 τὴν
668 1843 827 1878 ἐλευθερίαν
835 1853 883 1879 κη-

94 1883 178 1920 ρύξας
191 1886 349 1920 ἐχαρίσατο,
365 1887 411 1914 καὶ
422 1887 473 1922 τῆς
486 1887 534 1914 τοῦ
545 1887 754 1919 δυναστεύοντος
771 1888 884 1924 Ἐχθροῦ

93 1931 156 1965 βίας
177 1932 326 1967 ἀφήρπασε
342 1939 349 1947 ⁸
381 1934 429 1960 καὶ
450 1933 537 1960 ταῦτα
561 1934 605 1960 διὰ
631 1934 681 1969 μὲν
708 1935 885 1970 προφητικῆς

92 1977 220 2013 γλώσσης
234 1979 337 2006 ἀνωθεν
357 1972 653 2016 προκεχρησμῴδηται,
677 1981 761 2017 ἡνίκα
788 1982 820 2008 τὸ
835 1982 884 2008 τοῦ

91 2024 213 2060 Χριστοῦ
240 2026 387 2060 πρόσωπον
413 2026 539 2053 ἐντεῦθεν
567 2028 707 2062 εἰσάγεται
740 2028 885 2063 λέγοντος

92 2069 155 2103 τοῖς
163 2070 198 2096 ἐν
206 2070 341 2105 δεσμοῖς·
352 2071 505 2104 Ἐξέλθετε
517 2080 523 2087 ³
535 2072 584 2099 rt'al
592 2073 654 2106 τοῖς
667 2074 702 2100 ἐν
713 2073 752 2105 τῷ
762 2075 866 2101 σκότει
875 2083 882 2089 ”

91 2115 349 2151 Ἀγακαλύφθητε
368 2118 531 2154 Πεπρᾶχθαι
555 2119 583 2145 δὲ
609 2119 647 2151 ὼς
673 2120 782 2155 ἀληθῶς
813 2120 885 2147 κατά

928 236 1048 266 Laudate
1067 239 1217 272 Dominum,
1232 247 1319 266 omnes
1349 244 1455 273 gentes.
1481 236 1715 270 Collaudate'eum,

929 292 1017 310 omnes
1033 284 1133 318 populi.
1151 285 1182 311 Et
1198 284 1314 319 denique
1334 284 1437 312 Isaias:
1455 283 1513 310 Erit
1529 284 1609 310 rudia:
1621 283 1715 316 Jessu',

928 335 953 357 et
969 331 1014 364 qui
1033 335 1153 365 exsurget
1176 339 1263 365 regere
1278 336 1378 366 gentes,
1399 331 1427 357 in
1452 331 1508 365 ipso
1521 336 1609 365 gentes
1627 338 1717 363 spera~

930 377 992 403 bunt
1006 377 1038 403 °‘.
1060 376 1088 403 lu
1110 377 1151 403 his
1176 384 1259 411 porro
1283 376 1484 404 observandum
1503 381 1554 407 est.
1569 376 1640 410 quod
1662 383 1714 402 uon

930 423 1009 450 modo
1025 423 1057 450 de
1082 422 1178 449 iisdem
1194 423 1285 454 rebus,
1303 423 1350 449 sed
1373 426 1399 449 et
1421 423 1515 449 eadem
1539 421 1633 453 verba,
1658 429 1717 455 qua:

930 469 1071 503 propheta,
1098 475 1176 495 sacer
1199 468 1266 494 dicit
1302 467 1460 502 Apostolus.
1491 465 1539 494 His
1567 474 1632 494 vero
1658 475 1717 500 quae
1763 482 1767 487 .

929 514 1097 542 contradicet
1112 513 1219 540 oratio?
1236 521 1297 540 nam
1325 513 1370 548 qui
1399 512 1485 547 gratis
1502 504 1640 540 consecuti
1653 519 1716 538 sunt

930 557 1146 585 misericordiam
1159 565 1173 584 a
1191 558 1316 590 Domino,
1335 565 1367 584 ex
1380 557 1515 584 atheismo
1529 556 1561 583 ad
1579 556 1625 583 Dei
1642 565 1717 583 alno-

930 611 987 631 rem
1004 604 1141 635 translati,
1157 603 1227 630 lirmi
1241 603 1266 630 in
1279 604 1330 630 lide
1341 608 1444 630 stantes
1455 603 1609 637 gloriﬁcant
1621 602 1717 633 Deum,

930 658 983 677 non
1001 654 1090 677 autem
1107 650 1254 677 idololulra:
1266 654 1342 682 sunt,
1358 649 1491 684 quidquid
1502 649 1606 676 insanis
1619 648 1718 675 ebriis-

929 704 982 730 que
1007 696 1142 723 videatur.
1170 695 1236 723 Nam
1264 696 1401 730 quomodo
1437 695 1486 722 hos
1517 693 1659 729 paenitebit
1680 698 1720 720 tut

931 744 1124 775 tantorumque
1141 740 1239 775 quibus
1256 740 1408 773 gloriamur
1427 739 1719 774 donorum?quando-

929 786 1037 821 quidem
1057 787 1129 820 digni
1151 787 1236 814 habiti
1255 786 1387 821 fuerequi
1408 786 1454 813 lilii
1475 786 1651 820 ltmredcsque
1669 785 1714 812 Dei

930 840 978 866 per
1003 831 1082 859 (idem
1110 832 1217 865 ﬁerent,
1234 837 1262 859 et
1286 839 1386 866 corpus
1411 839 1444 858 ac
1472 826 1599 859 membra
1618 830 1719 858 Christi

932 882 1004 908 sunt,
1014 882 1041 904 et
1053 881 1162 904 aeterna:
1176 877 1269 912 gloria
1282 877 1490 910 studiesissimi;
1503 877 1638 911 quomodo
1650 877 1720 904 hanc

931 923 1091 950 omittentes
1107 923 1220 958 gratiam
1239 928 1320 958 atque
1336 923 1518 957 splendorem,
1543 923 1575 950 ad
1593 923 1720 950 tenebras

932 977 1110 1004 erroremque
1127 969 1325 996 revolventur?
1340 968 1418 1002 Quod
1432 969 1454 996 si
1466 969 1523 996 Ιιωο
1541 969 1575 995 ab
1591 969 1632 996 his
1651 976 1720 1002 pro—

934 1015 1003 1042 lanis
1019 1016 1130 1042 omnino
1145 1019 1290 1050 negantur,
1307 1023 1323 1042 a
1344 1015 1423 1042 nobis
1449 1019 1539 1041 tamen
1559 1015 1720 1045 creduntur,

934 1062 959 1088 in
991 1065 1093 1088 tantum
1118 1065 1147 1087 ut
1178 1061 1296 1088 divinam
1334 1061 1487 1088 Servatoris
1524 1061 1720 1096 benignitatem

933 1107 1111 1141 admiremur,
1124 1113 1273 1143 aperteque
1288 1107 1478 1139 conﬁteamur,
1491 1107 1579 1141 ipsmn
1593 1106 1722 1132 bonitatis

932 1161 1046 1182 excessu
1063 1162 1112 1189 pro
1132 1161 1188 1181 suae
1208 1154 1336 1189 potentiae
1355 1153 1442 1188 copia,
1458 1160 1510 1180 non
1539 1159 1586 1179 cos
1601 1157 1720 1178 tantum-

934 1201 1014 1228 modo
1034 1201 1079 1235 qui
1101 1205 1235 1235 praesente
1260 1200 1349 1228 adhuc
1364 1200 1420 1226 vita
1438 1199 1596 1231 utebantur,
1617 1198 1715 1226 diaboli

935 1246 1076 1281 tyrannide
1095 1253 1143 1280 per
1167 1245 1425 1273 condescensionem
1451 1244 1600 1277 liberasse;
1627 1251 1720 1270 verum

933 1291 1016 1318 etiam
1034 1291 1138 1326 jamdiu
1150 1291 1178 1317 in
1194 1290 1301 1317 inferno
1315 1289 1443 1320 detentis.
1455 1290 1502 1324 qtti
1516 1289 1579 1316 olitn
1594 1288 1723 1322 tempori-

934 1336 984 1364 bus
999 1336 1126 1363 atheismi
1150 1335 1351 1370 impietatisque
1370 1335 1505 1368 vixerant,
1520 1339 1547 1361 et
1565 1341 1637 1360 nunc
1649 1338 1723 1360 tene-

913 1382 992 1413 _bris
1016 1382 1151 1416 caecisque
1183 1381 1271 1414 locis,
1296 1387 1324 1409 et
1353 1381 1457 1409 catenis
1485 1379 1723 1408 inextricabilibus

936 1428 1107 1462 tenebantur,
1117 1435 1251 1463 apparens
1264 1427 1395 1455 Servator
1406 1427 1558 1455 libertatem
1568 1425 1722 1461 praedicans

935 1473 1051 1509 largitus
1060 1479 1112 1507 est,
1125 1479 1152 1501 et
1162 1473 1330 1501 dominantis
1342 1473 1429 1501 hostis
1441 1473 1573 1500 νίυιοηιίιο
1582 1471 1720 1499 subduxit.

937 1519 1025 1552 Atque
1052 1518 1110 1546 haec
1133 1526 1148 1545 a
1171 1519 1329 1554 prophetica
1358 1518 1462 1554 jamdiu
1481 1518 1571 1553 lingua
1595 1517 1723 1552 pratdicla

935 1565 1053 1598 fuerant,
1072 1573 1132 1592 cum
1155 1573 1273 1600 persona
1298 1565 1400 1593 Christi
1434 1566 1608 1593 induceretur
1631 1564 1724 1591 vinctis

936 1611 1071 1639 dicentis:
1093 1610 1189 1644 Exite;
1214 1616 1239 1639 et
1267 1612 1387 1639 tenebras
1415 1612 1497 1647 210
1525 1611 1724 1639 incolentibus:

936 1656 1098 1684 Reuelamini
1110 1658 1142 1684 ⁸⁷.
1159 1657 1187 1684 ld
1206 1662 1296 1684 autent
1315 1665 1364 1685 suo
1380 1662 1501 1692 tempore
1520 1657 1630 1684 demum
1654 1655 1724 1683 acci-

936 1703 1021 1735 disse,
1049 1703 1072 1730 is
1095 1703 1141 1738 qui
1163 1703 1267 1738 apicem
1289 1703 1316 1730 in
1342 1703 1444 1731 Christi
1470 1703 1610 1738 discipulis
1637 1707 1722 1729 tenet.

936 1748 1060 1775 narrabit
1075 1748 1170 1775 dicens
1188 1757 1195 1775 :
1211 1748 1279 1781 Quia
1295 1748 1417 1776 Christus
1439 1749 1521 1776 semet
1544 1757 1592 1783 pro
1608 1747 1723 1784 peccatis

936 1795 1036 1821 nostris
1053 1800 1170 1821 mortuus
1187 1799 1234 1826 est,
1244 1796 1332 1829 justus
1357 1802 1405 1830 pro
1425 1795 1548 1833 injustir;
1574 1800 1602 1821 ut
1628 1803 1673 1821 nos
1690 1797 1724 1820 ad

938 1839 1019 1866 Deum
1038 1840 1198 1871 adduceret;
1214 1848 1293 1866 carne
1313 1841 1419 1874 quidem
1433 1841 1589 1872 exstinctus,
1606 1839 1723 1873 viviﬁca-

937 1890 979 1912 tus
997 1891 1084 1912 autent
1102 1886 1195 1920 spiritu
1216 1894 1225 1913 :
1251 1886 1279 1912 in
1294 1894 1344 1921 quo
1369 1891 1393 1913 et
1414 1887 1471 1920 his,
1485 1887 1532 1922 qui
1563 1887 1589 1913 in
1618 1893 1724 1917 carcere

936 1936 1021 1964 erant,
1043 1931 1180 1965 spiritibus
1203 1932 1307 1959 veniens
1331 1932 1496 1967 prwdicuvit,
1522 1934 1567 1968 qui
1593 1931 1724 1958 increduli

936 1978 1041 2012 [uer-ant
1056 1978 1200 2013 aliquando
1218 1978 1252 2005 ⁸⁸.
1270 1978 1343 2012 Quos
1361 1986 1410 2013 ego
1432 1978 1561 2006 existimo
1579 1977 1612 2005 de
1627 1977 1722 2005 salutis

936 2025 1067 2060 mysterio
1082 2026 1203 2058 edoctos,
1221 2031 1402 2061 susceptaque
1415 2025 1609 2059 Redemptoris
1623 2023 1720 2058 praedi-

936 2071 1054 2105 catione,
1081 2079 1237 2107 quanquam
1261 2072 1336 2099 omni
1361 2076 1435 2099 motu
1460 2075 1543 2106 atque
1565 2071 1722 2105 operatione

936 2123 1070 2150 carentes,
1091 2124 1118 2146 et
1132 2119 1206 2146 omni
1230 2121 1398 2153 agendarum
1416 2126 1506 2146 rerum
1523 2126 1570 2153 spe
1586 2118 1720 2152 deposita,

92 2164 218 2198 καιροὺς,
231 2165 246 2190 ὁ
265 2164 295 2190 τὸ
308 2162 427 2199 προῦχον
452 2166 480 2191 ὲν
505 2167 562 2197 τοῖς
585 2166 668 2201 ἱεροῖς
697 2166 744 2192 τοῦ
761 2165 881 2201 Χριστοῦ

937 2168 1056 2189 attamen
1069 2167 1162 2197 gratos
1178 2163 1243 2190 huic
1264 2167 1318 2189 tam
1335 2161 1476 2197 splendido
1493 2162 1648 2196 eximioque
1673 2161 1721 2187 bc-

93 2209 229 2244 μαθηταῖς
249 2210 339 2245 λαχὼν
356 2211 545 2246 είσηγήσεται,
576 2212 689 2247 φάσκων
709 2221 715 2228 ·
731 2213 795 2239 Ὅτι
812 2214 881 2247 Χρι-

91 2254 165 2287 στὸς
176 2254 258 2286 ἅπαξ
267 2255 333 2289 περὶ
348 2255 407 2282 τῶν
417 2256 568 2291 ἁμαρτιῶν
581 2257 666 2292 ’ἡμῶν
677 2257 820 2290 ἀπέθανε,
837 2258 881 2284 δί-

92 2308 178 2333 καιος
189 2300 268 2334 ὑπὲρ
289 2301 403 2328 ἀδίκων
419 2310 426 2317 ·
453 2302 504 2329 ἵνα
529 2302 609 2337 ἡμᾶς
633 2303 813 2339 προσαγάγῃ
842 2304 893 2336 τῷ.

92 2342 163 2375 θεῷ,
186 2345 367 2378 θανατωθεὶς
383 2345 442 2379 μὲν
461 2345 499 2380 τῇ
514 2347 615 2380 σαρκὶ,
637 2346 826 2382 ζὶοοποιηθεὶς
849 2348 884 2375 δὲ

90 2388 259 2422 πνεύματιο
281 2388 316 2418 ἐν
338 2387 362 2423 ᾧ
381 2390 432 2416 καὶ
457 2391 520 2424 τοῖς
539 2392 574 2418 ἐν
589 2392 713 2427 φυλακῇ
729 2394 883 2427 πνεύμασι

91 2435 251 2468 πορευθεὶς
265 2435 426 2469 ἐκήρυξεν,
445 2437 632 2472 ἀπειθήσασί
643 2446 725 2466 ποτε.
738 2439 792 2471 Οὓς
806 2438 883 2475 οἶμαι

78 2478 180 2515 ’ἔγωγε
194 2481 224 2507 τὸ
242 2481 292 2516 τῆς
309 2483 447 2518 σωτηρίας
460 2484 706 2518 εὐαγγελισθέντας
724 2486 882 2521 μυστήριον,

89 2526 256 2561 δεξαμένους
266 2535 297 2553 τε
311 2527 358 2553 τοῦ
373 2528 520 2563 Λυτρωτοῦ
534 2529 564 2555 τὸ
576 2530 720 2566 κήρυγμα,
738 2531 784 2557 καὶ
797 2531 884 2559 ταῦτα

90 2573 286 2607 πεπαυμένους
316 2573 450 2610 κινήσεώς
479 2584 508 2601 τε
527 2576 617 2610 πάσης
653 2577 701 2603 καὶ
728 2577 879 2611 ἐνεργείας,

91 2618 183 2653 πάσης
197 2627 227 2645 τε
244 2618 300 2645 τῶν
310 2619 456 2654 πρακτέων
471 2621 656 2657 ἀποιχομένης
689 2621 807 2654 ἐλπίδος,
829 2623 878 2648 εὐ-

89 2664 302 2699 γνωμονοῦντας
321 2665 349 2691 δὲ
362 2666 426 2701 περὶ
442 2666 491 2698 τὰς
504 2666 576 2693 οὕτω
589 2667 721 2703 λαμπρὰς
738 2668 786 2695 καὶ
799 2668 881 2704 μεγί-

934 2208 1043 2240 nelicio,
1071 2215 1237 2242 magnopere
1265 2208 1363 2242 impios
1387 2207 1564 2242 obiurgasse;
1590 2212 1718 2240 tanquam

933 2254 955 2280 si
972 2261 1025 2280 una
1045 2261 1105 2280 cum
1123 2253 1276 2280 virentibus
1290 2253 1388 2288 injuria
1404 2253 1594 2285 afﬁcerentur;
1611 2253 1652 2280 vel
1666 2260 1716 2287 po-

935 2301 987 2329 tius
1002 2308 1096 2328 eorum
1116 2301 1162 2336 qui
1179 2301 1206 2327 in
1228 2299 1440 2334 Redemptorem
1459 2301 1608 2335 blasphemi
1627 2303 1719 2330 erant,

932 2347 1075 2374 audaciam
1091 2354 1144 2374 non
1157 2346 1288 2374 ferentes.
1304 2346 1421 2374 Prorsus
1438 2346 1511 2373 enim
1531 2347 1564 2373 ob
1586 2345 1716 2380 impieta-

935 2393 969 2420 tis
980 2400 1036 2420 suae
1047 2392 1194 2424 cumulum,
1205 2400 1238 2420 ne
1250 2393 1356 2419 animas
1366 2393 1476 2427 quidem
1489 2397 1717 2427 prmmortuorum

934 2439 968 2467 ab
988 2439 1139 2467 idololatria
1159 2439 1326 2466 liberabunt.
1342 2439 1513 2474 Quapropter
1528 2439 1636 2465 videtur
1652 2437 1717 2464 mihi

934 2489 961 2511 et
975 2484 1082 2511 illorum
1098 2489 1190 2511 reatus
1201 2484 1306 2518 augeri,
1320 2490 1347 2511 ct
1361 2484 1456 2518 majori
1472 2489 1500 2511 ut
1513 2491 1563 2518 par
1575 2489 1618 2510 est
1633 2489 1720 2517 paena:

933 2531 1068 2558 obnoxius
1084 2531 1153 2558 ﬁeri.
1169 2531 1221 2558 Sed
1237 2531 1308 2558 enim
1322 2539 1372 2558 nos
1389 2532 1431 2559 his
1444 2531 1566 2564 omissis,
1580 2530 1626 2566 qui
1645 2531 1721 2557 vivo-

934 2584 995 2604 rum
1012 2584 1089 2611 atque
1113 2585 1145 2605 ac
1160 2582 1329 2605 mortuorum
1354 2577 1456 2612 judicio
1485 2578 1659 2609 damnantur,
1687 2575 1720 2601 ad

935 2628 1089 2657 susceptum
1106 2624 1274 2658 propositum
1297 2628 1478 2656 revertentes,
1506 2623 1608 2658 reliqua
1629 2629 1722 2657 persc-

935 2677 1059 2703 quamur.

91 2719 155 2742 στας
175 2710 348 2746 εὐεργεσίας,
377 2711 448 2746 μέγα
475 2712 529 2739 τῶν
549 2712 656 2740 ἀσεϐῶν
673 2714 947 2749 κατακεκράξεσθαι·
980 2712 1023 2742 οἷα
1036 2715 1067 2750 δὴ
1084 2716 1139 2748 τοῖς
1172 2716 1200 2743 ὲν
1229 2717 1312 2750 ζῶσιν
1339 2718 1535 2753 ἐξητασμένοις
1562 2714 1721 2750 συνεξυϐρι-

91 2756 216 2790 σμένους,
234 2755 335 2790 μᾶλλον
361 2756 390 2783 δὲ
404 2756 459 2784 τῶν
483 2759 522 2790 εἰς
544 2760 591 2786 τὸν
612 2759 815 2796 Ἐλευθερωτὴν
849 2760 1092 2796 βλασφημούντων,
1110 2763 1159 2798 τὴν
1190 2764 1292 2799 τόλμα-ι
1307 2765 1336 2791 οὐ
1364 2764 1514 2799 φέροντα-ς·
1535 2762 1643 2793 πάντως
1668 2760 1722 2796 γὰρ

126 2846 148 2861 ⁶⁴
168 2846 247 2874 Rom.
270 2848 404 2880 imm—li.
444 2849 465 2864 “
486 2849 538 2876 lsa.
556 2850 669 2883 xux,9.
707 2851 728 2865 "'
751 2849 852 2878 l'l’etr.
867 2858 885 2877 ll

933 2851 968 2884 18,
990 2853 1030 2880 19.
