1947 3080
217 140 269 174 695

715 140 745 171 S.
767 141 974 173 NlCEPHORl
994 142 1247 174 PATRIARCH/E
1266 142 1320 173 ΟΡ.

1803 138 1853 170 696

220 202 343 230 membra
369 209 401 228 ex
426 205 515 235 parte,
539 207 677 234 unumque
706 207 805 234 corpus
831 207 892 228 esse
913 201 1012 228 multus

1068 200 1152 227 τοίνυν
1167 200 1217 234 τῆς
1237 198 1403 234 Ἐκχλησίας
1414 199 1429 226 6
1443 199 1640 234 νυμφαγωγὸς,
1659 195 1853 225 ὲπισυνάπτων

219 249 330 280 deﬂuit;
360 247 581 283 quandoquidem
605 254 687 273 unum
711 246 892 281 eumdemque
914 255 1010 281 panem

221 294 412 329 mysteriorum
428 292 628 320 benedictionis
654 293 862 327 Participamus,
880 293 1009 320 unitatem

220 347 281 367 cum
298 340 358 374 ipso
373 347 420 373 per
434 339 514 366 ﬁdem
532 339 633 374 adepti.
646 338 764 373 Moxque
776 339 885 366 sublimi
899 340 1011 366 exiiuia-

219 393 272 419 que
289 386 411 413 doctrina
437 385 582 413 declarans
606 385 816 419 illuminansque
834 386 1010 420 mysterium,

218 431 270 458 sub
294 431 405 458 humani
424 431 542 466 coniugii
569 431 696 466 imagine,
714 431 771 458 haec
794 432 881 465 pergit
896 428 986 458 dicere
1003 440 1009 457 :

219 477 262 503 Ila
275 478 325 504 viri
340 478 434 504 debent
449 486 544 505 uxores
561 486 625 505 suas
644 478 764 512 diligere,
779 482 806 504 ut
825 484 934 509 corpora
950 485 1012 504 sua.

219 521 272 555 Qui
291 531 368 549 suam
395 531 504 550 uxorem
529 523 629 557 diligit,
649 531 676 549 se
696 523 781 556 ipsum
802 522 901 555 diligit.
926 521 1010 548 Nemo

218 568 288 594 enim
305 576 420 602 unquam
443 576 549 595 carnem
572 576 647 595 suam
668 567 729 594 odio
747 567 848 598 habuit,
863 567 909 594 sed
926 566 1009 593 nutrit

218 619 242 640 ει
259 614 328 647 fat-et
341 622 410 646 eam,
423 615 491 641 sicut
504 620 528 641 et
544 614 664 642 Christus
678 610 840 645 Eielesium;
852 613 916 648 quia
932 621 1011 639 mem-

219 660 266 685 bra
282 668 373 686 “ntus
388 661 507 694 corporis
521 661 591 695 ejus.
608 665 631 687 et
647 660 680 687 de
694 660 795 687 assibus
810 660 879 694 ejus.
899 658 1013 693 Propter

219 705 267 731 hoc
284 705 409 740 relinquet
435 707 512 734 homo
535 711 637 741 putrem
653 711 677 733 et
693 706 774 740 212
790 710 901 732 matrem
918 706 1010 737 'ruam,

219 754 243 775 et
259 750 404 778 nd/ta'rebit
420 752 497 779 uxori
513 760 578 784 tua,
591 756 616 779 et
629 756 705 778 erunt
729 751 782 778 duo
801 751 829 777 in
843 758 923 777 carne
943 758 1011 777 una.

220 795 420 824 Sneramentum
443 799 492 825 hoc
509 806 632 832 maguum
656 803 711 831 est;
734 806 780 833 ego
801 802 890 825 autem.
909 797 969 824 dico
983 797 1011 823 in

220 840 325 869 Christo
340 849 364 870 et
386 845 413 870 in
429 843 548 871 Ecclesia
564 845 598 871 ³⁸.

1061 246 1146 280 αὐτὴν
1161 245 1208 272 καὶ
1221 245 1339 272 συνδέων
1352 245 1391 280 τῷ
1403 246 1541 280 μνηστῆρι
1552 244 1663 280 Χριστῷ
1674 243 1850 277 ὲνθεέστατα,

1061 291 1167 318 καὶτὸν
1195 290 1344 326 σύνδεσμον
1362 291 1534 325 ὲπισφίγγων
1556 291 1603 317 καὶ
1618 290 1667 325 τὴν
1689 290 1851 324 συνάφειαν,

1060 337 1143 372 σῶμα
1162 334 1234 364 εἶναι
1254 336 1376 372 Χριστοῦ
1395 337 1443 363 καὶ
1463 337 1531 372 μέλη
1558 337 1590 363 ὲκ
1611 336 1712 372 μέρους
1725 356 1733 369 ,
1759 336 1808 362 καὶ
1825 335 1853 361 ἓν

1061 384 1142 419 σῶμα
1159 382 1308 415 εἶναιτοὺς
1331 383 1447 415 πολλοὺς
1461 381 1609 418 διορίζεται
1620 390 1626 396 ·
1645 382 1798 417 ἐπειδήπερ
1823 381 1853 413 ὲξ

1061 430 1120 462 ἑνὸς
1135 429 1241 457 καὶτοῦ
1259 429 1341 456 αὐτοῦ
1358 429 1441 464 ἄρτου
1460 429 1516 456 τῶν
1529 429 1578 464 τῆς
1595 428 1722 462 εὐλογίας
1739 427 1855 462 μετέχο-

1062 485 1113 511 μεν
1137 476 1308 511 μυστηρίων,
1336 475 1452 510 ἑνότητα
1471 475 1521 510 τὴν
1536 475 1606 510 πρὸς
1621 474 1703 501 αὐτὸν
1720 474 1854 509 λαχόντες

1059 521 1103 548 διὰ
1114 521 1233 552 πίστεως
1241 528 1248 536 ·
1264 521 1312 548 καὶ
1322 521 1360 552 ὡς
1372 522 1401 548 ὲν
1413 521 1529 557 θεωρίας
1543 520 1652 556 ὑψηλῆς
1661 521 1710 546 καὶ
1718 519 1855 550 θεοειδοῦς

1059 567 1152 602 τρόπῳ
1166 566 1307 601 διασαφῶν
1321 567 1369 593 καὶ
1387 567 1496 602 τρανῶν
1510 567 1540 592 τὸ
1563 566 1724 601 μυστήριον,
1740 565 1785 591 διὰ
1802 563 1855 598 τῆς

1059 613 1130 639 κατὰ
1148 612 1194 639 τὸν
1207 612 1352 648 ἄνθρωπον
1368 613 1510 646 συζυγίας,
1526 611 1615 639 τοιάδε
1632 612 1692 638 τινὰ
1707 611 1835 643 διέξεισιν
1845 618 1853 625 ·

1064 659 1163 691 οὓτως
1175 659 1353 693 ὀφείλουσιν·
1363 660 1390 686 οι
1409 658 1518 693 ἄνδρες
1537 658 1657 693 ἀγαπᾷν
1673 659 1726 691 τὰς
1736 656 1857 685 ἑαυτῶν

1061 705 1218 739 γυναῖκας,
1232 706 1271 738 ὠς
1280 705 1317 732 τὰ
1330 705 1445 732 ἑαυτῶν
1464 705 1587 739 σώματα
1598 714 1605 720 ·
1622 706 1638 731 ὀ
1652 704 1777 739 ἀγαπῶν
1796 705 1857 736 τὴν

1060 751 1170 778 ἑαυτοῦ
1184 752 1314 786 γυναῖκα
1333 753 1443 779 ἑαυτὸν
1457 751 1576 787 ἀγαπᾷ·
1594 751 1695 784 οὐδεὶς
1710 750 1766 785 γάρ
1781 758 1857 776 ποτε

1060 797 1118 830 τὴν
1132 797 1240 824 ἑαυτοῦ
1255 798 1355 832 σάρκα
1371 799 1531 832 ἐμίσησεν,
1545 797 1627 825 ἀλλὰ
1642 796 1781 831 ἐκτρέφει
1803 795 1857 822 καὶ

1060 843 1168 870 θάλπει
1197 844 1305 878 αὐτὴν,
1330 844 1428 877 καθὼς
1453 845 1502 871 καὶ
1521 846 1536 871 ὁ
1553 843 1682 878 Χριστὸς
1700 842 1756 876 τὴν
1786 842 1856 868 Ἐλί-

219 889 353 921 minatur
365 899 372 905 ·
384 889 428 916 ὅτι
441 890 521 925 μέλη
536 890 630 924 ἐσμὲν
644 890 695 917 τοῦ
708 890 845 924 σώματος
857 889 951 917 αὐτοῦ
962 909 969 921 ,
985 889 1020 915 ἐκ
1040 888 1096 922 τῆς
1127 889 1242 923 σαρκὸς
1264 890 1359 917 αὑτοῦ
1390 890 1438 917 καὶ
1451 890 1485 917 ἐκ
1508 889 1567 916 τῶν
1588 889 1702 916 ὀστέων
1739 887 1835 914 αὑτοῦ
1848 896 1856 902 ·

218 935 284 962 ἀντὶ
304 937 411 963 τούτου
435 938 613 972 καταλείψει
642 937 799 971 ἁνθρωπος
816 937 870 964 τὸν
898 936 1011 970 πατέρα
1047 936 1141 962 αὐτοῦ
1166 936 1216 963 καὶ
1230 937 1287 970 τὴν
1313 937 1437 971 μητέρα,
1472 937 1521 963 καὶ
1546 934 1857 970 προσκολληθήσεται

218 982 294 1016 πρὸς
309 982 366 1016 τὴν
377 982 506 1017 γυναῖκα
526 983 620 1011 αὐτοῦ
635 1003 642 1015 ,
654 983 704 1010 καί
717 983 841 1010 ἔσονται
856 984 882 1010 ol
895 983 950 1009 δύο
966 983 1010 1015 εὶς
1029 981 1129 1016 σάρκα
1138 983 1227 1017 μίαν·
1241 983 1273 1009 τὸ
1280 983 1451 1017 μυστήριον
1477 982 1565 1010 τοῦτο
1576 981 1654 1017 μέγα
1683 981 1780 1010 ἐστὶν,
1797 980 1863 1014 ἐγὼ

218 1029 252 1057 δὲ
263 1029 341 1065 λέγω
355 1031 399 1063 εὶς
409 1031 541 1064 Χριστὸν
553 1031 602 1058 καὶ
617 1033 663 1064 εἰς
679 1023 738 1065 τήν
762 1031 956 1065 Ἐκκλησίαν.

253 1076 299 1103 47.
320 1076 436 1104 Veniant
465 1085 535 1105 nunc
560 1077 715 1112 iniquitatis
742 1083 900 1112 operatores
929 1082 1009 1111 atque
1025 1079 1047 1106 Β

220 1124 407 1151 demonstrent
425 1123 563 1158 quomodo
575 1128 602 1150 ct
615 1124 779 1158 quibusnam
795 1124 937 1158 inspiratis
950 1131 1011 1150 ora-

220 1169 289 1197 culis
314 1169 466 1197 Ecclesium
490 1171 525 1198 ab
544 1171 644 1199 unione
668 1178 729 1198 cum
754 1170 864 1198 Christo
894 1170 1012 1198 sceleste

221 1214 367 1242 divellant?
396 1215 533 1250 quomodo
569 1215 726 1243 coheredes
748 1220 776 1242 et
803 1215 1013 1249 concorporalcs

220 1261 323 1288 Christi
356 1261 503 1289 simulacra
536 1262 571 1289 ab
595 1262 752 1290 inﬁdelibus
783 1262 854 1289 culta
880 1261 1013 1289 adorant?

221 1308 362 1340 Quomodo
378 1315 446 1342 ergo
459 1315 553 1335 vermn
573 1308 678 1340 dicant,
697 1309 744 1343 qui
761 1307 873 1335 falsitati
893 1308 1013 1342 patroci—

221 1353 342 1381 nantur?
355 1352 471 1381 Videant
493 1353 585 1389 igitur,
602 1353 654 1381 nisi
673 1354 744 1381 forte
764 1354 853 1389 ipsum
873 1354 1013 1382 Christum

221 1398 366 1432 profanum
394 1398 461 1434 quid
490 1404 517 1427 et
544 1399 680 1434 impurum
711 1405 822 1434 propter
849 1405 960 1428 vocatos
985 1400 1012 1427 in

221 1445 341 1479 ejusdem
367 1450 470 1472 sortem
495 1449 523 1473 et
544 1446 766 1481 concorporalem
792 1447 1012 1474 communionem

222 1491 399 1524 existimant;
420 1491 541 1525 videant,
566 1493 689 1527 inquam,
711 1500 745 1520 ne
760 1492 936 1528 blasphemia;
952 1492 1012 1520 cul-

223 1544 285 1564 men
300 1535 550 1572 attingant.Verum
564 1537 591 1564 bi
608 1545 697 1572 neque
713 1545 742 1565 se
758 1538 847 1571 obrui,
868 1545 966 1573 neque,
985 1542 1014 1564 ut

223 1582 261 1608 ita
277 1582 378 1615 dicam,
398 1581 489 1609 defodi
508 1583 630 1610 sentiunt
642 1583 752 1618 propria
773 1583 934 1618 ignominia,
949 1583 1013 1611 dum

222 1628 366 1662 loquentes
383 1627 409 1655 in
426 1627 532 1662 Spiritu
557 1628 604 1656 Dei
626 1634 735 1657 sanctos
758 1629 908 1664 prophetas
932 1634 1013 1664 atque

223 1672 363 1708 aposwlos
384 1673 529 1708 abrogant,
554 1667 659 1706 eosque
675 1674 808 1709 profanos
827 1674 910 1702 veluti
930 1680 1014 1710 atque

224 1719 323 1754 impios
351 1723 428 1747 vates
455 1719 598 1748 clamitant.
619 1726 648 1747 et
672 1722 819 1755 magistros
846 1729 880 1749 ex
904 1722 1014 1756 proprio

222 1764 318 1792 ventre
329 1764 485 1800 loquentes.
499 1764 621 1798 Quorum
633 1765 760 1793 vitandos
774 1773 942 1801 spurcosque
955 1773 1014 1793 ser-

223 1817 320 1837 mones
333 1810 367 1838 ad
384 1810 425 1838 sui
444 1810 549 1838 erroris
571 1810 809 1838 confirmationem
828 1811 991 1846 pertrahunt
1006 1821 1013 1839 :

224 1855 362 1889 Particeps
389 1855 523 1882 idolorum
539 1854 670 1890 Ephraim
687 1857 775 1890 posuit
799 1857 850 1884 sibi
864 1857 1014 1885 scandala:

223 1902 337 1929 irritavit
352 1901 534 1935 Chananwos,
546 1903 661 1938 legimus
672 1903 695 1919 ⁸⁷
708 1912 715 1936 ;
730 1908 758 1930 at
773 1903 944 1932 Christianos
958 1905 1016 1932 ido-

224 1948 311 1975 lorum
330 1948 479 1984 participes
507 1949 595 1984 iisque
621 1950 856 1978 communicantes
882 1959 1015 1986 nusquam

223 2002 311 2030 usque
322 1995 356 2021 ad
370 1995 441 2023 hanc
457 1995 528 2023 diem
543 2003 558 2022 a
575 1996 703 2031 quopiam
714 1996 767 2024 dici
784 1997 947 2029 audivimus,
963 1998 1019 2025 nisi.

223 2041 258 2068 ab
275 2042 308 2069 iis
324 2047 438 2076 tantum,
455 2043 500 2078 qui
513 2043 645 2071 adversus
662 2042 765 2071 Christi
782 2044 897 2079 gloriam
910 2050 938 2073 et
950 2053 1017 2073 con-

224 2093 266 2114 tra
292 2093 366 2115 recte
394 2096 457 2115 eum
490 2088 614 2116 colentes
648 2093 730 2123 atque
761 2090 907 2118 adorantes
941 2090 1017 2119 rabie

224 2135 374 2163 insaniunt.
390 2134 518 2169 Nequeid
534 2135 643 2163 tnirum.
658 2135 715 2163 Mos
729 2140 772 2163 est
782 2137 854 2164 enim
870 2137 1015 2171 impiorum

223 2180 386 2208 adversandi
401 2181 571 2212 melioribus,
588 2184 617 2207 et
632 2181 776 2208 veritatem
792 2181 969 2216 depravandi,
989 2188 1018 2210 ut

223 2227 367 2254 sententiae
380 2233 436 2254 sua:
450 2226 653 2260 improbitatem
665 2226 759 2254 velare
770 2231 881 2261 queant.
896 2227 1017 2255 Dictum-

225 2281 277 2309 que
296 2281 310 2300 a
329 2273 432 2300 sanctis
453 2273 519 2300 viris
542 2278 618 2300 recte
647 2272 707 2305 iuit,
729 2272 859 2301 latentem
885 2273 1016 2301 malitiam

224 2320 392 2355 proclamata
413 2326 473 2347 esse
489 2319 644 2346 noxiorem.

1028 1750 1049 1779 ε

260 2455 306 2482 ιε.
323 2454 356 2481 Hi
372 2454 474 2489 quippe
487 2453 574 2489 palam
598 2455 738 2490 propriam
756 2455 921 2491 impietatem
949 2464 1019 2483 nun-

226 2508 308 2534 quam
326 2504 468 2527 ostentare
486 2499 630 2533 audentes,
656 2508 766 2535 gravent
785 2509 862 2529 suam
887 2502 1020 2530 adversus

225 2546 328 2574 cultum
347 2551 477 2573 nostrum
498 2545 624 2579 iniuriam
650 2547 842 2581 subverentes,
867 2542 1020 2583 multosque

226 2593 313 2620 latere
334 2597 470 2627 putantes,
489 2593 565 2628 quasi
582 2592 721 2620 Christum
734 2601 787 2621 non
804 2593 942 2622 offendant
955 2595 1017 2622 dum

226 2638 286 2673 ejus
301 2638 398 2666 divinae
413 2639 525 2674 imagini
540 2639 733 2667 contumeliam
749 2639 864 2673 iaciunt,
878 2641 942 2675 quid
962 2649 1020 2669 mo-

227 2685 350 2713 liuntur?
362 2685 428 2718 Quia
448 2685 540 2713 sciunt
555 2691 652 2713 natura
669 2693 859 2721 comparatum
877 2695 930 2715 non
945 2696 1016 2722 esse,

227 2737 256 2759 ut
271 2739 315 2760 res
333 2732 398 2767 ipsa:
420 2736 571 2765 mutentur,
591 2733 700 2760 nomina
714 2739 805 2761 autem
822 2742 894 2770 sape
913 2735 1019 2763 indiﬂ'e—

226 2779 343 2806 rentiam
361 2786 416 2814 prae
431 2787 461 2806 se
485 2778 568 2811 ferre,
584 2780 618 2806 ad
637 2781 867 2810 deuominationis
891 2782 1019 2811 diil‘cren-

261 2869 284 2884 ⁸⁸
306 2869 405 2905 Ιιζμίιεε.
418 2877 444 2903 v,
461 2868 554 2897 28-52.
593 2870 615 2885 ³³⁷
636 2868 704 2898 Osee
717 2878 754 2904 μ’,
772 2871 808 2898 l7.

1098 1076 1152 1111 uC'.
1181 1077 1338 1105 Ἦκέτωσαν
1354 1075 1401 1105 οὖν
1417 1078 1442 1104 οἱ
1458 1079 1508 1113 τῆς
1524 1077 1639 1112 ἀνομίας
1657 1075 1788 1110 ἐργάται,
1807 1076 1858 1102 καὶ

1063 1121 1246 1150 δεικνύτωσαν
1264 1122 1347 1150 πόθεν
1368 1123 1417 1158 τὴν
1441 1123 1607 1158 Ἐκκλησίαν
1621 1142 1628 1154 ,
1646 1122 1695 1149 καὶ
1719 1122 1752 1148 ὲκ
1769 1121 1858 1148 ποίων

1065 1167 1252 1195 θεοπνεύστων
1278 1169 1376 1203 λογίων
1390 1190 1397 1202 ,
1419 1169 1470 1204 τῆς
1487 1171 1556 1196 κατὰ
1574 1169 1694 1204 Χριστὸν
1732 1167 1859 1198 ἐνώσεως

1064 1214 1201 1250 ἁθεμίτως
1210 1215 1372 1251 διορίζουσι;
1387 1215 1445 1247 πῶς
1459 1216 1484 1242 oi.
1497 1215 1716 1251 συγκληρονόμοι
1728 1215 1775 1241 καὶ
1791 1214 1858 1240 σύσ-

1065 1269 1152 1296 σωμοι
1164 1262 1282 1298 Χριστοῦ
1301 1262 1404 1294 ξοάνοις
1418 1264 1475 1294 τοῖς
1488 1262 1544 1288 τῶν
1562 1262 1684 1288 ἀπίστων
1701 1260 1859 1296 σεϐάσμασι

1064 1307 1278 1342 λελατρεΰκασι;
1295 1309 1378 1335 Πόθεν
1402 1309 1449 1335 οὖν
1471 1309 1502 1335 τὸ
1522 1308 1622 1343 ἀληθὲς
1645 1307 1857 1340 ἀπενέγκοιντο,

1064 1354 1088 1380 οἱ
1104 1353 1141 1389 τῷ
1156 1354 1250 1388 ψεύδει
1269 1354 1497 1390 συναγορεύοντες
1509 1363 1516 1388 ;
1527 1353 1721 1380 Σκοπείτωσαν
1734 1353 1761 1379 δὲ
1779 1353 1802 1378 εἰ
1821 1352 1859 1387 μὴ

1065 1399 1112 1426 καὶ
1123 1399 1240 1435 Χριστὸν
1248 1399 1340 1432 αὐτὸν,
1356 1399 1446 1426 κοινόν
1456 1408 1482 1425 τι
1497 1399 1545 1425 καὶ
1557 1398 1726 1433 ἀκάθαρτον,
1741 1396 1786 1423 διὰ
1794 1397 1859 1428 τοὺς

1066 1445 1357 1481 συγκληρονομοῦντας
1376 1446 1424 1472 καὶ
1438 1445 1488 1481 τὴν
1504 1444 1576 1472 κατὰ
1591 1444 1621 1471 τὸ
1634 1444 1779 1478 σύσσωμον
1797 1451 1859 1470 κοι-

1066 1491 1163 1518 νωνίαν
1174 1492 1332 1527 ἡγήσαιντο,
1347 1491 1394 1518 καὶ
1409 1491 1439 1517 τὺ
1448 1491 1508 1517 ὅλον
1523 1490 1573 1525 τῆς
1587 1489 1764 1526 βλασφημίας
1780 1487 1861 1514 αὐτοὶ

1066 1536 1336 1572 κληρονομείτωσαν·
1367 1537 1425 1564 ἀλλ’
1455 1536 1506 1563 οὐκ
1533 1535 1773 1570 ὲγκαλύπτονται,
1798 1534 1862 1560 οὐδὲ

1066 1583 1245 1610 καταδύονται
1264 1584 1311 1610 ἐπὶ
1323 1585 1355 1619 τῇ
1382 1583 1489 1610 ἑαυτῶν
1506 1582 1622 1618 αἰσχύνῃ
1635 1603 1643 1615 ,
1658 1582 1722 1613 τοὺς
1740 1580 1791 1616 μὲν
1807 1581 1860 1607 λαε

1038 1654 1047 1658 -
1065 1630 1178 1663 λοῦντας
1192 1632 1222 1658 ὲν
1231 1631 1371 1667 Πνεύματι
1379 1632 1447 1658 Θεθῦ
1458 1631 1598 1666 μυστήρια
1608 1630 1753 1665 προφήτας
1762 1629 1862 1663 ἁγίους

1065 1677 1114 1704 καὶ
1128 1678 1294 1709 ἀποστόλους
1305 1677 1552 1713 παραγραφόμενοί
1566 1685 1595 1703 τε
1610 1677 1656 1703 καὶ
1669 1675 1861 1710 διωθούμενοι,

1065 1723 1172 1758 ἐναγεῖς
1194 1724 1223 1750 δέ
1238 1733 1314 1757 τινας
1330 1725 1377 1751 καὶ
1393 1716 1520 1756 ἀνοσίους
1537 1723 1682 1759 προφήτας
1707 1721 1862 1757 αὐχοῦντες

1070 1770 1117 1796 καὶ
1131 1769 1309 1801 διδασκάλους
1323 1771 1356 1797 ὲκ
1368 1770 1420 1804 τῆς
1437 1769 1506 1801 ἰδίας
1522 1769 1783 1803 ἀποφθεγγομένους
1803 1776 1864 1794 κοι-

1070 1815 1130 1848 λίας
1144 1824 1151 1831 ”
1170 1813 1208 1843 ῶν
1231 1816 1261 1843 τὸ
1286 1815 1405 1850 φευκτὸν
1422 1816 1469 1842 καὶ
1483 1815 1601 1847 δυσῶδες
1617 1815 1672 1842 τῶν
1688 1814 1775 1848 λόγων
1787 1835 1796 1846 ,
1812 1814 1865 1849 τῆς

1072 1861 1140 1893 ιδίας
1157 1862 1247 1888 αὐτῶν
1274 1861 1382 1896 ἀπάτης
1408 1860 1477 1896 πρὸς
1508 1860 1640 1887 πίστωσιν
1658 1859 1840 1894 ὲπισύρονται
1855 1868 1862 1874 ·

1070 1907 1206 1942 Μέτοχος
1223 1907 1354 1935 ειδώλων
1376 1907 1502 1942 Ἐφραὶμ
1518 1906 1628 1940 ἔθηκεν
1647 1905 1744 1938 ἑαυτῴ
1762 1905 1863 1932 σκάν-

1071 1953 1150 1981 δαλα
1160 1961 1166 1969 ·
1186 1953 1307 1988 ᾐρέτισε
1319 1953 1518 1986 Χαναναίους,
1532 1953 1692 1987 ἀνέγνωμεν
1705 1960 1711 1966 ³
1728 1952 1866 1987 Χριστια-

1071 2001 1133 2032 νοὺς
1156 2001 1184 2028 δὲ
1209 2000 1328 2027 εἰδώλων
1354 1999 1485 2035 μετόχους
1514 1998 1561 2025 καὶ
1582 1999 1731 2029 κοινωνοὺς
1754 1997 1866 2024 οὐδέπω

1072 2047 1120 2073 καὶ
1137 2046 1258 2082 σήμερον
1273 2045 1340 2079 παρ’
1353 2043 1464 2071 ὁτουοῦν
1477 2043 1647 2078 ἀκηκόαμεν,
1663 2043 1704 2069 ὅτι
1719 2042 1756 2077 μὴ
1771 2042 1866 2077 μόνων

1071 2092 1126 2119 τῶν
1143 2091 1214 2118 κατὰ
1230 2091 1280 2125 τῆς
1296 2091 1375 2125 δόξης
1392 2088 1512 2125 Χριστοῦ
1528 2089 1575 2115 καὶ
1591 2089 1647 2114 τῶν
1664 2088 1752 2124 ὀρθῶς
1767 2088 1864 2114 σεϐόν-

1071 2147 1125 2165 των
1152 2138 1199 2164 καὶ
1220 2136 1446 2173 προσκυνούντων
1474 2134 1550 2170 αὐτῷ
1574 2134 1794 2170 λελυττηκότωνο
1816 2135 1866 2161 καὶ

1073 2183 1232 2219 θαυμαστόν
1247 2192 1279 2217 γε
1295 2183 1372 2210 οὐδέν
1385 2191 1391 2198 ·
1413 2182 1473 2214 ἔθος
1493 2181 1548 2217 γὰρ
1571 2183 1627 2213 τοῖς
1645 2181 1792 2208 ἀσεϐοῦσιν
1807 2182 1867 2207 ἑπι-

1072 2229 1212 2256 ὁουλεύειν
1226 2230 1282 2260 τοῖς
1303 2228 1453 2264 κρείττοσι,
1470 2228 1518 2254 καὶ
1539 2227 1635 2254 δολοῦν
1654 2227 1703 2261 τὴν
1718 2227 1864 2262 ἀλήθειαν,

1074 2277 1117 2303 ἵνα
1128 2275 1177 2312 τὴν
1192 2275 1297 2302 ἑαυτῶν
1309 2275 1410 2302 κακίαν
1425 2274 1586 2309 δεδογμένον
1600 2274 1692 2304 αὐτοῖς
1709 2274 1864 2300 κατασκιά-

1073 2322 1129 2354 ζειν
1145 2322 1321 2357 κρατύνωσι·
1351 2321 1398 2348 καὶ
1423 2320 1513 2351 καλῶς
1540 2328 1572 2358 γε
1597 2320 1707 2355 εἴρηται
1732 2320 1866 2355 ἀνδράσιν

1075 2369 1174 2403 ἁγίοις,
1192 2369 1236 2394 ὃτι
1250 2367 1426 2394 λανθάνουσα
1442 2366 1560 2402 πονηρία.
1571 2386 1579 2397 ,
1596 2366 1646 2402 τῆς
1670 2375 1868 2402 προκεκηρυγ-

1035 2433 1058 2460 D
1076 2414 1163 2450 μένης
1179 2414 1383 2460 βλαϐεραγτέρα.

1111 2461 1167 2497 μη’.
1182 2457 1265 2487 Οὗτοι
1284 2459 1339 2496 γὰρ
1358 2461 1390 2486 ὲκ
1417 2459 1465 2487 τοῦ
1489 2458 1649 2495 προφανοῦς
1673 2459 1866 2495 παρρησιάζε-

1074 2507 1137 2534 σθαι
1155 2506 1282 2541 οὐδαμῶς
1300 2506 1481 2541 ὑφιστάμενοι
1492 2506 1541 2541 τὴν
1558 2505 1739 2536 ἁσέϐειαν,τὸ
1756 2505 1808 2540 τῆς
1828 2506 1866 2536 εἰς

1071 2553 1121 2587 τὴν
1134 2551 1286 2588 θρησκείαν
1300 2551 1380 2587 ήμῶν
1390 2551 1497 2586 ὕϐρεως
1509 2550 1664 2586 ὑπέρογκον
1680 2549 1866 2583 ὑπειδόμενοι,

1073 2598 1217 2626 λανθάνειν
1240 2606 1270 2624 τε
1287 2597 1351 2629 τοὺς
1369 2597 1486 2628 πολλοὺς
1509 2596 1641 2631 οίόμενοι,
1659 2595 1755 2630 ὥσπερ
1773 2596 1805 2622 οὺ
1829 2595 1868 2630 τῷ

1073 2644 1186 2681 Χριστῷ
1203 2644 1420 2680 προσκρούουσι,
1439 2643 1469 2670 τὸ
1488 2643 1560 2670 Θεῖον
1584 2642 1668 2669 αὐτοῦ
1685 2641 1868 2678 καθυδρίζον-

1073 2699 1119 2723 τες
1129 2691 1327 2726 ἁπεικόνισμα,
1342 2690 1368 2716 τί
1385 2689 1582 2725 μηχανῶνται;
1596 2689 1634 2720 ὼς
1644 2688 1698 2715 τῶν
1712 2687 1762 2723 μὲν
1775 2696 1867 2722 πραγ-

1078 2738 1171 2773 μάτων
1192 2737 1296 2768 ειδότες
1315 2736 1345 2763 τὸ
1365 2735 1544 2772 μεταϐάλλειν
1565 2735 1596 2761 οὐ
1623 2735 1798 2769 πεφυκότων,
1813 2735 1868 2762 τῶν

1076 2785 1218 2820 ὀνομάτων
1233 2784 1260 2811 δὲ
1274 2783 1312 2815 ὡς
1325 2783 1358 2810 τὰ
1374 2783 1459 2810 πολλὰ
1471 2782 1501 2809 τὸ
1515 2782 1672 2816 ἀδιαφορεῖν
1689 2781 1866 2815 ἐνδεικνυμέη
