1947 3080
75 159 126 191 (9⁵1

498 158 785 189 APOLOGETICUS
804 159 877 188 PRO
897 158 1031 188 SACRIS
1051 158 1289 189 lMAGlNlBUS.

1661 155 1716 187 698

77 221 142 246 νων,
161 212 210 239 ἐπὶ
229 212 279 248 τὴν
293 214 342 249 τῆς
362 214 554 250 προσηγορίας
578 215 698 251 χωροῦσι
720 216 868 250 διαφορὰν,

928 216 989 242 tiam
1005 219 1180 250 procurrunt,
1196 220 1223 242 et
1235 213 1377 242 diabolicis
1393 213 1567 248 religionibus
1578 213 1717 240 addictam

79 259 127 285 καὶ
144 258 176 285 τδ
207 260 264 290 τοῖς
294 258 464 294 δαιμονικοῖς
489 260 662 296 σεϐάσμασιν
690 262 872 296 ἀνακείμενον

76 304 176 339 δνομα,
189 306 224 340 τῇ
236 305 283 331 τοῦ
299 305 428 340 Σωτῆρος
445 306 525 341 ἡμῶν
542 306 664 342 Χριστοῦ
682 308 730 334 καὶ
744 307 812 334 Θεοῦ
829 316 874 334 σε-

77 349 186 384 ϐασμίᾳ
200 349 329 379 είκόνι,οἱ
343 350 381 384 τῷ
391 351 449 376 ὂντι
467 351 522 376 τῶν
532 350 651 377 εἰδώλων
663 351 778 386 ἐρασταὶ
788 351 873 387 ἀπορ-

79 395 157 431 ρῖψαι
171 395 201 422 οὗ
225 396 487 431 καταπεφρίκασιν,
509 396 620 424 εἴδωλον
637 397 741 433 ταύτην
765 398 873 424 ἀποκα-

76 440 219 474 λὲσαντες,
236 441 284 468 καὶ
297 442 357 473 τοὺς
378 442 519 477 τιμῶντας
532 443 618 478 αὐτὴν
628 443 665 475 ὡς
682 443 793 478 θεμιτὸν
806 445 873 478 Χρι-

79 488 218 518 στιανοῖς,
246 487 445 524 είδωλολὰτρας
479 490 736 525 κατονομάσαντες·
768 490 811 517 ἵνα
836 490 873 522 ὼς

66 533 345 583 ⁴ῐττιιρευιεκινημίνην
361 534 440 583 ημῶν
452 535 534 570 δῆθεν
548 535 598 570 τὴν
616 535 711 562 πίστιν
726 536 873 571 φωράσαν-

68 579 135 620 ξτες,
149 579 182 606 τὸ
199 579 317 615 βεϐηκὸς
334 580 381 606 καὶ
395 580 502 616 ἑδραῖον
517 581 620 616 ταύτης
633 581 665 608 τό
677 590 708 616 γε
723 582 766 608 ἐπ’
781 581 874 614 αὐτοῖς

58 621 323 664 ᾖῖπαρασαλεύσειαν
333 634 340 641 ·
354 626 466 661 ἔκδηλον
481 627 607 654 ἐντεῦθεν
621 628 830 663 ἀποκυήσαντες
844 629 874 655 τὸ

60 684 62 687 ·
81 673 222 707 ἀνόμημα,
240 673 290 708 τήν
303 681 333 699 τε
351 673 392 705 είς
407 674 524 708 Χριστὸν
541 673 715 709 βλασφημίαν
729 675 874 710 ἀναισχύν-

80 727 136 750 τως
149 719 416 752 κατασκευάζοντες,
434 721 482 747 καὶ
499 721 550 756 τῆς
571 722 654 756 ὀρθῆς
677 722 725 748 καὶ
740 722 874 756 ἀψευδοῦς

80 764 162 800 ἡμῶν
184 765 264 801 δόξης
283 766 368 798 ἀδεῶς
396 767 442 793 καὶ
463 768 732 803 άπηρυθριασμένως
752 777 873 802 καταγο-

82 810 207 845 ρεύοντες
217 819 225 826 ·
238 811 307 839 ἀλλὰ
321 812 356 839 τὰ
370 813 420 848 μὲν
434 813 497 849 ἔθνη
515 814 587 849 ὑπὲρ
603 813 696 846 ἐλέους
707 813 814 846 δοξάζει
828 815 873 841 τὸν

79 857 156 889 Θεὸν,
174 858 329 892 καὶταῦτα,
344 860 399 886 τῶν
415 860 478 896 ἄρτι
489 860 539 895 τῆς
551 861 680 892 ἀπιστίας
698 860 873 896 ὑπερκυψάν-

79 912 145 935 των,
166 905 214 931 καὶ
231 905 277 931 τὸν
296 906 376 940 λόγον
398 907 645 942 παραδεδεγμένων
668 906 718 941 τῆς
741 907 871 942 χάριτος*

79 945 154 975 οὗτοι
177 949 206 976 δὲ
226 951 250 976 οί
273 951 321 978 νῦν
343 951 486 988 λεγόμενοι
513 952 682 987 Χριστιανοὶ,
704 952 749 979 καὶ
771 952 873 979 τούτων

81 994 203 1028 μάλιστα
220 993 261 1028 οἷς
277 996 307 1023 τὺ
327 997 377 1030 τῆς
392 998 544 1033 ἱερωσύνης
561 997 781 1034 ὲπικεκηρύχθαι
799 998 874 1024 δοκεῖ

79 1039 202 1075 ἀξίωμα,
216 1041 246 1068 οὐ
274 1043 416 1077 φρίττουσι
433 1044 483 1079 τὴν
502 1043 601 1079 ψυχὴν,
616 1044 647 1070 οὐ
671 1043 873 1078 καταδεσμοῡν-

79 1094 126 1112 ται
135 1086 184 1121 τὴν
195 1086 332 1120 γλῶσσαν,
345 1089 376 1114 οὗ
389 1089 492 1116 δεδίασι
509 1091 558 1125 τῆς
574 1090 732 1126 δυσφημίας
745 1090 776 1116 τὺ
788 1091 874 1124 ὑπέρ-

79 1140 175 1166 ογκον,
198 1133 313 1166 ἑαυτούς
343 1143 373 1161 τε
400 1135 447 1162 καὶ
479 1136 544 1168 τοὺς
571 1137 668 1168 ἄλλους
693 1137 874 1172 Χριστιανοὺς

80 1178 217 1211 ἅπαντας,
242 1179 292 1214 τὴν
319 1180 418 1215 μερίδα
443 1180 491 1207 τοῦ
520 1181 588 1208 Θεοῦ
616 1183 664 1208 καὶ
690 1182 874 1218 κληρονομίαν

80 1224 216 1259 Χριστοῦ,
227 1225 373 1260 δαιμονίων
387 1226 553 1262 ἀκαθάρτων
566 1228 752 1264 κληρονομίαν
767 1237 876 1256 κατονο-

82 1269 165 1304 μάζει
192 1278 199 1284 ·
217 1271 264 1297 καὶ
287 1273 313 1298 εἰ
329 1272 379 1307 μὲν
400 1273 505 1304 ἑαυτοῖς
525 1273 617 1308 μόνοις
635 1273 685 1309 τὴν
704 1274 875 1301 ἀποστασίαν

81 1316 130 1343 καλ¹
160 1317 289 1344 ἀσέϐειαν
316 1319 498 1354 ἐπεφήμιζον,
525 1319 635 1346 πάντων
662 1320 695 1346 ἂν
720 1320 875 1356 ἀνθρώπων

81 1362 261 1398 ἐλεεινότεροι
276 1364 323 1390 καὶ
339 1364 543 1401 βδελυκτότεροι
561 1365 747 1401 ἐνομίσθησαν
758 1375 765 1381 ·
784 1366 832 1394 νῦν
847 1367 876 1394 δὲ

82 1409 155 1435 κατὰ
172 1410 282 1437 πάντων
295 1409 400 1442 ἁπλῶς,
419 1411 473 1438 τῶν
488 1412 540 1446 τῆς
553 1412 719 1446 ἀξιαγάστου
736 1413 814 1448 ήμῶν
829 1414 877 1440 καὶ

82 1456 216 1491 ἀληθινῆς
230 1456 380 1492 θρησκείας
397 1459 579 1493 μετεχόντων,
592 1459 640 1490 τὰς
652 1458 776 1491 ἀνοσίους
787 1459 876 1494 γλώσ-

83 1510 133 1533 σας
149 1502 322 1536 κινήσαντες,
339 1503 398 1535 πῶς
410 1504 444 1530 τὰ
465 1505 497 1531 ἐκ
520 1505 570 1539 τῆς
588 1504 662 1536 θείας
686 1505 736 1531 οὐκ
756 1505 876 1532 οἴσουσιν

81 1549 180 1583 ὀργῆς.
193 1548 284 1580 δίκαις
299 1550 481 1584 πικροτάταις
501 1550 721 1585 ὐποφερόμενοι;
739 1551 810 1578 Ἀλλ’
829 1552 877 1579 ἐπὶ

82 1594 132 1626 τὰς
145 1594 323 1629 προερητικὰς
348 1596 441 1628 φωνὰς
462 1596 632 1622 ἐπανακτὲον
645 1596 795 1630 τὸνλόγον·
814 1597 877 1629 τοὺς

83 1638 130 1666 οὖν
153 1640 186 1666 ὲκ
210 1641 321 1666 πάντων
345 1640 430 1666 ἐθνῶν
452 1649 483 1667 τε
499 1641 547 1667 καὶ
565 1640 699 1674 γλωσσῶν
722 1641 770 1667 καὶ
782 1641 876 1667 πασῶν

82 1686 196 1720 γενεῶν,
211 1687 274 1718 τοὺς
295 1685 324 1718 ἐξ
339 1686 449 1721 ἀπάσης
470 1686 524 1721 γῆς
545 1695 574 1713 τε
595 1687 643 1714 καὶ
662 1687 752 1722 νήσων
769 1687 815 1714 καὶ
830 1687 877 1714 θα-

82 1731 188 1765 λάσσης
203 1731 249 1766 ὑφ’
260 1730 301 1757 ἑνὶ
318 1731 426 1765 βασιλεῖ
440 1731 626 1766 τεθειμένους,
647 1731 694 1758 καὶ
712 1731 760 1758 ἕνα
774 1731 877 1767 Κύριον

83 1777 131 1804 καὶ
142 1777 211 1803 Θεὸν
227 1778 275 1804 καὶ
289 1777 429 1812 Δεσπότην
442 1777 546 1808 είδὸτας
561 1786 591 1804 τε
602 1778 649 1804 καὶ
667 1777 817 1808 καλοῦντας
831 1778 877 1804 καὶ

84 1822 226 1854 σέϐοντας,
240 1822 374 1858 ἑπόμενον
387 1822 421 1849 ἂν
436 1822 478 1858 εἴη
493 1823 532 1849 ἑνί
543 1831 575 1857 γε
588 1823 713 1858 ὀνὸματι,
728 1823 775 1850 καὶ
791 1823 878 1858 τούτῳ

83 1869 123 1904 τῷ
144 1868 192 1894 ἀπ’
215 1867 319 1895 ἐκείνου
340 1868 523 1903 ὀνομάζεσθαι
540 1869 586 1896 καὶ
610 1869 814 1903 γνωρίζεσθαι·
838 1869 879 1896 διό

84 1921 187 1947 φησιν·
217 1912 280 1945 Τοῖς
300 1912 486 1940 δουλεύουσί
503 1923 555 1948 μοι
577 1915 762 1948 κληθήσεται
785 1913 879 1948 ὄνομα

83 1959 203 1991 καινὸν,
221 1958 236 1985 ὃ
257 1959 498 1994 εὐλογηθήσεται
513 1960 562 1986 ἐπὶ
583 1959 638 1994 τῆς
656 1959 729 1996 γῆς’
749 1961 878 1995 εὐλογή-

81 2013 178 2032 σουσι
193 2005 248 2040 γὰρ
260 2005 314 2032 τὸν
328 2005 402 2032 Θεὸν
420 2006 475 2032 τὸν
489 2007 648 2040 ἀληθινόν.

119 2051 154 2078 Τί
168 2051 238 2086 πρὸς
251 2051 338 2078 ταῦτα
361 2053 439 2086 φαῖεν
457 2053 482 2079 οἱ
499 2053 673 2089 ἀναίσθητοι;
686 2053 712 2079 τί
735 2053 762 2080 δὲ
781 2054 878 2089 ἡμεῖς;

84 2098 147 2124 Ὀτι
158 2098 277 2133 Χριστὸς
292 2099 306 2124 ὁ
320 2098 424 2134 Κύριος
436 2099 482 2125 καὶ
491 2099 557 2130 Θεὸς
576 2098 666 2134 ἡμῶν,
677 2099 819 2134 ἄνθρωπος
835 2108 880 2133 γε-

83 2143 184 2177 γονὼς,
206 2144 429 2179 προσηγόρευται
443 2144 531 2178 δνομα
545 2144 643 2179 δηλοῦν
657 2144 725 2179 ὁμοῦ
743 2144 797 2171 τῶν
817 2153 880 2170 συν-

922 260 1157 289 nomenclatnram
1173 260 1334 288 venerandae
1343 258 1500 287 Servatoris
1515 259 1601 287 nostri
1611 259 1717 288 Christi

923 316 954 334 ac
972 307 1018 335 Dei
1038 307 1161 342 imagini,
1177 308 1203 334 hi
1223 309 1268 342 qui
1286 315 1382 335 revera
1400 311 1463 335 sunt
1480 306 1614 334 idolorum
1639 314 1718 334 ama-

925 358 1007 387 tores,
1030 352 1239 381 accommodare
1267 354 1337 381 haud
1362 353 1585 388 perhorrescunt,
1612 353 1714 379 idolum

923 399 993 427 hanc
1013 399 1200 434 appellantes;
1215 404 1242 427 et
1253 399 1374 427 colentes
1386 407 1446 426 eam
1467 399 1518 426 rile
1540 398 1715 426 Christianos

923 436 1087 473 idololatras.
1096 446 1248 473 vocitantes
1267 455 1273 472 :
1289 450 1327 477 ιιι,
1343 453 1391 473 cett
1405 448 1426 472 sl
1442 452 1597 480 perversam
1614 444 1714 472 abhinc

924 492 1004 520 {idem
1022 497 1142 519 nostram
1160 493 1325 525 invenerint,
1345 492 1524 519 stabilitatem
1537 491 1618 525 hujus
1633 496 1716 526 atque

924 538 1119 570 constantiam,
1136 544 1268 573 quantutn
1289 538 1316 565 in
1339 537 1406 572 ipsis
1423 542 1477 570 est,
1493 541 1636 569 evertant;
1655 545 1714 563 ma-

925 584 1053 612 nifestam
1072 584 1136 612 hinc
1156 585 1294 619 parientes
1320 584 1507 618 iniquitatem,
1528 590 1624 616 nempe
1642 588 1668 610 et
1686 583 1714 610 in

923 630 1061 657 Christum
1083 630 1267 657 irreverenter
1291 629 1489 664 blasphemiam
1511 627 1670 660 conﬂantes,
1687 632 1715 655 et

924 682 1028 703 rectum
1043 676 1237 710 sincerumque
1255 675 1352 710 dogma
1370 680 1493 702 nostrum
1510 679 1612 701 temere
1629 673 1714 708 impu—

923 721 1074 755 denterque
1094 726 1266 748 accusantes.
1283 720 1366 754 Atqui
1385 726 1481 755 gentes
1504 719 1614 754 quidem
1632 718 1716 744 inise—

924 767 1068 794 ricordiatn
1095 765 1142 792 Dei
1168 765 1342 797 collaudant,
1376 760 1551 799 quanquam
1572 770 1658 797 nuper
1680 770 1716 789 ex

926 814 1083 841 inlidelinle
1099 813 1272 844 exsilierunt,
1291 811 1441 847 gratizeque
1465 810 1615 837 doctrinam
1639 816 1714 836 rece-

926 864 1035 895 perunt.
1057 859 1102 886 Isti
1124 866 1213 886 autem
1237 858 1283 893 qui
1308 865 1379 885 nunc
1403 858 1531 883 dicuntur
1554 855 1716 887 Christiani,

925 907 1096 941 maximeque
1121 905 1137 932 ii
1167 905 1266 940 quibus
1300 903 1446 931 sacerdotii
1476 903 1574 929 tradita
1608 901 1717 928 videtur

924 952 1052 986 dignitas,
1070 958 1122 978 non
1137 951 1250 978 horrent
1266 950 1369 981 animo,
1387 957 1439 976 non
1455 949 1546 984 lingua
1565 948 1714 982 rigescunt,

923 997 1100 1032 blasphemia:
1116 1003 1256 1023 excessum
1275 1003 1328 1022 non
1347 1001 1486 1028 verentur,
1506 995 1569 1021 dum
1586 1001 1615 1020 se
1630 993 1715 1020 alios-

924 1053 977 1080 que
998 1044 1170 1072 Christianos
1193 1051 1301 1075 omnes,
1328 1043 1374 1070 Dei
1392 1042 1544 1077 portionem
1561 1046 1588 1068 et
1609 1041 1711 1069 Christi

925 1091 1129 1122 haereditate-tn,
1156 1090 1306 1117 daemonum
1334 1089 1502 1124 impurorum
1526 1087 1713 1117 [nereditatem

925 1136 1072 1171 appellant.
1094 1135 1153 1162 Jain
1173 1135 1279 1162 etiamsi
1294 1134 1346 1161 sibi
1363 1133 1430 1161 solis
1445 1132 1588 1167 apostasia:
1605 1136 1632 1159 et
1646 1131 1714 1159 irre-

925 1183 1032 1218 ligionis
1050 1182 1150 1208 famam
1168 1181 1348 1215 imponerent,
1364 1180 1484 1206 omnium
1496 1186 1562 1207 sane
1574 1177 1714 1206 hominum

926 1228 1073 1256 miserrimi
1091 1231 1117 1254 et
1135 1227 1260 1261 apprime
1279 1226 1453 1253 detestabiles
1478 1225 1714 1253 exiSIimarentur.

926 1275 1006 1302 Nunc
1030 1282 1094 1301 vero
1122 1281 1183 1300 eum
1210 1273 1342 1299 adversus
1366 1280 1463 1299 exultes
1488 1271 1599 1298 omnino
1627 1269 1713 1296 aduri.

927 1321 1017 1348 randre
1031 1324 1130 1348 nostrae
1148 1326 1274 1353 veraeque
1289 1318 1429 1353 religionis
1449 1322 1601 1350 consortes,
1619 1315 1715 1349 impias

927 1368 1034 1402 linguas
1056 1365 1267 1397 commoverint,
1290 1364 1336 1398 qui
1361 1364 1418 1390 ﬁeri
1446 1367 1534 1397 potest
1549 1367 1576 1388 ut
1595 1362 1714 1388 divinam

927 1413 994 1440 iram
1006 1419 1060 1438 non
1069 1410 1245 1445 experiantur
1254 1409 1395 1443 suppliciis
1403 1407 1589 1435 acerbissimis
1596 1404 1718 1433 addicti?

928 1459 981 1486 Sed
1009 1457 1082 1485 enin.
1113 1458 1147 1484 ad
1176 1456 1333 1491 prophetica
1369 1455 1478 1482 oracula
1517 1453 1718 1481 convertendus

929 1510 1021 1531 sermo
1044 1507 1096 1529 est.
1116 1499 1200 1536 Igitur
1226 1500 1350 1527 homines
1363 1507 1396 1527 ex
1410 1499 1516 1526 cunctis
1538 1498 1662 1533 gentibus
1685 1505 1718 1524 ac

929 1547 1027 1582 linguis
1043 1546 1204 1579 cunctisque
1227 1544 1369 1579 stirpibus,
1395 1543 1524 1570 mortales
1537 1550 1570 1569 ex
1589 1542 1717 1569 universo

928 1599 1064 1622 terrarum
1079 1592 1156 1623 urbe,
1179 1591 1276 1618 insulis
1301 1595 1382 1624 atque
1412 1589 1479 1616 mari
1505 1589 1556 1616 sub
1573 1596 1628 1616 uno
1655 1595 1718 1622 rege

928 1641 1102 1672 constitutos,
1116 1647 1254 1673 unumque
1272 1638 1417 1665 Dominum
1432 1646 1464 1664 ae
1481 1637 1562 1663 Deum
1575 1642 1603 1664 et
1618 1636 1720 1670 princi-

927 1696 988 1724 pem
1007 1692 1198 1723 agnoseentus,
1219 1686 1379 1713 invocantes
1392 1691 1474 1720 atque
1489 1685 1620 1714 colentes,
1637 1681 1718 1717 213

927 1739 1140 1762 consentaneum
1158 1732 1252 1766 utique
1277 1731 1330 1758 erit
1345 1731 1424 1758 unico
1445 1731 1555 1757 nomine
1569 1734 1595 1756 et
1610 1729 1718 1762 quidem

928 1781 1022 1808 abillo
1045 1780 1166 1815 principe
1191 1779 1315 1806 derivato
1337 1779 1466 1812 appellni
1486 1781 1567 1811 atque
1584 1774 1716 1802 deuotm-i.

928 1827 1032 1854 Idcirco
1047 1826 1177 1860 propheta
1197 1825 1234 1850 ait
1251 1833 1257 1850 :
1277 1823 1366 1851 Seruis
1386 1823 1448 1849 meis
1473 1822 1609 1849 rocabiiur
1626 1827 1720 1846 nomen

929 1879 1033 1903 norum,
1055 1871 1125 1906 quod
1150 1870 1198 1897 erit
1225 1869 1251 1896 in
1271 1874 1341 1895 terra
1359 1867 1546 1900 benedictum;
1569 1865 1719 1892 benedireiit

929 1918 997 1945 enim
1015 1916 1098 1944 Deum
1115 1924 1202 1943 verum
1220 1916 1254 1942 ⁸⁸.

967 2052 1036 2086 Quid
1052 2052 1096 2079 isti
1111 2051 1144 2078 ad
1161 2051 1219 2078 inec
1233 2049 1322 2077 stolidi
1339 2049 1444 2076 dicent?
1461 2047 1529 2081 Quid
1546 2051 1636 2073 autem
1653 2045 1723 2072 nos?

931 2099 1032 2134 Nempe
1047 2099 1118 2134 quod
1130 2098 1257 2125 Christus
1269 2097 1400 2124 Dominus
1415 2104 1447 2123 ac
1461 2096 1530 2122 Deus
1547 2099 1649 2125 noster,
1666 2091 1722 2118 fac--

933 2151 976 2172 tus
991 2145 1083 2177 homo,
1114 2145 1227 2171 nomine
1252 2143 1404 2178 appellatus
1427 2143 1463 2169 sit
1489 2141 1561 2176 quod
1580 2145 1722 2173 utramque

84 2188 225 2214 ελθουσῶν
252 2188 360 2222 φύσεων
381 2189 412 2215 τὸ
433 2189 650 2225 συναμφότερον,
665 2189 716 2224 τῆς
734 2198 764 2216 τε
780 2190 878 2225 χρισάσ-

931 2192 1032 2218 nnitam
1049 2195 1174 2217 naturain
1188 2190 1290 2224 pariter
1302 2188 1478 2223 signiﬁcaret,
1495 2194 1592 2220 nempe
1600 2190 1626 2212 et
1637 2185 1723 2211 deita-

85 2243 137 2270 σης
161 2234 306 2270 θεότητος,
331 2234 380 2269 τῆς
401 2242 431 2260 τε
458 2235 618 2270 χρισυείσης
644 2234 880 2270 ἀνθρωπότητος-

84 2280 157 2307 ὥστε
177 2281 228 2315 μιᾷ
251 2281 328 2315 φωνῇ
351 2280 398 2306 καὶ
418 2280 473 2306 τῶν
494 2280 709 2315 συνδραμουσῶν
730 2281 829 2307 οὐσιῶν
850 2281 881 2307 τὸ

84 2325 213 2357 διπλοῦν,
229 2327 277 2352 καὶ
296 2326 346 2360 τὴν
367 2327 400 2352 ὲκ
414 2326 519 2352 τούτων
539 2326 585 2352 τοῦ
607 2326 709 2352 ἑνιαίου
731 2327 881 2360 προσώπου

86 2372 149 2399 καθ’
174 2371 327 2398 ὑπόστασιν
349 2371 458 2404 ἕνωσιν,
481 2372 610 2406 ἀσφαλῶς
633 2372 881 2406 ὁιαγινώσκεσθαι⁵

85 2418 199 2453 εὔλογον
212 2415 259 2444 οὖν
268 2418 331 2450 τοὺς
346 2418 385 2449 είς
400 2418 431 2444 τὺ
448 2417 533 2452 ὄνομα
547 2418 626 2444 τοῦτο
647 2418 882 2453 βεϐαπτισμένους

84 2474 114 2491 τε
130 2465 179 2491 καὶ
193 2464 443 2500 ὲσφραγισμένους,
453 2464 501 2491 ἀπ’
513 2463 595 2491 αὑτοῦ
613 2464 756 2490 καλεῖσθαί
771 2473 801 2491 τε
811 2473 881 2499 παρ-

84 2509 225 2544 ωνύμως,
254 2509 303 2535 καὶ
341 2509 523 2544 χρηματίζειν
560 2508 762 2544 Χριστιανοὺς,
791 2507 884 2543 ταυτῴ

86 2556 194 2586 πάντας
218 2554 440 2590 γνωριζομένους
462 2554 510 2581 καὶ
537 2554 723 2590 καλουμένους
747 2554 882 2589 ὀνόματι,

85 2602 216 2637 καθάπερ
235 2602 260 2627 οἱ
276 2601 332 2627 τῶν
350 2601 532 2636 συνθημάτων
546 2601 579 2628 τὰ
600 2601 790 2635 ἑπισημότερα
812 2609 880 2634 γνωι

87 2649 208 2685 ρίσματα
232 2648 371 2682 φέροντες*
392 2648 532 2675 καὶτοῦτο
548 2648 615 2682 ἡμῖν
638 2646 669 2673 τὺ
691 2647 836 2673 ἰδιαίτατόν
851 2655 881 2673 τε

86 2695 134 2721 καὶ
155 2694 327 2721 οἰκειότατον
346 2694 492 2730 γνώρισμά
506 2703 535 2720 τε
555 2694 602 2721 καὶ
622 2694 719 2728 ὄνομα,
734 2693 786 2720 κᾶν
805 2694 831 2720 οἱ
847 2695 880 2728 τῇ

87 2740 158 2775 μέθῃ
179 2739 230 2775 τῆς
255 2739 385 2770 ἀσεϐείας
404 2739 620 2775 βεϐαπτισμένοι
645 2739 682 2774 μὴ
707 2739 878 2774 ἀνέχωνται·

85 2785 183 2812 τούτου
204 2793 237 2818 γε
255 2785 360 2810 εἵνεκεν
387 2785 434 2811 καὶ
454 2785 525 2818 ἄγαν
545 2784 709 2818 θεοπρεπῶς
730 2784 879 2819 Ἐκκλησία

125 2875 146 2891 ⁵⁸
161 2875 214 2904 lsa.
230 2883 262 2902 LX
276 2883 293 2909 t,
309 2875 336 2901 Ξ.

932 2242 984 2264 rem
1003 2241 1146 2270 ungenteni
1168 2240 1196 2262 et
1212 2239 1322 2262 unctam
1341 2235 1557 2265 humanitatem;
1576 2232 1610 2258 ita
1629 2234 1657 2257 ut
1671 2237 1724 2256 uno

930 2283 1063 2310 vocabulo
1079 2287 1106 2309 et
1123 2281 1344 2309 concurrentium
1369 2281 1584 2307 substantiarum
1609 2276 1723 2311 duplici-

932 2334 982 2362 las,
999 2333 1026 2356 et
1041 2329 1113 2355 facta
1124 2335 1157 2355 ex
1172 2328 1214 2354 his
1226 2327 1312 2354 unica:
1326 2334 1448 2362 persona:
1463 2324 1633 2360 hypustatica
1648 2323 1723 2354 unio,

932 2375 992 2402 sine
1004 2374 1175 2401 dubitatione
1190 2374 1409 2408 dignosceretur.
1430 2370 1651 2398 Consentaneum
1670 2369 1724 2395 ita-

932 2429 985 2455 que
1007 2425 1078 2453 erat,
1093 2420 1180 2455 utqui
1203 2420 1229 2446 in
1251 2420 1302 2446 hoc
1318 2419 1428 2445 nomine
1453 2415 1582 2451 baptizati
1603 2420 1683 2442 erant
1698 2419 1726 2441 et

933 2466 1097 2501 consignati,
1117 2467 1151 2493 ab
1164 2466 1262 2492 eodem
1287 2471 1438 2499 cegnomen
1462 2470 1540 2490 suum
1559 2461 1724 2493 derivarent,

933 2517 961 2540 et
985 2512 1132 2540 Christiani
1174 2512 1352 2542 dicerentur,
1382 2518 1436 2537 uno
1466 2509 1617 2542 eodemque
1649 2507 1726 2534 titulo

936 2558 1059 2585 distincti
1081 2566 1177 2585 omnes
1201 2564 1282 2593 atque
1304 2556 1443 2591 appellati,
1466 2555 1541 2582 velut
1559 2555 1577 2582 ii
1592 2553 1638 2589 qui
1654 2553 1725 2588 pacti

935 2603 1050 2637 alicujus
1074 2604 1227 2630 certissima
1245 2603 1321 2638 signa
1335 2610 1390 2638 prae
1409 2609 1439 2629 se
1452 2602 1554 2628 lerunt.
1574 2601 1663 2634 Atque
1676 2599 1726 2626 huc

936 2650 1015 2676 nobis
1038 2649 1158 2676 maxime
1185 2649 1323 2683 proprium
1347 2655 1379 2675 ac
1395 2648 1533 2683 peculiare
1556 2644 1725 2681 signaculum

935 2701 1090 2729 nomenque
1113 2699 1167 2728 est,
1192 2693 1371 2729 quantumvis
1386 2693 1411 2721 hi
1429 2692 1594 2727 irreligionis
1613 2691 1726 2725 crapula

935 2741 1016 2768 mersi
1032 2741 1127 2768 audire
1142 2749 1196 2768 non
1220 2741 1370 2775 patiantur.
1388 2739 1473 2774 llujus
1489 2738 1528 2766 rei
1540 2744 1622 2765 causa
1642 2737 1720 2762 mira-

935 2788 1025 2816 biliter
1051 2789 1196 2817 admodum
1214 2787 1314 2817 Christi
1337 2787 1458 2815 Ecclesia
1471 2790 1498 2814 et
1517 2789 1559 2813 est
1573 2789 1600 2812 et
1614 2783 1726 2817 dicitur,
