1947 3080
83 150 135 183 τοι

513 156 794 188 APOLOGETICUS
812 159 888 188 PRO
908 159 1041 188 SACRlS
1061 159 1301 190 IMAGINIBUS.

1670 159 1723 191 702

83 208 154 241 τινί;
179 207 259 234 ’Δλλά
281 208 331 243 τῆς
352 208 492 243 βασιλείας
515 211 597 237 αὐτοῦ
620 211 670 238 οὐκ
695 212 772 239 ἔσται
789 213 878 245 τέλος,

936 214 1095 247 L-(Plestium,
1113 216 1282 242 terrestrium
1297 219 1323 242 et
1335 215 1516 242 infernarum.
1530 215 1570 242 Att
1587 220 1722 249 postremo

83 253 132 279 καὶ
148 252 225 288 αὐτῷ
240 252 362 288 κάμπτει
379 255 433 280 πᾶν
451 255 517 288 γόνυ
533 257 704 291 ἐπουρανίων
718 267 746 284 τε
762 259 808 284 καὶ
821 259 879 284 ἐπι-

83 298 168 332 γείων
183 298 230 325 καὶ
242 298 440 334 καταχθονίων.
454 301 491 326 Ἢ
502 301 539 331 ὡς
549 301 597 327 τοῦ
609 302 728 330 συνιέναι
741 303 878 336 ὲνδέοντα;

90 344 172 371 Ἀλλὰ
188 344 237 380 τῆς
256 345 391 375 συνέσεως
412 345 496 371 αὑτοῦ
514 347 564 373 οὐκ
576 346 648 374 ἔστιν
666 348 782 384 ἀριθμός
795 357 801 364 ·
820 349 880 375 οὐδὲ

83 391 157 424 ἔγνω
171 399 214 421 τις
237 389 301 416 νοῦν
315 390 420 425 Κυρίου
432 398 438 404 ·
458 391 482 417 εί
501 391 531 418 δὲ
547 392 585 423 ὡς
599 393 648 419 οὐκ
666 394 880 429 ὲπιστρεπτικὸν

84 436 100 470 ἦ
126 436 320 470 κηδεμονικὸν,
343 437 390 463 καὶ
415 437 456 469 τίς
477 438 551 464 ἐστιν
573 440 587 465 ὁ
606 439 693 473 λέγων
718 440 763 466 διὰ
788 442 880 476 φωνῆς

83 481 182 516 ἁγίων,
213 482 254 508 ὅτι
281 481 319 508 Οὐ
345 481 478 517 βούλομαι
490 483 536 509 τὸν
553 483 670 511 θάνατον
689 485 736 512 τοῦ
760 486 881 522 ἀποθνή-

88 536 210 560 δκοντος,
228 528 267 559 ὡς
281 530 311 554 τὸ
330 529 496 564 ἐπιπρέψαι
512 530 592 557 αὑτὸν
616 531 671 558 ἀπὺ
685 532 735 566 τῆς
753 533 815 559 ὀδοῦ
833 533 882 559 αὺ-

87 573 145 606 τοῦ,
157 574 205 600 καὶ
223 573 273 608 ζῇν
288 574 336 609 τὴν
349 574 437 610 ψυχὴν
453 575 537 602 αὑτοῦ
548 584 554 592 ·
577 577 624 602 καὶ
646 578 674 604 ὲν
690 579 728 613 τῷ
745 587 778 613 με
794 580 880 605 εἰπεῖν

83 619 123 654 τῷ
139 620 243 652 ἀσεϐεῖ,
253 619 368 655 Θανάτῳ
383 621 575 658 οανατωθήσῃ,
585 623 634 649 καὶ
645 623 813 659 ἀποστρέψει
828 625 881 652 ἀπὸ

83 666 136 700 τῆς
151 666 211 693 ὁδοῦ
227 666 322 698 αὐτοῦ,
338 667 386 693 καὶ
401 668 513 702 ποιήσει
528 670 616 703 κρῖμα
635 669 682 695 xui.
696 669 880 706 δικαιοσύνην,

85 712 134 738 καὶ
149 713 178 737 ὲν
193 712 385 747 προστάγμασι
400 712 473 747 ζωῆς
487 713 708 748 διαπορεύσεται,
728 715 784 751 ζωῇ
801 716 883 752 ζήσε-

84 766 142 790 ται,
159 758 208 784 καὶ
225 757 256 784 οὐ
273 758 311 793 μὴ
327 758 453 794 ἀποθάνῃ
466 767 472 774 ·
495 759 582 785 πᾶσαι
606 761 633 787 αἱ
654 761 881 796 ἀμαρτίαιαὺτοῢ

83 804 117 836 ἃς
136 804 276 840 ἥμαρτεν,
301 804 332 831 οὐ
359 806 396 840 μὴ
420 805 651 840 ἀναμνησθῶσιν;
671 807 706 833 ’Ἡ
727 808 764 839 ὼς
785 808 881 842 σοφίας

931 260 993 294 quia
1022 260 1161 287 intellectu
1189 260 1331 295 indigeat?
1356 260 1437 295 Atqui
1460 261 1644 295 intelligentia:
1665 261 1723 294 ejus

931 316 984 334 non
1013 313 1055 334 est
1079 316 1222 340 numerus;
1248 316 1298 335 nec
1327 310 1471 343 quisquam
1500 309 1575 335 norit
1605 313 1722 335 mentem

932 355 1052 382 Domini.
1075 354 1151 387 Quod
1176 355 1197 381 si
1222 354 1291 381 forte
1318 356 1398 381 Deum
1422 355 1533 381 minime
1558 354 1723 381 exorabilem

932 408 981 427 nec
991 401 1076 427 nostri
1091 401 1237 427 sollicitum
1251 400 1417 433 existimant,
1429 401 1500 434 quis,
1518 401 1638 434 inquam,
1654 408 1724 434 prte-

933 452 974 474 ter
992 446 1080 479 illutn,
1109 451 1265 474 sanctorum
1289 455 1354 474 voce
1378 447 1497 480 loquitur
1524 447 1563 473 sic
1581 456 1587 473 :
1605 446 1674 473 Nolo
1694 450 1724 473 ut

932 493 1013 520 homo
1031 497 1118 520 morte
1135 493 1276 525 moriatur,
1295 493 1343 520 sed
1357 498 1533 519 convertatur
1545 493 1635 527 potius
1649 500 1663 518 ιι
1681 492 1722 518 via

932 546 992 571 sua,
1007 538 1133 574 vivatque
1149 539 1242 566 anima
1258 539 1335 572 ejus;
1358 547 1462 574 egoque
1473 540 1541 574 ipse,
1559 540 1602 573 qui
1616 539 1658 565 aio
1671 539 1719 565 im-

932 584 987 619 pio,
1004 584 1090 611 Morte
1106 585 1243 617 morieris,
1255 585 1324 612 idem
1340 585 1412 617 dico,
1426 586 1497 618 quod
1512 585 1533 612 si
1548 589 1723 612 convertetur

933 641 947 658 a
960 633 1003 658 via
1020 639 1079 663 sua,
1099 636 1225 666 recteque
1238 636 1264 658 et
1275 631 1349 666 juste
1366 636 1436 666 aget,
1452 637 1478 658 et
1494 632 1519 658 in
1537 632 1595 658 vitae
1614 632 1723 658 manda-

934 678 967 704 tis
979 677 1138 708 ambulabit,
1162 678 1217 704 vita
1232 678 1305 704 vivet
1320 682 1346 704 et
1363 685 1413 704 nco
1434 679 1565 705 morietur
1580 687 1586 704 :
1602 677 1722 703 οιιιιιίυιιι

932 728 1105 759 peccatorum
1116 724 1174 759 ejus
1187 724 1343 751 obliviscar.
1357 723 1488 758 Superest
1504 729 1532 750 ut
1547 724 1631 750 Deum
1645 727 1723 758 parte

933 769 1022 804 aliqua
1045 769 1187 804 sapientiae
1207 770 1248 797 vel
1267 769 1382 803 justitia:
1402 769 1564 797 destitutum
1587 769 1723 796 arbitren-

935 821 987 843 tur.
1004 816 1085 850 Atqui
1102 816 1228 851 abyssum
1245 815 1385 850 sapientiae
1402 815 1461 848 ejus
1476 815 1516 841 vel
1532 817 1722 844 connaturalis

85 851 152 886 γοῦν
168 851 216 878 καὶ
231 851 407 884 δικαιοσύνης
423 851 495 878 κατά
509 861 535 878 τι
553 852 620 885 γοῦν
642 852 878 888 ὰπολειπὸμενον;

936 862 1021 897 potius
1047 861 1169 889 scientia:
1193 861 1255 895 quis
1283 861 1428 888 metietur?
1455 861 1561 888 Etenim
1588 862 1721 896 sapientia

86 898 133 924 καὶ
147 898 187 930 τίς
212 897 433 933 ἐξαριθμήσαιτο
453 898 504 934 τὴν
525 898 646 925 ἄϐυσσον
667 899 718 934 τῆς
746 899 842 933 σοφίας
863 900 879 934 ἧ

88 943 188 978 μᾶλλον
205 943 388 978 αὖτοσοφίας;
405 945 437 979 τῇ
461 944 516 979 γὰρ
538 944 622 979 σοφία
644 944 763 977 ἐξέτεινε
777 945 824 972 τὸν
838 945 882 971 οὐ-

88 989 180 1024 ρινὸν,
196 991 248 1024 τὴν
271 989 323 1024 γῆν
345 989 513 1024 ὲθεμελίωσε
534 990 581 1016 καὶ
600 990 771 1022 ἁπαξαπλῶς
793 991 881 1018 πάντα

86 1037 115 1061 ὲν
143 1035 228 1070 σοφίᾳ
248 1035 390 1069 ἐποίησεν.
403 1035 521 1069 ’Λγαοὺς
543 1036 567 1062 δ’
586 1036 627 1062 ὅτι
641 1037 717 1068 ἐστὶ,
739 1037 785 1063 καὶ
798 1037 881 1064 τᾶλλα

86 1082 177 1108 πάντα
197 1080 237 1113 οἷς
257 1081 333 1116 παρά
356 1081 467 1108 πάντων
482 1082 640 1116 ἐξυμνεῖταί
660 1090 689 1108 τε
705 1083 753 1109 καὶ
770 1083 881 1116 δοξάζε-

87 1136 150 1154 ται·
167 1128 194 1154 τί
213 1127 253 1154 δεῖ
272 1127 326 1154 τῶν
350 1127 421 1163 ὑπὲρ
441 1127 547 1154 ἔννοιαν
567 1128 614 1155 καὶ
638 1128 718 1162 λόγον
737 1129 784 1155 τοῦ
814 1129 881 1156 Θεοῦ

88 1173 244 1209 μεγαλείων
265 1173 449 1208 ἐφάπτεσθαι,
475 1174 522 1200 καὶ
543 1174 598 1200 τῶν
619 1173 775 1208 ἀνεφίκτων
796 1184 882 1201 κατα-

85 1219 208 1255 τολμᾷνς
223 1220 337 1255 Μήποτε
354 1219 484 1255 λάθοιμεν
501 1220 616 1251 ἑαυτοὺς
628 1221 744 1256 ἀπονοίᾳ
756 1222 803 1248 καὶ
818 1221 881 1248 δυσ-

87 1266 184 1302 ϐουλίᾳ
197 1268 255 1298 τοῖς
271 1266 397 1293 ἀσεϐέσιν
423 1266 555 1298 ὡσαύτως
574 1266 743 1302 ἀνοητότατα
769 1268 882 1302 περιπί-

87 1320 213 1345 πτοντες.

122 1359 184 1386 Τίνι
206 1358 252 1385 οὖν
268 1360 281 1385 ὁ
296 1358 467 1394 ἠθετημένος
492 1359 648 1393 ἠλάττωται
676 1360 723 1386 καὶ
745 1359 880 1395 δεδέηται,

87 1404 354 1439 γλωσσαλγείτωσαν
374 1405 421 1432 καὶ
441 1404 616 1438 λεγέτωσαν·
633 1405 676 1430 ἵνα
700 1404 818 1436 ὀκλάσας
835 1407 883 1432 καὶ

87 1451 216 1477 ἀπειπὼν
229 1451 299 1486 πρὸς
313 1451 363 1487 τὴν
387 1451 507 1486 σπουδὴν
527 1451 750 1487 καταπροῖξηται
770 1452 819 1487 τὴν
835 1452 881 1487 ἀρ-

88 1498 154 1533 χήν·
182 1498 283 1532 μᾶλλον
306 1497 345 1531 δὲ,
375 1498 413 1530 ὡς
433 1499 446 1525 ὁ
464 1497 602 1533 ἡμέτερος
627 1498 724 1533 λόγος,
741 1499 812 1525 τίσιν
833 1498 881 1533 οὐχ

90 1544 246 1580 ὺπερῆρται
260 1545 308 1571 καὶ
317 1544 559 1580 ὑπεραναϐἐὸηκε;
570 1545 646 1576 ποῖος
658 1544 736 1578 λόγος
751 1544 781 1570 τὸ
797 1545 881 1579 ὑπερ-

89 1591 166 1625 αῖρον
195 1591 406 1625 παραστήσεται
446 1589 497 1625 τῆς
529 1589 741 1625 μεγαλειότητος
763 1590 810 1617 καὶ
833 1590 883 1625 τῆς

90 1635 231 1671 δυνάμεως
247 1636 279 1662 τὸ
300 1636 460 1672 ἀπρόσιτον,
478 1635 557 1671 ῆτῆς
572 1635 699 1668 ἐξουσίας
719 1637 749 1662 τὸ
763 1637 885 1672 ἀμέτρη-

88 1691 146 1716 τον,
160 1683 209 1709 καὶ
229 1682 277 1709 τοῦ
294 1682 366 1709 κατά
384 1683 494 1709 πάντων
512 1683 630 1718 κράτους
646 1682 883 1718 ἀπειροδύναμον;

90 1730 137 1755 καὶ
156 1730 201 1756 ἵνα
219 1730 256 1764 μὴ
277 1730 334 1761 τοῖς
350 1729 491 1760 ταπεινοῖς
510 1729 617 1761 τούτοις
636 1729 837 1764 ἅποσεμνὺνειν
855 1729 884 1755 τὺ

90 1776 194 1812 ὑψηλὸν
218 1776 365 1808 δόξαντες,
393 1775 667 1811 κατασμικρύνοιμεν
693 1776 742 1811 τῆς
772 1775 886 1810 κορείας

89 1822 219 1849 ἁπάντων
235 1823 283 1849 καὶ
303 1822 464 1853 δεσποτείας
489 1821 520 1847 τὸ
538 1821 727 1857 ἀνὲκφραστον
738 1841 746 1853 ,
763 1821 780 1856 ἡ
797 1822 885 1848 πάντα

90 1869 296 1906 ἀπαρασλήτως
309 1878 339 1895 τε
357 1869 405 1896 καὶ.
426 1868 604 1903 ἀσυγκρίτως
630 1867 824 1903 ὑπερθρώσκει
840 1868 885 1894 καὶ

146 1915 282 1952 ρίδρυται,
302 1915 349 1941 καὶ
372 1915 456 1941 πᾶσιν
475 1914 575 1949 ὁμοίως
599 1913 699 1945 ἄϐατός
715 1913 745 1940 τέ
767 1915 825 1940 ἐστι
840 1913 886 1940 καὶ¹

90 1962 224 1997 ἄληπτος,
239 1961 286 1988 καὶ
300 1961 515 1996 ἀποκέκρυπται
531 1959 570 1995 νῷ
584 1960 631 1986 καὶ
646 1960 718 1994 λόγῳ
734 1959 825 1991 παντὶ,
841 1956 886 1985 οἷα

90 2007 122 2043 δὴ
141 2007 252 2035 πάντων
266 2006 426 2042 ἐξῃρημένη
442 2006 549 2042 ὁρατῶν
569 2014 600 2032 τε
623 2004 669 2031 καὶ
683 2004 823 2040 ἀοράτων,
839 2006 885 2031 καὶ

90 2052 194 2085 παντὸς
209 2052 343 2088 ὀνόματος
360 2053 389 2078 ὲν
404 2052 443 2087 τῷ
456 2051 534 2078 αἰῶνι
558 2051 645 2086 τούτῳ
662 2049 886 2084 κατονομαζομέ-

91 2106 136 2123 νου
153 2097 203 2124 καὶ
216 2098 245 2123 ἐν
260 2096 299 2132 τῷ
315 2096 452 2132 μέλλοντι,
462 2096 517 2123 τῶν
531 2096 662 2123 τοιούτων
675 2095 712 2128 ὡς
726 2095 796 2131 ὑπὲρ
812 2095 886 2130 ἡμᾶς

89 2143 273 2179 ἀφεξώμεθα·
295 2144 319 2170 εί
331 2143 360 2170 δὲ
377 2143 426 2179 οὐχ
439 2143 510 2170 ἑκὼν
526 2144 540 2169 ὁ
555 2141 757 2178 ὲκκεχωρηκὼς
781 2141 813 2168 τὸ
835 2142 886 2168 ὑπ-

91 2190 173 2225 ήκοον
191 2189 224 2224 δὴ
242 2188 322 2215 τοῦτο
346 2189 522 2223 μετετάξατο,
540 2188 680 2224 βεϐίασται
696 2188 805 2219 πάντως
816 2207 823 2219 ,
837 2187 886 2214 καὶ

91 2237 121 2263 τὸ
139 2235 295 2271 ἡγεμονοῦν
319 2236 532 2271 τετυράννηται·
549 2235 595 2262 καὶ
611 2235 653 2266 τίς
667 2236 681 2261 ὁ
700 2236 732 2270 τῇ
747 2234 885 2270 τυραννίδι

91 2283 265 2317 ἐπιθέμενος,
287 2282 334 2308 καὶ
349 2282 379 2308 τὸ
396 2283 509 2317 κρατεῖν
535 2281 722 2316 ἀφελόμενος
739 2280 787 2307 καὶ
808 2280 885 2307 ἔσται

91 2328 293 2363 ὀτυραννήσας
314 2327 525 2364 εὐσθενέστερός
546 2337 574 2354 τε
597 2329 643 2354 καὶ
664 2326 883 2361 ἑπικλεέστερος,

91 2376 140 2402 καὶ
157 2374 285 2401 τοσοῦτον
299 2375 361 2400 ὅσον
377 2374 424 2400 καὶ
440 2375 469 2401 τὸ
483 2374 532 2409 τῆς
548 2375 627 2409 νίκης
640 2373 820 2409 ὑπερτεροῦν,
837 2373 884 2400 καὶ

91 2422 125 2448 τὰ
142 2421 176 2447 δι’
192 2416 230 2447 ὧν
242 2420 275 2447 ἂν
290 2422 306 2455 ἡ
322 2420 385 2455 νίκη
402 2421 432 2447 τὸ
446 2420 541 2456 περιὸν
556 2420 627 2456 ἔχοι·
646 2419 674 2446 ἐν
691 2420 739 2454 μὲν
758 2420 811 2455 γὰρ
829 2421 884 2452 τοῖς

91 2467 245 2510 ὁρωμένοις
259 2467 306 2493 καὶ
320 2466 510 2502 ἀνθρωπίνοις,
526 2467 645 2502 ὁπηνίκα
661 2466 690 2492 τὸ
705 2466 826 2492 ἐναντίον
839 2466 884 2492 καὶ

94 2514 217 2548 μάχιμον
234 2512 269 2539 τὰ
292 2512 362 2547 πρὸς
384 2512 429 2539 τὸν
444 2511 565 2547 πόλεμον
585 2511 762 2547 ἐξαρτύηται,
777 2512 824 2538 καὶ
845 2511 885 2543 είς

92 2558 218 2594 ἀλλήλων
234 2559 330 2594 χεῖρας
351 2559 484 2593 ἥκωνται,
502 2558 578 2589 τέλος
592 2556 647 2584 τῶν
665 2557 754 2583 ὅπλων
771 2558 817 2584 καὶ
831 2557 886 2583 τῶν

93 2605 183 2631 πόνων
202 2605 228 2631 οἱ
241 2604 272 2630 τὸ
292 2606 416 2639 κρεῖττον
430 2605 651 2639 ἀπενεγκάμενοι
667 2605 799 2639 ἴσχουσιν,
820 2604 836 2639 ἢ
857 2605 886 2630 ἐν

92 2652 124 2687 τῇ
138 2652 216 2688 μάχῃ
235 2652 436 2686 κρατήσαντες,
457 2651 643 2686 χειρώσασθαι
656 2651 824 2686 τρεψάμενοι
842 2651 887 2678 τὸν

94 2698 254 2730 ἀντίπαλον,
271 2697 300 2729 ἐξ
315 2694 345 2724 οὒ
363 2697 508 2732 συμϐαίνει
525 2697 632 2723 σκύλων
648 2706 677 2724 τε
697 2697 744 2724 καὶ
757 2698 887 2732 λαφύρων

93 2744 177 2779 πόρον
192 2744 234 2770 ὅτι
252 2744 379 2769 πλεῖστον
395 2743 568 2778 ἐνέγκασθαι,
582 2743 671 2770 ὅπλων
690 2753 718 2769 τε
741 2745 837 2778 κτῆσιν
849 2745 886 2777 ὡς

95 2790 230 2826 μεγίστην
253 2789 465 2825 περιϐαλέσθαι,
490 2791 506 2824 ἢ
523 2790 616 2826 χώραν
637 2791 813 2827 καταδῃῶσαι
839 2792 887 2826 τὴν

95 2837 316 2872 πολεμιωτάτην,
329 2837 376 2863 καὶ
389 2837 481 2871 σφίσιν
499 2837 590 2868 αὐτοῖς
605 2837 739 2872 κατήκοον
769 2838 887 2872 ποιήσα-

97 2883 170 2916 σθαι,
184 2883 231 2910 καὶ
244 2883 427 2919 δασμοφορεῖν
441 2883 480 2916 εἰς
491 2883 520 2910 τὸ
533 2883 625 2911 λοιπὸν
641 2884 702 2916 τοὺς
713 2884 887 2920 κεκρατημέ-

933 908 1032 935 malum
1045 907 1178 938 extendit,
1190 912 1291 934 terram
1304 907 1437 941 fundavit,
1446 913 1599 942 cunctaque
1609 909 1722 935 omnino

933 953 960 980 itt
986 953 1118 988 sapientia
1145 952 1220 980 fecit.
1247 953 1378 988 Quodque
1406 954 1493 982 bonus
1521 955 1567 988 sit,
1583 960 1611 982 et
1633 957 1722 983 omnia

933 1000 1042 1031 habeat,
1054 1000 1088 1027 ob
1103 1007 1164 1034 qua:
1178 999 1211 1026 ab
1233 1000 1362 1027 omnibus
1386 1000 1541 1027 celebratur
1566 1001 1675 1036 hymnis
1693 1008 1720 1029 et

933 1046 1111 1082 gloriﬁcatur,
1129 1053 1178 1073 cur
1193 1054 1262 1081 opus
1275 1051 1316 1073 est
1331 1054 1411 1079 supra
1427 1047 1527 1074 mentis
1551 1052 1632 1082 atque
1654 1055 1724 1074 ora—

935 1092 1016 1121 tionis
1041 1092 1092 1118 vim
1110 1093 1155 1119 Dei
1176 1092 1312 1127 magnalia
1339 1093 1484 1127 attingere,
1499 1097 1526 1119 et
1544 1093 1722 1128 impossibilia

933 1138 1052 1165 audere?
1067 1137 1105 1164 Ne
1119 1137 1188 1165 forte
1211 1138 1311 1165 incauti
1330 1139 1414 1165 stulto
1437 1138 1552 1166 consilio
1565 1144 1592 1166 et
1606 1139 1722 1173 insania,

933 1193 1009 1218 mque
1025 1192 1056 1212 ac
1072 1185 1115 1212 isti
1139 1185 1224 1220 impii,
1247 1185 1272 1212 in
1299 1185 1460 1219 insipientia}
1488 1185 1593 1213 foveam
1619 1186 1723 1214 incida-

934 1240 992 1259 mus
1002 1231 1008 1257 l

971 1365 1020 1393 llic
1037 1373 1101 1399 ergo
1128 1365 1285 1399 repudiatus
1316 1365 1387 1392 Dens
1409 1372 1526 1398 quanam
1543 1373 1571 1392 re
1586 1365 1620 1392 sit
1634 1365 1723 1392 inuni-

934 1418 1016 1438 ttutus
1031 1417 1078 1438 aut
1096 1415 1185 1445 egeat,
1205 1410 1230 1437 bi
1246 1410 1399 1437 blaterones
1414 1411 1522 1442 dicant;
1539 1416 1568 1436 ut
1581 1410 1624 1437 hic
1647 1411 1724 1445 igna-

934 1464 981 1484 rus
1003 1461 1031 1484 et
1055 1456 1198 1490 languidus
1219 1455 1253 1482 ad
1275 1455 1405 1488 cilicium,
1431 1455 1541 1490 abjiciat
1566 1455 1724 1490 imperium.

934 1502 1004 1536 Quin
1025 1503 1124 1537 potius,
1142 1507 1170 1529 ut
1189 1511 1238 1529 nos
1262 1502 1391 1534 dicimus,
1417 1502 1582 1536 quibusnam
1607 1510 1660 1529 non
1683 1506 1725 1529 est

934 1549 1058 1582 superior
1082 1555 1109 1574 et
1128 1548 1263 1575 excelsior
1291 1547 1381 1574 Dens?
1412 1547 1477 1580 Quae
1508 1547 1596 1574 oratio
1619 1547 1724 1574 Culmen

935 1595 1128 1622 demonstrabit
1150 1594 1343 1629 magnitudinis
1366 1594 1435 1627 ejus,
1460 1594 1624 1628 virtutisque
1638 1593 1720 1620 linem

935 1640 1122 1671 interminum,
1151 1640 1191 1667 vel
1214 1645 1377 1674 peteslatem
1414 1639 1675 1671 immensurabilem,
1698 1644 1726 1665 et

934 1687 1065 1714 adversus
1088 1694 1181 1714 omnes
1214 1686 1384 1713 fortitudinis
1401 1686 1453 1713 vim
1471 1686 1630 1712 inﬁnitain?
1644 1685 1677 1712 Et
1693 1694 1726 1712 ne

936 1734 978 1761 bis
991 1733 1137 1760 humilibus
1151 1732 1240 1759 verbis
1262 1739 1396 1759 exornare
1422 1731 1561 1759 excelsum
1588 1735 1724 1765 putantes,

936 1784 1114 1806 extenuemus
1143 1778 1232 1812 potius
1259 1777 1420 1804 universalis
1449 1777 1603 1804 dominatus
1631 1781 1725 1811 poten-

937 1829 1064 1856 tatnsque
1081 1822 1244 1850 illt‘lldbilClll
1258 1822 1432 1855 dignitatem,
1450 1830 1509 1856 qua:
1526 1821 1727 1855 incomparabi-

937 1871 998 1897 liter
1009 1875 1036 1896 et
1052 1870 1154 1903 absque
1169 1869 1221 1894 ulla
1241 1868 1355 1902 puritate
1369 1868 1459 1895 omnia
1480 1867 1598 1894 transilit
1611 1873 1637 1894 et
1651 1874 1728 1894 exce-

937 1916 986 1946 dit,
1000 1916 1160 1948 cunctisque
1178 1916 1317 1941 inaccessa
1334 1919 1361 1940 et
1373 1913 1658 1948 incomprehensibilis
1673 1918 1726 1944 est,

936 1961 1064 1995 omnique
1079 1961 1160 1987 menti
1177 1969 1208 1987 ac
1225 1961 1345 1988 sermoni
1361 1960 1563 1993 impervia,eeu
1577 1967 1636 1994 qua:
1648 1964 1726 1986 extra

936 2015 1044 2034 omnem
1078 2006 1209 2033 visibilem
1241 2005 1462 2040 invisibilemque
1494 2012 1549 2032 rem
1576 2009 1619 2032 est
1646 2008 1727 2038 atque

937 2060 1017 2080 omne
1034 2059 1131 2079 nomen
1150 2052 1206 2079 sive
1219 2051 1245 2078 in
1264 2051 1390 2085 prtesenti
1407 2051 1465 2077 sive
1480 2051 1506 2077 in
1523 2050 1615 2077 futuro
1628 2051 1727 2077 saztzulo

937 2099 1147 2131 nominandum;
1167 2099 1220 2129 bis,
1240 2098 1361 2132 inquam,
1380 2097 1512 2127 dicendis.
1530 2105 1578 2124 ceu
1598 2096 1727 2123 facultate

937 2150 1030 2172 nostra
1074 2144 1240 2179 majoribus,
1279 2145 1477 2171 abstineamus.
1512 2143 1589 2176 Quod
1611 2143 1633 2170 si
1658 2143 1728 2170 haud

937 2198 1034 2226 sponte
1056 2192 1140 2227 gradu
1158 2199 1205 2218 suo
1223 2191 1334 2222 cedens,
1352 2190 1426 2216 dicto
1440 2190 1554 2216 audiens
1569 2189 1656 2216 factus
1674 2195 1726 2220 est,

939 2240 1033 2273 utique
1050 2239 1088 2265 vis
1109 2237 1221 2267 eLillata
1247 2236 1316 2270 fuit;
1333 2241 1359 2263 et
1380 2237 1424 2270 qui
1444 2236 1570 2271 princeps
1587 2241 1657 2268 erat,
1679 2236 1728 2263 sub

938 2285 1110 2321 tyrannidem
1133 2284 1245 2311 decidit.
1273 2283 1340 2317 Quis
1363 2290 1445 2317 porro
1465 2283 1533 2309 bane
1554 2283 1727 2318 tyrannidem

939 2331 1064 2366 arripuit,
1080 2336 1106 2358 et
1125 2330 1276 2365 imperium
1292 2330 1329 2356 illi
1345 2329 1477 2356 abstulit?
1493 2330 1558 2356 Sine
1581 2329 1663 2356 dubio
1683 2330 1727 2362 qui

940 2384 1071 2414 tyratmus
1091 2381 1133 2403 est
1151 2376 1251 2408 factus,
1268 2376 1365 2402 fortior
1383 2375 1540 2410 felicior-que
1559 2380 1610 2408 est,
1631 2380 1729 2409 quate-

939 2432 990 2452 nus
1007 2423 1115 2457 quidem
1134 2422 1221 2448 rictor
1233 2421 1384 2455 praevaluit,
1397 2425 1424 2448 et
1440 2421 1628 2454 comparandae
1644 2421 1730 2448 vieto-

939 2472 987 2498 τίω
1014 2470 1087 2497 vires
1115 2468 1217 2496 habuit.
1236 2467 1302 2494 Nam
1329 2474 1404 2495 certe
1425 2468 1449 2494 in
1474 2468 1517 2494 his
1535 2467 1686 2495 visibilibtts
1703 2473 1731 2495 et

938 2517 1077 2548 humanis,
1096 2523 1157 2542 cum
1172 2516 1205 2542 ad
1223 2523 1339 2550 pugnant
1358 2515 1500 2549 aciemque
1515 2522 1559 2542 res
1575 2514 1637 2542 belli
1650 2514 1730 2542 devc-

939 2563 989 2594 nit,
1006 2566 1032 2590 et
1043 2569 1141 2590 manus
1154 2565 1347 2592 conseruntur,
1360 2558 1479 2586 fructum
1496 2566 1633 2586 armorum
1647 2563 1729 2593 atque

941 2607 1063 2634 laborum
1080 2606 1105 2633 bi
1122 2605 1167 2640 qui
1185 2605 1342 2640 superiores
1357 2604 1500 2631 discedunt
1515 2603 1647 2635 referunt,
1665 2604 1728 2630 dum

940 2655 1045 2681 hostem
1070 2652 1168 2686 proelio
1195 2652 1296 2678 victum
1321 2651 1348 2678 in
1367 2651 1553 2686 captivitatem
1581 2650 1728 2684 redigunt;

918 2700 923 2708 '
940 2701 1012 2728 tunle
1028 2699 1154 2734 sequitur
1170 2699 1267 2732 prtedze
1285 2703 1312 2725 et
1328 2698 1517 2725 manubiarum
1534 2697 1642 2730 copiosa
1661 2695 1726 2722 adc-

941 2748 1007 2782 ptio,
1025 2753 1163 2773 armorum
1181 2752 1288 2780 quoque
1301 2744 1419 2779 plurima
1436 2742 1569 2774 accessio,
1583 2741 1623 2766 vel
1641 2741 1729 2768 hosti-

941 2793 974 2820 lis
989 2792 1106 2827 regionis
1119 2791 1291 2826 depopulatio
1306 2795 1387 2824 atqtte
1401 2790 1427 2817 in
1445 2789 1581 2823 propriam
1599 2787 1727 2813 ditium-ta

942 2839 1074 2868 reductio,
1090 2837 1286 2872 stipendiorum
1300 2836 1325 2862 in
1339 2840 1477 2870 posterum
1494 2839 1599 2867 tmnpus
1612 2832 1727 2859 violenta

941 2883 1052 2912 iudictio
1076 2889 1203 2918 tanquam
1223 2882 1300 2910 rit-tis
1322 2886 1348 2909 ct
1370 2882 1396 2909 in
1418 2880 1576 2908 servitutem
1597 2878 1727 2906 redactis.
