1947 3080
229 141 283 175 703

230 195 307 228 Quod
330 197 419 221 autem
437 193 470 220 ab
486 192 670 221 invisibilibus
687 193 870 227 potestatibus
892 199 1015 219 commo-
1030 195 1053 222 A

232 248 288 268 tum
311 239 411 267 bellum
425 244 477 273 est,
493 247 507 266 a
524 239 624 273 quibus
644 239 721 266 nobis
742 232 799 265 hinc
818 243 913 266 contra
937 238 1016 265 fidem

231 286 347 322 procella
363 286 552 320 permiscetur,
571 285 638 312 nihil
655 285 751 311 horum
769 289 862 318 sperat
883 285 934 311 sibi
949 285 1018 312 bene

229 338 401 361 eventurum.
429 331 486 358 Non
511 332 582 358 enim
610 339 658 364 par
676 335 718 357 est
742 330 815 357 illius
839 335 920 363 atque
938 330 1018 364 hujus

231 378 294 406 belli
311 383 399 404 motus
419 384 426 404 :
444 384 531 411 neque
549 382 579 403 ιιι
596 377 713 410 aliquam
730 383 786 402 rem
811 380 952 404 externam
969 384 1018 403 no-

232 429 317 451 stram
333 424 419 450 hostis
435 423 572 456 acquirat,
594 422 724 448 adversus
740 429 789 448 nos
806 422 956 457 consurgit,
972 422 1020 450 sed

233 476 263 498 υι
278 478 327 498 nos
349 470 456 505 penitus
483 473 566 502 totos,
592 468 617 494 id
636 472 678 495 est
702 468 848 495 rationales
873 468 980 495 animas
993 473 1021 496 et

233 516 375 544 rectrieem
407 514 525 541 hominis
554 519 671 541 mentem
701 514 878 549 depopuletur
914 515 1022 548 sibique

232 560 376 594 subjiciat,
404 559 620 594 persuadeatque
640 563 668 586 ut
683 567 772 594 regem
799 559 880 594 215
904 560 1021 595 appelle-

232 614 303 639 nms,
322 605 463 640 Deumque
480 605 659 632 confiteantur
676 605 752 632 illum
765 606 811 639 qui
826 605 873 632 Dei
891 606 1021 633 adversa-

234 651 292 679 rius
309 657 360 682 est,
378 651 491 685 ejusque
514 650 704 678 abominandis
727 652 880 685 animaeque
896 651 1021 679 exitiosis

231 697 353 732 jussibus
369 696 606 731 obtemperemus;
620 701 646 724 et
667 705 701 725 ne
722 698 779 732 ipse
794 698 868 725 solus
891 698 1023 732 gehennte

235 743 270 770 sit
284 743 419 775 addictus,
440 743 487 771 sed
506 744 588 771 etiam
605 748 746 771 consortes
765 751 829 770 suos
847 744 873 770 in
891 750 1021 772 aetermun

234 790 324 824 ignem
346 797 437 816 secum
460 790 598 823 conjiciat.
621 789 648 816 Id
665 791 736 817 enim
761 790 876 818 oflicium
892 790 925 818 ab
943 791 1022 818 initio

234 835 284 861 fuit
302 834 384 860 invidi
402 835 533 862 daemonis
550 840 575 862 et
588 834 727 869 flagitiosi,
744 842 840 870 nempe
857 839 886 862 ut
907 843 955 862 nos
972 843 1020 869 pa-

235 879 301 906 ratis
316 880 407 912 generi
421 884 514 907 nostro
526 880 674 907 honiscum
688 878 773 906 livor'e
787 880 896 906 irruens
911 880 1020 914 spoliet,
1037 868 1058 896 Β

234 930 261 952 et
276 933 331 952 sua:
347 926 430 952 ruime
448 926 537 953 socios
560 925 651 953 faciat.
664 924 723 952 .lam
736 933 800 953 vero
819 926 841 952 is
858 926 900 953 cui
921 926 1022 953 subditi

235 970 320 1005 erepti
351 974 424 1001 sunt,
456 971 612 1005 principatu
640 971 771 1004 spoliatus
799 975 852 1003 est,
881 976 908 998 et
933 971 1023 1005 digni-

236 1020 290 1043 tate
316 1016 448 1050 privatus,
481 1021 564 1051 atque
589 1017 699 1044 omnino
727 1021 861 1051 potestate
888 1017 1023 1044 seclusus.

235 1061 342 1089 Nudum
361 1063 398 1089 illi
414 1068 538 1097 superest
559 1070 672 1096 nomen;
693 1063 734 1090 vel
751 1064 802 1090 hoc
817 1063 916 1098 ipsum,
934 1067 962 1089 ut
977 1071 1025 1097 par

234 1113 287 1138 est.
303 1116 413 1142 prorsus
427 1113 583 1135 evanescat.
601 1107 673 1143 Ergo
689 1107 768 1142 hujus
790 1108 874 1144 gloria
891 1109 924 1135 ad
942 1109 1025 1135 mise-

237 1154 305 1181 riam
324 1153 580 1188 deformitatemque
599 1154 713 1181 recidet.
739 1154 791 1182 Ubi
816 1155 889 1181 enim
907 1163 959 1181 non
983 1158 1025 1181 est

235 1199 371 1230 subditus,
389 1200 423 1227 ibi
440 1207 474 1227 ne
497 1208 587 1235 regem
605 1201 713 1236 quidem
741 1201 893 1228 consistere
913 1208 1026 1228 necesse

235 1248 290 1271 est.
309 1243 381 1272 Cur?
405 1245 468 1278 quia
492 1245 536 1271 hic
562 1245 660 1279 quibus
689 1245 805 1279 imperet.
829 1252 880 1273 non
905 1245 1024 1272 habebit.

237 1288 284 1316 Sic
299 1289 341 1316 isti
357 1288 510 1316 calamitasi
528 1289 641 1316 daamoni
660 1289 772 1324 largiter
784 1289 916 1321 faventes,
931 1294 1027 1323 putant

237 1335 366 1362 adversus
389 1335 490 1362 Christi
507 1343 620 1370 regnum
639 1334 749 1362 fortiter
770 1342 874 1370 gerere.
890 1341 1027 1362 nostram-

236 1389 290 1416 que
316 1381 395 1409 fidem
423 1382 537 1409 viriliter
568 1389 735 1416 oppugnare,
766 1389 868 1416 nosque
892 1389 905 1408 a
929 1381 1027 1408 divinis

236 1426 371 1460 depellere
384 1426 566 1460 dogmatibus.
585 1427 712 1454 Attamen
734 1427 864 1454 divinitus
882 1427 1026 1461 inspiratas

238 1471 349 1498 audiant
362 1479 447 1499 voces
462 1481 468 1498 :
484 1471 587 1499 Stultus
607 1472 689 1500 stulta
717 1472 850 1508 loquetur,
866 1478 888 1500 et
905 1481 951 1500 cor
968 1472 1026 1508 ejus

237 1526 305 1544 caua
318 1517 443 1552 cogitabit
460 1518 494 1544 νο.
642 1527 648 1531 ”
950 1509 953 1511 ξ

1040 1539 1062 1567 ι]

274 1650 318 1677 50.
337 1649 407 1682 Quid
425 1654 514 1678 autent
533 1652 584 1679 hoc
597 1652 720 1680 insanius
740 1653 932 1680 aut'stnltius?
951 1653 1026 1680 Vana

240 1704 303 1724 vere
330 1697 461 1724 adversus
478 1697 615 1726 Christum
643 1699 768 1726 meditati
796 1704 869 1732 sunt,
889 1701 1028 1736 stultaque

240 1742 359 1776 ipsorum
377 1742 491 1769 consilia
517 1743 625 1770 fuerunt
650 1749 677 1771 et
705 1745 893 1780 cogitationes,
914 1747 1028 1774 mentis-

239 1793 292 1820 que
317 1787 423 1814 ratione
440 1788 558 1815 carentis
580 1792 607 1816 et
632 1789 756 1817 absurdae
780 1795 885 1825 partus,
904 1799 1029 1826 veraeque

240 1830 382 1863 fatuitatis,
402 1832 456 1859 imo
472 1832 575 1860 malitia
600 1834 736 1861 atheismo
754 1843 914 1870 summaque
929 1836 1028 1871 impie-

241 1880 294 1903 tate
308 1877 396 1912 major
412 1886 419 1904 :
437 1885 553 1912 quorum
574 1879 675 1907 nullam
688 1885 806 1914 partem,
825 1889 858 1908 ne
871 1881 898 1908 in
910 1888 1026 1909 mentem

239 1922 348 1956 quidem
372 1923 484 1958 homini,
510 1925 631 1959 recipere
655 1926 734 1959 licet,
750 1927 787 1954 ita
814 1931 844 1954 ut
865 1928 1028 1956 stultissime

239 1971 324 2002 putet,
343 1972 370 1995 et
382 1969 575 1997 scelestissitne
587 1971 751 2003 committat,
770 1972 803 1999 ad
823 1976 924 1999 tantam
951 1973 1028 2000 infir-

239 2014 359 2041 mitatem
376 2019 403 2042 et
420 2016 537 2043 dedecus
549 2023 706 2051 supremum
725 2018 771 2044 Dei
795 2018 964 2045 dominatum
979 2019 1027 2046 de-

239 2060 365 2096 primere.
388 2061 445 2095 Qua
461 2063 568 2097 quidem
584 2070 613 2089 re
626 2064 691 2098 quid
705 2064 849 2091 absurdius
865 2072 925 2092 esse
940 2070 1029 2100 potest

240 2112 320 2143 atque
334 2109 531 2144 irreligiosius?
542 2109 596 2136 Sed
618 2117 686 2136 nova
699 2111 835 2144 quaedam,
856 2115 884 2138 ιιι
906 2112 1027 2145 videtur,

239 2155 370 2183 adversus
387 2155 488 2183 Christi
501 2163 612 2191 regnum
627 2156 660 2183 ab
677 2157 831 2192 hisiniquis
842 2158 928 2185 oritur
946 2167 1028 2186 aecu-

239 2201 318 2228 satio.
339 2201 408 2228 Cum
427 2202 500 2229 enim
523 2204 549 2228 in
573 2201 712 2230 Christum
739 2208 876 2237 oporteret
899 2205 1029 2233 celsiores

239 2256 361 2283 quosque
385 2256 532 2283 congerere
562 2249 691 2282 honores,
715 2249 742 2275 in
766 2254 915 2277 extremam
940 2251 1029 2286 potius

240 2294 414 2330 ignominiam
440 2302 472 2321 ac
496 2294 626 2321 vilitatem
650 2296 774 2321 eumdem
797 2295 942 2323 detrahere
975 2305 1029 2324 non

239 2341 414 2372 erubescunt,
431 2346 460 2367 ut
474 2340 499 2367 ei
515 2340 635 2368 detracta
648 2347 709 2374 qua:
722 2340 776 2367 Deo
798 2342 924 2376 congruit
940 2342 1030 2377 digiti-

241 2391 306 2418 tate,
327 2387 460 2413 minorem
490 2387 689 2419 demonstrent,
703 2387 857 2423 divinisque
883 2388 1029 2422 qualitati-

241 2434 290 2459 bus
303 2432 649 2467 spolient,simplicemque
672 2433 810 2460 hominem
832 2441 971 2468 unumque
995 2435 1030 2462 de

241 2477 319 2504 nobis
328 2484 389 2504 esae
400 2482 530 2511 statuant,
545 2483 627 2513 atque
641 2479 787 2506 universali
804 2487 864 2513 quae
886 2479 937 2511 ipsi
958 2480 1029 2507 inest

241 2527 374 2558 potestate
388 2523 533 2558 depellant.
547 2524 575 2551 in
588 2529 690 2552 tantam
702 2525 808 2552 scilicet
822 2525 1027 2559 improbitatem

240 2574 322 2603 atque
335 2569 564 2604 irreligiositatem
578 2571 693 2598 istorum
709 2571 834 2605 dogmata
847 2576 1027 2598 consectaneo

241 2621 322 2642 cursu
343 2615 527 2644 devenerunt!
547 2616 600 2645 Sed
621 2617 648 2644 hi
673 2617 755 2644 rudes
771 2623 853 2652 atque
870 2618 960 2645 stolidi
978 2626 1030 2645 non

240 2661 404 2696 cogitarunt,
421 2663 557 2697 quomodo
575 2663 631 2690 haec
647 2662 693 2690 ille
708 2663 743 2689 sit
756 2670 897 2697 passurus,
914 2664 960 2698 qui
975 2663 1032 2691 for-

241 2711 293 2733 tem
306 2706 437 2741 alligavit,
456 2708 567 2743 ejusque
579 2716 643 2735 vasa
660 2708 788 2742 diripuit,
807 2713 888 2744 atque
910 2717 924 2736 a
940 2709 1033 2737 furore

240 2757 334 2780 contra
358 2761 406 2781 nos
429 2755 606 2789 compescuit.
621 2753 767 2787 Quomodo
792 2754 838 2789 qui
867 2755 1030 2784 invisibilem

278 2845 301 2860 '°
317 2845 352 2872 Is.
373 2852 458 2878 xxx”,
474 2844 490 2872 6

715 137 744 168 S.
766 137 977 168 NICEPHORI
997 130 1251 167 PATRIARCILE
1271 130 1340 165 GP..-

1067 199 1130 223 νους
1144 190 1182 222 ὼς
1203 190 1403 226 δουλουμένους
1429 188 1649 228 mmmam“
1663 196 1670 204 ’
1688 188 1702 214 ὁ
1725 188 1754 215 δὲ
1784 187 1858 223 παρά

1070 238 1124 264 τῶν
1139 237 1264 273 ἀοράτων
1279 236 1440 272 κινούμενος
1456 236 1584 270 πόλεμος,
1610 234 1655 269 ὑφ’
1671 231 1709 261 ὥν
1726 234 1795 269 ἡμῖν
1814 233 1861 260 νῦν

1069 284 1083 310 ό
1107 283 1178 310 κατὰ
1202 283 1253 318 τῆς
1276 283 1396 314 πίστεως
1419 282 1500 314 σάλος
1519 281 1732 313 ὲπανασείεται,
1756 279 1861 307 τούτων

1070 329 1145 356 οὐδὲν
1158 330 1188 356 ἐν
1201 329 1292 356 ἐλπίσι
1304 328 1568 364 κατορθωθήσεσθαι
1581 327 1687 354 τίθεται
1696 335 1704 343 ο
1717 327 1748 353 οὐ
1762 327 1818 362 γὰρ
1830 326 1861 361 δή

1071 384 1123 402 που
1141 375 1220 401 τοῦτο
1240 375 1416 410 τηλικοῦτον,
1438 374 1533 409 ἡλίκον
1545 374 1652 400 ἐκείνου
1670 372 1718 399 τοῦ
1741 372 1861 408 πολέμου

1070 421 1101 448 τὸ
1125 421 1246 456 κίνημα·
1272 421 1321 456 οὺχ
1344 421 1419 453 ὅπως
1442 422 1499 456 γάρ
1524 429 1552 447 τι
1572 420 1627 447 τῶν
1650 419 1797 455 ἡμετέρων
1816 419 1864 445 καὶ

1071 467 1159 500 ὲκτὺς,
1173 469 1186 494 ὁ
1201 467 1297 503 ἐχθρὸς
1313 468 1519 503 σφετερίσηται,
1535 467 1597 494 καθ’
1614 466 1694 502 ἡμῶν
1705 465 1863 500 ἐπιφύεται,

1070 513 1128 540 ἀλλ’
1143 514 1218 545 ὅπως
1239 513 1319 545 ὅλους
1339 515 1415 549 ἡμᾶς
1435 514 1546 545 αὐτοὺς,
1568 513 1659 548 ψυχὰς
1679 511 1794 546 λογικὰς
1817 511 1865 537 καὶ

1070 560 1116 586 τὸν
1128 559 1252 595 ἡγεμόνα
1261 559 1323 586 νοῦν
1335 559 1530 594 καταληῖσαιτο
1541 559 1588 585 καὶ
1599 559 1653 585 ὑπὸ
1665 559 1745 593 χεῖρα
1752 558 1863 591 ἀγάγοι,

1071 605 1207 640 ἀναπείσῃ
1225 613 1255 631 τε
1271 604 1383 639 βασιλέα
1399 605 1501 635 καλεῖν,
1518 605 1564 631 καὶ
1583 604 1649 631 Θεδν
1666 604 1809 638 ὁμολογεῖν
1820 603 1865 628 τὸν

1072 650 1204 683 ἀντίθεον,
1219 651 1266 677 καὶ
1278 651 1334 682 τοῖς
1352 650 1537 686 ψυχοφθόροις
1550 650 1598 677 καὶ
1611 649 1765 684 βδελυκτοῖς
1780 649 1864 675 εἴκειν

1072 697 1282 732 προστάγμασιν
1295 705 1301 712 ·
1317 697 1361 723 ἵνα
1377 696 1408 732 δὴ
1428 695 1465 731 μὴ
1479 696 1559 727 αὐτὸς
1577 696 1656 730 μόνος
1670 695 1766 730 γεέννῃ
1780 702 1866 721 κατα-

1071 742 1219 774 δικάζοιτο,
1240 743 1289 778 ἤδη
1306 742 1334 769 δὲ
1354 743 1480 774 καὶτοὺς
1501 741 1812 778 συγκληρονομήσοντιις
1827 739 1866 775 τῷ

1073 789 1141 824 πυρὶ
1161 788 1200 824 τῷ
1220 789 1323 824 αἰωνίῳ
1342 789 1577 822 συνεπαγάγοιτο·
1601 788 1680 814 τοῦτο
1706 787 1760 822 γὰρ
1784 786 1865 822 ἔργον

1074 833 1104 866 ἐξ
1121 834 1209 869 ἀρχῆς
1230 834 1269 869 τῷ
1289 834 1419 870 βασκάνῳ
1444 834 1490 861 καὶ
1514 834 1647 868 ἀλιτηρίῳ
1670 833 1788 868 δαίμονι,
1811 832 1865 858 τῶν

1075 881 1303 916 ηὑτρεπισμένων
1317 880 1428 915 ἀγαθῶν
1439 880 1479 916 τῷ
1491 880 1564 914 γένει
1585 879 1623 914 τῷ
1640 879 1702 906 καθ’
1714 880 1788 914 ἡμᾶς
1799 878 1865 912 φθο-

1075 926 1162 961 νερῶς
1176 927 1280 953 ἐπιόντι
1295 927 1506 962 ἀποστερήσειν,
1516 926 1620 953 καὶτοῦ
1633 925 1729 952 ἑαυτοῦ
1743 924 1868 960 συμμεθο

1074 972 1145 1006 έξειν
1162 972 1309 1008 πτώματος
1321 981 1328 989 ·
1343 973 1356 999 ὁ
1378 973 1468 999 τοίνυν
1491 972 1670 1008 ἀφῃρημένος
1684 971 1713 998 τὸ
1728 971 1866 1005 ὑπήκοον,

1074 1017 1250 1053 γεγύμνωται
1271 1019 1321 1054 τῆς
1338 1019 1426 1054 ἀρχῆς
1447 1019 1493 1045 καὶ
1515 1018 1701 1053 ἀπεστέρηται
1720 1017 1768 1044 τοῦ
1784 1017 1867 1049 ἀξιώ-

1077 1072 1171 1099 ματος,
1197 1063 1245 1090 καὶ
1266 1063 1316 1098 τῆς
1336 1063 1462 1096 ἐξουσίας
1487 1063 1669 1098 ἐκόἐὸληται”
1690 1062 1767 1097 ψιλὸν
1792 1061 1867 1096 αὐτῷ

1077 1109 1157 1145 μόνον
1175 1109 1426 1144 ὲπιφημισθήσεται
1442 1109 1570 1144 τοῠνομα,
1585 1109 1604 1144 ἢ
1615 1109 1662 1135 καὶ
1674 1109 1739 1135 αὐτὸ
1753 1108 1824 1135 κατά
1838 1109 1869 1135 τὸ

1076 1155 1149 1186 εἰκὸς
1164 1154 1281 1189 πάμπαν
1302 1155 1464 1189 οἰχήσεται·
1490 1154 1715 1189 συνενεχθήσεται
1741 1154 1769 1180 δὲ
1792 1154 1868 1188 αὐτῷ

1076 1199 1202 1226 ἐντεῦθεν
1217 1201 1257 1231 είς
1272 1200 1304 1226 τὸ
1326 1200 1456 1235 πενιχρὸν-
1467 1201 1513 1226 καὶ
1526 1199 1642 1231 ἀκαλλὲς
1667 1199 1698 1226 τὺ
1718 1201 1769 1234 τῆς
1788 1199 1869 1235 δόξης

1077 1245 1293 1281 περιστήσεσθαι
1307 1254 1314 1260 '
1336 1243 1366 1271 οὗ
1383 1246 1437 1281 γὰρ
1458 1245 1495 1281 μὴ
1511 1246 1628 1281 ὑπάρχει
1654 1245 1800 1280 κατήκοον,
1818 1245 1871 1271 οὐκ

1077 1290 1110 1317 ἂν
1128 1291 1244 1326 συσταίη
1261 1291 1291 1318 τὸ
1314 1291 1472 1326 βασιλευθὲν
1491 1291 1628 1326 οὐδαμῶς·
1644 1291 1742 1325 πόθεν,
1761 1291 1792 1317 οὐ
1813 1291 1870 1325 γὰρ

1076 1344 1118 1362 τοι
1132 1335 1188 1368 ἔξει
1207 1332 1245 1363 ὧν
1265 1336 1298 1363 ἂν
1313 1336 1475 1371 κατάρξειεν
1485 1345 1491 1351 ·
1506 1336 1616 1363 τοιαῦτα
1631 1336 1655 1362 οἱ
1670 1335 1870 1371 κακοδαίμονες

1075 1380 1116 1416 τῷ
1130 1381 1238 1417 δαίμονι
1255 1381 1432 1418 χαριζόμενοι
1443 1382 1602 1417 φιλοτίμως,
1618 1382 1720 1408 οἴονται
1736 1382 1786 1416 τῆς
1799 1382 1870 1416 Χρι-

1078 1425 1142 1454 στυῦ
1156 1427 1384 1463 κατανδρίζεσθαι
1405 1428 1561 1464 βασιλείας,
1577 1428 1625 1455 καὶ
1645 1428 1772 1462 τῆςκαϋ*
1796 1429 1871 1464 ἡμᾶς

1077 1473 1333 1501 κατανεανιεύεσοαι
1350 1475 1480 1506 πίστεως,
1495 1475 1543 1501 καὶ
1558 1474 1611 1501 τῶν
1633 1475 1712 1510 ιερῶν
1725 1474 1805 1510 ἡμῶν
1819 1484 1869 1502 κα-

1078 1516 1185 1543 ταοέειν
1195 1517 1338 1552 δογμάτων
1347 1517 1430 1545 ’.ἀλλὰ
1440 1518 1494 1545 τῶν
1505 1518 1655 1546 θεολέκτων
1667 1519 1763 1554 φωνῶν
1774 1520 1872 1546 ἀκουέ-

1077 1570 1177 1596 τωσαν,
1200 1563 1241 1590 ὅτι
1264 1563 1294 1590 '0
1306 1564 1405 1598 μωρὸς
1411 1565 1496 1599 μωρὰ
1518 1564 1660 1600 λαλήσει,
1671 1566 1750 1600 καὶὴ
1765 1566 1873 1600 καρδία

1077 1608 1172 1637 αὑτοῦ
1187 1607 1298 1643 μάταια
1315 1609 1433 1643 νοήσει.

1113 1653 1145 1681 ν’.
1160 1653 1216 1680 Καὶ
1242 1653 1268 1680 τί
1294 1653 1397 1681 τούτων
1424 1654 1640 1691 ἀνοητότερονῆ
1667 1655 1871 1690 ματαιότερον;

1078 1700 1144 1727 κενὰ
1156 1700 1210 1736 γὰρ
1218 1699 1256 1736 τῷ
1269 1699 1325 1727 ὄντι
1341 1700 1412 1727 κατά
1427 1700 1547 1735 Χριστοῦ
1561 1701 1741 1735 ἐμελέτησαν,
1757 1701 1805 1727 καὶ
1820 1701 1874 1736 μά-

1078 1754 1145 1772 ταια
1158 1745 1248 1772 αὐτῶν
1256 1745 1291 1772 τά
1302 1745 1477 1781 βουλεύματα
1491 1746 1538 1772 καὶ
1554 1745 1734 1782 διανοήματα,
1748 1747 1795 1773 καὶ
1806 1755 1874 1782 φρε-

1078 1790 1123 1822 νὺς
1136 1791 1235 1824 ἀλόγου
1253 1790 1301 1817 καὶ
1317 1790 1463 1817 ἀλλοκότου
1481 1790 1623 1826 κυήματα,
1640 1791 1687 1817 καὶ
1711 1792 1818 1826 μωρίας
1836 1791 1874 1824 ὡς

1079 1835 1187 1870 ἀληθῶς
1200 1836 1248 1862 καὶ
1271 1837 1442 1871 σκαιότητος,
1465 1836 1566 1872 μᾶλλον
1584 1836 1613 1863 δὲ
1630 1836 1725 1869 ἀθεῖας
1749 1838 1797 1864 καὶ
1811 1839 1876 1864 ἀσε-

1079 1882 1154 1913 ϐείας
1171 1882 1221 1917 τῆς
1238 1879 1351 1910 ἀπασῶν
1370 1883 1489 1918 ἐσχάτης
1507 1883 1646 1916 ἐπέκεινα,
1662 1880 1698 1910 ὧν
1718 1884 1747 1910 οὐ
1761 1883 1875 1919 θεμιτόν

1066 1936 1104 1954 -τι
1119 1928 1172 1954 κᾶν
1191 1928 1258 1962 γοῦν
1280 1928 1360 1964 μόνον
1379 1929 1418 1960 είς
1436 1928 1499 1956 νοῦν
1517 1929 1624 1955 ἐπιέναι
1641 1929 1778 1965 ἀνθρώπῳ
1794 1930 1875 1963 δοξά-

1080 1973 1135 2005 ζειν
1147 1975 1326 2009 ἀνοητότατα,
1342 1975 1389 2001 καὶ
1408 1973 1474 2010 δρᾷν
1488 1975 1522 2002 τὰ
1536 1975 1715 2008 ἀνοσιώτατα,
1732 1977 1773 2008 εἰς
1794 1976 1877 2003 τοῦτο

1080 2019 1220 2051 ἀσθενείας
1237 2020 1285 2046 καὶ
1306 2020 1434 2052 ἀκλειῖας
1457 2020 1507 2054 τὴν
1527 2020 1582 2048 τῶν
1603 2021 1671 2048 ὅλων
1695 2021 1875 2055 ὑποὸιόἀζειν

1079 2066 1167 2101 ἀρχήν
1179 2074 1185 2081 ·
1200 2062 1230 2092 οὗ
1250 2065 1275 2092 τί
1288 2066 1321 2093 ἂν
1342 2066 1447 2101 γένοιτο
1465 2066 1640 2102 ἀτοπώτερον
1659 2067 1675 2102 ἢ
1698 2067 1874 2104 ἀθεώτερον;

1086 2110 1167 2138 Ἀλλὰ
1178 2112 1258 2147 καινή
1267 2111 1363 2144 τις,ὠς
1373 2111 1456 2144 ἔοικε,
1465 2112 1535 2139 κατά
1545 2112 1595 2148 τῆς
1603 2113 1723 2149 Χριστοῦ
1734 2113 1875 2149 βασιλείας

1081 2157 1155 2192 παρὰ
1166 2157 1219 2183 τῶν
1233 2158 1406 2192 ἀνομούντων
1418 2158 1502 2193 ἀνέφυ
1516 2160 1609 2195 γραφή
1619 2167 1627 2174 ·
1644 2159 1705 2187 δέον
1719 2162 1774 2196 γὰρ
1789 2161 1875 2197 αὐτὴν

1081 2204 1140 2234 ταῖς
1154 2203 1268 2229 ἀπασῶν
1285 2203 1465 2239 ὑψηλοτέραις
1479 2205 1694 2241 καταγεραίρειν
1713 2207 1819 2241 τιμαῖς,
1835 2208 1875 2239 εἰς

1080 2249 1195 2284 ἔσχατον
1209 2249 1317 2282 ἀδοξίας
1337 2250 1389 2276 καὶ
1412 2250 1550 2283 εὐτελείας
1572 2252 1727 2287 περιέλκειν
1751 2253 1783 2279 οὑ
1807 2262 1876 2280 κατ-

1079 2295 1255 2330 ερυοριῶσιν,
1271 2295 1315 2322 ἴνα
1331 2295 1360 2322 τὸ
1378 2295 1478 2332 προσὸν
1495 2296 1531 2326 ὠς
1548 2296 1608 2332 Θεῷ
1620 2297 1730 2333 ἀξίωμα
1751 2299 1877 2335 περιελό-

1081 2350 1165 2376 μενοι,
1182 2342 1335 2377 ἡττημένον
1348 2342 1429 2368 αὐτὸν
1442 2342 1627 2378 παραδείξωσι
1640 2363 1647 2376 ,
1664 2345 1711 2371 καὶ
1723 2345 1778 2372 τῶν
1794 2346 1876 2372 Θεὶων

1079 2386 1326 2421 πλεονεκτημάτων
1348 2387 1588 2422 ἀπογυμνώσωσι,
1613 2388 1661 2414 καὶ
1687 2388 1763 2423 ψιλὸν
1793 2389 1877 2416 αὐτὸν

1079 2432 1222 2467 ἄνθρωπον
1242 2433 1289 2459 καὶ
1305 2433 1360 2459 τῶν
1373 2433 1434 2459 καθ’
1453 2433 1527 2468 ἡμᾶς
1546 2433 1611 2460 ὄντα
1631 2435 1875 2470 καταστήσωνται,

1082 2478 1130 2504 καὶ
1145 2479 1193 2514 τῆς
1208 2478 1321 2514 ἐνούσης
1338 2479 1412 2514 αὐτῷ
1437 2480 1508 2506 κατὰ
1523 2480 1632 2506 πάντων
1648 2480 1773 2513 ἐξουσίας
1789 2482 1877 2516 ὑπερ-

1083 2525 1212 2559 ορίσωσιν
1225 2531 1230 2536 ”
1246 2525 1287 2556 εὶς
1309 2524 1437 2560 τοιαύτην
1460 2525 1577 2552 ἀτοπίαν
1592 2526 1640 2552 καὶ
1652 2526 1747 2552 ἀοεῖαν
1762 2526 1798 2552 τὰ
1810 2536 1868 2563 παρ

1081 2572 1172 2602 αὐτοῖς
1188 2570 1419 2605 δογματιζόμενα,
1433 2571 1503 2597 κατὰ
1518 2571 1548 2597 τὸ
1564 2571 1710 2598 ἀκόλουθον
1727 2573 1878 2608 περιέστη-

1082 2624 1146 2643 σαν”
1159 2616 1227 2643 ἀλλά
1242 2616 1300 2647 πῶς
1314 2615 1401 2642 ταῦτα
1415 2617 1550 2649 πείσεται,
1572 2617 1602 2643 οὐ
1623 2616 1743 2649 συνῆκαν
1755 2618 1780 2644 οἱ
1802 2619 1876 2653 ἀμα-

1082 2661 1137 2694 Θεῖς
1153 2662 1201 2689 καὶ
1213 2662 1320 2697 ἀνόητοι
1332 2671 1338 2677 ”
1349 2663 1364 2689 ὁ
1375 2663 1421 2690 τὸν
1438 2663 1548 2698 ἰσχυρὴν
1559 2663 1644 2698 δήσας
1659 2662 1707 2690 καὶ
1718 2663 1879 2699 διαρπάσας

1081 2709 1162 2736 αὑτοῦ
1180 2709 1215 2736 τὰ
1232 2709 1327 2745 σκεύη,
1346 2709 1457 2744 καὶτῆς
1474 2708 1536 2736 καθ’
1557 2709 1636 2744 ἡμῶν
1657 2709 1760 2744 λύσσης
1778 2710 1877 2746 [1:559-

1083 2756 1141 2789 ξας,
1165 2756 1224 2788 πῶς
1241 2756 1256 2782 ὁ
1273 2755 1318 2782 τὸν
1338 2755 1454 2791 ἀόρατον
1480 2755 1708 2791 αἰχμαλωτεὺσας
1731 2755 1878 2792 τύραννον,
