1947 3080
71 125 127 156 689

497 129 780 164 APOLOGETICUS
799 134 874 164 PRO
894 136 1027 167 SACRIS
1048 137 1288 167 lMAGlNlBUS.

1652 134 1705 166 690

70 179 133 214 ρὰν
158 181 367 226 ᾲπαράκλησιν
399 183 517 219 ἔχωμεν
553 188 581 213 οι
621 188 863 224 καταφεύγοντες

922 199 1026 225 insuper
1033 192 1070 218 ait
1080 200 1086 218 :
1097 191 1247 224 Ltetmuini,
1260 196 1423 226 gentes,cum
1436 190 1531 224 populo
1541 190 1608 223 ejus.
1617 188 1702 216 Item:

71 224 224 258 κρατῆσαι
237 227 293 261 τῆς
305 229 504 264 προκειμένης
522 231 658 266 ἐλπίδος.
678 234 733 260 Καὶ
762 234 843 262 πάλιν
856 244 863 252 ·

72 270 158 306 Λέγω
173 272 207 298 δὲ
229 273 347 306 Ἰησοῦν
364 276 496 309 Χριστὸν
518 277 661 305 διάκονον
681 279 864 314 γεγενῆσθαι

72 319 237 353 περιτομῆς
247 320 324 354 ὑπὲρ
338 321 482 356 ἀληθείας
495 324 580 357 Θεοῦ,
590 326 634 357 εἰς
651 325 684 351 τὸ
698 326 864 357 βεϐαιῶσαι

72 363 129 396 τὰς
139 365 321 400 ἐπαγγελίας
334 367 394 394 τῶν
408 369 545 403 πατέρων
556 378 562 384 ·
588 370 623 396 τὰ
642 370 675 397 δὲ
696 371 767 404 ἔθνη
789 371 865 406 ὑπὲρ

71 409 182 443 ἐλέους
193 411 321 443 δοξάσαι
339 413 391 440 τὸν
408 414 490 448 Θεὸν,
507 416 604 448 καθὼς
624 416 803 452 τέγραπται”
814 419 866 446 Διὰ

73 455 165 483 τοῦτο
179 457 444 494 ὲξομολογήσομαί
454 469 503 488 σοι
515 462 550 488 ἐν
564 463 676 495 ἔθνεσι,
695 465 794 498 Κύριε,
815 466 865 492 καί

73 499 114 532 τῷ
124 501 250 536 ὀνόματί
264 511 322 530 σου
334 505 433 538 ψαλῶ.
445 507 500 533 Καὶ
518 507 598 534 πάλιν
614 508 688 542 λέγει
704 519 709 524 -
725 510 865 544 Εὐφράν-

73 547 156 580 θητε.
170 548 255 582 ἔθνη,
266 550 340 584 μετὰ
350 551 402 578 τοῦ
410 552 486 579 ,λαοῦ
495 554 598 581 αὑτοῦ.
613 555 667 582 Καὶ
680 555 761 582 πάλιν
772 556 845 590 λέγει
857 567 864 573 -

73 593 191 619 Αἰνεῖτε
206 593 261 621 τὸν
274 595 394 629 Κύριον,
410 598 556 626 πάντατὰ
577 599 649 634 ἔθνη
663 609 669 616 ·
685 602 866 630 ὲπαινέσιιτε

73 639 182 671 αὐτὸν,
194 639 307 673 πάντες
320 643 433 669 οἱλαοί.
451 645 506 670 Καὶ
516 645 717 679 πάλινἩσαΐας
732 656 739 663 ο
760 649 867 676 ’Ἐσται

73 683 93 715 ἡ
104 683 174 717 ῥίζα
194 684 248 712 τοῦ
270 686 394 718 Ἰεσσαὶ,
425 689 473 714 καὶ
497 691 513 715 ὁ
529 690 731 725 ἀνιστάμενος
761 692 867 727 ἄρχειν

73 731 182 764 ἐθνῶν,
193 732 239 759 ἐπ’
253 734 333 766 αὐτῷ
349 735 422 769 ἔθνη
434 736 586 765 ἐλπιοῦσι.
603 739 772 774 Προσεκτέον
785 741 812 767 δὲ
837 741 867 767 ἐν

73 778 191 809 τούτοις,
208 779 248 805 ὃτι
263 780 293 806 οὺ
316 781 396 815 μόνον
412 782 475 816 περὶ
490 783 543 809 τῶν
555 784 655 817 αὐτῶν,
672 785 739 811 ἀλλά
757 786 803 812 καὶ
833 786 867 812 τὰ

74 824 145 850 αὐτὰ
171 825 319 859 φθέγγεται
348 826 387 862 τῷ
403 829 528 865 προφήτῃ
545 830 559 855 ὀ
582 830 653 865 ἱερὸς
683 831 843 863 ’Δπόστολος
858 839 864 846 ·

74 870 123 896 καὶ
140 871 209 906 πρὸς
222 872 309 898 ταῦτα
325 872 366 904 τίς
380 874 489 908 ἀντερεῖ
504 875 603 909 λόγος;
625 876 650 902 οἱ
678 876 732 912 γὰρ
747 877 866 912 ἡλεημέ-
883 868 904 895 Β

75 924 115 942 νοι
130 916 235 952 δωρεὰν
250 919 328 954 παρὰ
340 919 419 951 Θεοῦ,
439 921 471 946 ἐκ
487 921 537 956 τῆς
551 921 647 953 ἀθεΐας
666 922 714 948 ἐπὶ
727 923 776 957 τὴν
791 923 867 957 φιλο-

76 962 154 989 οεταν
171 965 416 1000 μεταταττόμενοι,
432 966 536 1001 ἑδραῖοι
555 968 589 1002 τῇ
617 968 708 994 πίστει
719 969 869 1003 ἑστηκότες

75 1008 250 1043 δοξολογοῦσι
270 1010 317 1038 τὸν
333 1010 410 1044 Θεὸν,
433 1012 483 1038 οὐκ
498 1013 735 1049 εἰδωλολατροῦσι,
753 1015 806 1041 κᾶν
831 1015 869 1050 μὴ

77 1053 141 1091 δοκῇ
159 1057 216 1088 τοῖς
243 1057 404 1093 ἑξεστηκόσι
431 1068 461 1086 τε
478 1060 526 1086 καὶ
556 1059 688 1095 μεθύουσι
702 1069 710 1077 ·
737 1060 796 1092 πῶς
815 1061 869 1097 γὰρ

80 1102 171 1134 αὐτοῖς
189 1104 376 1139 μεταμελήσει
401 1105 456 1132 τῶν
487 1106 529 1140 ἐφ’
548 1103 589 1137 οἷς
607 1106 720 1141 αὑχοῦσι
753 1107 870 1142 μάλιστα

75 1148 180 1183 ἡλίκων
195 1150 307 1184 ἀγαθῶν
330 1151 513 1187 δυιρημάτων,
537 1153 600 1179 ἐπεὶ
615 1153 700 1180 τέκνα
722 1152 791 1180 Θεοῦ
823 1153 870 1180 καὶ

78 1193 245 1230 κληρονόμοι
264 1195 308 1222 διὰ
328 1196 447 1228 πίστεως
472 1197 599 1231 γενέσθαι
622 1197 764 1232 ἠξίωνται,
792 1197 872 1233 σῶμά

78 1248 108 1266 τε
126 1240 248 1274 Χριστοῦ
263 1242 310 1268 καὶ
330 1243 398 1278 μέλη
414 1244 641 1279 χρηματίζοντες,
657 1242 702 1271 οἷα
718 1244 796 1280 δόξης
820 1245 872 1280 τῆς

79 1285 167 1311 ἀϊδίου
183 1287 391 1322 ὲπορεγὸμενοι,
407 1288 478 1316 ὥστε
495 1289 600 1316 τούτων
615 1290 798 1322 ἀπολιπόντας
822 1292 871 1326 τὴν

80 1332 161 1368 χάριν
178 1333 225 1359 καὶ
239 1334 288 1369 τὴν
303 1334 495 1370 λαμπρότητα,
515 1336 554 1371 τῷ
569 1337 657 1372 σκότῳ
670 1337 717 1364 καὶ
734 1338 767 1372 τῇ
783 1337 871 1373 πλάνῃ

81 1379 266 1414 προσθέσθαι;
285 1380 315 1406 Ei
329 1380 350 1407 δ’
366 1379 413 1408 οὖν
429 1382 476 1409 καὶ
495 1382 582 1409 ταῦτα
599 1384 657 1414 τοῖς
685 1382 804 1415 ἀνοσίοις
822 1383 871 1419 ἄρ·

80 1424 129 1459 δην
142 1425 311 1461 ἁπήρνητιιι,
328 1427 386 1454 ἀλλ’
402 1428 469 1463 ἡμῖν
480 1437 512 1462 γε
539 1428 731 1461 πεπίστευται,
756 1428 803 1456 καὶ
827 1437 873 1455 τος

82 1470 178 1497 σοῧτον
192 1472 254 1498 ὅσον
267 1473 313 1499 καὶ
327 1474 518 1509 ὑπεράγασθαι
531 1475 581 1510 τῆς
595 1475 672 1507 θείας
682 1474 729 1502 τοῦ
745 1475 873 1510 Σωτῆρος

82 1516 301 1552 φιλανθρωπίας,
320 1520 461 1554 ὁμολογεῖν
477 1529 507 1547 τε
520 1520 614 1555 σαφῶς
630 1521 671 1548 ὅτι
691 1529 723 1555 γε
735 1521 872 1558 ὑπερϐολῇ

83 1563 268 1598 χρηστότητος
281 1564 353 1591 κατὰ
365 1565 394 1591 τὸ
410 1565 505 1601 περιὸν
516 1565 566 1600 τῆς
576 1565 730 1600 δυνάμεως,
755 1566 785 1592 οὐ
810 1567 874 1598 τοὺς

84 1607 157 1634 κατὰ
171 1609 217 1634 τὸν
229 1609 291 1643 τῇδε
304 1609 361 1643 βίον
375 1609 526 1641 διαζῶντας
543 1610 622 1645 μόνον
631 1610 682 1644 τῆς
693 1610 739 1636 τοῦ
750 1610 874 1646 Πονηροῦ

82 1655 242 1689 τυραννίδος
253 1657 429 1691 συγκαταϐὰς
441 1656 542 1689 ἐξεῖλεν
558 1666 565 1674 ο
577 1657 627 1693 ἤδη
645 1658 673 1684 δὲ
701 1658 747 1684 καὶ
763 1660 820 1689 τοῖς
845 1658 876 1684 ἐν

83 1700 149 1736 ᾅδου
162 1701 290 1737 κατόχοις
307 1704 500 1739 προγεγονόσι,
514 1704 561 1730 καὶ
573 1704 639 1739 πρὶν
650 1703 722 1730 κατὰ
737 1704 801 1735 τοὺς
817 1712 876 1730 και-

84 1747 150 1781 ροὺς
167 1748 216 1782 τῆς
230 1748 341 1782 ἀγνοίας
358 1749 437 1784 ἀθεΐᾳ
455 1749 501 1776 καὶ
516 1749 630 1783 ἀσεϐείᾳ
641 1748 784 1784 συζήσασι,
799 1749 875 1785 ζόφῳ

83 1800 115 1820 τε
131 1794 179 1820 καὶ
190 1794 325 1829 ἀφεγγέσι
336 1795 446 1830 χωρίοις
457 1797 563 1831 σειραῖς
578 1796 797 1831 ἀναποδράστοις
808 1805 875 1823 κατ-

83 1838 271 1874 ειλημμένοις,
302 1841 446 1875 ἐπιφανεὶς
458 1842 472 1868 ὁ
484 1842 580 1877 Σωτὴρ
595 1842 644 1877 τὴν
658 1841 817 1877 ἐλευθερίαν
825 1851 873 1878 κηο

85 1883 169 1919 ρύξας
182 1885 339 1920 ἐχαρίσατο,
355 1886 463 1921 καὶτῆς
477 1886 524 1913 τοῦ
535 1886 744 1918 δυναστεύοντος
761 1886 874 1922 Ἐχθροῦ

83 1930 146 1965 βίας
167 1931 316 1966 ἁφήρπασε
332 1939 340 1946 ·
372 1932 419 1959 καὶ
441 1931 528 1959 ταῦτα
551 1933 596 1959 διὰ
622 1933 671 1968 μὲν
699 1933 876 1969 προφητικῆς

83 1977 211 2013 γλώσσης
224 1978 328 2005 ἄνωθεν
348 1980 643 2015 προκεχρησμῴδηται,
668 1980 751 2016 ἡνίκα
778 1980 810 2006 τὸ
826 1980 874 2007 τοῦ

82 2023 204 2059 Χριστοῦ
230 2025 377 2059 πρόσωπον
404 2025 529 2052 ἐντεῦθεν
557 2027 698 2061 εἰσάγεται
730 2027 875 2062 λέγοντος

83 2069 146 2103 τοῖς
153 2069 189 2096 ἐν
196 2069 332 2104 δεσμοῖς·
342 2070 496 2103 Ἑξέλθετε
507 2079 513 2086 ·
526 2071 575 2098 κὶιὶ
583 2071 644 2105 τοῖς
657 2072 693 2098 ἐν
704 2071 742 2104 τῷ
753 2073 857 2099 σκότει
866 2081 873 2087 ο

82 2116 340 2150 Ἀνακαλύφθητι-ῖ.
358 2117 522 2153 Πεπρᾶχθαι
545 2117 574 2144 δὲ
600 2118 638 2150 ὡς
664 2118 773 2154 ἀληθῶς
804 2118 876 2145 κατὰ

916 234 1036 264 Luudute
1054 237 1205 270 Dominum,
1219 245 1306 264 omnes
1337 242 1424 271 gentes
1436 257 1442 268 ,
1468 233 1702 266 cullaudute'eum,

916 290 1004 309 (mines
1020 282 1121 316 populi.
1139 282 1170 309 Et
1185 282 1302 316 denique
1321 281 1405 309 Isaias
1418 290 1424 308 :
1443 281 1501 308 Erit
1516 281 1596 307 radix
1608 280 1702 313 lustr,

916 333 941 355 et
956 329 1001 362 qui
1020 333 1141 363 exsurget
1164 337 1250 363 regere
1265 334 1365 364 gentes,
1387 328 1414 355 in
1440 329 1495 362 ipso
1509 333 1596 362 gentes
1615 335 1704 360 spera-

917 375 979 401 bunt
994 375 1026 401 θθ.
1047 374 1075 401 lit
1097 375 1139 401 his
1164 382 1246 409 porro
1270 374 1471 401 observandum
1491 379 1542 405 est,
1557 373 1628 407 quod
1650 380 1701 399 non

917 421 997 448 modo
1012 422 1045 448 de
1070 421 1166 447 iisdem
1181 420 1273 452 rebus,
1290 421 1338 447 sed
1360 424 1387 447 et
1409 420 1503 446 cadent
1527 419 1621 450 verba,
1646 426 1705 453 qua:

917 467 1059 501 propheta,
1086 473 1163 493 sacer
1186 465 1253 492 dicit
1290 465 1448 500 Apostolus.
1480 463 1527 491 His
1554 471 1620 491 vero
1645 472 1705 498 qua:
1751 479 1755 483 -

917 512 1085 540 contradicet
1099 511 1207 538 oratio?
1224 518 1285 538 nam
1313 510 1358 545 qui
1387 510 1473 545 gratis
1490 502 1628 537 consecuti
1641 515 1705 535 sunt

918 555 1134 583 misericordiam
1147 563 1161 582 a
1179 555 1304 588 Domino,
1323 562 1355 582 ex
1369 555 1504 581 atbeismo
1517 553 1550 580 ad
1567 554 1614 580 Dei
1630 561 1706 580 amo-

918 610 975 629 retn
992 602 1129 633 translati,
1145 601 1214 628 lirmi
1229 601 1254 628 in
1266 601 1318 628 (ide
1329 605 1432 628 stantes
1444 600 1597 634 gloriﬁcent
1609 599 1705 630 Deum.

918 656 971 676 tton
988 652 1078 675 autem
1095 647 1243 675 idololatrae
1254 652 1329 680 sunt,
1347 645 1594 682 quidquidinsanis
1607 645 1706 672 ebriis-

917 702 971 729 que
996 694 1131 721 videnlur.
1158 693 1224 720 Nam
1252 693 1389 728 quomodo
1425 692 1475 719 bos
1505 691 1647 726 paenitebit
1668 695 1708 718 tot

919 743 1112 773 tantorumque
1129 738 1227 773 quibus
1244 738 1396 771 gloriantur
1416 735 1708 771 donoruquuando-

917 784 1025 819 quidem
1045 785 1117 818 digni
1139 785 1224 811 habiti
1243 784 1318 811 fuere
1331 784 1375 818 qui
1396 784 1442 810 lilii
1463 783 1640 818 hmredesque
1658 782 1703 809 Dei

918 838 967 865 per
991 829 1071 857 ﬁdem
1098 830 1206 863 tierent,
1223 835 1250 857 et
1275 837 1375 864 corptts
1400 836 1432 856 ac
1461 829 1581 856 membra
1606 827 1707 856 Christi

920 880 993 907 sunt,
1003 880 1030 902 et
1041 879 1150 902 aeterna:
1165 875 1258 910 gloriae
1271 875 1479 907 studiosissimi;
1492 875 1627 909 quomodo
1639 874 1709 901 hanc

920 921 1080 949 amittentes
1096 921 1209 956 gratiam
1228 926 1309 956 atque
1324 920 1507 954 splendorem,
1532 921 1564 947 ad
1582 920 1709 947 tenebras

921 975 1099 1002 erroremque
1116 967 1314 994 revolventur?
1329 966 1407 1000 Quod
1421 966 1443 993 si
1455 966 1512 993 hzec
1530 966 1563 992 ab
1580 966 1621 993 his
1640 973 1709 999 pro—

923 1014 991 1041 fanis
1008 1013 1120 1041 omnino
1134 1017 1279 1048 negantur,
1296 1021 1312 1040 a
1334 1013 1412 1040 nobis
1438 1017 1527 1039 tatnen
1548 1012 1708 1042 creduntur,

923 1060 948 1086 in
980 1063 1081 1086 tantum
1107 1063 1137 1086 ut
1167 1059 1286 1086 divinam
1323 1058 1476 1086 Servatoris
1513 1058 1710 1093 benignitatem

922 1106 1100 1140 admiremur,
1114 1111 1263 1142 aperteque
1277 1105 1467 1136 conﬁteamur,
1480 1104 1567 1139 ipsum
1582 1103 1710 1130 bonitatis

922 1160 1036 1181 excessu
1051 1161 1101 1187 pro
1121 1160 1177 1179 suae
1198 1152 1325 1187 potentiae
1344 1151 1431 1186 copia,
1447 1158 1500 1178 non
1528 1157 1575 1177 eos
1591 1154 1709 1176 tantum-

922 1199 1003 1226 modo
1023 1200 1068 1234 qui
1091 1203 1224 1233 praesente
1249 1198 1338 1225 adhuc
1354 1198 1408 1224 vita
1427 1197 1586 1229 utebantur,
1607 1196 1705 1223 diaboli

924 1245 1066 1280 tyrannide
1085 1251 1132 1278 per
1157 1243 1414 1271 condescensionem
1441 1241 1590 1274 liberasse;
1616 1248 1710 1268 verum

922 1290 1005 1317 etiam
1023 1289 1127 1324 jamdiu
1140 1289 1167 1316 in
1183 1288 1291 1316 inferno
1305 1287 1432 1318 detentis.
1445 1287 1491 1322 qui
1505 1287 1569 1314 olint
1584 1285 1712 1320 tempori-

923 1334 974 1362 bus
989 1334 1115 1361 atheismi
1140 1334 1341 1368 impietatisque
1360 1333 1494 1366 vixerant,
1510 1337 1536 1359 et
1554 1339 1626 1358 nunc
1638 1335 1712 1358 tene-

902 1380 981 1411 ,bris
1006 1380 1140 1415 caicisque
1173 1379 1260 1412 locis,
1286 1385 1313 1407 et
1342 1379 1447 1406 catenis
1476 1376 1713 1405 inextricahitibus

926 1427 1096 1460 tenebantur,
1107 1434 1240 1461 apparens
1253 1425 1384 1453 Servator
1395 1425 1548 1452 libertatem
1558 1423 1711 1458 prmdicans

925 1471 1040 1507 largitus
1049 1477 1102 1506 est,
1114 1477 1141 1499 et
1151 1471 1320 1499 dominantis
1332 1471 1418 1499 hostis
1430 1470 1563 1497 violentia)
1572 1469 1710 1496 subdtuit.

926 1518 1015 1551 Atque
1042 1517 1099 1544 haec
1122 1524 1137 1544 a
1161 1517 1319 1552 prophetica
1347 1516 1451 1552 jamdiu
1470 1516 1561 1551 lingua
1584 1515 1712 1550 prmdicla

925 1563 1043 1596 fuerant,
1062 1571 1122 1590 cum
1145 1571 1262 1598 persona
1287 1563 1389 1591 Christi
1423 1563 1598 1590 induceretur
1621 1562 1714 1589 uinctis

926 1609 1061 1637 (licentia:
1084 1608 1179 1642 Exite;
1204 1615 1229 1637 et
1257 1610 1376 1637 tenebras
1404 1609 1487 1644 210
1515 1609 1688 1636 incolentibus
1705 1616 1714 1634 :

926 1654 1088 1682 Reuelamini
1099 1656 1132 1682 "’.
1149 1655 1177 1682 ld
1196 1660 1286 1682 autent
1305 1663 1354 1683 suo
1370 1660 1491 1690 tempore
1509 1655 1620 1682 demum
1643 1653 1714 1680 acci-

926 1701 1011 1732 disse,
1039 1701 1062 1728 is
1085 1701 1131 1736 qtti
1153 1701 1257 1736 apicem
1279 1701 1306 1728 in
1332 1701 1433 1729 Christi
1460 1700 1599 1736 discipulis
1627 1705 1711 1727 tenet.

926 1747 1050 1774 narrabit
1065 1746 1160 1774 dicens
1177 1755 1184 1773 :
1201 1746 1269 1779 Quia
1285 1746 1407 1774 Christus
1429 1746 1510 1773 teme!
1534 1754 1582 1781 pro
1598 1745 1714 1781 peccatis

926 1793 1026 1819 nostris
1043 1798 1161 1819 mortuus
1177 1797 1223 1824 est,
1234 1794 1322 1827 justus
1347 1800 1395 1827 pro
1415 1793 1538 1827 injustis;
1564 1797 1592 1819 ut
1618 1800 1664 1818 nos
1680 1794 1714 1818 att

928 1837 1010 1865 Deum
1027 1838 1167 1865 adduceret
1180 1846 1189 1869 ;
1204 1846 1283 1864 carne
1303 1839 1409 1873 quidem
1423 1838 1579 1870 exstinctus,
1596 1836 1714 1871 viviﬁca-

928 1888 970 1911 tus
988 1889 1074 1910 autent:
1091 1885 1186 1918 spiritu
1206 1892 1215 1911 :
1241 1884 1269 1910 in
1284 1892 1334 1918 quo
1358 1889 1383 1911 et
1404 1885 1461 1918 Itis,
1475 1884 1522 1919 qui
1552 1885 1579 1911 in
1609 1891 1714 1914 carcere

926 1935 1011 1962 erant,
1034 1929 1170 1963 spiritibus
1193 1930 1296 1957 veniens
1321 1930 1486 1964 prazdicavit,
1512 1931 1557 1966 qui
1583 1928 1714 1956 increduli

927 1976 1031 2010 fuerant
1047 1976 1190 2011 aliquando
1208 1976 1241 2003 ⁸⁸.
1260 1975 1333 2009 Quos
1351 1984 1400 2011 ego
1422 1976 1551 2004 existimo
1569 1975 1602 2002 de
1617 1975 1712 2002 salutis

927 2023 1057 2058 mysterio
1072 2024 1193 2057 edoctus,
1212 2029 1392 2059 susceptaque
1406 2023 1599 2057 Redemptoris
1613 2021 1710 2056 prandi-

926 2070 1045 2103 catione,
1071 2077 1227 2105 quanquam
1251 2070 1326 2096 omni
1351 2074 1426 2097 motu
1450 2073 1532 2104 atque
1555 2069 1712 2102 operatione

927 2121 1061 2148 carentes,
1082 2122 1109 2143 et
1123 2117 1196 2144 omni
1221 2118 1388 2151 agendarum
1406 2124 1496 2144 rerum
1513 2123 1560 2151 spe
1576 2115 1710 2150 deposita.

83 2163 208 2197 καιροὺς,
223 2164 237 2190 ό
255 2163 286 2189 es
299 2161 418 2198 προῦχον
442 2165 471 2190 ὲν
495 2165 552 2195 τοῖς
576 2165 659 2199 ἱεροῖς
688 2164 734 2191 τοῦ
752 2164 872 2199 Χριστοῦ

927 2166 1046 2188 attamen
1060 2165 1152 2196 gratos
1169 2161 1233 2188 huic
1254 2165 1309 2187 tam
1325 2159 1466 2195 splendido
1483 2159 1639 2194 eximioque
1664 2158 1712 2184 bc-

84 2208 221 2244 μαθηταῖς
239 2209 330 2244 λαχὼν
347 2210 536 2245 είσηγὴσεται,
566 2211 680 2246 φάσκων
699 2219 705 2226 ·
721 2211 786 2237 ’Ὅτι
803 2213 872 2245 Χρι-

82 2253 157 2286 στὸς
167 2253 249 2286 ἅπαξ
258 2254 324 2288 περὶ
338 2254 398 2281 τῶν
408 2254 558 2289 ἁμαρτιῶν
571 2255 656 2291 ἡμῶν
667 2255 810 2288 ἀπέθανε,
827 2256 872 2283 δί-

83 2307 169 2332 καιος
181 2299 259 2334 ὑπὲρ
280 2300 393 2327 ἀδίκων
409 2309 417 2316 ο
444 2301 495 2328 ἵνα
520 2301 600 2335 ἡμᾶς
624 2301 803 2337 προσαγάγῃ
833 2301 883 2335 τῷ¹

83 2341 155 2375 Θεῷ,
177 2344 358 2377 θανατωθεὶς
374 2344 433 2378 μὲν
452 2344 489 2379 τῇ
504 2345 606 2379 σαρκὶ,
628 2345 817 2381 ζωοποιηθεὶς
839 2346 875 2373 δὲ

81 2387 230 2422 πνεύματι
242 2395 249 2402 ·
272 2388 307 2417 ἐν
329 2386 353 2422 ᾧ
372 2389 423 2415 καὶ
448 2390 511 2423 τοῖς
530 2391 565 2417 ἐν
580 2391 704 2425 φυλακῇ
720 2392 874 2426 πνεύμασι

82 2434 242 2468 πορευθεὶς
255 2435 416 2469 ἐκήρυξεν,
436 2436 623 2471 ἀπειθήσασί
634 2444 716 2464 ποτε.
729 2437 783 2470 Οὓς
797 2437 874 2474 οἶμαι

69 2479 171 2514 ’ἔγωγε
185 2480 216 2506 τὸ
233 2481 282 2516 τῆς
300 2482 438 2516 σωτηρίας
452 2483 697 2517 εὐαγγελισθέντας
715 2485 874 2519 μυστήριον,

81 2525 247 2560 δεξαμένους
257 2534 288 2552 τε
302 2526 349 2552 τοῦ
364 2527 511 2562 Λυτρωτοῦ
524 2528 555 2554 τὺ
567 2529 710 2564 κήρυγμα,
729 2530 775 2556 καὶ
787 2529 875 2557 ταῦτα

81 2572 277 2606 πεπαυμένονς
307 2573 441 2608 κινήσεώς
469 2583 499 2600 τε
518 2575 608 2610 πάσης
644 2575 692 2602 καὶ
719 2576 870 2609 ἐνεργείας,

82 2618 175 2653 πάσης
189 2626 219 2644 τε
235 2618 291 2644 τῶν
301 2618 447 2653 πρακτέων
462 2620 647 2655 ἀποιχομένης
680 2619 798 2653 ἐλπίδος,
821 2621 870 2647 εὑ-

81 2663 293 2699 γνωμονοῦντας
312 2664 341 2690 δὲ
353 2665 418 2700 περὶ⁸
433 2665 482 2696 τὰς
496 2665 567 2692 οὕτω
580 2666 712 2702 λαμπρὰς
729 2666 777 2693 καὶ
790 2667 872 2702 μεγί-

925 2206 1034 2238 nelicio,
1062 2213 1227 2240 magnopere
1255 2206 1354 2240 impios
1378 2205 1554 2240 objurgasse;
1581 2211 1708 2238 tanquam

924 2252 945 2279 si
963 2259 1016 2278 una
1035 2259 1096 2278 cum
1115 2251 1267 2278 viventibus
1281 2251 1378 2286 injuria
1395 2251 1584 2283 adicerentur;
1601 2251 1643 2277 vel
1657 2258 1707 2284 po-

925 2299 978 2326 tius
994 2306 1088 2326 eorutn
1107 2299 1153 2333 qui
1170 2299 1197 2325 in
1219 2297 1430 2332 Redemptorem
1450 2298 1598 2332 blasphemi
1618 2301 1710 2328 erant,

924 2345 1066 2372 audaciam
1082 2352 1134 2372 non
1149 2344 1279 2372 ferentes.
1296 2344 1411 2371 Prorsus
1428 2344 1501 2371 enim
1521 2344 1555 2370 ob
1576 2343 1707 2378 impieta-

926 2391 960 2418 tis
971 2398 1026 2418 sua:
1038 2390 1185 2421 cumulum,
1197 2398 1229 2418 ne
1241 2391 1347 2417 animas
1357 2391 1467 2425 quidem
1479 2395 1708 2426 praemortuorum

924 2437 958 2464 ab
979 2437 1130 2465 idololatria
1150 2437 1317 2465 liberabunt.
1334 2437 1504 2472 Quapropter
1518 2437 1626 2463 videtur
1643 2435 1708 2462 mihi

925 2487 952 2509 et
966 2482 1074 2509 illorutn
1090 2487 1181 2509 reatus
1193 2482 1298 2516 augeri,
1311 2488 1338 2509 et
1353 2482 1447 2516 majori
1463 2487 1491 2509 ut
1504 2489 1553 2516 par
1566 2486 1608 2508 est
1623 2487 1711 2515 paena:

924 2529 1058 2556 obnoxius
1075 2529 1144 2556 fieri.
1160 2528 1212 2556 Sed
1228 2529 1300 2556 enim
1313 2538 1363 2557 nos
1379 2530 1422 2557 bis
1435 2529 1556 2561 omissis,
1571 2528 1617 2563 qui
1636 2528 1712 2555 vim-

925 2583 985 2602 rum
1003 2582 1080 2610 aeque
1104 2583 1136 2603 ac
1151 2580 1320 2603 mortuorum
1345 2575 1447 2610 judicio
1475 2576 1650 2607 damnantur,
1678 2573 1711 2598 ad

926 2625 1080 2656 susceptum
1097 2621 1266 2656 propositum
1288 2626 1468 2654 revertentes,
1497 2621 1600 2656 reliqua
1619 2626 1713 2655 perse-

926 2675 1050 2702 quamur.

82 2719 147 2742 στας
166 2709 339 2745 εὐεργεσίας,
369 2710 440 2745 μέγα
467 2711 520 2738 τῶν
540 2711 648 2738 ἀσεϐῶν
664 2713 938 2748 κατακεκράξεσθαι·
971 2711 1014 2740 οἷα
1027 2713 1058 2748 δὴ
1075 2715 1131 2746 τοῖς
1163 2714 1191 2741 ὲν
1220 2715 1304 2747 ζῶσιν
1330 2715 1526 2750 ὲξητατμένοις
1552 2712 1712 2747 συνεξυὸρι-

83 2756 208 2789 σμένους,
226 2755 327 2789 μᾶλλον
353 2755 381 2782 δὲ
396 2755 451 2783 τῶν
474 2758 514 2789 εἰς
536 2758 582 2784 τὸν
603 2757 806 2794 Ἐλευθερωτὴν
841 2759 1084 2795 βλασφημούντων,
1101 2761 1151 2796 τὴν
1182 2761 1283 2796 τόλμα-ι
1298 2762 1328 2788 οὐ
1355 2761 1506 2797 φέρονταςο
1526 2760 1634 2791 πάντως
1659 2757 1713 2793 γὰρ

117 2845 139 2861 ³¹
160 2845 238 2873 noun.
262 2847 396 2879 ΠΛΟ-12.
436 2848 456 2863 ⁸⁷
478 2848 529 2874 lsa.
547 2857 620 2882 xttx,
633 2848 661 2875 9.
699 2849 719 2864 “'
742 2848 844 2877 l‘Pétr.
858 2856 876 2876 tt

922 2849 960 2882 l8,
981 2850 1022 2878 19.
