1947 3080
219 139 271 173 695

717 139 746 170 S.
769 139 976 172 NICEPHORJ
996 141 1249 173 PATBIARCH/E
1268 141 1321 172 CP.

1804 137 1858 169 696

222 201 345 229 membra
370 208 402 228 ex
428 204 516 235 parte,
541 206 679 233 unumque
707 206 806 232 corpus
833 206 894 226 esse
915 199 1014 226 multos

1069 199 1154 226 τοίνυν
1168 199 1218 233 τῆς
1238 197 1404 233 Ἐκκλησίας
1416 198 1430 225 ὀ
1444 197 1642 232 νυμφαγωγὸς,
1661 193 1858 224 ὲπισυνάπτων

221 248 331 279 delinit;
361 246 583 281 quandoquidem
607 253 688 272 unutn
713 245 894 279 eamdemque
916 253 1011 279 panem

222 292 413 328 mysteriorum
430 291 630 319 benedictionis
655 291 864 326 participamus,
881 292 1010 319 unitatem

221 346 282 366 cum
299 338 359 373 ipso
375 346 422 372 per
435 338 516 365 ﬁdem
533 338 634 372 adepti.
648 337 765 372 Moxque
777 338 887 365 sublimi
900 339 1013 365 eximia-

221 391 274 418 que
291 385 413 411 doctrina
438 384 583 411 declarans
607 384 818 418 illuminansque
835 385 1012 419 mysterium,

220 430 272 457 sub
296 430 406 457 humani
425 430 543 465 conjugii
571 430 697 464 imagine,
716 430 772 457 haec
795 431 882 464 pergit
897 426 987 456 dicere
1004 438 1011 456 :

221 475 263 502 Ila
277 477 327 502 viri
342 477 436 503 debent
450 484 545 503 uxore:
562 485 626 503 suos
645 476 765 511 diligere,
781 481 807 502 ut
826 483 936 508 corpora
951 484 1011 503 sua.

220 521 274 553 Qui
293 529 370 548 suam
397 529 505 548 uxorem
531 521 631 556 diligit,
651 529 678 548 se
697 522 783 555 ipsum
804 521 903 554 diligit.
927 519 1011 546 Nemo

220 567 289 593 unint
306 575 422 601 unquam
444 575 551 593 carnem
574 575 649 593 suam
669 566 730 594 odio
749 565 849 597 habuit,
864 565 910 592 sed
928 565 1010 591 nutrit

220 619 243 638 et
260 613 329 645 [at-et
343 621 411 645 eam,
424 614 493 639 sicut
506 618 529 639 et
545 612 665 640 Christus
679 608 841 644 Ecclesium;
854 612 917 647 quia
933 619 1013 638 mem-

221 659 268 684 bra
284 667 374 685 suntm
390 660 509 693 corporis
522 659 592 694 ejus,
609 664 632 686 et
649 659 681 686 de
695 659 797 685 assibus
811 659 881 693 ejus.
900 657 1014 692 Propter

221 705 269 730 hoc
285 704 410 740 relinquet
437 706 513 732 homo
537 709 639 740 putrem
654 710 678 732 et
694 704 776 739 212
792 709 902 730 matrem
919 705 1012 736 'suam,

220 754 244 774 et
260 749 405 777 adha‘rebit
422 751 499 778 uxori
515 759 580 783 sum,
593 755 618 777 et
631 755 707 777 erunt
731 751 783 776 duo
803 750 830 776 in
844 757 924 775 carne
945 757 1013 776 una.

222 794 422 824 Snrrameulum
445 798 493 824 hoc
510 805 635 831 magnum
658 801 713 829 est;
735 805 782 832 ego
802 801 891 823 autem
911 795 970 822 dico
984 796 1013 822 in

221 839 327 868 Christo
341 847 365 869 et
387 843 415 869 in
431 842 550 870 Erclesia
565 843 599 870 “.

1062 244 1149 279 αὐτὴν
1162 244 1210 271 καὶ
1223 244 1341 271 συνδέων
1354 243 1392 279 τῷ
1404 245 1543 279 μνηστῆρι
1554 242 1665 279 Χριστῷ
1675 241 1856 276 ὲνθεέστατα,

1062 292 1110 317 καὶ
1124 290 1168 316 τὸν
1196 289 1346 325 σύνδεσμον
1363 290 1536 324 ὲπισφίγγων
1557 289 1604 316 καὶ
1619 289 1668 324 τὴν
1691 288 1856 322 συνάφειαν,

1062 336 1145 371 σῶμα
1164 333 1235 362 εἶναι
1255 335 1377 371 Χριστοῦ
1397 336 1445 362 καὶ
1464 335 1533 371 μέλη
1560 336 1591 362 ὲκ
1612 335 1714 370 μέρους
1727 355 1734 368 ,
1760 335 1809 361 καὶ
1827 335 1857 360 ἓν

1062 383 1144 418 σῶμα
1161 380 1310 414 εἶναιτοὺς
1332 381 1449 414 πολλοὺς
1463 380 1627 417 διορίζεται·
1646 381 1798 416 ἐπειδήπερ
1825 380 1856 412 ἐξ

1063 429 1122 460 ἐνὸς
1136 428 1243 456 καὶτοῦ
1260 428 1343 455 αὐτοῦ
1359 428 1442 463 ἄρτου
1462 428 1517 455 τῶν
1530 428 1580 463 τῆς
1597 426 1723 460 εὐλογίας
1740 426 1858 461 μετέχο-

1063 483 1115 510 μεν
1139 475 1309 510 μυστηρίων,
1338 474 1454 509 ἑνότητα
1472 473 1523 509 τὴν
1538 474 1608 509 πρὸς
1622 473 1705 500 αὑτὸν
1721 473 1857 508 λαχόντες

1060 520 1105 546 διὰ
1116 519 1234 551 πίστεως
1243 527 1250 534 ·
1265 520 1313 547 καὶ
1323 520 1361 551 ὠς
1373 520 1403 546 ὲν
1414 520 1530 555 θεωρίας
1544 520 1653 554 ὑψηλῆς
1664 519 1712 545 καὶ
1720 518 1858 549 θεοειδοῦς

1061 565 1154 600 τρόπῳ
1168 565 1309 600 διασαφῶν
1323 565 1370 592 καὶ
1388 565 1497 601 τρανῶν
1511 565 1542 591 τὸ
1564 565 1725 600 μυστήριον,
1741 564 1786 590 διὰ
1803 562 1858 597 τῆς

1061 611 1131 638 κατὰ
1150 611 1195 638 τὸν
1209 611 1353 646 ἄνθρωπον
1369 612 1512 645 συζυγίας,
1527 611 1617 638 τοιάδε
1634 611 1694 637 τινὰ
1708 610 1836 642 διέξεισιν
1847 617 1856 624 ·

1065 658 1164 690 οὕτως
1177 658 1355 691 ὀφείλουσιν
1365 659 1392 684 ol
1411 657 1519 692 ἄνδρες
1538 657 1659 692 ἀγαπᾷν
1674 658 1728 689 τὰς
1738 655 1859 684 ἑαυτῶν

1063 703 1219 738 γυναῖκας,
1233 705 1273 737 ὼς
1282 704 1318 731 τὰ
1331 703 1446 731 ἑαυτῶν
1465 703 1588 738 σώματα
1600 713 1607 719 ·
1624 705 1639 730 ὁ
1654 702 1778 738 ἀγαπῶν
1797 704 1860 735 τὴν

1062 750 1172 777 ἑαυτοῦ
1186 751 1315 785 γυναῖκα
1334 751 1444 778 ἑαυτὸν
1458 750 1560 786 ἀγαπᾷ
1572 759 1578 765 ·
1595 750 1697 783 οὐδεὶς
1712 749 1768 784 γάρ
1783 757 1860 775 ποτε

1062 795 1119 829 τὴν
1133 796 1241 823 ἑαυτοῦ
1256 796 1356 830 σάρκα
1373 798 1532 831 ἐμίσησεν,
1547 796 1628 824 ἀλλὰ
1644 795 1782 830 ἐκτρέφει
1805 794 1858 821 καὶ

1061 841 1170 868 θάλπει
1198 843 1306 877 αὐτὴν,
1331 843 1430 876 καθὼς
1455 843 1503 870 καὶ
1522 845 1538 869 o'
1555 842 1684 877 Χριστὸς
1701 841 1758 876 τὴν
1788 841 1858 867 ‘3‘“

220 888 355 920 κλησίαν
367 897 374 904 ·
386 888 430 915 ὅτι
443 889 522 923 μέλη
537 889 632 923 ἐσμὲν
645 889 697 916 τοῦ
710 889 847 923 σώματος
859 887 952 915 αὑτοῦ
964 908 970 919 ,
986 887 1021 914 ἐκ
1041 887 1097 921 τῆς
1129 888 1244 922 σαρκὸς
1266 889 1360 916 αὑτοῦ
1392 889 1440 916 καὶ
1452 889 1486 916 ἐκ
1509 888 1569 915 τῶν
1590 888 1704 915 ὀστέων
1740 886 1836 913 αὑτοῦ
1850 895 1858 901 ·

219 935 286 961 ἀντὶ
305 936 413 962 τούτου
436 937 614 970 καταλείψει
643 936 800 970 ἄνθρωπος
818 935 872 962 τὸν
900 934 1012 969 πατέρα
1048 935 1142 962 αὑτοῦ
1167 935 1289 968 καὶτὴν
1314 936 1439 970 μητέρα,
1473 936 1522 962 καὶ
1548 934 1858 969 προσκολληθήσεται

219 981 296 1014 πρὸς
311 981 368 1015 τὴν
378 981 508 1016 γυναῖκα
527 982 621 1010 αὐτοῦ
636 1002 643 1014 ,
656 982 705 1010 καὶ
719 982 842 1009 ἔσονται
857 982 884 1008 ol
897 981 951 1008 δύο
967 982 1011 1013 εὶς
1031 980 1130 1015 σάρκα
1140 981 1228 1016 μίαν·
1242 981 1274 1008 τὸ
1281 982 1453 1016 μυστήριον
1479 981 1567 1008 τοῦτο
1577 981 1656 1016 μέγα
1685 980 1782 1009 ἐστὶν.
1799 979 1865 1013 ἐγὼ.

219 1029 254 1056 δὲ
265 1028 343 1064 λέγω
356 1030 400 1062 εἰς
410 1029 542 1064 Χριστὸν
554 1030 603 1057 καὶ
619 1031 664 1062 εἰς
681 1022 739 1064 τήν
764 1030 958 1064 Ἐκκλησίαν.

255 1075 300 1102 47.
321 1075 437 1103 Veniant.
466 1084 536 1103 nunc
561 1076 716 1110 iniquitatis
744 1081 902 1111 operatores
930 1077 1048 1110 atqneB

221 1123 408 1150 demonstrem
427 1122 565 1157 quomodo
577 1126 604 1148 et
617 1122 781 1157 quibusnam
796 1122 938 1157 inSpiratis
951 1130 1013 1149 ora-

221 1168 291 1196 culis
316 1168 468 1196 Ecclesiam
492 1169 527 1197 ab
546 1169 646 1197 unione
669 1176 730 1196 cum
756 1169 865 1197 Christo
895 1169 1014 1196 sceleste

222 1213 368 1241 tlivcllant?
398 1213 535 1248 quomodo
571 1214 727 1242 colueredes
750 1219 777 1241 et
805 1213 1014 1248 concorporalcs

221 1259 325 1287 Christi
357 1260 505 1287 simulacra
538 1260 572 1288 ab
596 1260 753 1289 inﬁdelibus
784 1261 855 1288 culta
882 1259 1014 1287 adorant?

222 1306 364 1339 Quomodo
380 1314 446 1341 ergo
460 1314 554 1334 verum
575 1307 679 1339 dicant,
699 1308 745 1342 qui
762 1306 875 1334 falsitati
895 1306 1014 1341 patroci-

223 1352 343 1379 nantur?
356 1351 473 1380 Videant
494 1353 586 1388 igitur,
604 1352 656 1380 nisi
675 1353 745 1380 forte
765 1353 854 1388 ipsum
875 1352 1014 1380 Christum

223 1397 367 1431 profanum
395 1397 462 1433 quid
492 1403 519 1426 et
545 1398 681 1433 impurum
712 1404 823 1433 propter
850 1403 961 1426 vocatos
986 1399 1014 1426 in

223 1443 342 1478 ejusdem
368 1448 472 1472 sortem
496 1449 524 1472 et
545 1445 767 1480 concorporalem
794 1446 1014 1473 communionem

223 1490 400 1522 existimant;
422 1490 543 1523 videant,
568 1491 691 1526 inquam,
712 1499 746 1518 ne
762 1490 938 1526 blasphemiae
954 1491 1013 1518 cul-

224 1543 287 1563 men
301 1534 551 1571 attingantNerum
566 1536 592 1563 hi
609 1543 698 1571 neque
714 1543 744 1564 se
759 1536 848 1570 obrui,
869 1543 970 1571 neque,
987 1541 1016 1563 ut

225 1581 262 1607 ita
278 1581 380 1613 dicam,
400 1580 490 1608 defodi
510 1581 753 1617 sentiuntpropria
774 1582 935 1616 ignominia,
951 1581 1015 1609 dum

224 1627 368 1661 loquentes
385 1626 411 1653 in
428 1625 533 1661 Spiritu
558 1627 606 1655 Dei
627 1633 737 1655 sanctos
759 1627 913 1663 prophetas.
933 1632 1015 1663 atque

225 1671 364 1706 apostolos
385 1671 530 1707 abrogant,
555 1679 658 1704 eosque
677 1672 809 1707 profanos
829 1673 912 1701 veluti
931 1678 1015 1708 atque

225 1718 324 1752 impios
353 1722 430 1746 vates
457 1718 600 1746 clamitant
621 1724 649 1746 ct
675 1721 820 1754 magistros
847 1727 881 1747 ex
905 1721 1016 1755 proprio

223 1762 320 1791 ventre
331 1763 487 1798 loquentes.
501 1763 622 1796 Quorum
634 1763 762 1791 vitandos
775 1771 944 1799 spurcosque
957 1772 1016 1792 ser-

225 1816 321 1836 mones
335 1809 368 1837 ad
385 1809 426 1836 sui
445 1809 550 1837 erroris
573 1809 810 1837 conﬁrmationem
830 1810 1014 1844 pertrahunt:

226 1854 363 1888 Particeps
390 1854 525 1881 idolorum
540 1852 671 1888 Ephraim
689 1855 776 1888 posuit
800 1856 851 1883 sibi
865 1856 994 1884 scandala
1006 1865 1016 1884 :

224 1901 338 1928 irritavit
353 1900 535 1933 Chananwos,
547 1901 662 1937 legimus
674 1902 696 1917 ⁸⁷
709 1911 716 1935 ;
731 1906 760 1929 at
775 1901 946 1931 Christianos
959 1903 1017 1931 ido-

226 1947 312 1974 lorum
331 1947 480 1983 participes
508 1948 597 1982 iisque
622 1949 857 1977 communicantes
883 1957 1017 1985 nusquam

225 2001 312 2028 usque
323 1994 357 2020 ad
371 1993 442 2022 hanc
458 1994 530 2022 diem
545 2002 559 2020 a
576 1995 704 2030 quopiam
716 1995 769 2022 dici
785 1996 948 2028 audivimus,
964 1997 1021 2024 nisi

225 2040 260 2067 ab
276 2041 309 2068 iis
325 2046 439 2074 tantum,
456 2042 501 2077 qui
514 2041 646 2070 adversus
663 2041 766 2070 Christi
784 2043 898 2078 gloriam
911 2049 939 2071 et
952 2051 1018 2071 con-

225 2092 267 2112 tra
293 2091 368 2114 recte
396 2095 458 2114 eum
492 2087 616 2115 colentes
649 2093 732 2121 atque
763 2088 909 2116 adorantes
943 2089 1018 2117 rabie

226 2134 375 2160 insaniunt.
391 2133 485 2168 Neque
495 2134 520 2160 id
535 2133 645 2162 mirum.
659 2133 717 2161 Mos
731 2139 773 2162 est
784 2135 856 2162 enim
872 2135 1017 2170 impiorum

225 2179 387 2206 adversandi
403 2179 572 2211 melioribus,
590 2183 618 2206 et
634 2179 777 2206 veritatem
794 2179 971 2215 depravandi,
990 2187 1019 2208 ut

225 2225 369 2252 sententia:
381 2232 437 2252 sua:
452 2224 655 2259 improbitatem
667 2224 760 2252 velare
771 2230 882 2260 queant.
897 2225 1019 2254 Dictum-

226 2279 279 2308 que
298 2279 311 2298 a
330 2271 433 2299 sanctis
454 2271 520 2298 viris
543 2277 620 2298 recte
648 2271 708 2304 fuit,
730 2270 860 2299 latentem
887 2271 1018 2299 malitiam

226 2318 394 2354 proclamata
415 2324 475 2345 esse
490 2317 646 2345 noxiorem.

1029 1749 1051 1778 C

262 2453 307 2480 48.
325 2452 357 2479 Hi
373 2452 475 2487 quippe
488 2452 576 2487 palam
599 2453 739 2488 propriam
757 2453 922 2489 impietatem
950 2463 1020 2482 nun-

227 2506 310 2533 quam
328 2502 469 2526 ostentare
487 2498 631 2532 audentes,
657 2506 767 2533 gravent
786 2508 863 2527 suam
888 2501 1021 2528 adversus

227 2544 330 2572 cultant
349 2549 478 2571 nostrum
499 2543 625 2578 injuriam
651 2546 843 2579 subverentes,
868 2541 1022 2582 multosque

227 2591 314 2618 latere
335 2595 471 2625 putantes,
489 2591 566 2627 quasi
583 2591 722 2619 Christum
736 2600 788 2619 non
805 2592 943 2620 offendant
956 2594 1018 2621 dum

227 2637 287 2671 ejus
302 2637 400 2664 divina:
414 2637 526 2672 imagini
540 2638 734 2666 contumeliam
750 2638 865 2671 iaciunt,
879 2639 943 2674 quid
963 2647 1020 2667 mo-

227 2683 351 2711 liuntur?
363 2683 429 2717 Quia
449 2684 540 2712 sciunt
556 2690 653 2712 natura
670 2692 860 2720 comparatum
877 2694 931 2714 non
946 2694 1017 2720 esse,

228 2736 257 2757 ut
272 2738 316 2758 res
335 2731 399 2765 ipsa:
421 2735 572 2764 mutentur,
592 2732 701 2759 nomina
714 2738 806 2760 autem
823 2741 894 2769 saepe
914 2734 1020 2762 indiﬂea

227 2777 344 2805 tentiam
362 2784 417 2812 prae
432 2785 462 2804 se
486 2776 569 2809 ferre,
585 2779 618 2804 ad
637 2779 867 2808 denominationis
892 2781 1020 2810 dill'eren-

263 2867 285 2883 "
307 2868 406 2904 l-lphes.
419 2875 445 2901 ν,
461 2866 556 2896 28-52.
594 2867 616 2883 ⁸⁷
637 2866 706 2896 Osee
718 2876 755 2902 tv,
773 2869 809 2897 17.

1100 1075 1153 1109 μζ.
1182 1076 1340 1103 Ἠκέτωσαν
1355 1074 1403 1103 οὖν
1419 1077 1443 1103 οἱ
1459 1078 1510 1112 τῆς
1526 1076 1640 1111 ἀνομίας
1659 1075 1791 1109 ἐργάται,
1811 1075 1860 1100 καὶ

1065 1119 1247 1148 δεικνύτωσαν
1265 1121 1348 1148 πόθεν
1369 1121 1418 1157 τὴν
1442 1122 1608 1157 Ἐκκλησίαν
1623 1141 1630 1153 ,
1648 1121 1696 1148 καὶ
1721 1122 1754 1147 ὲκ
1772 1120 1859 1147 ποίων

1066 1166 1253 1194 θεοπνεύστων
1279 1168 1377 1202 λογίων
1391 1189 1398 1201 ,
1420 1168 1471 1203 τῆς
1488 1169 1558 1195 κατὰ
1576 1167 1695 1203 Χριστὸν
1733 1166 1861 1198 ὲνὼσεως

1065 1213 1202 1248 ἀθεμίτως
1212 1214 1373 1249 διορίζουσις
1389 1214 1447 1246 πῶς
1460 1215 1485 1241 οἱ
1498 1214 1717 1250 συγκληρονόμοι
1730 1214 1777 1240 καὶ
1793 1213 1859 1239 σύσ-

1066 1267 1153 1295 σωμοι
1165 1261 1283 1296 Χριστοῦ
1302 1261 1406 1293 ξοάνοις
1420 1263 1476 1293 τοῖς
1490 1261 1545 1287 τῶν
1563 1261 1685 1287 ἀπίστων
1702 1259 1862 1295 σεϐάσμασι

1066 1306 1279 1341 λελατρεύκασι;
1296 1307 1379 1334 Πόθεν
1403 1308 1450 1334 οὖν
1472 1308 1504 1334 τὸ
1524 1307 1623 1342 ἀληθὲς
1647 1306 1859 1339 ἁπενέγκοιντο,

1066 1353 1090 1379 οἱ
1105 1352 1143 1388 τῷ
1157 1352 1251 1387 ψεύδει
1270 1353 1499 1389 συναγορεύοντες
1511 1361 1518 1386 ;
1529 1352 1723 1379 Σκοπείτωσαν
1735 1351 1763 1378 δὲ
1781 1353 1804 1378 εἰ
1823 1351 1867 1386 μὴ.

1067 1398 1114 1424 καὶ
1124 1398 1241 1433 Χριστὸν
1250 1397 1341 1431 αὑτὸν,
1357 1398 1447 1425 κοινόν
1458 1407 1484 1424 τι
1499 1398 1546 1424 καὶ
1558 1396 1727 1432 ἀκάθαρτον,
1743 1395 1788 1422 διὰ
1796 1396 1862 1427 τοὺς

1068 1444 1358 1480 συγκληρονομοῦντας
1377 1445 1425 1472 καὶ
1440 1444 1489 1480 τὴν
1505 1443 1577 1471 κατὰ
1592 1443 1622 1470 τὺ
1636 1443 1780 1477 σύσσωμον
1799 1450 1862 1468 κοι-

1067 1490 1165 1517 νωνίαν
1175 1491 1333 1526 ἡγήσαιντο,
1348 1490 1395 1517 καὶ
1411 1490 1441 1516 τὸ
1449 1489 1509 1516 ὅλον
1524 1489 1574 1524 τῆς
1589 1488 1766 1524 βλασφημίας
1782 1486 1863 1514 αὐτοὶ

1067 1535 1338 1571 κληρονομείτωσαν·
1368 1536 1426 1563 ἁλλ’
1456 1536 1507 1562 οὐκ
1535 1534 1775 1570 ἐγκαλύπτονται,
1800 1533 1864 1559 οὐδὲ

1067 1582 1246 1609 καταδύονται
1266 1583 1313 1609 ἐπὶ
1325 1584 1356 1618 τῇ
1383 1582 1490 1610 ἑαυτῶν
1507 1581 1624 1617 αἰσχύνῃ
1636 1601 1644 1614 ,
1659 1581 1724 1612 τοὺς
1742 1579 1793 1614 μὲν
1809 1580 1862 1606 λατ

1040 1653 1048 1657 .
1066 1629 1179 1661 λοῦντας
1194 1630 1223 1657 ὲν
1233 1630 1372 1666 Πνεύματι
1380 1630 1448 1657 Θεοῦ
1459 1630 1600 1665 μυστήρια
1610 1629 1754 1664 προφήτας
1764 1628 1864 1662 ἁγίους

1067 1676 1116 1703 καὶ
1129 1676 1296 1708 ἀποστόλους
1306 1675 1553 1712 παραγραφόμενοί
1568 1684 1597 1702 τε
1612 1676 1658 1702 καὶ
1670 1674 1863 1710 διωθούμενοι,

1067 1722 1174 1757 ἐναγεῖς
1196 1723 1224 1749 δέ
1239 1731 1315 1756 τινας
1331 1724 1378 1750 καὶ
1395 1723 1521 1755 ἀνοσίους
1538 1723 1684 1758 προφήτας
1709 1721 1865 1756 αὐχοῦντες

1071 1769 1118 1795 καὶ
1133 1768 1311 1800 διδασκάλους
1326 1770 1357 1795 ὲκ
1370 1768 1421 1804 τῆς
1439 1768 1507 1800 ἰδίας
1523 1768 1786 1802 ἀποφθεγγομένους
1805 1775 1866 1793 κοι-

1071 1813 1132 1846 λίας
1145 1823 1152 1829 ·
1171 1812 1209 1842 ῶν
1233 1815 1263 1841 τὸ
1287 1814 1406 1849 φευκτὸν
1423 1815 1470 1841 καὶ
1484 1814 1602 1846 δυσῶδες
1619 1814 1673 1840 τῶν
1689 1813 1778 1847 λόγων
1789 1833 1797 1845 ,
1813 1813 1867 1848 τῆς

1073 1860 1141 1892 ιδίας
1159 1860 1248 1887 αὐτῶν
1275 1860 1384 1895 ἀπάτης
1410 1859 1479 1895 πρὸς
1509 1859 1641 1886 πίστωσιν
1659 1858 1842 1893 ὲπισύρονται
1856 1867 1863 1873 ·

1072 1906 1208 1941 Μέτοχος
1225 1906 1356 1933 ειδώλων
1377 1905 1504 1940 Ἐφραὶμ
1519 1905 1629 1939 ἔθηκεν
1649 1904 1746 1937 ἑαυτῷ
1764 1904 1865 1931 σκάν-

1072 1952 1152 1980 δαλα
1161 1960 1168 1967 ·
1188 1952 1308 1987 ᾐρέτισε
1320 1951 1520 1984 Χαναναίους,
1534 1952 1693 1986 ἀνέγνωμεν
1706 1959 1712 1966 ·
1730 1951 1868 1986 Χριστιαη

1072 2000 1134 2031 νοὺς
1158 1999 1186 2026 δὲ
1210 1999 1329 2026 εἰδώλων
1356 1998 1486 2034 μετόχους
1515 1997 1563 2024 καὶ
1584 1997 1733 2028 κοινωνοὺς
1755 1996 1866 2023 οὐδέπω

1073 2045 1122 2072 καὶ
1138 2045 1260 2080 σήμερον
1275 2044 1341 2078 παρ’
1355 2042 1465 2070 ὁτουοῦν
1478 2042 1648 2077 ἀκηκόαμεν,
1664 2041 1705 2068 ὅτι
1720 2041 1757 2076 μὴ
1773 2041 1866 2076 μόνων

1073 2090 1127 2117 τῶν
1144 2090 1215 2117 κατὰ
1232 2090 1281 2124 τῆς
1297 2090 1376 2124 δόξης
1392 2087 1513 2124 Χριστοῦ
1529 2088 1576 2114 καὶ
1593 2087 1648 2113 τῶν
1666 2087 1754 2122 ὀρθῶς
1769 2087 1866 2113 σεϐόν-

1072 2146 1126 2164 των
1153 2137 1200 2163 καὶ
1220 2135 1448 2171 προσκυνούντων
1476 2133 1551 2169 αὐτῷ
1575 2133 1796 2168 λελυττηκότων·
1817 2134 1867 2160 καὶ

1074 2182 1234 2217 θαυμαστόν
1249 2190 1280 2216 γε
1296 2181 1373 2208 οὐδέν
1386 2190 1392 2197 ·
1414 2181 1475 2213 ἔθος
1494 2180 1550 2216 γὰρ
1572 2182 1629 2212 τοῖς
1646 2180 1794 2207 ἀσεϐοῦσιν
1808 2181 1868 2206 ἐπι-

1074 2228 1214 2255 ϐουλεύειν
1227 2228 1284 2259 τοῖς
1304 2227 1455 2263 κρείττοσι,
1471 2227 1519 2253 καὶ
1541 2226 1636 2253 δολοῦν
1655 2225 1704 2260 τὴν
1719 2226 1866 2260 ἀλήθειαν,

1075 2275 1118 2302 ἵνα
1129 2274 1179 2310 τὴν
1193 2274 1298 2300 ἑαυτῶν
1310 2274 1412 2300 κακίαν
1426 2273 1588 2308 δεδογμένον
1601 2272 1693 2304 αὐτοῖς
1710 2273 1866 2299 κατασκιά-

1073 2321 1130 2353 ζειν
1146 2320 1323 2356 κρατύνωσι·
1352 2319 1399 2346 καὶ
1424 2319 1515 2350 καλῶς
1541 2327 1573 2356 γε
1599 2319 1708 2354 εἴρηται
1733 2319 1868 2354 ἀνδράσιν

1076 2367 1175 2402 ἁγίοις,
1193 2367 1237 2393 ὅτι
1251 2366 1427 2393 λανθάνουσα
1444 2365 1561 2401 πονηρία
1572 2385 1580 2396 ,
1597 2365 1648 2400 τῆς
1671 2373 1870 2400 προκεκηρυγ-

1037 2431 1059 2459 D
1078 2413 1164 2449 μένης
1180 2413 1384 2459 βλαϐερωτέρα.

1112 2459 1168 2495 μη’.
1183 2456 1266 2486 Οὗτοι
1285 2459 1340 2494 γὰρ
1359 2460 1391 2485 ὲκ
1418 2458 1466 2486 τοῦ
1491 2457 1650 2493 προφανοῦς
1674 2458 1868 2493 παρρησιάζε-

1075 2506 1138 2533 σθαι
1155 2505 1283 2540 οὐδαμῶς
1301 2505 1482 2540 ὑφιστάμενοι
1493 2505 1542 2539 τὴν
1559 2503 1740 2535 ἁσέὁειαν,τὸ
1757 2503 1809 2538 τῆς
1830 2505 1869 2535 εἰς

1073 2552 1123 2586 τὴν
1135 2550 1287 2586 θρησκείαν
1302 2550 1381 2585 ὴμῶν
1391 2550 1498 2586 ὕϐρεως
1510 2549 1665 2585 ὑπέρογκον
1681 2548 1869 2582 ὐπειδόμενοι,

1073 2597 1218 2624 λανθάνειν
1241 2605 1271 2623 τε
1288 2596 1352 2627 τοὺς
1370 2596 1487 2627 πολλοὺς
1511 2595 1642 2630 οἰόμενοι,
1660 2594 1756 2628 ὥσπερ
1774 2595 1806 2620 οὐ
1831 2594 1870 2630 τῷ

1074 2643 1187 2680 Χριστῷ
1204 2643 1421 2679 προσκρούουσι,
1440 2642 1470 2668 τὸ
1489 2641 1561 2668 θεῖον
1585 2641 1669 2668 αὐτοῦ
1686 2640 1870 2676 καθυὸρίζον-

1074 2697 1120 2722 τες
1130 2690 1328 2724 ἁπεικόνισμα,
1343 2689 1369 2715 τί
1386 2687 1563 2724 μηχανῶνται
1575 2696 1583 2719 ;
1597 2687 1635 2718 ὡς
1645 2686 1699 2713 τῶν
1713 2686 1762 2722 μὲν
1776 2695 1870 2721 πραγ-

1078 2737 1172 2772 μάτων
1193 2736 1296 2767 nam;
1316 2735 1345 2761 τὸ
1366 2734 1545 2771 μεταϐάλλειν
1566 2734 1596 2760 οὐ
1624 2733 1800 2768 πεφυκότων,
1814 2734 1871 2760 τῶν

1077 2783 1219 2818 ὀνομάτων
1234 2782 1261 2809 δὲ
1275 2782 1313 2814 ὡς
1326 2782 1359 2809 τὰ
1375 2781 1460 2808 πολλὰ
1472 2780 1501 2808 τὸ
1516 2780 1673 2815 ἀδιαφορεῖν
1690 2780 1868 2814 ἐνδεικνυμέ-
