1947 3080
82 160 136 193 (97

506 159 794 191 APOLOGETICUS
813 160 887 190 PRO
907 159 1041 190 SACRIS
1061 159 1299 190 lMAGlNIBUS.

1670 156 1725 188 698

85 223 153 248 νων,
171 214 220 240 ἐπὶ
239 214 288 250 τὴν
302 216 352 250 τῆς
372 216 564 252 προσηγορίας
588 217 708 252 χωροῦσι
729 217 878 251 διαφορὰν,

939 217 998 244 tiam
1015 221 1190 252 procurrunt,
1206 221 1233 243 et
1244 215 1387 243 diabolicis
1402 214 1576 250 religionibus
1588 214 1727 242 addictam

87 260 136 287 καὶ
155 260 187 287 τὸ
217 261 274 292 τοῖς
304 261 474 296 δαιμονικοῖς
499 262 672 298 σεϐάσμασιν
700 263 882 298 ἀνακείμενον

85 306 186 341 ὕνομα,
199 308 234 342 τῇ
245 307 293 333 τοῦ
309 307 437 342 Σωτῆρος
455 308 535 343 ἡμῶν
552 308 674 344 Χριστοῦ
691 310 740 336 καὶ
754 309 822 336 Θεοῦ
839 318 883 335 σε-

86 351 195 386 ϐασμία
210 351 339 381 είκόνι,οὶ
353 352 391 386 τῷ
401 353 459 378 ὄντι
476 352 532 378 τῶν
542 352 660 379 εἰδώλων
673 353 788 388 ἐρασταὶ
798 353 882 388 ἀπορ-

87 397 167 432 ρῖψαι
181 398 211 424 οὒ
235 398 496 433 καταπεφρίκασιν,
519 398 630 425 εἴδωλον
647 399 751 435 ταύτην
775 399 883 426 ἀποκα-

85 442 229 475 λέσαντες,
246 443 294 469 καὶ
306 444 368 475 τοὺς
388 444 528 479 τιμῶντας
541 445 628 480 αὐτὴν
637 445 675 477 ὡς
691 445 803 480 θεμιτὸν
816 446 883 480 Χρι-

88 490 228 520 στιανοτς,
256 489 455 526 εξδω).ολάτρας
488 491 746 526 κατονομάσαντες·
778 492 820 518 ἵνα
845 491 884 524 ὡς

76 535 355 585 ςπαρτιικειιινημένιιιν
371 537 449 571 ήμῶν
462 537 543 571 δῆθεν
558 537 607 572 τὴν
626 537 720 564 πίστιν
735 537 882 572 φωράσαν-

82 581 145 621 fec,
159 581 192 608 τὸ
209 581 327 617 βεϐηκὸς
344 582 390 608 καὶ
404 582 512 618 ἑδραῖον
527 583 629 618 ταύτης
643 583 675 610 τό
686 591 718 617 γε
733 584 776 610 ἐπ’
790 583 884 615 αὐτοῖς

73 623 333 662 ν’παρασαλεύσειαν
343 636 350 643 ⁸
364 628 477 663 ἔκδηλον
490 628 616 655 ἐντεῦθεν
631 630 840 665 ἀποκυήσαντες
854 630 884 657 τὺ

68 669 75 688 δ
90 675 233 709 ἀνόμημα,
250 675 301 710 τήν
313 683 343 701 τε
361 675 402 706 είς
417 675 534 710 Χριστὸν
551 675 725 711 βλασφημίαν
738 677 883 711 ἀναισχύν-

89 729 146 752 τως
159 721 426 754 κατασκευάζοντες,
444 723 492 749 καὶ
509 722 560 758 τῆς
581 723 664 758 ὀρθῆς
687 724 735 750 καὶ
751 723 884 758 ἀψευδοῦς

90 766 171 801 ήμῶν
193 767 274 803 δόξης
293 767 379 799 ἀδεῶς
406 768 452 795 καὶ
473 769 742 805 ἀπηρυθριασμένως
762 778 882 804 καταγοο

91 812 217 847 ρεύοντες
227 821 235 828 ·
249 813 317 841 ἀλλὰ
331 814 366 841 τὰ
381 815 430 850 μὲν
443 815 507 850 ἔθνη
526 816 597 851 ὑπὲρ
613 815 706 847 ἐλέους
718 815 824 848 δοξάζει
838 816 883 842 τὸν

88 859 167 891 Θεὸν,
184 860 339 894 καὶταῦτα,
354 861 409 888 τῶν
425 862 488 898 ἄρτι
499 862 549 897 τῆς
561 862 690 893 ἀπιστίας
708 862 882 898 ὑπερκυψάν-

88 913 156 936 των,
176 907 224 932 καὶ
242 907 287 934 τὸν
307 907 386 941 λόγον
408 908 654 944 παραδεδεγμένων
679 908 726 943 τῆ,
751 909 880 943 χάριτος·

88 947 165 977 οὗτοι
187 951 216 977 δὲ
237 953 261 978 oi
284 953 331 979 νῦν
353 953 496 989 λεγόμενοι
523 953 692 989 Χριστιανοὶ,
714 954 760 980 καὶ
781 954 883 980 τούτων

91 996 213 1030 μάλιστα
230 995 272 1029 οἷς
287 998 317 1024 τὸ
337 999 387 1031 τῆς
403 1000 555 1035 ἱερωσύνης
572 999 791 1035 ὲπικεκηρύχθαι
809 999 884 1026 δοκεῖ

89 1041 212 1077 ἀξίωμα,
226 1043 256 1069 οὐ
284 1045 426 1079 φρίττουσι
444 1045 493 1080 τὴν
512 1045 611 1080 ψυχὴν,
626 1045 657 1072 οιί
681 1045 883 1079 καταδεσμοῦν-

88 1096 135 1114 ται
145 1088 194 1123 τὴν
205 1088 342 1122 γλῶσσαν,
356 1090 386 1116 οὐ
399 1090 502 1117 δεδίασι
520 1093 569 1126 τῆς
585 1092 742 1127 δυσφημίας
755 1092 786 1118 τδ
799 1092 884 1126 ὑπέρ-

90 1142 185 1167 ογκον,
208 1135 323 1167 ἑαυτούς
354 1145 384 1162 τε
410 1137 457 1164 καὶ
490 1138 554 1170 τοὺς
581 1138 679 1170 ἄλλους
704 1139 884 1174 Χριστιανοὺς

90 1179 227 1212 ἅπαντας,
252 1181 303 1216 τὴν
330 1182 428 1217 μερίδα
453 1182 502 1209 τοῦ
530 1183 599 1209 Θεοῦ
626 1184 675 1210 καὶ
701 1184 885 1219 κληρονομίαν

90 1226 226 1261 Χριστοῦ,
237 1227 384 1262 δαιμονίων
398 1227 564 1264 ἀκαθάρτων
577 1229 762 1265 κληρονομίαν
778 1238 886 1257 κατονο-

93 1271 176 1306 (aliis:
202 1280 209 1286 ·
227 1273 275 1299 καὶ
298 1274 324 1300 εί
340 1273 390 1309 μὲν
410 1275 516 1306 ἑαυτοῖς
535 1275 627 1310 μόνοις
646 1275 695 1310 τὴν
714 1276 885 1302 ἀποστασίαν

91 1318 140 1344 καὶ
170 1319 303 1345 ἀσέϐειαν
327 1321 509 1356 ἐπεφήμιζον,
535 1321 646 1348 πάντων
672 1321 706 1348 ἂν
731 1321 885 1357 ἀνθρώπων

92 1364 272 1400 ἐλεεινότεροι
287 1366 333 1392 καὶ
351 1365 554 1402 βδελυκτότεροι
572 1367 758 1403 ἐνομίσθησαν
769 1376 776 1383 ·
795 1368 843 1395 νῦν
857 1369 886 1396 δὲ

92 1411 166 1437 κατὰ
182 1412 293 1439 πάντων
306 1411 411 1444 ἁπλῶς,
430 1413 484 1440 τῶν
499 1413 550 1448 τῆς
564 1413 729 1448 ἀξιαγὰστου
746 1414 825 1449 ἡμῶν
840 1415 887 1441 καὶ

92 1458 227 1493 ἀληθινῆς
241 1458 391 1494 θρησκείας
408 1460 590 1495 μετεχόντων,
602 1461 651 1492 τὰς
663 1460 787 1492 ἀνοσίους
798 1461 886 1495 γλώσ-

94 1512 144 1535 σας
159 1504 333 1538 κινήσαντες,
350 1505 408 1536 πῶς
420 1505 455 1532 τὰ
476 1506 508 1532 ὲκ
531 1506 581 1541 τῆς
599 1505 673 1537 θείας
697 1506 746 1532 οὐκ
767 1507 887 1534 οἴσουσιν
900 1520 922 1549 c

92 1550 192 1585 ὀργῆς,
204 1550 295 1582 δίκαις
310 1551 492 1586 πικροτάταις
511 1552 732 1587 ὐποιρερόμενοι;
750 1552 820 1579 ’Λλλ¹
840 1553 887 1580 ἐπὶ

93 1595 143 1628 τὰς
156 1596 335 1631 προφητικὰς
359 1597 452 1630 φωνὰς
473 1598 643 1624 ὲπανακτέον
655 1598 806 1631 τὸνλόγον·
824 1598 887 1630 τοὺς

93 1639 141 1668 οὖν
164 1642 197 1668 ὲκ
222 1642 332 1668 πάντων
356 1641 441 1668 ἐθνῶν
463 1650 493 1668 τε
510 1642 558 1669 καὶ
577 1642 710 1676 γλωσσῶν
733 1642 780 1669 καὶ
793 1642 887 1668 πασῶν

93 1687 208 1722 γενεῶν,
222 1688 286 1719 τοὺς
306 1687 336 1720 ἐξ
350 1688 460 1722 ἁπάσης
481 1688 534 1723 γῆς
556 1696 585 1714 τε
606 1688 653 1715 καὶ
673 1689 762 1723 νήσων
781 1689 826 1715 καὶ
841 1688 888 1715 θα-

94 1732 199 1766 λάσσης
214 1732 260 1767 ὑφ’
272 1733 313 1759 ἐνὶ
329 1732 437 1767 βασιλεί
451 1732 637 1768 τεθειμένους,
657 1733 705 1760 καὶ
723 1733 771 1760 ἕνα
785 1732 888 1768 Κύριον

95 1779 142 1806 καὶ
154 1779 222 1805 Θεὸν
239 1779 286 1806 καὶ
301 1779 441 1814 Δεσπότην
453 1778 557 1809 εἰδότας
572 1788 602 1805 τε
613 1779 660 1805 καὶ
678 1778 828 1810 καλοῦντας
842 1779 888 1805 καὶ

96 1824 237 1856 σέϐοντας,
251 1824 385 1859 ἑπόμενον
398 1824 432 1851 ἂν
447 1824 490 1860 εἴη
504 1824 543 1850 ἐνί
555 1832 586 1858 γε
599 1825 724 1860 ὀνόματι,
739 1825 786 1851 καὶ
802 1825 889 1858 τούτῳ

95 1870 134 1905 τῷ
155 1870 203 1896 ἀπ’
226 1869 331 1897 ἐκείνου
352 1870 534 1905 ὀνομάζεσθαι
551 1871 597 1898 καὶ
621 1870 825 1905 γνωρίζεσθαι·
848 1870 890 1898 διό

96 1922 199 1949 φησιν·
228 1913 291 1947 Τοῖς
312 1914 497 1942 δουλεύουσί
514 1924 566 1950 μοι
588 1917 774 1949 κληθήσεται
795 1915 889 1950 ὄνομα

95 1961 214 1993 καινὸν,
232 1960 247 1987 δ
268 1960 509 1996 εὐλογηθήσεται
524 1961 572 1988 ἐπὶ
593 1961 650 1996 τῆς
666 1961 740 1997 γῆς·
760 1962 889 1996 εὐλογή-

92 2015 189 2034 σουσι
204 2007 259 2042 γὰρ
271 2007 325 2034 τὸν
339 2007 413 2034 Θεὸν
431 2007 486 2034 τὸν
500 2008 658 2041 ἀληθινόν.

130 2053 165 2080 Τί
179 2053 249 2088 πρὸς
262 2053 349 2080 ταῦτα
372 2055 450 2088 φαῖεν
467 2054 493 2080 oi
510 2055 684 2090 ἀναίσθητοι;
697 2054 723 2081 τί
746 2055 773 2081 δὲ
792 2055 889 2090 ἡμεῖς;

96 2100 158 2126 Ὀτι
168 2100 289 2135 Χριστὸς
304 2100 317 2126 ὁ
332 2099 436 2135 Κύριος
447 2101 493 2127 καὶ
503 2100 567 2132 Θεὸς
587 2100 677 2135 ἡμῶν,
687 2100 830 2136 ἄνθρωπος
845 2109 890 2134 γε-

95 2144 195 2179 γονὼς,
217 2146 440 2180 προσηγόρευται
453 2146 542 2180 ὄνομα
556 2145 654 2180 δηλοῦν
668 2146 736 2181 ὁμοῦ
754 2146 807 2172 τῶν
828 2154 890 2171 συν-

932 262 1167 291 nomenclaturam
1183 262 1344 289 venerandae
1353 260 1510 288 Servatoris
1525 261 1611 288 nostri
1621 261 1727 289 Christi

933 317 964 336 ac
981 309 1028 336 Dei
1048 309 1171 344 imagini,
1187 309 1213 336 hi
1232 310 1278 343 qui
1296 317 1392 336 revera
1410 313 1474 336 sunt
1490 308 1624 335 idolorum
1648 316 1727 335 ama-

934 359 1017 388 tores,
1039 353 1248 382 accommodare
1276 355 1346 382 haud
1371 350 1594 389 perhorrescunt,
1622 354 1724 380 idolum

933 401 1004 428 hanc
1023 400 1210 436 appellantes;
1225 405 1252 428 et
1263 400 1384 428 colentes
1396 408 1456 427 eam
1476 401 1528 427 rite
1550 399 1726 427 Christianos

933 438 1097 474 idololatras'
1106 447 1258 474 vocitantes
1276 456 1283 473 :
1299 451 1338 478 ut,
1353 454 1401 474 ceu
1415 449 1436 473 sl
1452 454 1608 481 perversam
1623 445 1724 473 abhinc

935 493 1014 521 fidem
1032 498 1151 521 nostram
1169 494 1335 526 invenerint,
1355 493 1534 520 stabilitatem
1547 492 1628 527 hujus
1642 497 1725 527 alque

933 540 1129 571 constantiam,
1146 544 1278 574 quantum
1299 540 1326 566 in
1349 539 1416 574 ipsis
1433 543 1487 571 est,
1503 542 1646 571 evertant;
1664 546 1724 564 ma-

934 586 1063 613 nifestam
1082 585 1146 613 hinc
1166 586 1304 620 parientes
1331 585 1517 619 iniquitatem,
1539 591 1634 618 nempe
1652 589 1678 611 et
1697 584 1723 610 in

933 631 1072 659 Cltristum
1093 631 1278 658 irreverenter
1301 630 1499 665 blasphemiam
1521 628 1680 661 conﬂantes,
1697 633 1724 656 et

934 683 1038 705 rectum
1054 677 1247 712 sincertunque
1265 677 1362 711 dogma
1380 681 1503 703 nostrum
1521 680 1622 702 temere
1638 674 1724 708 impu-

933 722 1084 757 denterque
1105 728 1276 749 accusantes.
1293 721 1376 756 Atqui
1395 727 1492 756 gentes
1515 720 1624 754 quidem
1642 719 1725 746 mise-

934 768 1078 795 ricordiam
1106 767 1152 793 Dei
1178 767 1352 798 collaudant,
1386 761 1561 800 quanquattr
1583 771 1668 798 nuper
1690 771 1726 790 ex

936 815 1094 843 inﬁdelitate
1109 814 1282 846 exsiliet-unt,
1302 813 1452 848 gratiaeque
1475 812 1625 838 doctrinam
1650 817 1724 837 rece-

936 865 1045 897 perunt.
1067 861 1112 888 Isti
1134 867 1223 887 autem
1247 859 1294 894 qui
1318 866 1389 886 nunc
1413 859 1542 884 dicuntur
1565 856 1726 888 Christiani,

935 908 1106 942 maximeque
1131 907 1147 933 ii
1177 907 1276 941 quibus
1310 904 1456 932 sacerdotii
1486 904 1584 930 tradita
1618 902 1727 929 \‘ideltlr

934 954 1062 987 dignitas,
1081 960 1132 979 non
1147 953 1261 979 horrettt
1277 951 1379 982 animo,
1397 958 1449 977 non
1465 949 1556 984 lingua
1574 949 1724 983 rigescunt,

934 999 1110 1033 blasphemia:
1127 1005 1267 1024 excessum
1285 1005 1338 1024 non
1357 1002 1496 1029 verentur,
1517 995 1580 1022 dum
1596 1002 1625 1022 se
1641 994 1725 1021 alios-

934 1054 987 1081 que
1008 1046 1180 1073 Christianos
1203 1052 1311 1076 omnes,
1338 1044 1385 1071 Dci
1402 1044 1555 1078 portionem
1571 1047 1598 1069 et
1620 1042 1721 1070 Christi

935 1093 1139 1123 haereditatem,
1166 1091 1317 1118 datmonnm
1344 1091 1512 1124 impurorum
1537 1089 1723 1118 hmreditatem

935 1137 1082 1173 appellant.
1104 1136 1163 1163 Jam
1183 1136 1290 1163 etiamsi
1305 1135 1356 1162 sibi
1373 1135 1440 1162 solis
1456 1133 1599 1168 apostasize
1615 1137 1643 1160 et
1656 1132 1724 1160 irre-

936 1184 1043 1220 ligionis
1060 1183 1160 1210 famam
1178 1182 1359 1216 imponerent,
1375 1182 1495 1207 omnium
1507 1187 1572 1208 sane
1584 1179 1724 1207 hominum

936 1229 1083 1257 miserrimi
1101 1233 1127 1255 et
1146 1228 1270 1262 apprime
1290 1227 1464 1254 detestabiles
1489 1226 1724 1254 existimarentur.

937 1276 1016 1304 Nunc
1041 1283 1105 1302 vero
1132 1282 1194 1301 cunt
1221 1275 1353 1301 adversus
1377 1281 1473 1300 omnes
1499 1272 1610 1299 omnino
1637 1271 1723 1297 admi-

937 1323 1027 1350 randaa
1041 1326 1141 1349 nostra:
1158 1328 1285 1354 vermque
1300 1319 1440 1354 religionis
1459 1323 1612 1351 consortes,
1629 1316 1726 1350 impias

937 1369 1044 1403 linguas
1067 1367 1277 1398 commoverim,
1300 1366 1346 1399 qui
1371 1365 1429 1391 ﬁeri
1457 1368 1545 1398 potest
1559 1368 1587 1389 ut
1606 1363 1725 1389 divinam

938 1414 1005 1441 iram
1016 1421 1070 1440 non
1079 1411 1256 1446 experiantur
1265 1410 1405 1444 suppliciis
1413 1407 1600 1436 acerbissimis
1607 1405 1729 1434 addicti?

939 1460 992 1487 Sed
1021 1459 1093 1486 enin.
1124 1459 1157 1485 ad
1187 1457 1344 1492 prophetica
1379 1456 1489 1483 oracula
1527 1454 1728 1482 convertendus

940 1511 1032 1532 sertno
1055 1508 1107 1530 est.
1126 1500 1211 1537 Igitur
1237 1501 1360 1528 homines
1374 1508 1406 1528 ex
1421 1499 1526 1528 cunctis
1548 1498 1672 1534 gentibus
1696 1505 1729 1525 ac

940 1548 1038 1583 linguis
1053 1547 1215 1580 cunctiSque
1238 1545 1379 1580 stirpibus,
1406 1543 1534 1571 mortales
1548 1551 1580 1570 ex
1599 1543 1728 1569 universo

939 1600 1075 1623 terrarum
1090 1593 1167 1624 orbe,
1190 1592 1287 1619 insulis
1311 1596 1393 1625 atque
1423 1590 1489 1617 mari
1516 1590 1567 1617 sub
1584 1597 1639 1616 uno
1665 1596 1729 1623 rege

939 1642 1113 1673 constitutos,
1127 1648 1265 1674 unumque
1283 1639 1428 1666 Dominum
1443 1646 1475 1665 ac
1491 1638 1573 1664 Deum
1586 1643 1613 1664 et
1628 1636 1731 1671 prinri-

938 1697 999 1725 pem
1017 1693 1208 1724 agnoscentes,
1230 1687 1390 1714 invocantes
1402 1691 1485 1720 atque
1499 1686 1630 1715 colentes,
1648 1682 1729 1718 213

939 1740 1151 1763 consentaneum
1169 1733 1263 1767 utique
1288 1732 1341 1759 crit
1356 1732 1435 1759 unico
1456 1732 1567 1758 nomine
1580 1735 1605 1757 ct
1621 1731 1729 1764 quidem

939 1783 1033 1809 abillo
1055 1781 1176 1816 principe
1202 1779 1325 1807 derirato
1347 1779 1477 1813 appellari
1497 1782 1578 1812 atque
1595 1775 1726 1803 deuotari.

939 1827 1043 1855 ldcirco
1058 1827 1188 1861 propheta
1208 1825 1245 1851 ait
1261 1833 1268 1851 :
1287 1824 1376 1852 Servis
1396 1825 1459 1850 meis
1483 1823 1620 1850 vocabitur
1637 1828 1730 1847 nomen

940 1880 1044 1904 novum,
1058 1865 1135 1907 'quod
1160 1871 1209 1898 erit
1235 1870 1262 1897 in
1281 1875 1353 1896 terra
1369 1868 1556 1900 benedictum;
1579 1865 1730 1894 benedireut

939 1919 1008 1946 enim
1026 1917 1108 1945 Deum
1126 1925 1213 1944 verum
1231 1917 1265 1943 ⁸⁸.

978 2053 1046 2087 Quid
1063 2053 1107 2080 isti
1122 2052 1155 2079 ad
1172 2051 1229 2078 hare
1244 2050 1333 2078 Stolidi
1350 2050 1455 2077 dicent?
1472 2048 1541 2082 Quid
1557 2051 1646 2074 autern
1663 2046 1733 2073 nos?

941 2100 1043 2135 Nempe
1058 2100 1129 2134 quod
1141 2099 1268 2126 Christus
1280 2098 1411 2125 Dominus
1426 2105 1458 2123 ac
1472 2096 1542 2123 Deus
1558 2099 1659 2126 noster,
1677 2092 1733 2119 fac~

944 2152 986 2174 tus
1002 2147 1094 2178 homo,
1125 2145 1237 2172 nomine
1263 2144 1416 2179 appellatus
1438 2143 1474 2170 sit
1501 2142 1572 2176 quod
1591 2146 1733 2173 utramque

96 2190 236 2216 ελθουσῶν
263 2190 372 2225 φύσεων
392 2190 423 2217 τὸ
444 2191 661 2226 συναμφότερον,
676 2191 727 2225 τῆς
745 2199 775 2217 τε
791 2191 889 2226 χρισάσ-

942 2193 1043 2219 uuilam
1061 2197 1185 2218 naturam
1199 2191 1301 2225 pariter
1313 2189 1488 2225 signiﬁcaret,
1506 2194 1603 2221 nempe
1611 2191 1637 2213 et
1648 2185 1734 2212 deita-

97 2245 148 2271 σης
172 2236 318 2271 θεότητος,
342 2236 391 2271 τῆς
412 2244 442 2262 τε
469 2236 629 2271 χρισυείσης
655 2235 891 2271 ἁνθρωπότητος-

96 2282 168 2309 ὥστε
188 2282 240 2317 μιᾷ
262 2283 340 2316 φωνῇ
362 2281 409 2308 καὶ
429 2282 484 2307 τῶν
505 2282 720 2316 συνδραμουσῶν
740 2282 840 2308 οὐσιῶν
861 2282 892 2308 τὸ

95 2327 223 2359 διπλοῦν.
239 2328 288 2354 καὶ
307 2328 357 2362 τὴν
378 2328 410 2354 ὲκ
425 2327 530 2354 τούτων
550 2327 596 2354 τοῦ
618 2327 720 2354 ἐνιαίου
743 2327 892 2362 προσώπου

98 2373 160 2401 καθ’
185 2373 338 2400 ὑπόστασιν
360 2373 469 2405 ἕνωσιν,
492 2373 622 2408 ἀσφαλῶς
644 2373 891 2407 διαγινώσκεσθαι·

97 2420 210 2454 εὔλογον
223 2417 270 2446 οὖν
280 2420 342 2452 τοὺς
357 2419 396 2451 είς
411 2419 442 2445 τὺ
459 2419 544 2454 ὄνομα
558 2419 637 2446 τοῦτο
658 2419 893 2454 βεὸατιτισμένους

96 2475 124 2492 τε
140 2467 190 2493 καὶ
205 2466 454 2501 ὲσφραγισμένους,
464 2465 512 2492 ἀπ’
524 2465 606 2492 αὑτοῦ
625 2466 767 2492 καλεῖσθαί
782 2474 812 2491 τε
822 2474 892 2500 παρ-

96 2511 236 2546 ωνύμως,
266 2510 314 2537 καὶ
352 2510 534 2546 χρηματίζειν
571 2510 774 2546 Χριστιανοὺς,
802 2508 894 2544 ταυτῴ

97 2558 205 2588 πάντας
229 2556 451 2591 γνωριζομένους
473 2555 521 2582 καὶ
548 2555 735 2591 καλουμένους
759 2555 893 2590 ὀνόματι,

97 2603 227 2639 καθάπερ
245 2603 271 2629 οἱ
288 2602 343 2628 τῶν
360 2602 543 2638 συνθημάτων
557 2603 591 2629 τὰ
611 2602 801 2637 ἐπισημότερα
823 2610 891 2635 γνω-

98 2651 220 2686 ρίσματα
243 2650 382 2684 φέροντες·
404 2649 544 2676 καὶτοῦτο
560 2650 627 2684 ήμίν
649 2648 680 2675 τὸ
702 2648 848 2674 ἰδιαίτατόν
863 2656 892 2674 τε

97 2697 145 2722 καὶ
165 2696 338 2722 οἰκειότατον
357 2695 504 2731 γνώρισμά
517 2704 547 2722 τε
567 2695 614 2722 καὶ
634 2695 731 2730 ὄνομα,
745 2694 798 2722 κᾶν
817 2696 842 2721 οἱ
858 2696 891 2730 τῇ

98 2741 169 2777 μέθῃ
191 2742 241 2777 τῆς
266 2741 396 2772 ἀσεϐείας
415 2740 631 2777 βεϐαπτισμένοι
657 2740 694 2776 μὴ
719 2740 889 2775 ἀνέχωνται·

96 2787 195 2813 τούτου
215 2795 248 2820 γε
267 2787 371 2812 εἵνεκεν
398 2787 446 2812 καὶ
466 2787 537 2820 ἄγαν
557 2785 720 2820 θεοπρεπῶς
742 2785 891 2820 Ἐκκλησία

135 2877 157 2893 *³
172 2878 225 2906 lsa.
242 2885 274 2904 1.x
287 2885 304 2910 l,
321 2877 347 2903 2.

943 2243 994 2265 tem
1014 2242 1158 2270 ungentem
1180 2241 1207 2264 et
1223 2241 1333 2263 unctam
1353 2235 1568 2265 humanitatem;
1587 2233 1621 2259 ita
1640 2235 1668 2258 ut
1682 2238 1735 2256 uno

941 2285 1075 2312 vocabulo
1091 2288 1117 2309 et
1134 2282 1355 2310 concurrentium
1380 2281 1594 2308 substantiarum
1619 2277 1734 2312 duplici-

943 2335 993 2362 las,
1010 2335 1037 2357 et
1052 2329 1124 2356 facta
1135 2336 1168 2356 ex
1183 2329 1225 2355 his
1237 2328 1323 2355 unicae
1337 2335 1459 2362 persome
1475 2326 1644 2361 hypostatica
1659 2323 1733 2355 unio,

943 2376 1003 2403 sine
1015 2375 1186 2402 dubitatione
1201 2375 1420 2408 dignosceretur.
1441 2372 1661 2398 Consentanequ
1681 2369 1734 2396 ita-

943 2430 996 2456 que
1018 2427 1090 2454 erat,
1105 2421 1191 2455 utqui
1215 2421 1240 2447 in
1262 2420 1314 2447 ltoc
1330 2419 1439 2446 nomine
1464 2416 1593 2452 baptizati
1614 2421 1694 2442 erant
1708 2419 1736 2442 et

945 2467 1108 2502 consignati,
1128 2467 1162 2494 ab
1175 2467 1272 2494 eodem
1298 2471 1448 2500 cognomen
1473 2471 1551 2491 suum
1570 2461 1735 2493 derivarcnt,

944 2518 972 2541 et
996 2513 1143 2541 Christiani
1186 2513 1362 2543 dicerentur,
1393 2518 1447 2538 uno
1477 2510 1627 2543 eodemque
1660 2507 1736 2534 titulo

947 2559 1070 2587 distincti
1092 2567 1188 2586 onmes
1212 2565 1293 2593 atque
1315 2557 1454 2592 appellati,
1477 2556 1552 2583 velut
1570 2555 1587 2582 ii
1603 2554 1648 2590 qui
1665 2553 1736 2589 pacti

946 2605 1061 2638 alicujus
1086 2605 1238 2632 certissima
1256 2605 1332 2639 signa
1346 2611 1401 2638 pra:
1419 2610 1450 2630 se
1463 2603 1565 2629 ferunt.
1586 2602 1674 2635 Atque
1687 2600 1737 2626 hoc

947 2650 1026 2677 nobis
1049 2650 1168 2677 maxime
1196 2650 1334 2684 proprium
1358 2656 1390 2676 ac
1406 2648 1544 2684 peeuiiare
1567 2645 1736 2682 signaculum

947 2703 1102 2730 nomenque
1125 2700 1178 2729 est,
1203 2695 1382 2730 quantumvis
1397 2694 1423 2722 hi
1440 2693 1606 2728 irreligiouis
1625 2692 1737 2726 crapula

946 2742 1027 2769 mersi
1043 2742 1138 2769 audire
1154 2750 1208 2769 non
1231 2742 1382 2776 patiantur.
1400 2740 1484 2775 llujus
1500 2739 1539 2767 rei
1551 2746 1633 2766 causa
1653 2737 1731 2764 mira-

947 2789 1037 2818 biliter
1063 2790 1207 2818 admodum
1226 2789 1326 2818 Christi
1349 2788 1469 2816 [Ecclesia
1482 2791 1510 2815 et
1528 2790 1570 2814 est
1584 2790 1612 2814 et
1625 2784 1737 2818 dicitur,
