1947 3080
73 150 127 183 τοι

504 156 786 188 APOLOGETICUS
804 158 879 188 PRO
899 159 1032 188 SACRIS
1052 159 1292 190 IMAGINIBUS.

1661 157 1714 190 7'02

73 208 146 242 τινα
171 207 251 235 ’Δλλὰ
272 208 322 243 τῆς
343 208 483 243 βασιλείας
506 211 588 237 αὐτοῦ
611 211 661 238 οὐκ
686 212 764 239 ἔσται
780 212 868 245 τέλος,

928 213 1086 246 εωὶυειὶιιιιι,
1104 215 1274 242 terrestrium
1288 219 1315 241 et
1327 214 1507 241 infernorunt.
1521 214 1561 241 An
1579 219 1714 248 postremo

74 254 124 280 καὶ
140 252 216 288 αὕτῷ
231 253 354 288 κάμπτει
370 255 424 280 πᾶν
443 255 508 288 γόνυ
524 256 696 291 ἐπουρανίων
709 266 737 284 τε
752 258 799 284 καὶ
812 259 870 284 ἐπι-

74 299 160 333 γείων
174 298 221 325 καὶ
234 299 431 334 καταχθονίων.
446 300 482 326 Ἣ
493 301 530 331 ὡς
540 301 588 327 τοῦ
600 302 720 329 συνιέναι
732 303 869 336 ὲνδέοντα;

82 345 164 371 Ἀλλὰ
179 345 228 380 τῆς
248 345 383 375 συνέσεως
404 345 487 371 αὑτοῦ
505 347 556 372 οὐκ
567 346 640 374 ἔστιν
657 348 774 383 ἀριθμός
785 357 793 364 ’
811 348 871 375 οὐδὲ

75 391 149 425 ετνω
163 399 206 421 τις
228 390 292 416 νοῦν
307 390 411 426 Κυρίου
423 398 429 404 ⁸
449 391 474 417 εἰ
493 391 522 418 δὲ
538 392 576 423 ὼς
590 393 639 419 οῦκ
657 394 872 429 ὲπιστρεπτικὺν

75 436 92 471 ἦ
118 436 312 471 κηδεμονικὸν,
335 437 382 463 καὶ
406 437 448 468 τίς
468 438 543 464 ἐστιν
565 440 578 465 ὁ
597 439 685 473 λέγων
709 439 754 466 διὰ
780 441 871 476 φωνῆς

75 482 174 516 ἁγίων,
205 482 246 508 ὅτι
273 481 311 508 Οὐ
337 481 528 517 βούλομαιτὸν
544 483 661 511 θάνατον
681 485 728 511 τοῦ
752 486 872 522 ἀποθνή-

80 537 201 560 σκοντος,
220 528 258 560 ὡς
272 530 302 555 τὸ
321 529 488 564 ἐπιστρέψαι
503 530 584 557 αὑτὸν
607 531 662 558 ἀπὸ
676 532 726 566 τῆς
745 532 807 559 ὁδοῦ
824 533 873 559 αύ-

79 574 136 606 τοῦ,
149 575 196 600 καὶ
214 573 265 609 ζῇν
280 574 328 609 τὴν
340 574 428 610 ψυχὴν
444 575 528 602 αὑτοῦ
539 584 546 591 ·
568 577 616 602 καὶ
637 578 665 603 ἐν
681 579 719 613 τῷ
736 587 770 612 με
785 579 872 605 εἰπεῖν

75 619 116 655 τῷ
131 619 234 652 ὰσεὸεῖ,
244 619 359 655 Θανάτῳ
375 621 566 658 θανατωθήσῃ,
577 623 625 649 καὶ
637 623 806 659 ἀποστρέψει
819 625 873 651 ἀπὸ

75 667 127 700 τῆς
142 666 203 693 ὁδοῦ
218 666 314 699 αὑτοῦ,
330 667 377 693 καὶ
393 668 504 703 ποιήσει
519 670 608 703 κρῖμα
626 669 673 696 καὶ
687 669 872 706 δικαιοσύνην,

77 713 126 739 καὶ
140 713 170 738 ὲν
184 712 376 747 προστάγμασι
392 713 465 747 ζωῆς
479 713 700 748 διαπορεύσεται,
719 715 776 751 ζωῇ
793 716 874 752 ζήσε-

76 767 133 790 ται,
151 759 199 784 καὶ
217 758 248 784 οὐ
265 758 303 793 μὴ
319 757 444 794 ἀποθάνῃ
458 767 464 774 ·
487 759 574 785 πᾶσαι
597 761 625 786 αἰ
646 761 872 796 ἁμαρτίαιαύτοῦ

76 805 109 836 ἃς
127 804 268 840 ἥμαρτεν,
293 804 323 831 οὐ
350 807 388 840 μὴ
411 805 642 840 ἀναμνησθῶσιν;
662 807 698 833 Ἤ
719 807 755 838 ὡς
777 807 873 842 σοφίας

922 260 985 293 quia
1013 260 1153 286 intellectu
1181 260 1322 294 indigeat?
1347 259 1428 294 Atqui
1451 259 1635 294 intelligentia:
1656 259 1715 293 ejus

922 316 975 334 tlUtI
1004 312 1046 334 est
1070 315 1213 339 numerus;
1240 315 1289 334 nec
1319 309 1462 342 quisquam
1492 308 1567 334 novit
1596 312 1713 334 tuentem

923 354 1043 382 Domini.
1066 353 1143 387 Quod
1166 355 1188 381 si
1213 354 1283 380 forte
1309 355 1390 380 Deum
1414 355 1524 380 tuinime
1549 353 1714 380 exorabilem

923 407 972 427 Itcc
982 401 1067 426 nostri
1082 400 1228 427 sollicitum
1242 400 1408 433 existimant,
1421 400 1491 434 quis,
1510 400 1630 434 inquam,
1645 407 1715 434 prte-

924 451 965 473 ter
983 446 1072 479 illttttt,
1100 451 1256 473 sanctorunt
1280 454 1345 473 voce
1370 446 1489 479 loquitttr
1515 447 1555 472 sic
1573 455 1578 472 :
1596 445 1666 472 Nolo
1685 450 1715 472 ut

923 492 1005 519 homo
1022 497 1109 519 morte
1126 492 1268 524 moriatur,
1287 492 1334 520 sed
1348 497 1525 519 convertatur
1537 492 1627 526 ponus
1641 499 1654 517 a
1672 491 1713 517 via

923 546 983 570 sua,
998 538 1125 573 vivatque
1141 539 1233 565 anima
1249 538 1326 571 ejus;
1348 546 1453 573 egoque
1465 539 1532 573 ipse,
1550 539 1594 572 qui
1608 538 1650 565 aio
1663 538 1711 564 itu-

924 584 978 618 pio,
996 583 1082 611 Morte
1098 584 1235 616 morieris,
1247 584 1315 612 idem
1332 585 1404 617 dico,
1417 585 1488 618 quod
1503 585 1525 611 si
1540 588 1714 611 convcrtetur

924 640 938 658 a
953 632 995 658 via
1011 639 1070 662 sua,
1091 635 1216 665 recteque
1230 636 1256 658 et
1267 630 1341 665 juste
1358 635 1428 665 aget,
1443 636 1470 657 et
1485 631 1510 658 in
1527 631 1587 657 vita:
1605 630 1715 656 manda-

925 678 959 704 tis
971 677 1130 708 ambulabit,
1153 677 1208 704 vita
1224 677 1296 704 vivet
1311 681 1338 703 et
1354 685 1405 703 non
1425 678 1557 704 morietur
1572 686 1578 703 :
1593 676 1714 702 omnium

924 728 1096 759 peccatorum
1108 724 1166 758 ejus
1178 723 1336 750 obliviscar.
1349 723 1480 758 Superest
1496 729 1524 750 ιιι
1539 722 1623 750 Deum
1637 726 1715 756 parte

925 769 1013 803 aliqtta
1037 769 1178 804 sapientiae
1199 770 1240 796 vel
1259 769 1373 802 justitia:
1394 769 1555 796 destitutttm
1579 768 1715 794 arbitren-

926 820 979 842 tur.
995 815 1076 850 Atqui
1093 816 1220 850 abyssum
1237 814 1377 848 sapientia:
1394 814 1453 848 ejus
1467 814 1507 841 vel
1524 816 1713 842 cottnaturalis

77 851 143 886 γοῦν
160 851 208 878 καὶ
222 851 399 884 δικαιοσύνης
415 851 487 878 κατά
501 860 527 878 τι
544 852 612 886 γοῦν
634 852 870 887 ἀπολειπόμενον;

928 861 1013 897 potius
1039 861 1161 888 scientiae
1185 860 1247 894 quis
1275 861 1420 888 metictur?
1447 860 1553 887 Etenim
1579 862 1713 895 sapientia

77 898 125 925 καὶ
138 899 179 931 τίς
204 897 425 933 ἐξαριθμήσαιτο
445 898 496 934 τὴν
517 898 638 925 ἄϐυσσον
659 899 710 934 τῆς
737 899 834 933 σοφίας
855 899 871 934 ἥ

80 944 180 979 μᾶλλον
196 943 379 978 αὑτοσοφίας;
397 945 429 978 τῇ
453 943 508 979 γὰρ
530 943 613 979 σοφία
636 943 754 977 ἐξέτεινε
768 944 816 971 τὸν
829 945 873 971 οὑ-

80 990 172 1025 ρανὺν,
188 991 240 1024 τὴν
262 989 315 1024 γῆν
337 989 505 1024 ὲθεμελίωσε
525 990 573 1016 καὶ
592 989 763 1022 ἁπαξαπλῶς
784 991 873 1017 πάντα

79 1037 107 1061 ὲν
135 1035 219 1070 σοφίᾳ
239 1035 381 1069 ἐποίησεν.
394 1035 513 1069 Ἀγαοὶις
535 1035 559 1061 δ’
578 1036 619 1062 ὅτι
633 1037 709 1068 ἐστὶ,
731 1037 777 1062 καὶ
790 1037 873 1064 τᾶλλα

79 1082 169 1108 πάντα
189 1079 229 1113 οἷς
249 1081 325 1116 παρὰ
348 1081 458 1107 πάντων
474 1082 632 1116 ὲξυμνεῖταί
651 1090 680 1108 τε
697 1083 745 1109 καὶ
761 1082 873 1116 δοξάζε-

79 1137 142 1154 ται·
159 1128 185 1154 τί
204 1128 245 1154 δεῖ
264 1127 318 1154 τῶν
342 1127 413 1163 ὑπὲρ
433 1127 539 1154 ἔννοιαν
559 1128 606 1154 καὶ
631 1128 710 1162 λόγον
729 1128 777 1155 τοῦ
806 1129 873 1155 Θεοῦ

81 1173 236 1209 μεγαλείων
257 1173 441 1208 ἐφάπτεσθαι,
467 1174 514 1200 καὶ
536 1173 590 1200 τῶν
612 1173 767 1208 ἁνεφίκτων
788 1183 874 1201 κατα-

79 1220 200 1255 τολμᾷν;
215 1220 329 1255 Μήποτε
346 1219 476 1254 λάθοιμεν
493 1220 608 1251 ἑαυτοὺς
620 1220 736 1256 ἀπονοίᾳ
748 1221 795 1247 καὶ
810 1221 873 1247 δυσ-

80 1266 177 1302 ϐουλεᾳ
189 1268 247 1298 τοῖς
263 1267 389 1294 ἀσεϐέσιν
415 1265 547 1298 ὡσαύτως
566 1266 735 1302 ἀνοητότατα
761 1267 874 1302 περιπί-

81 1321 205 1345 πτοντες.

115 1359 176 1386 Τίνι
198 1359 245 1386 οὖν
260 1359 273 1385 ὁ
289 1357 459 1394 ἡθετημένος
484 1358 641 1393 ἠλάττωται
668 1359 715 1385 καὶ
738 1359 872 1394 δεδέηται,

80 1404 346 1439 γλωσσαλγείτωσαν
367 1405 414 1432 καὶ
432 1404 590 1438 λεγέτωσαν
602 1413 608 1420 ·
625 1405 668 1430 ἵνα
692 1404 811 1436 ὀκλάσας
828 1406 875 1431 καὶ

81 1451 208 1478 ἀπειπὼν
221 1451 291 1487 πρὸς
305 1451 355 1487 τὴν
380 1451 499 1486 σπουδὴν
520 1451 743 1487 καταπροῖξηται
762 1452 811 1487 τὴν
827 1451 873 1487 ἁρ-

81 1499 146 1533 χήν·
174 1498 276 1533 μᾶλλον
298 1497 337 1531 δὲ,
367 1498 405 1530 ὡς
425 1499 438 1524 ὁ
457 1497 594 1533 ἡμέτερος
620 1498 716 1532 λόγος,
734 1499 805 1525 τίσιν
825 1498 873 1533 οὐχ

83 1544 238 1580 ὑπερῆρται
253 1545 301 1571 καὶ
309 1544 551 1580 ὑπεραναϐέϐηκες
562 1545 638 1576 ποῖος
650 1544 729 1578 λόγος
743 1544 774 1570 τὸ
790 1545 873 1579 ὑπερ-
888 1535 908 1564 C

82 1592 158 1626 σῖρον
188 1591 398 1626 παραστήσεται.
439 1590 490 1625 τῆς
522 1590 733 1625 μεγαλειότητος
755 1590 875 1625 καὶτῆς

83 1635 224 1671 δυνάμεως
240 1636 271 1662 τὸ
293 1636 452 1672 ἀπρόσιτον,
471 1636 550 1671 ῆτῆς
564 1636 692 1668 ἐξουσίας
711 1636 742 1662 τὸ
755 1636 877 1672 ἀμέτρη-

81 1691 139 1716 τον,
153 1683 202 1710 καὶ
222 1682 270 1709 τοῦ
287 1683 359 1709 κατὰ
376 1683 487 1709 πάντων
505 1684 623 1718 κράτους
638 1682 875 1718 ἀπειροδύναμονζ

83 1730 130 1756 καὶ
149 1730 193 1756 ἵνα
211 1730 249 1765 μὴ
270 1730 327 1761 τοῖς
342 1730 484 1761 ταπεινοῖς
503 1729 610 1760 τούτοις
629 1729 829 1764 ἀποσεμνύνειν
847 1729 877 1755 τὸ

83 1777 187 1812 ὑψηλὸν
211 1776 358 1808 δόξαντες,
386 1776 659 1811 κατασμικρύνοιμεν
685 1776 735 1811 τῆς
765 1775 878 1810 κυρείας

83 1823 212 1850 ἁπάντων
227 1823 276 1849 καὶ.
296 1822 458 1853 δεσποτείας
482 1821 513 1847 τὸ
531 1821 738 1857 ἀνέκφραστον,
756 1821 773 1856 ἣ
790 1822 877 1848 πάντα

84 1870 289 1906 ἀπαραϐλήτως
302 1878 332 1895 τε
350 1869 398 1896 καὶ
418 1868 597 1903 ἁσυγκρίτως
622 1868 816 1903 ὑπερθρώσκει
832 1868 878 1894 καὶ

139 1915 275 1952 ρίδρυται,
295 1915 342 1942 καὶ
365 1915 448 1942 πᾶσιν
467 1914 568 1949 ὁμοίως
592 1914 692 1946 ἄϐατος
707 1913 738 1940 τέ
760 1914 817 1940 ἐστι
833 1913 879 1939 καὶ

84 1962 218 1998 ἄληπτος,
232 1961 279 1989 καὶ
293 1961 508 1997 ἀποκέκρυπται
525 1960 563 1995 νῷ
577 1959 624 1986 καὶ
638 1960 710 1994 λόγῳ
726 1959 818 1990 παντὶ,
834 1956 879 1985 οἷα

84 2008 116 2043 δὴ
135 2008 246 2035 πάντων
259 2007 420 2042 ἐξῃρημένη
435 2006 541 2042 ὁρατῶν
562 2014 593 2032 τε
615 2005 661 2031 καὶ
676 2004 815 2040 ἀοράτων,
831 2005 878 2030 καὶ

84 2053 187 2085 παντὸς
202 2052 336 2088 ὀνόματος
353 2053 382 2078 έν
397 2051 436 2087 τῷ
449 2051 527 2078 αἱῶνι
551 2051 638 2086 τούτῳ
655 2049 878 2084 κατονομαζομέ-

85 2106 130 2124 νου
146 2097 196 2125 καὶ
209 2098 238 2124 ἐν
252 2097 292 2132 τῷ
308 2097 445 2132 μέλλοντι,
455 2096 509 2123 τῶν
524 2096 655 2123 τοιούτων
668 2095 705 2127 ὡς
719 2095 788 2131 ὑπὲρ
805 2095 879 2130 ἡμᾶς

83 2143 266 2179 ἁφεξώμεθα·
288 2143 352 2170 εἰδὲ
369 2143 419 2179 οὺχ
432 2143 503 2169 ἑκὼν
519 2144 533 2169 ὁ
547 2141 750 2178 ὲκκεχωρηκὼς
774 2141 805 2168 τὸ
827 2141 879 2167 v51:—

84 2191 166 2225 ήκοον
184 2189 218 2225 δὴ
235 2189 315 2215 τοῦτο
339 2189 514 2224 μετετάξατο,
533 2188 674 2224 βεδίασται
689 2188 815 2219 πάντως,
831 2187 878 2213 καὶ

85 2238 115 2263 τὸ
132 2235 289 2271 ἡγεμονοῦν
311 2236 525 2271 τετυράννητςμ⁹
541 2236 588 2262 καὶ
604 2235 646 2266 τίς
661 2236 674 2261 ό
692 2235 725 2270 τῇ
739 2233 878 2269 τυραννίδι

85 2283 257 2318 ἐπιθέμενος,
280 2282 327 2308 καὶ
342 2281 371 2308 to
389 2283 502 2317 κρατεῖν
528 2281 715 2316 ἀφελόμενος
733 2280 779 2307 καὶ
801 2279 878 2306 ἔσται

84 2329 98 2355 ὁ
111 2328 287 2364 τυραννήσας
307 2328 519 2364 εὖσθενέστερός
540 2336 568 2354 τε
590 2328 636 2354 καὶ
657 2326 876 2361 ἐπικλεέστερος,

85 2376 133 2402 καὶ
150 2375 278 2401 τοσοῦτον
293 2375 354 2401 ὅσον
370 2375 417 2400 καὶ
433 2375 462 2400 τὺ
476 2374 526 2409 τῆς
541 2375 620 2409 νίκης
634 2372 813 2409 ὑπερτεροῦν,
829 2372 877 2399 καὶ

84 2422 118 2448 τὰ
135 2421 170 2448 δι’
185 2417 223 2448 ὧν
235 2421 268 2447 ἂν
283 2422 300 2456 ἡ
315 2421 378 2456 νίκη
396 2421 425 2447 τὸ
439 2421 534 2456 περιὸν
549 2420 621 2455 ἔχοι*
639 2419 668 2446 ἐν
684 2420 733 2454 μὲν
751 2419 805 2455 γὰρ
822 2420 878 2451 τοῖς

84 2467 238 2504 ὁρωμένοις
252 2467 299 2493 καὶ
313 2466 504 2502 ἀνθρωπίνοις,
519 2466 638 2502 ὁπηνίκα
654 2466 683 2492 τὸ
698 2466 820 2492 ἐναντίον
832 2465 878 2492 καὶ

86 2515 210 2549 μάχιμον
228 2512 263 2539 τὰ
286 2512 355 2547 πρὸς
377 2512 422 2539 τὸν
437 2511 559 2547 πόλεμον
579 2511 755 2547 ἐξαρτύηται,
771 2512 817 2537 καὶ
838 2511 878 2542 εις

84 2559 211 2594 ἀλλήλων
227 2559 324 2594 χεῖρας
344 2559 478 2594 ἦκωνται,
495 2558 571 2590 τέλος
585 2556 640 2584 τῶν
659 2557 747 2583 ὃπλων
764 2558 811 2583 καὶ
824 2557 879 2583 τῶν

85 2605 177 2632 πόνων
196 2605 222 2632 οἱ
234 2604 266 2631 τὸ
286 2606 410 2640 κρεῖττον
424 2605 644 2639 ἀπενεγκάμενοι
661 2605 793 2638 ἴσχουσιν,
813 2603 829 2639 ἢ
850 2605 879 2630 ὲν

84 2653 118 2688 τῇ
131 2652 209 2688 μάχῃ
229 2652 430 2686 κρατήσαντες,
450 2651 636 2686 χειρώσασθαι
650 2651 817 2686 τρεψάμενοι
835 2651 880 2678 τὸν

85 2698 248 2730 ἀντίπαλον,
264 2697 294 2729 ἐξ
308 2695 339 2724 οὗ
357 2698 501 2732 συμϐαίνει
518 2697 625 2724 σκύλων
642 2705 671 2723 τε
690 2697 738 2723 καὶ
750 2697 880 2732 λαφύρων

85 2744 172 2780 πόρον
185 2745 227 2770 ὃτι
245 2744 372 2770 πλεῖστον
388 2743 562 2778 ἐνέγκασθαι,
575 2744 665 2770 ὅπλων
683 2753 712 2770 τε
735 2745 831 2778 κτῆσιν
843 2745 880 2777 ὡς

87 2791 224 2826 μεγίστην
247 2789 458 2825 περιϐαλέσθαι,
484 2791 610 2826 ἣχώραν
631 2791 807 2827 καταδῃῶσαι
832 2792 881 2826 τὴν

86 2837 310 2872 πολεμιωτάτην,
323 2837 370 2863 καὶ
383 2837 474 2871 σφίσιν
492 2837 584 2868 αὐτοῖς
598 2837 733 2872 κατήκοον
764 2839 880 2873 ποιήσα-

88 2883 163 2916 σθαι,
178 2883 225 2910 καὶ
238 2883 421 2919 δαςμοφορείν
435 2884 474 2916 εἰς
485 2883 514 2910 τὸ
526 2883 618 2911 λοιπὴν
635 2884 695 2916 τοὺς
707 2884 880 2920 κεκρατημέ-

925 907 1024 935 coelum
1037 907 1170 938 extendit,
1182 911 1283 933 terram
1296 906 1428 940 fundavit,
1437 913 1590 941 cunctaque
1601 908 1714 934 omnino

925 953 951 980 itt
978 953 1110 988 sapientia
1138 951 1212 980 fecit.
1239 952 1369 987 Quodque
1398 953 1485 981 bonus
1513 953 1558 987 sit,
1575 959 1603 981 et
1624 955 1714 982 omnia

924 999 1033 1031 habeat,
1046 1000 1080 1026 ob
1095 1007 1156 1034 quae
1170 999 1203 1026 ab
1225 999 1354 1026 omnibus
1377 999 1533 1027 celebratur
1557 1000 1667 1036 hymnis
1685 1007 1711 1028 et

924 1046 1103 1081 gloriﬁcatur,
1121 1053 1170 1072 cur
1184 1053 1254 1080 opus
1268 1049 1308 1072 est
1322 1053 1402 1078 supra
1419 1046 1519 1072 mentis
1543 1051 1624 1081 atque
1646 1054 1715 1073 nra—

927 1091 1008 1121 tionis
1033 1091 1085 1118 vim
1102 1092 1147 1118 Dei
1169 1091 1304 1126 magnalia
1331 1092 1476 1126 attingere,
1491 1096 1518 1119 et
1536 1092 1714 1127 impossibilia

925 1137 1044 1164 audere?
1059 1136 1097 1164 Ne
1111 1137 1180 1164 forte
1203 1137 1304 1164 incauti
1322 1138 1407 1164 stulto
1429 1137 1544 1165 consilio
1557 1143 1584 1165 et
1598 1139 1714 1172 insania,

925 1192 1002 1217 mque
1017 1191 1048 1211 ac
1064 1184 1107 1211 isti
1131 1184 1216 1219 impii,
1239 1185 1264 1211 in
1291 1184 1452 1218 insipientia;
1479 1184 1585 1211 foveant
1612 1185 1715 1213 incida-

925 1231 1000 1259 mus!

963 1364 1012 1392 llic
1030 1372 1094 1399 ergo
1121 1364 1278 1398 repudiatus
1309 1364 1379 1391 Deus
1401 1371 1518 1397 quanam
1535 1372 1564 1391 re
1578 1364 1613 1391 sit
1626 1364 1715 1391 inuni-

926 1417 1008 1438 nutus
1023 1417 1070 1437 aut
1089 1415 1177 1445 egeat,
1196 1410 1222 1436 hi
1238 1409 1391 1436 blaterones
1406 1410 1514 1441 dicant;
1531 1415 1560 1436 ut
1573 1409 1617 1436 hic
1639 1409 1716 1443 igna-

927 1464 973 1483 rus
995 1461 1023 1483 et
1047 1455 1190 1490 languidus
1212 1455 1245 1481 ad
1267 1455 1396 1487 ollicium,
1424 1455 1533 1489 abjiciat
1558 1455 1716 1489 imperium.

926 1502 996 1536 Quin
1017 1502 1116 1537 potius,
1134 1507 1162 1528 ιιι
1182 1510 1230 1528 nos
1254 1501 1383 1533 dicimus,
1409 1502 1574 1536 quibusnam
1600 1509 1652 1528 tton
1676 1506 1718 1528 est

926 1548 1051 1582 superior
1074 1554 1101 1574 et
1120 1548 1255 1574 excelsior
1284 1546 1373 1573 Dens?
1405 1546 1469 1579 Qua!
1500 1546 1588 1573 oratio
1611 1546 1716 1573 culmen

927 1594 1120 1622 demonstrabit
1142 1593 1336 1628 magnitudinis
1358 1593 1427 1626 ejus,
1452 1593 1616 1627 virtutisque
1631 1593 1713 1619 tinent

927 1639 1114 1670 interminum,
1143 1639 1183 1666 vel
1207 1644 1369 1673 potestatem
1406 1638 1668 1670 immensurabilent,
1691 1643 1719 1664 et.

927 1687 1058 1714 adversus
1080 1693 1174 1713 omnes
1206 1685 1376 1712 fortitudinis
1394 1685 1446 1712 vim
1464 1685 1623 1712 inﬁnitain?
1637 1684 1669 1710 Et
1685 1693 1718 1711 nu

928 1733 1129 1761 ltisltumilibus
1144 1732 1232 1759 verbis
1254 1738 1389 1758 exornare
1415 1730 1553 1758 excelsum
1581 1735 1717 1764 putantes,

929 1783 1106 1806 extenuemus
1136 1777 1225 1812 potius
1251 1776 1412 1803 universalis
1441 1776 1596 1803 dominatus
1624 1780 1718 1810 polen-

929 1829 1056 1856 tatusque
1073 1822 1236 1850 illt‘ﬂnbiiclil
1250 1821 1425 1854 dignitatem,
1442 1829 1502 1856 qua:
1519 1821 1720 1855 incomparahi.

929 1871 991 1897 liter
1002 1875 1028 1896 et
1045 1869 1147 1902 absque
1162 1868 1213 1894 ulla
1233 1867 1348 1902 puritate
1361 1867 1452 1894 omnia
1472 1866 1591 1893 transilit
1604 1872 1630 1893 et
1643 1874 1720 1893 exce-

930 1915 979 1945 dit,
992 1915 1152 1948 cunctisque
1171 1915 1309 1940 inacressa
1327 1918 1354 1940 et
1366 1913 1651 1947 tncomprehcnsibilis
1665 1917 1718 1943 est.

929 1961 1056 1994 onmiquc
1071 1960 1153 1986 menti
1170 1968 1200 1986 ac
1218 1960 1337 1987 sermoni
1354 1959 1556 1993 impcrvia,ceu
1569 1967 1629 1993 quae
1640 1963 1719 1985 extra

929 2014 1037 2034 omnem
1071 2005 1202 2032 visibilem
1234 2005 1455 2039 invisibilemqne
1486 2011 1541 2031 rent
1569 2009 1611 2031 est
1638 2007 1720 2037 atque

929 2059 1009 2080 Omne
1026 2059 1124 2078 nomen
1142 2051 1199 2078 sive
1212 2051 1237 2078 in
1256 2051 1383 2085 prteseuti
1399 2050 1457 2076 sive
1473 2050 1499 2076 in
1516 2049 1608 2076 futuro
1620 2050 1720 2076 sauculo

929 2098 1140 2130 nominandum;
1160 2098 1212 2128 Itis,
1233 2097 1354 2132 inquam,
1372 2096 1505 2126 dicendis,
1523 2103 1571 2123 ceu
1591 2095 1720 2122 facultate

929 2150 1023 2172 nostra
1067 2143 1234 2178 majoribus,
1272 2144 1470 2170 abstineamus.
1505 2142 1582 2175 Quod
1604 2142 1625 2169 si
1651 2142 1720 2168 haud

930 2197 1026 2226 sponte
1049 2191 1134 2226 gradu
1151 2199 1199 2217 suo
1216 2190 1327 2222 cedens,
1345 2189 1419 2216 dicto
1433 2189 1547 2215 audiens
1561 2188 1649 2215 factus
1667 2194 1719 2219 est,

932 2239 1026 2273 utique
1043 2239 1081 2264 vis
1103 2237 1215 2267 eLillata
1240 2236 1309 2269 fuit;
1326 2241 1352 2262 ct
1373 2235 1417 2270 qui
1437 2235 1562 2270 princeps
1580 2239 1649 2267 erat,
1672 2235 1721 2262 sub

931 2285 1104 2320 tyrannidem
1127 2283 1238 2310 decidit.
1267 2282 1333 2316 Quis
1357 2289 1437 2316 porro
1457 2282 1526 2308 hanc
1547 2282 1720 2317 tyrannidem

931 2331 1057 2365 arripuit,
1073 2336 1100 2358 et
1118 2330 1269 2364 imperium
1286 2329 1322 2355 illi
1338 2328 1470 2355 abstulit?
1486 2329 1551 2355 Sine
1574 2328 1656 2355 dubio
1676 2329 1720 2362 qui

933 2384 1064 2414 tyrannus
1084 2380 1127 2403 est
1144 2376 1245 2407 factus,
1261 2375 1358 2402 fortior
1375 2374 1534 2408 l'cliciorque
1552 2379 1604 2407 est,
1624 2379 1722 2408 quate-

932 2431 984 2451 nus
1001 2423 1108 2457 quidem
1127 2421 1214 2448 victor
1226 2421 1378 2455 prtevaluit,
1391 2425 1417 2447 et
1434 2420 1622 2453 comparanda:
1637 2420 1723 2447 victo-

933 2471 980 2498 ria:
1008 2470 1080 2497 vires
1108 2468 1211 2496 habuit.
1229 2467 1295 2494 Nam
1322 2473 1397 2495 certe
1417 2468 1443 2494 iu
1468 2467 1510 2494 Itis
1529 2467 1679 2494 visibilibus
1696 2472 1724 2494 et

932 2516 1070 2548 humanis,
1089 2523 1151 2542 cum
1166 2515 1198 2541 ad
1217 2522 1333 2549 pugnam
1351 2514 1493 2548 aciemque
1509 2521 1552 2541 res
1568 2513 1630 2540 belli
1643 2513 1724 2541 deve-

932 2563 983 2594 nit,
999 2566 1024 2589 et
1037 2569 1134 2589 manus
1147 2564 1341 2591 conseruntur,
1354 2558 1472 2586 fructum
1489 2565 1626 2584 armorum
1640 2562 1723 2592 atque

934 2607 1056 2634 laborum
1073 2606 1099 2633 hi
1116 2605 1160 2639 qui
1178 2604 1336 2640 superiores
1350 2603 1493 2630 discedunt
1508 2602 1640 2634 referunt,
1658 2603 1721 2629 dum

933 2654 1039 2681 hostem
1064 2652 1162 2686 proelio
1189 2651 1290 2678 victum
1315 2650 1341 2676 in
1361 2650 1547 2684 captivitatem
1574 2649 1721 2683 redigunt;

912 2700 917 2707 '
934 2701 1005 2727 unde
1022 2699 1148 2733 sequitur
1163 2698 1261 2731 praedae
1278 2702 1306 2724 et
1322 2697 1511 2724 manubiarum
1527 2696 1636 2730 copiosa
1654 2695 1719 2722 adc-

935 2748 1001 2782 ptio,
1019 2753 1157 2772 artnormn
1174 2751 1282 2779 quoque
1295 2743 1412 2778 plurima
1430 2742 1562 2773 accessio,
1576 2741 1617 2766 vel
1635 2740 1723 2767 hosti-

935 2793 968 2820 lis
982 2792 1100 2827 rcgionis
1113 2790 1284 2825 depopulatio
1300 2795 1382 2824 atquc
1395 2789 1421 2816 in
1439 2788 1575 2823 propriam
1593 2787 1720 2812 ditiow-nt

936 2838 1067 2869 reductio,
1084 2837 1279 2872 stipendiorum
1293 2836 1319 2862 itt
1333 2839 1471 2870 posterum
1488 2839 1593 2867 tempus
1606 2831 1721 2858 violent-1

935 2883 1046 2911 indictio
1069 2889 1196 2918 tanquam
1218 2882 1294 2910 \ictis
1316 2886 1341 2909 ct
1364 2882 1390 2909 in
1412 2880 1570 2907 servitutem
1591 2877 1715 2906 redactis.
