1947 3080
221 140 275 174 703

223 196 300 228 Quod
322 198 411 222 autem
429 193 463 220 ab
478 191 661 220 invisibilibus
679 192 862 226 potesmibus
884 199 1008 219 commo-
1022 195 1045 222 A

224 247 281 268 tum
304 240 403 268 bellum
417 244 468 273 est,
485 247 499 265 a
516 238 616 273 quibus
636 237 714 265 nobis
734 231 791 265 hac
810 242 905 265 contra
929 238 1008 265 tidem

224 286 339 323 procella
355 286 544 321 permiscetur,
563 284 630 312 nihil
648 285 743 311 horum
761 289 855 318 sperat
875 284 926 311 sibi
942 285 1010 312 bene

222 339 392 361 eventurum.
420 331 477 358 Non
502 332 574 358 enim
601 339 650 364 par
668 335 710 357 cst
734 329 808 357 illius
831 334 912 363 atque
930 329 1010 364 hujus

224 379 286 406 belli
303 383 391 404 motus
411 384 418 404 :
436 384 523 412 neque
541 382 571 403 ut
588 377 706 410 aliquam
722 383 779 402 rem
803 380 944 403 externam
961 383 1010 403 no-

224 430 308 451 stram
325 424 411 451 hostis
427 423 564 457 acquirat,
585 421 716 448 adversus
732 429 781 448 nos
798 422 948 456 consurgit,
964 422 1011 449 sed

225 476 255 497 ut
269 478 318 498 nos
341 470 448 505 penitus
475 473 558 501 totos,
585 468 610 494 id
628 472 670 494 est
694 468 841 495 rationales
865 468 972 495 animas
985 473 1012 496 et

225 516 367 543 rectricem
400 515 517 542 hominis
547 519 663 541 mentem
693 514 870 549 depopuletur
906 514 1014 548 sibique

224 561 368 595 subjiciat,
395 559 613 594 persuadeatque
633 563 661 586 ut
675 567 765 594 regem
791 559 872 594 215
896 560 1013 594 appelle-

224 614 295 640 llIllS,
314 606 454 640 Deumque
471 605 652 632 conliteamnr
668 605 744 632 illum
758 605 803 639 qui
818 605 865 632 Dei
883 605 1013 632 adversa-

225 652 284 679 rius
301 657 353 682 est,
370 651 483 685 ejusque
506 650 696 678 abominandis
719 651 873 685 anima-que
888 651 1014 679 exitiosis

223 697 345 731 jussibus
361 696 598 731 ohtemperemus;
612 700 638 724 et
659 704 692 724 ne
714 697 771 731 ipse
786 697 860 724 solus
883 697 1015 731 gehennae

227 744 263 770 sit
276 743 411 775 addictus,
432 743 479 771 sed
498 744 580 770 etiam
597 748 738 771 consortes
757 750 821 770 suos
839 743 865 769 in
883 749 1013 771 atternum

226 790 316 824 igncm
338 797 429 816 secum
452 789 590 823 conjiciat.
612 789 639 815 ld
657 791 728 817 enim
752 789 868 817 oﬂicium
883 790 916 817 ab
935 790 1014 818 initio

226 835 276 861 fuit
294 834 375 861 invidi
393 834 525 862 mentonis
541 840 566 862 et
580 834 718 869 ﬂagitiosi,
735 842 831 869 nempe
849 839 878 861 ut
899 843 947 862 nos
964 843 1011 869 pa-

227 879 293 906 ratis
307 880 399 912 generi
413 883 506 907 nostro
518 879 665 906 boniscum
679 878 764 906 livor'e
779 879 888 906 irruens
903 880 1012 913 spoliet,
1028 868 1050 895 Β

225 930 253 952 et
268 933 322 952 suo:
338 927 421 952 ruiuzc
439 926 528 953 socios
551 925 641 952 faciat.
655 924 714 952 Jam
728 933 792 952 vero
811 926 833 952 is
850 926 892 952 cui
913 925 1014 953 subditi

226 970 312 1005 erepti
342 974 416 1002 sunt,
448 971 602 1005 principatu:
631 971 763 1004 spoliatus
790 975 844 1003 est,
873 975 900 997 et
925 970 1014 1005 digni-

227 1021 282 1043 tate
307 1016 439 1050 privatus,
472 1022 556 1051 atque
580 1017 690 1043 omnino
718 1021 853 1051 potestate
880 1017 1014 1044 seclusus.

227 1061 333 1089 Nudum
352 1063 389 1090 illi
405 1068 530 1097 superest
550 1070 663 1096 nomen;
685 1063 726 1090 vel
743 1064 793 1090 hoc
809 1063 908 1098 ipsum,
926 1067 954 1089 nt
968 1070 1017 1097 par

225 1113 278 1139 est,
294 1116 405 1142 prorsus
419 1112 574 1135 evanescet.
593 1107 665 1143 Ergo
681 1107 759 1141 hujus
782 1108 866 1144 gloria
883 1108 916 1134 ad
934 1108 1017 1135 mise-

228 1154 296 1181 riam
315 1153 572 1188 deformitatemque
592 1154 705 1181 recidet.
731 1153 783 1182 Ubi
808 1154 881 1181 enim
900 1162 951 1180 non
975 1158 1018 1181 est

227 1199 362 1230 subditus.
381 1200 415 1227 ibi
431 1208 465 1227 ne
489 1208 579 1235 regem
597 1201 705 1235 quidem
733 1200 885 1228 consistere
905 1207 1018 1228 necesse

227 1248 281 1271 est.
301 1243 372 1272 Cur?
397 1245 460 1279 quia
484 1245 528 1272 hic
554 1245 652 1279 quibus
680 1245 796 1279 imperet
821 1252 872 1272 non
897 1244 1016 1272 habebit.

229 1288 276 1316 Sic
290 1289 333 1316 isti
348 1289 502 1316 calamitOsi
520 1289 633 1316 dzmnoni
652 1289 764 1323 largiter
776 1288 908 1321 faventes,
923 1293 1018 1323 putant

228 1335 358 1363 adversus
381 1335 482 1363 Christi
499 1343 611 1370 regnmn
631 1334 741 1362 fortiter
761 1342 866 1370 gerere,
882 1341 1018 1362 nostram-

228 1389 281 1416 que
307 1382 386 1410 [idem
415 1383 529 1409 viriliter
559 1389 727 1417 oppugnare,
757 1388 860 1416 nosque
883 1389 897 1408 a
921 1381 1019 1408 divinis

228 1426 362 1461 depellere
375 1427 558 1461 dogmatibus.
576 1427 704 1454 Atlanteo
726 1427 856 1454 divinitus
874 1427 1018 1461 inspiratas

229 1473 340 1499 audiant
354 1480 438 1500 .voccs
453 1481 460 1499 :
476 1471 579 1500 Stultus
599 1472 681 1500 stulta
709 1472 841 1508 loquetur,
857 1477 880 1499 et
898 1481 943 1500 cor
960 1472 1018 1507 ejus

228 1526 295 1545 vana
309 1517 434 1553 cogitabit
451 1518 486 1545 θ’.
634 1527 640 1531 ί

265 1651 309 1679 5οι
329 1650 399 1684 Quid
416 1655 506 1678 autem
525 1651 576 1679 hoc
589 1651 712 1680 insanius
732 1657 779 1679 aut
796 1652 924 1680 stultius?
943 1652 1019 1680 Vana

231 1705 294 1725 vere
321 1698 453 1724 adversus
470 1698 608 1726 Christum
635 1699 760 1726 meditati
788 1704 861 1732 sunt.
881 1700 1020 1736 stultaque

231 1743 351 1777 ipsorum
369 1742 483 1770 consilia
509 1744 617 1770 luerunt
642 1749 669 1771 et
697 1745 885 1780 cogitationes,
905 1747 1020 1774 tuentis-

230 1793 284 1821 que
309 1788 415 1814 ratione
432 1788 551 1815 carentis
572 1792 600 1815 et
624 1788 749 1816 absurdae
773 1795 878 1825 partus,
896 1799 1021 1830 veraeque

232 1830 374 1863 latuitatis.
394 1832 448 1859 imo
464 1832 568 1860 malitia
592 1833 728 1861 atlteismo
747 1842 906 1870 summaque
921 1836 1020 1871 impie-

232 1880 286 1903 tate
300 1877 388 1912 major
404 1887 411 1905 :
429 1885 546 1913 quarunt
565 1879 668 1906 nullam
681 1884 799 1914 partem,
816 1888 851 1908 ne
863 1881 890 1908 iu
901 1887 1018 1909 mentem

230 1922 340 1957 quidem
363 1923 476 1957 homini,
502 1925 624 1959 recipere
647 1925 726 1959 licet,
743 1926 780 1954 ita
806 1931 836 1954 ut
857 1928 1020 1955 stultissime

231 1971 315 2002 putet.
335 1973 363 1995 et
374 1969 567 1997 scelestissime
580 1971 744 2003 committat,
762 1972 795 1998 ad
815 1976 916 1999 tantam
943 1972 1020 1999 infir-

231 2014 351 2041 mitatem
368 2020 396 2042 et
412 2016 529 2042 dedecus
542 2023 699 2051 supremmn
717 2017 763 2044 Dei
787 2018 956 2045 dominatum
971 2019 1020 2046 de-

231 2061 358 2096 primere.
381 2061 438 2094 Qua
453 2063 560 2096 quidem
577 2070 605 2089 re
618 2064 683 2098 quid
696 2064 841 2091 absurdius
857 2072 917 2092 esse
932 2070 1021 2100 potest

232 2113 312 2143 atque
326 2109 524 2143 irreligiosius?
535 2109 589 2136 Sed
610 2117 678 2136 nova
691 2110 827 2144 quaedam,
847 2116 877 2138 ut
899 2111 1020 2145 videtur,

231 2155 363 2182 adversus
380 2155 481 2182 Christi
494 2163 604 2191 regnum
619 2156 652 2183 ab
669 2157 823 2192 hisiniqnis
834 2158 920 2184 oritur
938 2166 1020 2186 accu-

231 2201 311 2228 satio.
332 2200 400 2228 Cum
420 2201 493 2228 enim
515 2204 542 2228 in
565 2201 704 2230 Christum
731 2209 869 2237 oporteret
891 2204 1021 2233 celsiores

232 2255 354 2282 quosque
377 2255 524 2282 congerere
554 2249 683 2282 honores,
708 2249 734 2275 in
758 2254 907 2277 extremam
932 2251 1021 2285 potius

233 2293 407 2328 ignominiam
433 2302 465 2321 ac
488 2294 618 2321 vilitatem
642 2295 766 2321 eumdem
789 2295 935 2323 detrahere
967 2305 1021 2324 non

233 2339 407 2372 erubescunt,
423 2345 452 2366 ut
467 2340 491 2367 ei
507 2340 627 2368 detracta
640 2347 701 2375 qua:
714 2340 768 2368 Deo
790 2342 917 2376 congruit
932 2342 1022 2376 digiti-

234 2391 299 2419 tate,
320 2387 452 2413 minorem
483 2387 681 2419 demonstrent,
695 2387 849 2423 divinisque
876 2388 1021 2422 qualitati-

234 2433 283 2460 bus
295 2432 641 2467 spolient,simplicemque
664 2433 802 2460 hominem
824 2441 964 2468 unumque
987 2434 1022 2462 de

233 2477 311 2504 nobis
321 2484 381 2505 esse
392 2482 522 2511 statuant,
537 2483 619 2513 atque
633 2479 780 2506 universali
796 2486 856 2513 qua:
878 2479 928 2511 ipsi
951 2479 1021 2507 inest

233 2527 366 2558 potestate
381 2523 525 2558 depellant.
538 2523 567 2551 In
581 2529 682 2551 tantam
694 2524 800 2552 scilicet
815 2525 1020 2559 improbitatem

232 2574 314 2604 atque
327 2569 556 2604 irreligiositatem
570 2571 685 2598 istorum
701 2571 827 2605 dogmata
840 2576 1020 2598 consectaneo

233 2622 314 2642 cursu
334 2616 520 2644 devenerunt!
540 2616 593 2644 Sed
614 2617 641 2644 hi
666 2617 747 2644 rudes
764 2622 846 2652 atque
863 2617 952 2644 stolidi
970 2625 1022 2645 non

232 2661 397 2696 cogitarunt,
413 2663 550 2696 quomodo
567 2663 624 2690 hate
640 2662 685 2690 ille
700 2663 736 2689 sit
748 2670 890 2697 passurus,
907 2663 952 2698 qui
967 2663 1024 2691 for-

233 2711 285 2734 tem
298 2706 429 2741 alligavit,
449 2707 560 2743 ejusque
572 2716 635 2735 vasa
652 2708 781 2742 diripuit,
799 2713 881 2744 atque
902 2716 917 2736 a
933 2709 1025 2737 furore

232 2757 326 2780 contra
351 2761 399 2781 nos
422 2754 599 2789 compescuit.
613 2753 759 2787 Quomodo
785 2754 830 2790 qui
860 2755 1024 2784 iuvisibilem

271 2845 293 2860 ’°
310 2845 344 2872 ls.
366 2853 450 2878 ut”,
466 2844 483 2872 6

707 137 736 167 S.
759 137 969 168 NICEPHORI
989 130 1243 167 PATRIARCILE
1264 130 1333 165 CPL

1060 199 1122 223 νους
1137 190 1174 222 ὼς
1195 190 1395 225 δουλουμένους
1421 188 1641 216 καταϐιάσασθαι
1655 196 1662 203 ·
1680 188 1694 214 ό
1717 187 1746 215 δὲ
1775 187 1852 223 παρὰ

1062 237 1116 264 τῶν
1131 237 1257 273 ἀοράτων
1271 236 1432 271 κινούμενος
1448 235 1576 270 πόλεμος,
1602 233 1647 269 ὑφ’
1662 230 1701 260 ὦν
1718 233 1786 268 ἡμῖν
1806 232 1856 259 νῦν

1061 284 1075 310 ό
1099 283 1170 310 κατὰ
1194 283 1245 318 τῆς
1269 283 1388 314 πίστεως
1411 282 1493 313 σάλος
1511 281 1725 313 ὲπανασείεται,
1748 279 1857 306 τούτων

1061 329 1137 356 οὐδὲν
1151 329 1179 356 ὲν
1193 329 1284 356 ἐλπίσι
1296 328 1560 363 κατορθωθήσεσθαι
1573 327 1696 354 τίθεται·
1709 327 1740 353 οὐ
1754 327 1809 362 γὰρ
1822 326 1856 361 δή

1063 383 1115 401 που
1133 375 1213 402 τοῦτο
1232 375 1408 411 τηλικοῦτον,
1430 374 1525 410 ἡλίκον
1537 374 1644 400 ἐκείνου
1662 372 1711 399 τοῦ
1733 372 1856 407 πολέμου

1062 420 1093 447 τὸ
1117 420 1238 456 κίνημα·
1263 421 1313 456 οὐχ
1336 421 1411 452 ὅπως
1434 421 1491 456 γάρ
1516 429 1544 447 τι
1564 420 1619 447 τῶν
1641 419 1788 454 ἡμετέρων
1807 418 1858 445 καὶ

1063 467 1151 500 ἐκτὸς,
1164 469 1178 494 ὀ
1193 468 1289 502 ἐχθρὸς
1305 468 1511 503 σφετερίσηται,
1527 467 1588 494 καθ’
1605 465 1686 502 ἡμῶν
1697 464 1856 500 ἐπιφύεται,

1062 513 1121 541 ἀλλ’
1135 514 1210 545 ὅπως
1231 513 1311 545 ὅλους
1331 515 1407 549 ἡμᾶς
1427 513 1538 545 αὐτοὺς,
1560 512 1650 547 ψυχὰς
1671 511 1785 545 λογικὰς
1808 511 1858 537 καὶ

1062 559 1108 586 τὸν
1120 559 1244 594 ἡγεμόνα
1253 559 1315 586 νοῦν
1327 559 1522 594 καταληΐσαιτο
1533 558 1580 585 καὶ
1591 558 1645 585 ὑπὸ
1657 558 1737 592 χεῖρα
1745 557 1856 591 ἀγάγοι,

1063 604 1199 640 ἀναπείσῃ
1217 613 1247 630 τε
1263 604 1375 639 βασιλέα
1390 605 1493 635 καλεῖν,
1511 604 1556 631 καὶ
1575 603 1641 630 Θεὸν
1658 604 1801 638 ὁμολογεῖν
1811 602 1858 628 τὸν

1064 650 1196 683 ἀντίθεον,
1211 651 1258 677 καὶ
1270 651 1326 682 τοῖς
1344 650 1529 686 ψυχοφθόροις
1542 650 1590 677 καὶ
1603 649 1757 684 βδελυκτοϊς
1771 649 1858 675 εἴκειν

1064 696 1273 731 προστάγμασιν
1286 705 1293 712 ·
1309 696 1353 723 ἴνα
1368 696 1400 731 δὴ
1420 696 1457 731 μὴ
1471 696 1551 727 αὐτὸς
1569 695 1648 730 μόνος
1662 695 1759 730 γεέννῃ
1772 702 1859 720 κατα-

1063 741 1211 775 δικάζοιτο,
1232 743 1281 778 ἤδη
1299 743 1326 769 δὲ
1346 743 1394 770 καὶ
1408 743 1472 774 τοὺς
1492 741 1804 777 συγκληρονομήσοντας
1819 739 1859 775 τῷ

1064 789 1133 823 πυρὶ
1153 788 1192 824 τῷ
1212 789 1315 824 αἰωνίῳ
1335 789 1568 822 συνεπαγάγοιτο·
1593 787 1672 814 τοῦτο
1699 787 1752 822 γὰρ
1776 786 1858 822 ἔργον

1066 834 1096 865 ὲξ
1113 834 1200 869 ἀρχῆς
1222 834 1261 869 τῷ
1281 834 1411 869 βασκάνῳ
1436 834 1482 861 καὶ
1506 833 1639 868 ἀλιτηρίῳ
1661 833 1780 867 δαίμονι,
1803 832 1858 858 τῶν

1068 881 1294 916 ηὐτρεπισμένων
1308 881 1420 915 ἀγαθῶν
1431 880 1471 916 τῷ
1483 879 1556 914 γένει
1577 879 1615 914 τῷ
1632 879 1694 905 καθ’
1706 879 1780 913 ἡμᾶς
1792 877 1857 913 φίλο-

1066 925 1153 961 νερῶς
1168 926 1272 953 ὲπιόντι
1287 927 1498 962 ἀποστερήσειν,
1508 925 1611 953 καὶτοῦ
1624 925 1721 951 ἑαυτοῦ
1735 924 1860 960 συμμεθο

1066 971 1137 1005 έξειν
1154 971 1301 1007 πτώματος
1313 981 1320 988 ·
1335 973 1348 998 ὀ
1369 973 1460 999 τοίνυν
1483 971 1662 1007 ἀφῃρημένος
1675 971 1705 998 τὸ
1720 971 1859 1005 ὑπήκοον,

1066 1017 1242 1052 γεγύμνωται
1263 1018 1313 1054 τῆς
1329 1019 1418 1054 ἀρχῆς
1439 1019 1485 1045 καὶ
1506 1018 1693 1052 ἀπεστέρηται
1713 1017 1760 1044 τοῦ
1776 1017 1860 1049 ἀξιώ-

1069 1071 1163 1098 ματος,
1188 1063 1237 1090 καὶ
1258 1063 1308 1098 τῆς
1328 1063 1454 1096 ἐξουσίας
1479 1062 1661 1098 ὲκὸέὸληται’
1682 1062 1759 1096 ψιλὸν
1785 1061 1860 1096 αὺτῴ

1069 1108 1149 1144 μόνον
1167 1109 1418 1144 ὲπιφημισθήσεται
1433 1109 1562 1144 τοῦνομα,
1577 1109 1596 1144 ἢ
1606 1109 1654 1135 καὶ
1666 1109 1731 1135 αὐτὸ
1745 1108 1817 1135 κατὰ
1830 1108 1862 1134 τδ

1068 1154 1141 1186 εἰκὸς
1156 1154 1272 1189 πάμπαν
1294 1155 1456 1189 οἰχήσεται”
1482 1153 1708 1189 συνενεχθήσεται
1733 1154 1761 1180 δὲ
1785 1154 1861 1189 αὐτῷ

1068 1199 1194 1226 ἐντεῦθεν
1209 1201 1249 1231 είς
1265 1200 1296 1226 τὸ
1318 1200 1449 1235 πενιχρὸν
1459 1201 1505 1226 καὶ
1518 1199 1635 1231 ἀκαλλὲς
1659 1199 1690 1226 τὸ
1710 1201 1761 1235 τῆς
1780 1199 1862 1235 δόῂς

1068 1245 1285 1281 περιστήσεσθαι
1299 1253 1305 1260 ·
1327 1242 1358 1272 οἶ)
1375 1245 1429 1281 γὰρ
1450 1245 1488 1281 μὴ
1503 1246 1620 1281 ὑπάρχει
1646 1245 1793 1280 κατήκοον,
1810 1245 1863 1271 οὒκ

1069 1290 1102 1317 ἂν
1120 1291 1236 1325 συσταίη
1253 1291 1283 1317 τὸ
1306 1290 1464 1326 βασιλευοὲν
1483 1291 1620 1326 οὐδαμῶς
1636 1291 1734 1324 πόθεν;
1754 1290 1785 1316 οὐ
1806 1291 1863 1325 γὰρ

1068 1343 1109 1362 τοι
1123 1335 1179 1368 ἕξει
1199 1331 1237 1362 ὧν
1257 1335 1290 1362 ἂν
1305 1336 1483 1371 κατάρξειεν
1498 1335 1608 1362 τοιαῦτα
1623 1335 1648 1362 οί
1663 1335 1863 1371 κακοδαίμονες

1068 1380 1108 1416 τῷ
1122 1381 1230 1416 δαίμονι
1247 1380 1423 1418 χαριζόμενοι
1435 1381 1594 1417 φιλοτίμως,
1611 1382 1712 1408 οἴονται
1728 1381 1778 1416 τῆς
1792 1382 1864 1416 Χρι-

1070 1424 1133 1454 στυῦ
1148 1427 1375 1463 κατανδρίζεσϐαι
1397 1428 1553 1464 βασιλείας,
1569 1427 1617 1455 καὶ
1637 1428 1765 1462 τῆςςκαίλ*
1788 1429 1865 1463 ἡμεῖς

1069 1472 1325 1500 κατανεανιεύεσθαι
1342 1475 1472 1506 πίστεως,
1487 1475 1535 1501 καὶ
1550 1473 1604 1501 τῶν
1625 1474 1705 1510 ἱερῶν
1717 1474 1796 1509 ἡμῶν
1811 1484 1862 1501 κα-

1069 1516 1176 1543 ταοέειν
1187 1517 1330 1552 δογμάτων
1339 1516 1421 1544 ’άλλὰ
1432 1518 1486 1545 τῶν
1497 1518 1647 1545 Θεολέκτων
1659 1519 1755 1553 φωνῶν
1766 1520 1866 1546 ἀκουέ-

1069 1570 1169 1596 τωσαν,
1192 1563 1233 1590 ὅτι
1255 1563 1286 1590 '0
1298 1563 1397 1598 μωρὸς
1404 1564 1488 1599 μωρὰ
1510 1564 1652 1600 λαλήσει,
1663 1566 1711 1592 καὶ
1725 1566 1742 1599 ἡ
1757 1566 1867 1600 καρδία

1069 1608 1164 1637 αὑτοῦ
1179 1607 1290 1643 μάταια
1307 1609 1425 1642 νοήσει.

1105 1653 1137 1681 ν’.
1152 1654 1208 1680 Καὶ
1234 1653 1260 1680 τί
1286 1653 1389 1681 τούτων
1416 1654 1632 1691 ἀνοητότερονῆ
1659 1655 1865 1690 ματαιότερον;

1070 1700 1136 1727 κενὰ
1148 1699 1247 1736 γὰρτῷ
1260 1700 1317 1726 δντι
1333 1700 1404 1727 κατὰ
1419 1700 1540 1736 Χριστοῦ
1553 1701 1732 1735 ἐμελέτησαν,
1749 1701 1796 1727 καὶ
1812 1701 1867 1736 μά-

1069 1754 1136 1772 ταια
1150 1745 1240 1772 αὐτῶν
1248 1745 1283 1771 τὰ
1294 1745 1469 1780 βουλεύματα
1483 1746 1530 1772 καὶ
1546 1746 1726 1781 διανοήματα,
1740 1747 1787 1772 καὶ
1797 1755 1867 1782 φρε-

1070 1790 1115 1822 vs;
1128 1790 1227 1824 ἀλόγου
1245 1791 1293 1817 καὶ
1309 1790 1455 1817 ἀλλοκότου
1473 1790 1615 1826 κυήματα,
1632 1790 1679 1817 καὶ
1703 1791 1809 1826 μωρίας
1827 1791 1868 1824 ὡς

1070 1835 1179 1870 ἀληθῶς
1192 1836 1240 1862 καὶ
1263 1836 1434 1871 σκαιότητος,
1457 1836 1558 1871 μᾶλλον
1576 1836 1605 1863 δὲ
1622 1835 1717 1868 ἁθεῖας
1741 1838 1789 1863 καὶ
1803 1839 1869 1864 ἀσε-

1071 1881 1146 1913 ϐείας
1163 1882 1212 1917 τῆς
1229 1879 1344 1910 ἁπασῶν
1362 1882 1481 1918 ἐσχάτης
1499 1883 1638 1917 ἐπέκεινα,
1654 1880 1691 1909 ὧν
1710 1884 1739 1910 οὔ
1753 1883 1868 1918 θεμιτόν

1058 1935 1096 1954 ττι
1111 1928 1164 1954 κᾶν
1183 1927 1250 1962 γοῦν
1272 1928 1352 1963 μόνον
1371 1929 1411 1960 είς
1427 1928 1491 1956 νοῦν
1510 1929 1616 1955 ἐπιέναι
1633 1929 1771 1965 ἀνθρώπῳ
1786 1930 1868 1963 δοξά-

1071 1973 1128 2005 ζειν
1139 1974 1318 2009 ἀνοητότατα,
1334 1975 1382 2001 καὶ
1400 1974 1466 2010 δρᾷν
1481 1975 1514 2002 τὰ
1527 1975 1707 2008 ἀνοσιώτατα,
1724 1976 1765 2008 εἰς
1787 1976 1870 2003 τοῦτο

1071 2019 1212 2051 ἀσθενείας
1229 2019 1277 2046 καὶ
1298 2019 1426 2052 ἀκλειῖας
1450 2020 1500 2054 τὴν
1519 2020 1574 2047 τῶν
1595 2021 1663 2047 ὅλων
1687 2020 1868 2054 ὑποὸιϐἀζειν

1071 2066 1177 2100 ἀρχήν·
1192 2062 1222 2092 οὗ
1242 2065 1267 2092 τί
1280 2065 1313 2092 ἃν
1334 2066 1439 2100 γένοιτο
1458 2065 1633 2102 ἀτοπώτερον
1652 2067 1668 2103 ἢ
1690 2067 1867 2104 ἀῦεώτερονς

1078 2110 1159 2138 Ἀλλὰ
1169 2111 1250 2146 καινή
1259 2111 1356 2144 τις,ὼς
1366 2111 1448 2144 ἔοικε,
1457 2112 1528 2139 κατὰ
1537 2112 1587 2148 τῆς
1595 2113 1715 2149 Χριστοῦ
1726 2113 1868 2149 βασιλείας

1073 2157 1147 2192 παρὰ
1158 2157 1211 2183 τῶν
1225 2158 1398 2192 ἀνομοᾶντων
1410 2158 1494 2193 ἀνέφυ
1508 2160 1601 2194 γραφή
1611 2167 1619 2174 ·
1636 2159 1697 2186 δέον
1711 2161 1767 2196 γὰρ
1781 2161 1870 2197 αὐτὴν

1073 2203 1132 2234 ταῖς
1146 2202 1260 2229 ἀπασῶν
1277 2203 1457 2238 ὑψηλοτέραις
1471 2205 1687 2241 καταγεραίρειν
1705 2208 1811 2241 τιμαῖς,
1827 2208 1869 2240 εἰς

1072 2248 1187 2284 ἔσχατον
1201 2249 1309 2281 ἀδοξίας
1329 2250 1381 2276 καὶ
1404 2250 1542 2282 εὐτελείας
1565 2252 1719 2287 περιέλκειν
1743 2253 1774 2279 οὐ
1798 2262 1869 2280 κατ-

1071 2295 1247 2330 ερυοριῶσιν,
1263 2295 1307 2321 ἵνα.
1322 2295 1352 2322 τὸ
1370 2295 1470 2332 προσὸν
1487 2296 1523 2327 ὡς
1541 2296 1601 2332 Θεῷ
1613 2297 1722 2333 ἀξίωμα
1743 2299 1870 2334 περιελό-

1073 2349 1158 2376 μενοι,
1174 2342 1327 2376 ἡττημένον
1340 2342 1421 2369 αὑτὸν
1434 2342 1619 2378 παραδείξωσι
1633 2363 1639 2376 ,
1656 2345 1770 2371 καὶτῶν
1785 2345 1869 2372 θείων

1072 2386 1319 2421 πλεονεκτημάτων
1341 2386 1580 2421 ἀπογυμνώσωσι,
1606 2388 1654 2414 καὶ
1679 2388 1755 2423 ψιλὸν
1784 2389 1869 2416 αὐτὸν

1072 2432 1215 2466 ἄνθρωπον
1233 2432 1281 2459 καὶ
1297 2433 1352 2459 τῶν
1365 2433 1426 2459 καθ’
1445 2433 1519 2468 ἡμᾶς
1539 2433 1603 2460 ὄντα
1623 2435 1868 2470 καταστήσωνται,

1074 2478 1122 2505 καὶ
1137 2479 1185 2514 τῆς
1200 2478 1314 2514 ἐνούσης
1330 2478 1404 2514 αύτῷ
1429 2479 1500 2506 κατὰ
1515 2480 1625 2507 πάντων
1640 2480 1765 2512 ἐξουσίας
1781 2482 1869 2515 ὑπερ-

1075 2524 1204 2559 ορίσωσιν
1217 2531 1222 2536 “
1238 2525 1279 2555 εἰς
1301 2525 1430 2559 τοιαύτην
1451 2525 1569 2552 ἀτοπίαν
1585 2526 1633 2551 καὶ
1644 2526 1739 2552 ἁοεῖαν
1754 2526 1789 2552 τὰ
1802 2536 1860 2562 παρ

1073 2571 1164 2602 αὐτοῖς
1180 2570 1412 2605 δογματιζόμενα,
1425 2571 1496 2597 κατὰ
1510 2571 1540 2597 τὸ
1557 2571 1703 2598 ἀκόλουθον
1719 2573 1869 2608 περιέστη·

1074 2624 1138 2642 σαψ
1151 2617 1219 2642 ἀλλὰ
1234 2616 1292 2648 πῶς
1306 2616 1393 2642 ταῦτα
1407 2617 1542 2648 πείσεται,
1564 2616 1595 2642 οὐ
1616 2616 1735 2649 συνῆκαν
1747 2619 1772 2644 οἱ
1793 2618 1867 2652 ἁμα-

1074 2661 1130 2694 οεῑς
1146 2662 1193 2689 καὶ
1206 2662 1313 2697 ἀνόητοι
1324 2671 1330 2677 ·
1341 2663 1356 2689 ὁ
1368 2662 1414 2690 τὸν
1430 2662 1540 2698 ἰσχυρὴν
1551 2662 1636 2698 δήσας
1651 2663 1699 2689 καὶ
1710 2662 1870 2699 διαρπάσας

1074 2709 1155 2736 αὑτοῦ
1172 2709 1207 2736 τὰ
1224 2709 1320 2744 σκεύη,
1338 2709 1386 2735 καὶ
1399 2709 1449 2744 τῆς
1466 2708 1529 2735 καθ’
1549 2709 1628 2744 ἡμῶν
1649 2708 1753 2744 λύσσης
1770 2709 1869 2745 ἀπείρ-

1075 2756 1133 2789 ξας,
1158 2755 1217 2788 πῶς
1234 2755 1248 2782 ό
1265 2754 1310 2782 τὸν
1331 2755 1446 2791 ἀόρατον
1472 2754 1700 2790 αἰχμαλωτεύσας
1723 2754 1870 2791 τύραννον,
