1947 3080
108 171 165 202 705

539 166 821 197 APOLOGETICUS
851 166 925 195 PRO
946 165 1079 196 SACRiS
1098 164 1337 195 IMAGINIBUS.

1693 165 1751 196 706

111 227 161 254 καὶ
172 225 295 253 καθελὼν
305 225 335 251 τὸ
345 223 512 258 δυσάντητον
524 222 634 258 κράτος,
643 221 815 257 ἀντεσυλήθη
826 221 907 248 πάλιν

962 220 1273 255 eaptivavittyranntnn,
1288 224 1315 247 et
1341 219 1545 247 formidabilem
1568 219 1670 247 delevit
1700 227 1749 254 po-

109 271 288 308 ἡττώμενοςς
302 270 349 303 ἘΞ
364 270 472 302 ἀτονίας
484 269 538 304 ἄρα
546 267 691 300 πεπονθὼς
705 268 796 300 τοῦτο,
811 267 827 303 ἢ
841 277 906 294 κατ-

111 318 286 353 ολιγωρήσας
320 316 368 343 τοῦ
394 316 634 351 προσκτηθέντος,
662 315 710 342 καὶ
740 316 827 341 ταῦτα
859 313 906 340 ἐπὶ

110 363 252 395 τοσούτοις
273 362 367 398 ἱδρῶσι
392 362 440 388 καὶ
454 361 588 392 πάθεσιν,
615 361 660 388 ἵνα
680 361 749 396 μετὰ
763 360 810 387 τοῦ
825 360 906 386 δύνα-

112 410 175 436 σθαι
190 411 416 444 παραιρὴσωνται
432 407 524 440 αὐτὸν,
540 407 586 434 καὶ
605 406 654 442 τῆς
668 407 823 442 προσούσης
842 406 906 441 περὶ

111 456 187 491 ἡμᾶς
203 454 366 489 κηδεμονίας
378 454 426 480 καὶ
438 453 567 488 προνοίας
581 452 670 487 αὐτῷ;
681 452 764 483 Κενὺς
775 450 821 478 οὖν
831 451 906 487 αὐτῷ

111 503 126 528 ὁ
144 501 218 535 ἀγὼν
233 500 294 527 κατ’
316 500 425 532 αὐτοὺς,
443 499 491 526 καὶ
511 499 600 534 μάτην
615 499 631 533 ἡ
646 498 715 534 πρὸς
729 498 775 524 τὸν
791 498 906 525 ἀντίπα-

111 545 160 572 λον
186 545 308 580 διαμάχη
339 544 501 579 ἐξήνυσται·
527 543 598 578 τάχα
621 552 672 570 που
701 543 747 569 καὶ
771 543 906 578 δευτέρων

113 592 228 625 ἀγώνων
243 591 315 626 αὐτῷ
332 591 433 626 δεήσει⁷
451 590 497 616 καὶ
512 591 663 625 πράγματα
677 589 742 622 ἔξει,
762 589 809 616 καὶ
825 598 906 624 φρον-

112 638 195 664 τίδων
209 637 263 664 τῶν
286 637 354 672 πρὸς
370 637 465 672 ἐχθρὸν
480 637 529 663 οὐκ
553 635 694 670 ἀπολήξει.
710 635 756 661 καί
776 643 841 661 ποτε
859 635 906 662 καὶ

113 684 197 719 ἄλλης
213 683 288 718 αὐτῷ
306 683 420 718 μελήσει
438 682 613 717 σαρκώσεως,
630 682 677 708 καὶ
697 681 813 716 σταυρὸν
827 681 906 708 ἄλλον

114 731 164 757 καὶ
189 730 274 761 πάθος
298 730 453 762 ἐκδέξεται·
479 729 508 762 ἐξ
530 726 561 754 οὖ
583 728 754 764 συμϐήσεται
774 728 906 762 ἀνάλογον

113 776 221 806 τούτοις
238 774 310 807 ἕξειν
324 775 372 801 καὶ
382 775 431 809 τὴν
445 774 608 810 θρησκείαν·
630 775 653 800 εἰ
674 774 728 808 γὰρ
745 773 906 809 κατήργηχε

113 821 166 855 τὴν
184 819 393 854 είδωλολατρίαν
408 819 537 853 Χριστὸς,
551 818 600 845 καὶ
614 818 693 845 τοῦτο
705 818 827 854 ὑπῆρξεν
841 819 907 854 ἡμῖν

114 865 211 900 ψυχῶν
232 863 350 900 ἰατρεία,
371 861 430 890 εἶτα
447 865 584 899 ἐπανῆκεν
609 864 783 891 ἀναπνεῦσαν
797 864 828 891 τδ
843 864 907 899 βλα-

961 266 1094 298 tentiam,
1123 265 1254 300 spoliatus
1289 265 1371 292 fuerit
1396 265 1572 301 vicissimque
1608 265 1750 293 devictus?

958 311 1028 338 Num
1044 310 1186 338 debilitate
1198 318 1245 338 sua
1262 311 1288 338 id
1302 318 1408 345 passus,
1420 316 1466 338 aut
1485 311 1625 345 acQItisitze
1643 311 1681 338 rei
1702 319 1749 338 ne-

962 358 1102 394 gligentia,
1121 363 1148 385 et
1169 358 1277 393 quidem
1294 361 1355 392 post
1367 362 1406 384 tot
1421 358 1534 385 sudores
1546 363 1626 391 atque
1639 357 1748 384 crucia-

961 404 1023 431 tus?
1051 404 1183 434 Patietur.
1202 403 1325 437 inquam,
1342 403 1450 438 spoliari
1475 411 1504 430 se
1528 411 1588 430 eutn
1614 402 1746 436 potentia,

961 458 1008 478 sua
1025 457 1132 484 quoque
1147 456 1210 483 erga
1236 455 1285 475 nos
1299 455 1362 475 cura
1385 455 1414 475 ac
1438 447 1626 482 providentia?
1642 446 1747 474 Vanum

961 496 1054 529 itaque
1068 494 1119 521 fuit
1134 494 1192 528 ejus
1209 499 1358 525 certamen,
1378 492 1479 519 frustra
1495 498 1589 520 contra
1617 493 1748 519 adversa-

960 543 1030 568 rium
1048 549 1164 576 pugnam
1181 547 1257 567 suam
1275 539 1483 566 consummavit.
1499 538 1626 565 Fortasse
1643 542 1670 564 et
1687 537 1749 564 aliis

960 593 1029 621 opus
1040 586 1065 613 ei
1078 586 1130 613 erit
1144 585 1348 614 certaminibus,
1361 589 1387 611 et
1403 584 1539 618 negotium
1549 584 1573 610 ei
1587 585 1746 615 facessetur,

960 639 1047 666 neque
1065 639 1079 658 a
1094 631 1324 658 sollicitudinibus
1340 630 1375 658 ob
1398 631 1502 657 hostem
1519 637 1596 656 suum
1612 629 1748 662 cessabit;

960 681 987 704 el
1002 678 1035 704 de
1053 677 1105 703 alia
1119 675 1249 712 cogitabit
1265 676 1409 711 aliquando
1427 675 1625 707 incarnatione,
1646 679 1673 701 ct
1684 683 1749 702 cru-

961 731 1019 750 cem
1035 723 1115 749 aliam
1123 730 1155 749 ac
1165 722 1317 757 passionem
1333 722 1511 756 exeipict;ex
1530 728 1583 755 quo
1598 722 1748 755 continget,

961 772 990 795 ιιι
1003 769 1045 796 his
1059 768 1202 802 analognm
1219 767 1443 802 quoque’cultutu
1459 767 1495 793 sit
1511 767 1664 793 habiturus.
1684 766 1749 793 Nam

961 816 983 842 si
1000 814 1136 842 destruxit
1152 813 1334 841 idololatriam
1349 813 1486 845 Christus,
1505 813 1586 846 idque
1610 812 1686 838 nobis
1700 811 1750 838 fuit

961 861 1113 887 animarum
1125 860 1312 892 medicamen;
1326 864 1416 894 postea
1431 866 1496 886 vero
1513 859 1568 885 haec
1587 859 1669 893 pestis
1690 865 1750 885 rur-

116 911 209 946 ὃερον,
231 909 326 944 ἐτέρας
350 908 427 941 αὖθις
450 910 600 946 θεραπείας
622 910 765 945 δεήσεται·
785 911 856 946 ὅπερ
875 910 907 946 δὴ

962 914 1006 934 sus
1027 907 1152 940 spiritum
1175 907 1300 941 sun-psit,
1321 906 1373 932 alia
1397 906 1487 932 denuo
1521 905 1654 931 medicina
1681 911 1751 939 opus

116 957 165 983 ἐπὶ
183 956 236 983 τῶν
249 956 319 983 κατᾶ
332 956 362 982 τὺ
381 956 461 991 σῶμα
475 957 640 991 νοσημάτων
654 957 744 993 εὑρεῖν
764 957 837 983 ἔστιν
849 965 854 971 ·
870 957 908 988 ὡς

117 1003 144 1029 εἴ
159 1011 202 1034 τις
225 1001 325 1037 ἰατρῶν
345 1001 395 1036 τὴν
418 1001 560 1037 παροῦσαν
580 1002 740 1036 ἐξιάσασοαι
762 1003 839 1029 νόσον
861 1002 908 1028 τοῦ

117 1050 270 1085 κάμνοντος
286 1048 407 1084 βούλοιτο
418 1069 424 1080 ,
441 1049 587 1084 κεράννυσι
607 1049 656 1084 μὲν
673 1050 706 1084 τῇ
723 1049 792 1083 νόσῳ
809 1049 908 1076 κατάλ-

117 1095 187 1129 λτιλα
203 1094 337 1130 φάρμακα
348 1102 354 1109 ’
373 1093 432 1121 εἶτα
446 1095 460 1120 ὃ
473 1095 559 1130 ἐδόκει
577 1094 765 1129 ἀλεξητήριον,
779 1103 909 1130 περιτρα-

119 1140 170 1166 πὲν
189 1140 213 1165 εἰ
227 1139 304 1174 τύχοι
318 1139 413 1173 γέγονε
438 1139 613 1174 δηλητήριον,
627 1140 665 1170 ὡς
689 1139 766 1166 οὐδέν
789 1149 816 1167 τι
830 1140 907 1175 ῥᾷον,

117 1186 211 1219 χεῖρον
223 1184 251 1210 δὲ
268 1184 368 1219 μᾶλλον
382 1183 498 1219 σχούσης
513 1185 562 1219 τῆς
577 1184 738 1216 διαθέσεων
752 1185 909 1219 ἀναγκαίως

117 1229 165 1256 οὖν
177 1230 324 1263 ἁγωνιάσει
337 1231 385 1256 καὶ
399 1230 568 1262 διασπεύτιει,
595 1231 699 1265 ἐτέροις
713 1232 910 1267 ἐπιχειρήμασι

119 1275 273 1310 μεθοδεύων
285 1275 417 1302 διαθεῖναι
430 1275 459 1302 τὸ
468 1276 553 1310 ἴαμα·
569 1276 593 1302 εἰ
605 1276 671 1310 γοῦν
687 1277 732 1303 καὶ
748 1277 850 1304 τούτων
872 1278 909 1314 μὴ

119 1321 308 1354 ἐπιτεύξοιτο,
334 1320 466 1358 προσθείη
489 1322 574 1358 δήπου
597 1323 645 1349 καὶ
671 1323 772 1358 ἕτερα,
798 1323 845 1350 καὶ
869 1325 910 1355 είς

117 1368 235 1402 ἄπειρον
256 1367 304 1402 τὴν
326 1368 424 1401 πεῖραν
450 1367 610 1400 κενώσειεν,
629 1367 687 1394 ἐστι
707 1368 735 1394 δὲ
755 1368 847 1396 λοιπον
861 1370 911 1396 οὐκ

122 1413 231 1447 ἰατρεία
247 1412 277 1438 τὸ
293 1411 442 1447 δρώμενον,
459 1412 516 1438 ἀλλ’
537 1413 639 1448 ἀπορία
663 1413 709 1439 καὶ
726 1413 847 1445 άτευξία,
863 1414 910 1440 καὶ

120 1458 170 1492 τῆς
183 1457 229 1483 τοῦ
245 1457 384 1488 νοσοῦντος
403 1458 590 1489 κακοπαθείας
614 1458 733 1490 ἐπίδοσις
744 1466 751 1474 ⁸
769 1459 816 1485 τὸν
829 1459 910 1485 α”ιτον

118 1505 222 1540 τρόπον
240 1505 286 1531 καὶ¹
299 1504 334 1530 τὰ
349 1504 420 1530 κατὰ
440 1504 490 1540 τὴν
509 1504 556 1530 τοῦ
575 1504 699 1540 Σωτῆρος
717 1504 794 1539 ἡμῶν
807 1506 911 1532 οἰκονο-

112 1552 189 1585 μμίαν
209 1551 327 1586 Χριστοῦ
341 1550 562 1585 διαχλευάζοντες
573 1573 579 1582 ,
596 1550 759 1585 διορίζεσθαι
782 1552 806 1578 οἱ
822 1551 909 1578 ἄθλιοι

120 1597 273 1632 βούλονται,
287 1597 324 1628 ὡς
338 1597 415 1624 οὐδὲν
428 1597 533 1632 οὐδαμῆ
547 1598 659 1632 ἐνεργὸν
676 1596 692 1630 ἢ
708 1595 823 1631 βεϐηκὸς
839 1597 910 1632 ἔχειν

121 1643 208 1678 αὐτὴν
228 1643 424 1677 διανοούμενοι.
451 1643 581 1674 Παίζεται
614 1642 660 1670 οὖν
688 1644 752 1678 παρ’
774 1644 866 1674 αὐτοῖς
879 1643 912 1669 τὰ

120 1689 184 1715 καθ’
200 1690 274 1724 ἡμᾶς
295 1690 443 1725 μυστήρια,
459 1689 505 1715 καὶ
530 1689 584 1715 τῶν
597 1690 643 1716 ἐπὶ
660 1689 763 1725 σκηνῆς
776 1689 862 1722 οὐδὲν,
874 1689 912 1720 ὡς

120 1734 206 1766 ἔοικε,
221 1734 384 1769 διενήνοχεν.

158 1779 254 1814 Ἡμεῖς
269 1779 296 1805 δὲ
310 1780 370 1811 ταῖς
389 1778 528 1813 ἀληθείαις
554 1779 701 1814 χρώμενοι,
717 1778 765 1804 καὶ
786 1778 834 1813 τῆς
854 1778 910 1805 τῶν

122 1825 295 1860 πραγμάτων
307 1825 397 1851 αὐτῶν
405 1824 522 1856 πίστεως
531 1824 724 1858 καὶδυνάμεως
736 1824 911 1860 ἀντεχόμενοι

121 1871 239 1905 λέγομεν
251 1877 258 1884 ⁶
269 1870 395 1905 Τοσούτῳ
405 1871 547 1904 περιέσται
560 1870 596 1904 τῷ
608 1872 706 1905 νικητῇ
722 1870 768 1897 τοῦ
780 1871 911 1906 τυράννου

122 1916 171 1943 καὶ
186 1915 232 1943 τοῦ
248 1915 362 1942 ὗανάτου
376 1915 486 1951 Χριστῷ
503 1917 535 1942 τὰ
554 1917 601 1951 τῆς
612 1916 705 1950 vix-qr
719 1916 756 1947 ὡς
771 1916 819 1952 ἤδη
837 1917 884 1943 καὶ
898 1917 912 1943 ὁ

121 1962 231 1998 δράκων
244 1961 391 1996 ὀπανώλης
406 1962 435 1994 ἐξ
446 1961 599 1996 ἀπληστίας
611 1962 656 1988 καὶ
666 1961 739 1996 αὑτῴ
751 1961 911 1996 προσδαλὼν

122 2007 162 2042 τῷ
181 2007 301 2042 Χριστῷ,
321 2007 417 2042 καιτῷ
439 2007 593 2042 φαινομένῳ
606 2006 777 2041 ἐπιδραμὼν,
796 2008 912 2044 ἐπείπερ

120 2054 204 2079 οἱονεὶ
219 2052 315 2087 δέλεαρ
331 2052 406 2087 αὑτῷ
423 2052 593 2088 προύϐάλετο
614 2053 644 2078 τὸ
662 2052 847 2087 ἀνθρώπινον,
864 2054 911 2080 κα).

122 2098 196 2133 μάλα
215 2098 326 2128 ἐλπίσας
336 2097 474 2133 θηράματι
491 2097 584 2132 ὥσπερ
603 2098 655 2123 τινὶ
679 2098 832 2134 π;ριτυχὼν
847 2107 912 2125 κατ-

121 2144 278 2178 εδηδοκέναι
286 2144 316 2170 τὺ
328 2144 497 2178 προσπεσ’,ν,
507 2143 544 2178 τῷ
555 2143 696 2179 ἀγκίστρῳ
705 2147 865 2178 περιπίπτει
873 2145 912 2170 ὄε-

120 2189 248 2220 λεασθεὶς
258 2190 306 2223 τῆς
322 2189 460 2223 θεότητος,
474 2189 520 2216 καὶ
531 2188 577 2220 οὓς
595 2188 680 2215 πάλαι
692 2189 812 2223 λαφύξας
825 2198 911 2216 κατα-

958 954 1025 986 erit;
1039 952 1064 979 id
1076 953 1147 986 quod
1162 953 1187 978 in
1201 951 1388 985 corporalibus
1397 951 1498 978 tuorhis
1511 955 1680 984 compertum
1690 954 1749 982 est;

959 1006 1020 1025 enm
1033 999 1056 1025 si
1073 998 1133 1032 quis
1147 998 1267 1024 medicus
1276 1002 1437 1031 prreseutem
1454 996 1576 1022 morbum
1592 995 1752 1029 a'grotantis

960 1052 1057 1071 sanare
1069 1043 1142 1074 velit.
1155 1048 1337 1070 consentanea
1348 1043 1441 1069 morbo
1451 1042 1596 1076 pharmuca
1609 1041 1748 1076 propinat;

960 1091 1056 1117 deinde
1079 1089 1189 1121 accidit,
1206 1094 1235 1116 ιιι
1265 1090 1337 1123 quod
1358 1088 1506 1115 retuediutu
1528 1087 1681 1118 videbatur,
1699 1086 1749 1112 ali-

960 1137 1068 1171 quando
1092 1143 1247 1170 pervetsum
1273 1136 1319 1161 ﬁat
1351 1140 1433 1168 atque
1462 1132 1650 1162 mortiferum,
1684 1131 1748 1166 quia

961 1190 1057 1217 nempe
1081 1181 1165 1208 nihilo
1191 1181 1305 1214 melior,
1321 1180 1377 1207 imo
1403 1180 1479 1214 pejor
1503 1179 1537 1205 sit
1554 1179 1617 1212 aegri
1640 1183 1748 1210 status;

961 1228 1117 1256 necessario
1144 1227 1236 1262 Itaque
1250 1226 1376 1254 testuabit
1393 1225 1514 1252 medicus
1535 1229 1562 1250 et
1585 1223 1652 1250 satis
1676 1229 1747 1258 aget,

961 1276 1021 1303 aliis
1045 1275 1233 1302 tnolitionibtts
1251 1274 1364 1300 studens
1388 1278 1551 1306 componere
1575 1270 1747 1297 medicinam.

961 1321 1037 1353 Quod
1066 1320 1088 1347 si
1104 1327 1138 1346 ne
1151 1319 1186 1345 ita
1203 1318 1311 1353 quidem
1332 1324 1413 1351 scopo
1439 1316 1568 1350 poliatur,
1584 1315 1663 1341 addet
1685 1313 1748 1346 alia,

964 1372 1045 1400 atque
1065 1366 1091 1393 in
1121 1364 1263 1399 infinitum
1290 1362 1434 1389 exhauriet
1455 1361 1538 1395 216
1551 1360 1748 1394 experimenta.

962 1413 1015 1439 Sed
1042 1412 1097 1446 jam
1126 1411 1225 1438 dehinc
1257 1409 1328 1444 quod
1361 1409 1400 1440 lit,
1425 1415 1478 1434 non
1501 1411 1542 1433 est
1564 1405 1678 1437 medela,
1702 1405 1750 1431 sed

961 1458 1124 1493 ambiguitas
1140 1462 1166 1484 et
1177 1455 1314 1483 aberratio
1331 1459 1356 1480 et
1366 1454 1429 1489 τίει-ἱ
1446 1453 1586 1480 doloribtts
1600 1452 1751 1478 incremen-

962 1509 1028 1531 tum.
1044 1503 1104 1530 Pari
1125 1502 1205 1528 modo
1227 1500 1381 1527 Servatoris
1404 1506 1513 1533 quoque
1541 1497 1627 1524 nostri
1649 1496 1751 1524 Christi

963 1548 1176 1583 incarnationem
1199 1546 1344 1572 irridentes
1360 1544 1386 1571 hi
1412 1544 1502 1571 miseri
1518 1544 1631 1571 delinire
1646 1543 1750 1575 volunt,

964 1594 1031 1621 nihil
1045 1594 1154 1621 omnino
1170 1593 1264 1620 eliicax
1281 1596 1326 1618 aut
1345 1591 1442 1618 stabile
1462 1591 1563 1617 habere
1587 1590 1672 1624 ipsatn
1690 1587 1751 1616 exi-

963 1640 1113 1667 stimantes.
1133 1639 1263 1665 Ludibrio
1290 1638 1380 1671 itaque
1405 1636 1538 1663 habentur
1569 1636 1636 1670 ipsis
1656 1639 1750 1662 nostra

964 1686 1103 1722 mysteria,
1119 1684 1238 1719 nihilque
1253 1691 1268 1710 a
1285 1683 1402 1711 scenicis
1421 1682 1512 1714 rebus,
1527 1686 1557 1709 ut
1573 1682 1692 1714 videtur,
1706 1681 1748 1709 di-

963 1732 1074 1758 stantia.

999 1778 1033 1803 At
1049 1777 1121 1804 enim
1138 1783 1197 1808 nos,
1209 1776 1332 1803 veritatis
1357 1783 1436 1803 usum
1458 1774 1596 1805 habentes,
1615 1779 1641 1801 et
1661 1781 1751 1800 rerum

963 1830 1097 1859 gestarum
1111 1824 1171 1851 ﬁdei
1181 1831 1213 1850 ac
1229 1824 1321 1850 virtuti
1335 1823 1517 1853 adhmrentes.
1531 1823 1644 1849 dicimus
1658 1831 1664 1848 :
1677 1822 1753 1848 Adeo

964 1878 1011 1897 sua
1050 1875 1154 1897 constat
1189 1869 1301 1896 victoria
1341 1869 1445 1904 tyranni
1472 1869 1620 1902 mortisque
1654 1868 1750 1894 victori

963 1917 1084 1949 Christo,
1101 1916 1195 1950 utjam
1212 1916 1344 1942 exitiosus
1358 1916 1450 1946 draco,
1469 1915 1651 1942 insatiabilem
1675 1922 1751 1941 suam

964 1962 1140 1989 roratitaleni
1170 1961 1196 1987 itt
1223 1961 1359 1988 Christum
1392 1960 1479 1994 ipsum
1502 1960 1657 1991 intendens,
1675 1964 1701 1985 et
1725 1959 1751 1985 in

964 2011 1124 2042 praesentem
1149 2006 1258 2033 irruens
1277 2026 1284 2038 ,
1314 2010 1456 2040 postquam
1491 2005 1573 2031 veluti
1599 2012 1661 2031 esea
1700 2003 1751 2038 ῐιι-ιὶ

962 2055 1069 2088 objecta
1087 2058 1130 2081 est
1153 2053 1319 2085 humanitas,
1336 2053 1412 2086 isque
1441 2051 1537 2086 cupide
1562 2059 1609 2077 cett
1635 2050 1751 2085 prmdaiu

963 2102 1106 2136 quamdam
1121 2104 1218 2127 nactus
1235 2107 1331 2126 vorare
1347 2099 1462 2134 putavit,
1479 2099 1503 2124 in
1519 2098 1627 2124 hamum
1645 2097 1753 2123 deitatis

962 2147 1091 2182 deceptus
1102 2146 1262 2178 incurrerit;
1273 2150 1300 2172 et
1309 2152 1379 2179 quos
1388 2144 1450 2170 olim
1464 2143 1592 2177 iiguriens
1605 2141 1753 2176 ingurgita-

964 2198 1048 2225 verat.
1058 2192 1217 2219 dillitsultate
1231 2191 1283 2218 cibi
1301 2190 1471 2224 pra-fucatus,
1483 2190 1581 2216 inritus
1592 2188 1751 2214 cvotnuet-il.

120 2234 258 2267 πεπώκει,
271 2236 336 2271 πρὸς
348 2235 379 2261 τὸ
391 2236 554 2268 δυσάντητον
569 2235 729 2270 ἀπαυδήσας
743 2237 792 2270 τῆς
807 2235 908 2270 θοίνης,

964 2240 1108 2274 Propterea
1123 2238 1257 2270 homines,
1273 2237 1322 2271 qni
1339 2241 1417 2264 antea
1437 2236 1525 2270 pra-ila
1542 2241 1617 2262 erant
1631 2235 1709 2261 obvia
1726 2237 1750 2259 et

121 2286 169 2308 και
181 2282 231 2307 οὐκ
245 2281 346 2308 ἐθέλων
360 2282 496 2316 ἀπήμεσε.
511 2280 605 2307 Ταῦτά
613 2289 654 2307 τοι
667 2281 714 2307 καὶ
723 2281 747 2307 οἱ
765 2280 829 2316 πρὶν
843 2282 910 2316 πρὸς

121 2327 209 2363 θήραν
221 2327 275 2353 ἐτοί
279 2335 333 2362 μην
347 2326 395 2353 καὶ
408 2327 507 2361 ἐδωδὴν
522 2327 633 2362 ἡδίστην
649 2327 723 2362 αὐτῷ
743 2327 911 2362 ὑπεκκείμε-

121 2383 164 2401 vet
183 2373 280 2400 ἔλαϐον
300 2373 426 2406 ἐξουσίαν
440 2373 518 2408 παρὰ
539 2372 586 2399 τοῦ
602 2373 647 2398 τὸν
666 2373 769 2408 κόσμον
781 2373 911 2408 νικήσαν-

120 2429 179 2451 τος,
203 2419 251 2446 καὶ
270 2418 319 2454 τὴν
341 2418 516 2454 ὑπερήφανον
538 2419 586 2444 καὶ
609 2418 732 2453 δυσμενῆ
752 2418 912 2450 καθελόντος

121 2465 169 2492 τοῦ
194 2465 316 2500 Πονηροῠ
337 2463 509 2496 δυναστείαν,
528 2465 625 2490 πατεῖν
649 2464 741 2490 ἐπάνω
762 2464 850 2498 ὄφεων
865 2464 913 2490 καὶ

123 2510 276 2544 σκορπίων,
292 2510 339 2536 καὶ
355 2509 401 2536 ἐπὶ
415 2510 506 2536 πᾶσαν
519 2509 568 2543 τὴν
582 2508 629 2536 τοῦ
647 2509 763 2544 Ἐχοροῦ
776 2509 892 2544 δύναμιν
903 2517 911 2525 ⁸

122 2555 192 2582 ἀλλὰ.
212 2556 260 2581 καὶ
285 2554 396 2586 ἄξουσιν
414 2557 444 2581 ἐν
464 2555 606 2591 ἀγκίστρῳ
629 2555 675 2581 τὸν
695 2555 841 2591 δράκοντα,
861 2557 913 2592 ἀφ-

123 2601 223 2636 άψουσι
237 2601 264 2627 δὲ
277 2601 408 2636 φορὸειὰν
418 2601 482 2636 περὶ
496 2602 571 2636 ῥῖνας
583 2600 678 2632 αὐτοῦ,
689 2601 799 2636 δήσουσι
812 2601 841 2628 δέ
857 2601 915 2637 κρίι

122 2655 172 2674 κον
187 2648 215 2672 ἐν
226 2647 265 2681 τῷ
277 2647 398 2682 μυκτῆρι
409 2647 504 2678 αὐτοῦ,
515 2647 562 2673 καὶ
573 2646 672 2682 ψελλίῳ
686 2647 716 2673 τὸ
728 2647 816 2682 χεῖλος
831 2647 913 2675 αὑτοῦ

122 2692 318 2726 διατρήσουσι·
336 2691 386 2719 κᾶν
398 2693 422 2718 οἱ
439 2693 498 2723 ταῖς
511 2693 614 2726 πάγαις
633 2693 683 2727 τῆς
703 2693 808 2728 πλάνης
824 2703 914 2720 συνει-

123 2736 271 2772 λημμένοι,
286 2736 324 2771 τῷ
339 2736 466 2773 δεσμώτῃ
481 2738 527 2764 καὶ
540 2738 702 2773 τετρημένῳ
720 2739 766 2765 καὶ
782 2741 914 2776 μαστιγία

123 2783 259 2816 ὼσέόας,
287 2784 324 2816 ὡς
348 2784 424 2811 αὐτοί
448 2793 545 2819 φασιν,
574 2786 696 2821 ἀνοήτως
721 2787 913 2822 προσάγωσινο

124 2830 210 2862 liv-rw;
223 2831 274 2857 οὐκ
287 2831 443 2866 ἐφρόνηταν
455 2831 570 2858 συνιδεῖν
584 2831 600 2867 ἢ
618 2832 735 2859 συνιέναι
751 2833 775 2859 οί
788 2833 913 2865 τάλανεςι

125 2877 168 2904 διὰ
184 2876 264 2904 τοῦτο
283 2877 333 2912 τῆς
347 2877 476 2913 ἁληϐεἴας
495 2878 774 2913 καταλαζονεύονται,
795 2880 914 2916 τολμῶσί

962 2285 1135 2320 gratissimus
1157 2284 1233 2311 cibus
1261 2283 1384 2314 draconi,
1403 2286 1564 2316 potestatetn
1578 2285 1750 2314 acet-perunt,

962 2332 1038 2358 abeo
1061 2331 1106 2365 qui
1132 2330 1263 2357 mundum
1291 2329 1402 2361 devicit,
1431 2329 1630 2362 superbamque
1655 2324 1684 2353 et
1702 2333 1751 2352 5:2-

962 2384 1023 2404 vam
1041 2377 1138 2404 diaboli
1156 2376 1304 2411 potentiam
1315 2375 1459 2407 destruxit,
1476 2374 1596 2401 calt-andi
1611 2376 1753 2408 serpentes

963 2428 989 2451 et
1004 2423 1164 2457 scorpiones
1184 2428 1348 2456 omnemque
1364 2420 1468 2447 inimici
1484 2420 1548 2447 vim.
1563 2419 1615 2446 Sed
1631 2423 1658 2445 ct
1672 2419 1753 2445 hamo

964 2470 1109 2497 draconem
1136 2468 1286 2499 attrahent,
1302 2467 1450 2501 capistrntn
1465 2464 1627 2499 lihulan-que
1643 2465 1752 2491 naribus

964 2515 1023 2547 ejus
1048 2513 1183 2547 injicicnt,
1201 2511 1365 2546 armillaqne
1386 2511 1485 2538 iabiutn
1510 2510 1566 2543 cjus
1582 2509 1750 2544 petfttdient;

964 2559 1163 2595 quantumlibet
1186 2559 1212 2586 hi
1244 2559 1346 2586 erroris
1363 2558 1403 2585 sui
1430 2558 1532 2592 laqueis
1547 2557 1616 2591 capti
1645 2557 1753 2590 captivo

965 2609 990 2632 et
1020 2603 1157 2639 perforato
1181 2607 1209 2630 et
1238 2603 1371 2638 mastigiae
1397 2603 1510 2634 cultum,
1528 2607 1556 2630 ut
1584 2602 1634 2637 ipsi
1666 2602 1751 2633 aiunt,

965 2651 1062 2678 stolide
1082 2650 1238 2677 exhibeant.
1257 2649 1327 2677 Vere
1342 2657 1395 2676 non
1413 2649 1602 2684 cogitaverunt
1615 2656 1711 2683 sapere
1727 2654 1753 2674 et

966 2696 1118 2730 intelligere
1134 2695 1257 2722 infelices
1273 2695 1309 2722 hi.
1329 2694 1392 2723 Ideo
1407 2695 1537 2721 adversus
1553 2694 1693 2721 veritatem
1710 2694 1752 2720 iu-

966 2742 1130 2772 solesennt,
1163 2741 1317 2775 audentque
1345 2749 1404 2775 qua:
1433 2748 1482 2768 nec
1515 2739 1637 2767 barbaris
1667 2747 1754 2774 neque

965 2787 1069 2816 Graecis
1089 2787 1216 2815 audenda
1236 2788 1336 2814 forent.
1352 2787 1422 2820 Quid
1438 2788 1538 2818 dicent,
1552 2786 1595 2812 ubi
1618 2787 1754 2813 audierint

966 2842 1026 2869 quze
1042 2834 1067 2861 in
1087 2833 1240 2870 Evangeliis
1254 2839 1347 2861 noster
1358 2834 1459 2860 diserte
1472 2833 1528 2859 Rex
1545 2837 1570 2859 et
1585 2837 1678 2866 pastor
1699 2834 1754 2858 ria-

967 2882 1048 2908 mavil
1069 2890 1075 2907 ι
1094 2881 1158 2908 Ores
1185 2889 1247 2908 ntea’
1271 2889 1353 2908 rorem
1382 2888 1462 2906 meam
1492 2881 1614 2913 audiunt,
1630 2886 1652 2907 el
1678 2887 1754 2909 nemo
