1956 3077
127 172 179 204 817

566 167 851 209 APQLOGETICUS
871 166 945 196 PRO
964 165 1096 195 SACRIS
1114 163 1354 196 IMAGINIB’US.

1716 159 1768 192 818

127 232 198 257 διότι
224 229 374 265 μετέθηκεν
394 228 476 255 αὐτὸν
490 227 503 252 ὁ
525 227 608 259 θεός*
627 226 680 262 πρὸ
695 224 749 261 γὰρ
765 227 815 260 τῆς
841 232 923 260 μετα-

979 224 1065 255 batur,
1082 222 1164 258 259
1179 223 1242 258 quia
1258 221 1397 249 transtulit
1411 219 1486 247 illuni
1506 220 1596 246 Deus:
1617 222 1679 246 ante
1695 218 1766 246 enim

129 277 231 307 θέσεως
244 276 326 302 αὑτοῦ
343 274 556 311 μεμαρτύρηται
569 273 784 309 εὐηρεστηκέναι
801 271 840 306 τῷ
855 270 923 305 Θεῷ·

128 323 217 359 χωρὶς
233 322 261 348 δὲ
278 322 408 353 πίστεως,
419 320 551 347 ἀδύνατον
564 319 749 354 εὐαρεστῆσαι
759 326 766 332 ·
779 316 927 345 πιστεῦσαι

131 370 185 402 γὰρ
197 369 290 395 δεῖτὺν
305 367 529 403 προσερχόμενον
543 366 582 400 τῷ
594 365 653 400 Θεῷ
670 365 712 391 ὃτι
726 364 794 396 ἔστι,
808 364 856 390 καὶ
870 364 927 394 τοῖς

131 414 294 449 ἐκζητοῦσιν
331 413 413 440 αὐτὸν
447 412 650 448 μισθαποδότης
684 412 805 445 γίνεται·
836 407 927 435 πίστει

131 460 332 495 χρηματισθεὶς
355 459 417 486 Νῶε
439 459 504 494 περ).
525 458 580 486 τῶν
604 457 718 493 μηδέπω
740 455 927 492 βλεπομένων,

132 505 294 540 εὐλαϐηθεὶς
313 504 501 532 κατεσκεύασε
521 503 638 530 κιϐωτὸν
658 503 698 534 είς
721 502 860 536 σωτηρίαν
880 500 927 527 τοῦ

132 553 207 579 οἴκου
228 551 326 579 αὐτοῦ·
344 551 378 578 δι’
393 548 427 587 ἦς
450 550 594 585 κατέκρινε
610 549 655 575 τὸν
678 549 792 583 κόσμον,
811 545 861 573 καὶ
879 546 928 580 τῆς

132 599 204 624 κατά
218 598 311 624 πίστιν
327 589 502 632 δικαιοσύνης
514 596 624 630 ἐγένετο
639 594 807 630 κληρονόμος
818 601 824 607 ·
837 592 928 618 πίστει

132 644 303 678 καλούμενος
331 643 469 678 Ἀϐραὰμ,
495 643 652 678 ὑπήκουσεν
678 640 795 674 ἐξελθεῖν
819 640 859 670 είς
884 638 930 664 τδν

131 689 217 716 τόπον
243 689 272 716 ὅν
298 689 395 724 ἔμελλε
423 688 574 724 λαμϐάνειν
599 688 640 719 εἰς
663 685 856 722 κληρονομίαν,
883 685 930 710 καὶ

108 752 113 771 γ
132 735 230 770 ἐξῆλθε
248 735 286 771 μὴ
304 735 487 770 ἐπιστάμενος
502 733 553 760 πού
571 734 733 768 ἀπέρχεται·
749 732 840 759 πίστει
860 739 931 765 παρ-

91 777 113 802 ιί
132 781 243 818 ᾤκησεν
273 782 314 814 είς
330 782 381 817 τὴν
397 782 449 816 γῆν
464 781 513 816 τῆς
528 780 696 814 ἐπαγγελίας
713 779 751 810 ὡς
775 777 933 813 ἀλλοτρίαν,

110 819 113 826 ’
130 830 160 854 ὲν
180 830 293 863 σκηναῖς
311 828 479 862 κατοικήσας
496 826 566 861 μετά
584 826 678 853 Ἰσαὰκ
696 825 744 851 καὶ
764 823 862 850 Ἰακὼὸ
877 823 931 850 τῶν

132 872 365 908 σνγκληρονόμων
386 872 436 907 τῆς
459 871 629 905 ἐπαγγελίας
644 869 694 904 τῆς
716 868 819 903 αὐτῆς
840 866 931 899 ἑξεδὲ-

979 270 1183 298 translationem
1208 276 1285 296 snam
1307 268 1491 294 testimonium
1519 266 1615 294 habuit
1634 265 1769 300 placuisse

979 317 1045 344 Deo.
1063 315 1129 349 Sine
1149 314 1201 342 ﬁde
1215 318 1305 341 autem
1325 312 1493 344 impossibile
1519 315 1561 338 est
1576 311 1689 346 placere
1702 310 1766 338 Deo.

978 363 1094 389 Credere
1109 362 1182 388 enim
1202 364 1310 395 oportet
1335 359 1510 386 accedentem
1537 358 1570 384 ad
1593 357 1676 384 Deum
1705 357 1768 390 quia

978 415 1032 442 est,
1047 414 1073 435 ct
1085 407 1285 443 inquirentibus
1300 413 1330 433 se
1345 409 1535 433 remunerator
1552 404 1599 431 sit.
1620 402 1685 430 Fide
1703 402 1768 432 Noe.

980 461 1110 490 responso
1123 458 1235 487 accepto
1250 453 1283 479 de
1298 452 1332 479 iis
1342 459 1401 486 qua:
1419 451 1509 478 adhuc
1525 458 1576 477 non
1595 449 1767 479 videbantur,
1804 448 1809 450 “

980 507 1106 529 metuens
1115 501 1219 536 aptavit
1238 507 1329 526 arcam
1346 499 1372 526 in
1387 498 1501 525 salutem
1518 497 1614 524 domus
1638 503 1705 527 sum,
1721 502 1770 528 per

979 555 1060 582 quam
1088 546 1226 574 damnavit
1251 545 1402 577 mundum;
1430 548 1459 571 et
1483 543 1604 576 justitite,
1636 549 1697 576 qua:
1722 548 1769 575 per

981 592 1059 620 ﬁdem
1075 597 1127 623 est,
1142 591 1228 618 haeres
1248 595 1290 618 est
1308 590 1459 617 institutus.
1470 589 1535 616 Fide
1550 593 1662 615 vocatus
1685 587 1770 613 Abra-

979 638 1041 665 bam
1056 637 1175 664 obedivit
1190 636 1215 664 in
1227 636 1314 664 locum
1326 637 1400 663 exire
1411 657 1418 667 ,
1434 643 1513 670 quem
1536 638 1698 668 accepturus
1711 637 1768 659 crat

980 683 1006 710 in
1020 682 1224 716 lnrreditatem;
1243 687 1269 709 et
1283 683 1357 715 exiit,
1383 682 1506 708 nesciens
1534 688 1589 715 quo
1611 679 1673 707 iret.
1705 678 1770 706 Fide

979 730 1137 757 demoratus
1153 734 1195 756 est
1213 730 1238 755 in
1254 733 1326 756 terra
1350 727 1580 762 repromissionis,
1597 731 1725 760 tanquam
1744 726 1769 751 in

980 776 1078 806 aliena.
1097 776 1122 802 iu
1146 776 1244 803 casulis
1271 775 1430 806 habitando,
1446 782 1508 800 curti
1532 773 1609 800 Isaac
1635 778 1662 799 ct
1687 771 1771 799 Jacob

980 822 1166 849 cohwredilms
1193 821 1413 855 repromissionis
1429 821 1563 854 ejusdem.
1588 819 1772 854 Exspectahat

981 869 1051 896 enim
1069 868 1241 895 l‘umlamenta
1254 869 1396 895 habentem
1410 868 1558 899 civitatem,
1575 866 1652 900 cujus
1672 866 1770 892 artifex

131 927 194 953 χετο
209 918 263 953 γὰρ
275 918 323 954 τὴν
338 918 402 950 τοὺς
425 917 568 952 θεμελίους
594 916 710 951 ἔχουσαν
731 914 819 944 πόλιν,
837 911 871 948 ἧς
885 920 930 938 τε-

981 913 1147 941 etcenditor
1169 914 1248 940 Deus.
1274 913 1340 940 Fide
1353 918 1376 939 et
1403 913 1458 946 ipsa
1486 912 1553 939 Sara
1568 911 1670 938 sterilis
1684 911 1772 937 virtu-

130 963 226 998 χνίτης
238 963 286 990 καὶ
303 962 469 998 δημιουργὸς
479 963 494 989 ό
508 961 685 993 ϐίος-πίστει
696 960 744 986 καὶ
755 959 822 993 αὐτὴ
835 958 928 993 Σάρρα

131 1010 249 1044 δύναμιν
265 1011 305 1041 εἰς
324 1008 478 1044 καταϐολὴν
495 1008 653 1043 σπέρματος
674 1006 766 1037 ἔλαὸε,
787 1005 835 1031 καὶ
852 1003 929 1039 παρά

133 1057 230 1092 καιρὸν
249 1056 360 1091 ἡλικίας
388 1055 493 1087 ἔτεκεν,
519 1054 582 1081 ἐπεὶ
611 1053 707 1080 πιστὸν
734 1052 858 1087 ἡγήσατο
881 1051 928 1076 τὸν

132 1101 384 1135 ἐπαγγειλάμενον·
397 1100 437 1126 διὸ
456 1100 504 1126 καὶ
518 1100 566 1134 ἀφ’
585 1099 645 1130 ἑνὸς
667 1099 864 1132 ἐγεννήθησαν,
882 1096 928 1122 καὶ

132 1145 220 1173 ταῦτα
233 1145 450 1180 νενεκρωμένου,
473 1143 564 1175 καθὼς
582 1142 618 1169 τὰ
639 1142 727 1177 ἄστρα
747 1141 795 1168 τοῦ
811 1140 928 1176 ούρανοῦ

133 1193 165 1220 τδ
181 1190 295 1226 πλῆθος,
308 1191 357 1217 καὶ
374 1189 465 1222 καθὼς
477 1191 494 1225 ἡ
511 1190 603 1225 ἄμμος
616 1190 632 1224 ἠ
647 1188 724 1222 παρὰ
736 1187 765 1214 τὸ
783 1187 870 1222 χεῖλος
879 1186 929 1222 τῆς

135 1237 275 1271 θαλάσσης
297 1237 314 1271 ἡ
337 1235 545 1270 ἀναρίθμητος·
571 1233 643 1261 κατὰ
670 1233 760 1259 πίστιν
791 1231 928 1259 ἀπέθανον

133 1278 208 1308 οὗτοι
229 1283 342 1313 πάντες,
369 1280 406 1316 μὴ
431 1279 561 1312 λαϐόντες
585 1279 633 1311 τὰς
657 1278 838 1312 ἐπαγγελίας,
860 1278 929 1304 ἀλλὰ

134 1328 278 1364 πόρρωθεν
290 1328 374 1359 αὑτὰς
396 1327 496 1359 ἰδόντες
509 1327 557 1353 καὶ
578 1325 785 1360 ἀσπασάμενοι,
802 1325 850 1351 καὶ
862 1325 929 1357 ὁμο-

132 1376 301 1411 λογήσαντες
317 1375 357 1401 ὅτι
373 1374 444 1406 ξένοι
462 1374 510 1401 καὶ
529 1372 717 1409 παρεπίδημοί
736 1373 806 1398 εἰσιν
820 1371 866 1397 ἐπὶ
879 1371 929 1405 τῆς

133 1422 203 1456 γῆς’
218 1421 243 1447 οἱ
255 1420 309 1455 γὰρ
324 1420 438 1447 τοιαῦτα
452 1419 588 1453 λέγοντες,
609 1417 804 1453 ἐμφανίζουσιν
817 1417 856 1444 ὅτι
874 1425 928 1443 πα-

132 1467 213 1502 τρίδα
229 1466 404 1502 ὲπιζητοῦσι”
421 1467 468 1492 καὶ
489 1466 514 1492 εἰ
537 1465 586 1500 μὲν
612 1465 719 1500 ἐκείνης
743 1464 928 1499 ἐμνημόνευον

133 1515 182 1549 ἀφ’
195 1512 230 1550 ἦς
245 1514 367 1548 ἐξῆλθον,
383 1512 455 1548 εἶχον
476 1513 509 1540 ἂν
532 1512 627 1548 καιρὸν
647 1512 809 1546 ἀνακάμψαι
819 1520 825 1526 ·
840 1510 887 1538 νῦν
900 1510 928 1537 δὲ

133 1560 289 1595 κρείττονος
303 1559 456 1594 ὀρέγονται,
473 1558 615 1584 τουτέστιν
630 1556 808 1592 ἐπουρανίου·
827 1555 868 1582 διὸ
878 1556 928 1582 οὐκ

133 1599 327 1640 ἐπαισχύνεται
345 1604 444 1636 αὐτοὺς
460 1605 474 1630 ὁ
489 1603 566 1636 Θεὸς,
582 1603 649 1634 Θεὸς
665 1603 808 1629 καλεῖσθαι
819 1602 908 1629 αὐτῶν
921 1610 927 1617 ·

132 1653 268 1686 ἡτοίμασε
295 1651 350 1687 γὰρ
374 1650 465 1682 αὐτοῖς
496 1649 591 1676 πόλιν·
615 1650 705 1675 πίστει
727 1649 927 1684 προσενήνοχεν

139 1698 267 1733 Ἀϐραὰμ
284 1697 328 1723 τὸν
353 1696 448 1723 Ἰσαὰκ
475 1693 688 1730 πειραζόμενος,
706 1694 754 1720 καὶ
777 1694 823 1720 τὸν
850 1701 928 1728 μονο-

132 1745 199 1779 γενῆ
223 1743 396 1778 προσέφερεν
417 1743 431 1769 ὁ
456 1741 505 1772 τὰς
530 1740 697 1775 ἐπαγγελίας
717 1740 926 1774 ἀναδεξάμενος,

134 1790 202 1826 πρὸς
222 1790 252 1815 ὃν
267 1787 384 1823 ἐλαλήθη
398 1788 438 1814 ὅτι
452 1788 480 1813 ἐν
496 1786 587 1813 Ἰσαὰκ
602 1785 769 1820 κληθήσεταί
785 1793 827 1811 σοι
843 1785 927 1820 σπέρ-

133 1844 183 1870 μα,
201 1832 382 1869 λογισάμενος
400 1834 440 1859 ὅτι
452 1832 499 1858 καὶ
518 1833 549 1859 ὲκ
563 1831 668 1867 νεκρῶν
686 1831 804 1866 ἐγείρει-ι
818 1830 928 1857 δύναται

132 1883 146 1908 ὁ
171 1882 255 1912 Θεός’
281 1881 342 1907 ὅθεν
367 1879 447 1906 αὑτὸν
473 1879 520 1906 καὶ
542 1879 571 1904 ὲν
597 1878 739 1914 παραϐολῇ
762 1877 926 1912 ἐκομίσατο·

132 1928 225 1954 πίστει
241 1926 305 1961 περὶ
322 1925 475 1960 μελλόντων
488 1924 635 1959 εὐλόγησεν
655 1923 749 1950 Ἰσαὰκ
763 1923 808 1948 τὸν
830 1922 928 1949 Ἰακὼϐ

134 1974 181 2001 καὶ
206 1973 252 2000 τὸν
277 1971 362 1998 Ἡσαῦ
375 1980 382 1988 ν
400 1971 491 1997 πίστει
511 1970 611 2005 Ἰωσὴφ
633 1969 777 2001 τελευτῶν,
796 1970 860 2004 περὶ
877 1969 927 2003 τῆς

132 2019 224 2052 ἐξόδου
240 2018 295 2045 τῶν
312 2018 378 2044 υἱῶν
400 2017 510 2052 Ἰσραὴλ
522 2017 590 2052 ἒμνη
597 2017 722 2052 μόνευσε,
737 2017 784 2043 καὶ
797 2016 928 2052 περὶτῶν

133 2066 235 2092 ὀστέων
258 2063 340 2091 αὑτοῦ
362 2063 529 2091 ὲνετείλατο⁸
550 2062 641 2089 πίστει
660 2062 764 2096 Μωσῆς
784 2062 927 2098 γεννηθεὶς

133 2110 238 2146 ἐκρύϐη
264 2110 397 2146 τρίμηνον
426 2109 478 2136 ὑπὸ
503 2108 557 2135 τῶν
583 2109 709 2144 πατέρων
733 2108 834 2140 αὐτοῦ,
858 2108 927 2135 διότι

132 2157 204 2185 εἶδον
219 2158 327 2184 ἀστεῖον
343 2157 375 2182 τὸ
389 2155 496 2182 παιδίον
511 2156 558 2182 καὶ
573 2155 623 2182 οὐκ
636 2155 811 2190 ἐφοϐήθησαν
826 2155 857 2181 τὸ
871 2155 928 2182 διὰ-

131 2211 226 2237 ταγμα
241 2201 288 2228 τοῦ
309 2201 454 2236 βασιλέως·
474 2201 566 2228 πίστει
583 2201 686 2236 Μωσῆς
710 2201 797 2236 μέγας
813 2201 927 2236 γενόμε-

983 966 1036 987 lem
1065 960 1090 986 in
1113 961 1316 994 conceptionem
1339 960 1450 987 seminis
1478 959 1599 993 accepit,
1622 962 1651 985 et
1674 963 1773 992 [trador

983 1012 1089 1040 tempus
1109 1007 1196 1033 aetatis
1217 1007 1337 1040 peperit;
1364 1006 1490 1041 quoniam
1520 1005 1626 1032 ﬁdelem
1657 1004 1772 1031 credidit

982 1059 1044 1080 esse
1066 1060 1126 1079 cum
1153 1052 1198 1086 qui
1227 1052 1432 1086 rcpromiserat.
1462 1052 1576 1086 Propter
1596 1051 1667 1085 qttod
1694 1055 1721 1077 et
1738 1050 1772 1076 ab

982 1106 1036 1125 uno
1056 1102 1114 1126 orta
1143 1103 1184 1125 est
1212 1098 1379 1132 (etquidem
1405 1097 1520 1124 emortui
1553 1097 1654 1132 vigoris
1682 1096 1770 1131 viro).

981 1149 1109 1178 tanquam
1127 1144 1215 1171 sidera
1235 1143 1296 1171 rmli
1313 1143 1470 1176 multitudo,
1485 1147 1512 1171 et
1531 1142 1600 1170 sicut
1613 1150 1695 1169 arena
1713 1150 1772 1177 qme

982 1195 1023 1217 est
1041 1191 1072 1216 ad
1087 1198 1162 1216 oraui
1181 1191 1274 1222 maris,
1293 1189 1510 1217 innumerabilis.
1526 1189 1608 1216 Juxta
1631 1190 1711 1216 ﬁdem
1726 1191 1772 1216 de-

982 1236 1066 1263 functi
1085 1241 1147 1264 sunt
1169 1243 1265 1263 omnes
1286 1236 1342 1268 isti,
1363 1244 1414 1262 non
1442 1236 1560 1270 acceptis
1579 1236 1769 1271 repromissio—

983 1282 1073 1312 nihns,
1089 1281 1135 1308 sed
1149 1289 1163 1307 a
1181 1282 1257 1316 longe
1275 1288 1321 1307 eas
1339 1280 1503 1315 aspicientes
1515 1287 1541 1308 et
1558 1281 1721 1312 salutantes,
1745 1286 1772 1307 ct

983 1328 1142 1355 corﬁtentcs
1157 1335 1186 1354 se
1203 1326 1361 1361 peregrinos
1375 1332 1401 1353 et
1420 1327 1609 1361 hospitcsesse
1625 1335 1706 1362 super
1717 1333 1770 1354 ter-

981 1382 1051 1401 rain.
1069 1374 1121 1406 Qui
1136 1373 1208 1400 enim
1227 1373 1284 1400 haec
1297 1372 1406 1404 dicunt,
1422 1374 1578 1408 signiﬁcant
1604 1381 1633 1401 se
1654 1374 1770 1408 patriam

983 1420 1130 1454 inquirere.
1148 1418 1180 1445 Et
1200 1419 1222 1445 si
1239 1417 1348 1452 quidem
1367 1418 1439 1445 illius
1455 1418 1652 1450 tueminisseut,
1671 1419 1704 1446 de
1718 1427 1771 1453 qua

981 1467 1117 1497 exierant,
1134 1465 1271 1492 habebant
1281 1464 1372 1498 utique
1390 1470 1495 1498 tempus
1514 1465 1677 1492 revertendi.
1696 1464 1772 1491 Nune

982 1516 1072 1538 autem
1096 1511 1236 1538 meliorem
1260 1515 1406 1545 appetunt.
1431 1510 1455 1536 id
1477 1514 1518 1536 est
1543 1510 1690 1537 caelestem.
1711 1509 1772 1536 Ideo

982 1565 1036 1584 non
1054 1556 1229 1584 confunditur
1242 1556 1312 1584 Deus
1324 1556 1414 1583 vocari
1435 1556 1504 1583 Dens
1527 1563 1639 1588 eorum;
1666 1557 1772 1590 pararit

980 1604 1052 1630 enim
1069 1602 1121 1630 illis
1139 1603 1289 1631 civitatem.
1316 1601 1382 1630 Fide
1407 1602 1505 1629 obtulit
1530 1601 1669 1629 Abraham
1697 1602 1772 1629 Isaae

980 1657 1040 1676 cum
1058 1654 1219 1682 tentaretur,
1236 1654 1263 1676 et
1275 1649 1442 1684 unigenitum
1458 1648 1598 1681 offerebat,
1617 1649 1661 1683 qui
1677 1657 1772 1676 susce-

979 1701 1055 1730 perat
1073 1695 1295 1730 repromissioncs
1311 1703 1317 1722 :
1330 1694 1361 1721 ad
1374 1702 1454 1729 quierit
1469 1694 1571 1721 dictum
1593 1694 1692 1728 fuerat,
1704 1695 1768 1729 quia

980 1742 1005 1768 in
1023 1739 1098 1767 Isaac
1117 1739 1325 1767 vocabitnrtibi
1347 1747 1439 1766 semen
1455 1748 1461 1765 :
1476 1739 1613 1766 arbitrans
1629 1740 1690 1773 quia
1711 1743 1737 1766 et
1756 1747 1770 1765 a

980 1787 1094 1814 mortuis
1110 1788 1243 1814 suscitare
1259 1791 1355 1820 potens
1370 1791 1412 1814 est
1426 1786 1513 1817 Deus;
1535 1785 1606 1813 unde
1623 1793 1684 1813 euut
1701 1791 1728 1813 et
1745 1786 1770 1813 in

981 1833 1135 1867 [ntrnlttilntn
1165 1834 1278 1867 accepit.
1305 1832 1371 1860 Fide
1395 1837 1422 1859 ct
1454 1832 1488 1859 de
1509 1831 1607 1859 futuris
1634 1832 1772 1860 benedixit

981 1879 1088 1906 Isaacus
1110 1878 1212 1906 Jacobo
1229 1883 1255 1906 et
1285 1879 1364 1905 Esau.
1382 1878 1448 1905 Fide
1473 1878 1572 1914 Joscph
1596 1879 1714 1906 moriens
1739 1879 1771 1906 de

979 1926 1055 1952 rxitu
1081 1925 1197 1952 ﬁliorum
1226 1924 1307 1952 Israel
1334 1930 1501 1952 memoratus
1518 1930 1576 1958 est,
1598 1931 1625 1952 et
1647 1925 1681 1952 de
1699 1925 1772 1953 ossi—-

980 1974 1030 2000 bus
1046 1973 1102 2000 suis
1117 1972 1267 1999 mandavit.
1284 1972 1350 1999 Fide
1368 1971 1482 2006 Moyses,
1499 1976 1578 1998 natus
1593 1991 1601 2004 ,
1620 1972 1771 2000 occultatus

980 2024 1022 2046 est
1035 2019 1175 2046 mensibus
1192 2018 1279 2045 tribus
1297 2027 1310 2044 a
1338 2018 1498 2052 parentibus
1513 2018 1581 2049 suis,
1596 2025 1628 2045 eo
1643 2019 1712 2052 quod
1730 2019 1771 2046 vi.

980 2065 1081 2092 disseut
1095 2065 1246 2100 elegantem
1271 2064 1414 2097 iul-antem,
1436 2069 1462 2091 et
1480 2072 1532 2091 non
1558 2065 1707 2092 tinuu-rnnt
1728 2073 1772 2093 re-

979 2111 1019 2144 gis
1035 2111 1165 2138 edictum.
1183 2110 1248 2138 Fide
1263 2110 1368 2145 Moyses
1384 2111 1495 2145 grandis
1510 2111 1614 2144 factus,
1634 2112 1720 2138 noluit
1739 2119 1770 2139 se

978 2156 1031 2184 dici
1056 2156 1142 2183 ﬁlium
1173 2156 1234 2182 tilia:
1258 2155 1426 2188 Pharaonis;
1451 2157 1538 2191 magis
1561 2157 1664 2191 eligens
1686 2156 1767 2191 afﬂigi

979 2211 1040 2230 cum
1057 2202 1156 2237 populo
1182 2202 1240 2234 Dei,
1257 2209 1338 2237 quam
1366 2203 1523 2238 temporalis
1547 2203 1650 2237 pet-cati
1670 2204 1771 2231 habere

129 2256 186 2279 νος,
198 2247 342 2282 ἠρνήσατο
351 2246 477 2281 λέγεσθαι
485 2247 542 2278 υἱὸς
554 2247 689 2283 θυγατρὸς
697 2247 807 2283 ψαραὼ,
825 2247 925 2282 μᾶλλον

979 2250 1192 2285 iucunditatem;
1211 2249 1325 2284 majores
1346 2249 1456 2277 divitias
1471 2250 1612 2277 a-stiuiaus
1633 2251 1770 2278 thesauris

131 2294 260 2329 ἑλόμενος
279 2292 525 2327 συγκακουχείσοαι
538 2292 577 2328 τῷ
589 2292 646 2328 λαῷ
659 2293 706 2320 τοῦ
719 2293 796 2327 Θεοῦ,
807 2293 824 2329 ἢ
840 2294 925 2330 πρόσ-

131 2349 231 2376 καιρον
261 2339 334 2375 ἔχειν
348 2339 486 2374 ἁμαρτίας
500 2339 668 2366 ἀπόλαυσιν·
685 2340 797 2375 μείζονα
811 2341 926 2368 πλοῦτον

131 2388 310 2424 ἡγησάμενος
329 2387 385 2413 τῶν
405 2386 544 2421 Αἰγύπτου
565 2386 727 2422 θησαυρῶν,
757 2387 804 2414 τὸν
829 2388 926 2415 ὀνειδι-

131 2435 201 2469 σμδν
213 2433 261 2460 τοῦ
281 2432 415 2467 Χριστοῦ·
431 2432 570 2459 ἀπέϐλεπε
593 2433 648 2468 γὰρ
668 2433 707 2465 εἰς
720 2433 770 2469 τὴν
787 2434 923 2468 μισθαπο-

129 2480 239 2508 δοσίαν·
266 2479 356 2505 πίστει
385 2478 532 2505 κατέλιπεν
555 2479 718 2512 Αίγυπτονμ
737 2479 774 2514 μὴ
796 2480 925 2514 φοϐηθεὶς

128 2526 176 2552 τὸν
191 2524 279 2558 θυμὸν
296 2525 343 2552 τοῦ
363 2524 512 2560 βασιλέως·
526 2524 571 2551 τὸν
585 2525 640 2560 γὰρ
663 2525 780 2560 ἀόρατον
795 2525 833 2557 ὼς
854 2527 925 2561 ὁρῶν

129 2571 302 2607 ἐκαρτέρησε
311 2578 320 2586 ο
333 2570 422 2597 πίστει
435 2571 567 2606 πεποίηκε
578 2572 612 2604 τὸ,
618 2572 713 2607 Πάσχα
723 2572 771 2599 καὶ
782 2572 832 2608 τὴν
844 2573 926 2608 πρόσ-

129 2626 209 2652 χυσιν
223 2616 270 2643 τοί
296 2616 425 2651 αἵματος,
445 2617 488 2643 ἵνα
509 2616 546 2652 μὴ
561 2618 575 2643 ό
593 2616 745 2652 ὀλοθρεύων
766 2617 800 2643 τὰ
816 2618 924 2653 πρωτό-

128 2671 197 2690 τοκα
212 2663 276 2699 θίγῃ
292 2662 380 2689 αὐτῶν
390 2671 397 2678 ·
416 2662 506 2688 πίστει
520 2662 594 2698 διὲὗη
612 2664 662 2698 τὴν
679 2663 813 2698 Ἐρυθρὰν
823 2663 924 2690 θάλασ-

130 2718 180 2736 σαν
193 2710 231 2741 ὡς
247 2710 292 2736 liti
308 2709 403 2745 ξηρᾶς·
422 2707 455 2746 ἦς
472 2712 569 2744 πεῖραν
582 2710 711 2742 λαϐόντες
731 2712 756 2737 οἱ
779 2711 924 2746 Αἰγύπτιοι

130 2756 341 2791 κατεπόθησαν·
359 2756 492 2783 πίστειτὰ
505 2757 581 2791 τείχη
598 2756 704 2792 Ἰεριχὼ
719 2757 802 2784 ἔπεσε
819 2758 925 2784 κυκλω-

129 2802 212 2829 θέντα
228 2803 275 2828 ἐπὶ
297 2802 368 2829 ἑπτὰ
386 2803 506 2838 ἡμέρας·
532 2803 624 2830 πίστει
647 2803 732 2830 Ῥαὰὸ
753 2805 768 2838 ἡ
787 2802 873 2839 πόρνη
893 2805 923 2830 οὐ

130 2848 308 2875 συναπώλετο
315 2849 369 2880 τοῖς
382 2848 559 2883 ἀπειθήσασι,
567 2848 702 2884 δεξαμένη
713 2850 775 2881 τοὺς
789 2850 925 2877 κατασκό‹

130 2903 200 2925 παυς
216 2895 276 2929 μετ’
299 2894 428 2930 εἰρήνης·
446 2896 493 2922 καὶ
508 2896 534 2922 τί
550 2895 589 2922 ἔτι
612 2896 700 2931 λέγω;
719 2896 853 2932 ἐπιλείψει
870 2897 923 2934 γάρ

978 2296 1169 2332 ιΕςγβιὶοτιιηι
1184 2296 1377 2331 improperium
1392 2295 1492 2323 Christi
1505 2305 1512 2328 ;
1531 2297 1682 2330 aspiciebat
1697 2297 1768 2323 enim

978 2343 1005 2369 iu
1029 2341 1288 2368 remunerationem.
1310 2341 1375 2369 Fide
1393 2341 1502 2376 reliquit
1521 2341 1685 2377 Egyptuiii,
1716 2350 1768 2369 non

978 2389 1080 2415 veritus
1098 2389 1301 2415 animositatem
1321 2389 1391 2423 regis
1409 2398 1415 2416 :
1433 2388 1599 2416 invisibilem
1616 2389 1688 2415 enim
1707 2392 1769 2416 tau-
1806 2422 1810 2427 _

976 2443 1058 2469 quam
1074 2434 1168 2461 videns
1186 2434 1327 2462 sustinuit.
1344 2433 1411 2461 Fide
1436 2434 1585 2461 celebravit
1607 2433 1724 2468 Pascha,
1742 2439 1770 2462 et

976 2481 1118 2515 Sanguinis
1133 2480 1310 2512 effusionem,
1330 2487 1363 2507 nc
1383 2480 1429 2514 qui
1454 2481 1579 2507 vastabat
1602 2481 1767 2515 pritnogeni-
1794 2498 1796 2515 ;

978 2532 1029 2558 tos,
1044 2531 1167 2561 tangeret
1179 2534 1236 2554 eos.
1254 2526 1443 2554 Fide'transiit
1459 2534 1535 2554 mare
1563 2527 1687 2554 liuhrum
1706 2533 1767 2554 tan-

976 2579 1055 2605 quam
1073 2579 1121 2605 per
1139 2572 1242 2598 aridam
1261 2577 1361 2598 terram
1381 2581 1388 2599 :
1417 2573 1488 2606 quod
1505 2573 1608 2606 experti
1626 2572 1767 2608 Egyptii,

975 2617 1179 2653 absorptisuut.
1193 2617 1258 2645 Fide
1280 2618 1350 2645 muri
1364 2617 1474 2645 Iericho
1498 2622 1672 2650 corruerunt,
1694 2623 1768 2652 post-

975 2671 1056 2699 quam
1075 2665 1171 2692 dicbus
1186 2669 1290 2700 septem
1306 2665 1468 2692 circumdati
1490 2664 1609 2692 fuerant.
1627 2665 1692 2692 Fide
1710 2664 1765 2691 Ra-

976 2712 1029 2738 bab
1044 2711 1174 2739 meretrix
1191 2719 1244 2738 non
1262 2712 1342 2746 periit
1359 2714 1420 2738 cum
1440 2711 1600 2744 incredulis,
1625 2711 1764 2746 excipiens

975 2759 1162 2794 exploratores
1176 2766 1239 2786 eum
1257 2766 1333 2793 pace.
1347 2758 1381 2786 Et
1398 2760 1462 2794 quid
1478 2759 1567 2786 adhuc
1584 2759 1694 2786 dicam?
1715 2759 1766 2786 De-

976 2804 1050 2832 ﬁciet.
1064 2805 1136 2832 enim
1159 2812 1202 2832 me
1220 2810 1324 2838 tempus
1344 2809 1519 2832 enarrantcm
1534 2806 1565 2832 de
1578 2804 1699 2838 Gedeou,
1714 2805 1765 2832 Ba-

975 2859 1032 2883 rac,
1050 2850 1178 2885 Samson,
1196 2850 1303 2885 Iephte,
1321 2851 1414 2884 David,
1432 2850 1540 2878 Samuel
1551 2858 1578 2878 et
1600 2852 1738 2886 prophetis
1754 2861 1761 2879 :

975 2898 1022 2934 qui
1034 2905 1082 2932 per
1103 2897 1182 2925 [idem
1207 2897 1380 2925 debellat-unt
1394 2905 1489 2932 regna,
1509 2898 1614 2932 operati
1645 2902 1702 2926 tant
1725 2897 1763 2931 je,
