1956 3077
101 159 153 189 ἕῖίὶ

99 258 263 289 ἀποκτείνας
288 258 431 289 ἑκουσίως,
450 258 483 284 τὰ
502 257 549 283 τοῦ
566 258 647 292 φόνου
671 257 798 293 ἐπιτίμια
817 258 891 284 τελέ-

99 313 140 331 σει
155 303 202 339 ἐτη
221 303 367 339 τριάκοντα
380 304 471 330 πέντε.

135 350 184 377 1Γ¹.
200 350 279 376 Κατὰ
297 350 461 385 περίστασιν
476 351 522 376 καὶ
538 351 653 385 μοναχδς
665 350 738 382 λιτὸς
752 350 891 385 βαπτίζει,

98 395 229 427 ὠςαύτως
244 396 292 422 καὶ
304 396 428 428 διάκονος
441 397 511 423 κατὰ
524 396 686 432 περίστασιν
703 396 840 431 βαπτίζει.

135 443 183 469 ΙΔ⁷.
214 442 275 468 Ἐὰν
296 442 366 469 κατὰ
396 442 508 476 ἄγνοιαν
534 442 674 478 πληθυνθῇ
704 443 892 478 ἀντιμίνσιον,

98 489 128 513 οὐ
150 487 306 522 μολύνεται.
341 488 369 514 '0
386 488 440 524 γὰρ
459 489 595 524 ἁγιασμὸς
622 490 652 514 ὲν
677 488 752 523 αὺτῷ
772 490 840 515 ἐστι.
857 489 893 516 Τὸ

99 534 152 567 γὰρ
169 533 241 568 ἱερὸν
252 553 259 563 ,
275 534 374 569 μιαρὸν
388 534 419 565 οὐ
435 535 549 567 γίνεται.

134 580 186 606 lE‘.
209 580 240 605 Οἱ
258 579 313 606 ἀπὸ
326 580 490 611 παλλακίδος
508 581 556 607 καὶ
579 581 708 615 πορνείας
720 582 767 607 καὶ
784 581 837 608 ἀπὸ
855 574 892 608 διλ

98 626 198 659 γάμων
221 626 269 652 καὶ
291 626 346 652 ἀπὸ
361 625 514 661 τριγαμίεις
537 627 692 660 τικτόμενοι
711 627 822 657 παῖδες,
847 627 893 654 ἐὰν

98 671 223 705 φανῶσιν
244 671 346 706 ἀρετὰς
360 671 468 706 ἔχοντες
479 693 485 703 ,
498 672 544 698 καὶ
559 671 627 698 εἰσὶν
644 672 714 704 ἆξιῦι
731 672 893 708 ἱερωσύνης,

98 717 370 752 χειροτονείσθωσαν.

137 762 196 796 Iq'.
213 763 273 798 Χρὴ
286 763 320 790 τὰ
335 763 492 791 ἀϐάπτιστα
508 764 604 799 νήπια,
620 764 667 791 ἐὰν
683 763 783 799 εὑρεθῇ
801 773 842 796 τις
855 765 895 796 εὶς

99 811 183 836 τόπον
202 810 240 845 μὴ
249 810 326 842 ὄντος
345 811 451 845 ἱερέως,
464 811 659 846 βαπτισθῆναι.
679 811 710 838 Ei
726 811 853 845 βαπτίσει
867 811 894 838 δὲ

99 857 148 883 καὶ
172 856 187 882 ὁ
203 856 268 888 ἴδιος
286 856 377 892 πατὴρ
389 877 395 889 ,
411 857 428 892 ἢ
446 857 606 892 οἱοσδήποτε
622 857 785 892 ἄνθρωπος,
814 857 895 892 μόνον

99 903 144 928 ἵνα
162 901 221 928 ἐστὶ
236 902 400 937 Χριστιανὸς
411 922 418 935 ,
434 903 485 930 οὐκ
500 903 572 929 ἐστιν
587 903 721 938 ἁμαρτία.

135 949 185 976 lZ’.
216 948 278 975 ’Ότι
305 949 336 975 οὐ
359 950 413 984 χρὴ
442 949 614 985 μεταδιδόναι
640 951 696 981 τοῖς
725 949 894 985 λαμϐάνουσι

98 995 198 1027 τόκον,
224 995 240 1030 ἢ
271 996 422 1023 συνεσθίειν
448 997 555 1029 αὐτοῖς,
574 997 735 1032 ἐπιμένουσι
755 999 786 1033 τῇ
804 1006 895 1033 παρα-

98 1041 194 1076 vetita.

832 157 1015 188 CANONES.

135 212 183 239 Ilf.
218 211 248 238 '0
279 211 472 247 χησρισάμενος
497 211 543 238 τὸν
568 212 666 239 ἑαυτοῦ
693 212 818 248 πατέρι,
847 213 893 239 καὶ
909 216 930 243 Α

1683 158 1735 189 85L

986 212 1042 240 XII.
1065 213 1115 246 Qui
1134 213 1280 248 pulsaverit
1296 218 1401 248 patrem
1417 221 1495 240 suum
1509 218 1534 240 et
1553 219 1648 248 sponte
1661 215 1735 240 orci-

944 258 1026 290 dcrit,
1051 259 1131 285 annis
1153 259 1262 294 triginta
1285 259 1404 294 quinque
1430 261 1509 294 deget
1526 259 1552 286 in
1581 259 1668 293 pmnis
1685 259 1735 285 ho-

945 303 1058 330 m'irulm.

984 348 1053 376 XIII.
1068 349 1154 376 Etiam
1168 349 1282 384 simplex
1299 351 1450 378 monachus
1462 360 1493 378 cx
1506 359 1587 379 causa
1603 352 1734 386 baptizat.

945 400 973 422 ut
993 401 1020 421 et
1037 396 1179 423 diaconus.
1350 431 1354 434 .

982 440 1054 469 XIV.
1072 441 1102 468 Si
1124 442 1313 470 antitninsium
1334 450 1381 477 per
1398 443 1579 477 ignorantiam
1596 443 1736 478 implclnm

945 487 991 520 sil,
1017 495 1070 514 non
1095 487 1235 522 polluitur.
1259 487 1446 515 Sanclilicatio
1471 489 1542 515 enim
1568 489 1593 516 in
1626 497 1658 516 eo
1685 495 1736 517 est.

946 533 1060 560 Sacrum
1084 534 1168 566 enim,
1184 534 1319 569 impurmn
1335 542 1387 561 non
1404 533 1528 562 eIIicitur.

984 579 1040 607 XV.
1063 580 1113 613 Qui
1133 588 1166 608 ex
1186 581 1338 608 concubina
1356 586 1382 608 et
1397 585 1499 614 scorto,
1524 586 1551 608 et
1567 589 1600 608 ex
1622 582 1737 616 bigaun‘s

945 632 972 654 et
989 627 1112 662 trigamis
1139 627 1194 654 nati
1212 632 1286 659 sunt,
1315 628 1338 654 si
1358 628 1506 655 virtutibus
1533 629 1637 663 praediti
1654 636 1738 663 appa-

948 679 1034 706 reant,
1054 679 1081 700 et
1095 674 1148 700 sint
1165 675 1320 701 sacerdotio
1335 674 1419 709 digni,
1435 675 1606 702 ordinentur.

983 764 1053 792 XVI.
1075 765 1195 792 Infantes
1212 774 1264 792 non
1278 766 1431 801 baptizatos
1447 772 1564 802 oportet,
1575 768 1595 795 si
1611 775 1663 802 quo
1679 768 1739 795 locu

948 812 1102 845 reperiatur
1128 812 1200 846 quis,
1222 813 1267 840 ubi
1289 820 1341 839 non
1365 813 1400 839 sit
1430 808 1569 847 sacerdos,
1595 814 1737 848 baptizari.

947 858 1023 890 Quod
1051 859 1072 885 si
1096 858 1138 885 vel
1165 863 1258 893 pater,
1276 865 1323 886 aut
1344 859 1459 894 quilibet
1487 860 1564 893 alius,
1595 861 1673 887 modo
1706 862 1739 887 sit

950 903 1134 936 Christianus,
1152 905 1280 939 baptizet,
1297 909 1438 939 peccatum
1457 913 1509 932 non
1528 906 1685 933 committit.

988 949 1069 977 XVII.
1091 949 1205 976 Usuram
1223 950 1420 985 accipientibus
1441 959 1493 978 non
1511 951 1738 986 suntelargiemla

950 999 1119 1022 sacramenta
1137 1004 1142 1021 :
1161 1002 1210 1021 nec
1221 1002 1283 1022 cum
1301 997 1538 1028 perseverantibus
1552 997 1578 1024 in
1598 996 1741 1031 iniquitate

951 1041 1135 1069 communiter
1154 1041 1230 1068 cibus
1251 1041 1410 1069 sumendus.

111 1121 1677 1133 ...κ-Μ...

768 1183 1077 1227 APPENDIX

523 1271 576 1302 AD
596 1270 781 1303 CANONES
805 1269 1024 1301 NICEPHORI
1042 1272 1324 1303 PATRIARCH/E.

663 1348 710 1378 (Ex
724 1347 812 1378 Suppl.
832 1346 919 1377 Mansi,
936 1349 995 1373 tom.
1013 1347 1031 1377 Ι,
1045 1353 1100 1378 pag.
1119 1347 1186 1378 805.)

140 1467 235 1494 Sancti
251 1465 397 1501 Nicephori
411 1467 707 1503 Coasmntinopolitani
723 1468 898 1503 patriarchm,

87 1544 90 1545 ν
103 1517 132 1539 et
142 1512 303 1540 orthodoxa:
313 1513 346 1540 de
356 1513 532 1540 veneratione
541 1519 696 1541 sanctarum
708 1513 856 1548 imaginum
869 1513 901 1540 Ii-

955 1473 1077 1493 canones
1093 1465 1130 1493 illi
1145 1465 1261 1493 extracti
1280 1468 1353 1497 sunt,
1380 1468 1406 1491 et
1421 1465 1532 1499 quinam
1556 1467 1662 1490 exstent
1680 1462 1744 1490 editi

955 1512 982 1539 in
994 1512 1060 1539 .lure
1074 1511 1170 1539 Graaco
1183 1511 1305 1538 Romano
1316 1515 1343 1537 et.
1357 1510 1439 1544 alibi;
1453 1509 1499 1545 qui
1514 1517 1578 1536 vero
1590 1517 1618 1536 se
1629 1509 1745 1543 primunt

103 1558 148 1585 dei
160 1558 324 1585 confessoris
335 1558 782 1592 egregii,canones,quosinvariis
792 1558 901 1594 synodis
916 1573 937 1601 ρ
955 1564 1067 1585 cruente
1080 1557 1206 1591 prodant.
1224 1557 1359 1585 Cancrum
1378 1556 1508 1583 obscuros
1528 1555 1588 1582 illos
1606 1556 1684 1587 ritus,
1701 1553 1746 1588 qui

104 1605 163 1630 suis
178 1604 298 1630 condidit
316 1611 347 1630 ex
363 1605 426 1638 jure
439 1604 535 1632 Graeco
552 1604 679 1631 Romano
692 1609 836 1638 excerptos
851 1604 900 1632 de-

105 1650 145 1676 dit
167 1649 292 1676 Labheus
314 1654 378 1677 tom.
401 1648 448 1682 IX,
475 1657 535 1684 pag.
553 1649 616 1682 587,
635 1648 745 1677 Venetm
760 1650 898 1678 editionis.

105 1695 161 1721 Sed
177 1702 238 1721 rum
260 1695 295 1722 ibi
321 1695 407 1722 mutili
424 1700 451 1722 et
478 1696 542 1722 hinc
567 1695 630 1722 inde
651 1696 771 1730 excel‘pti
792 1704 902 1731 compa-

107 1745 205 1773 reant;
229 1741 289 1767 ideo
302 1741 464 1775 integriéres
483 1742 543 1769 illus
560 1741 585 1768 in
609 1749 688 1775 nova,
707 1742 729 1770 si
747 1749 807 1776 qua:
818 1742 901 1768 ador-

106 1793 231 1820 narctur,
265 1787 431 1815 Collectione
463 1788 646 1815 Uonciliorom
667 1793 798 1823 optarunt
833 1788 901 1815 huc-

108 1841 196 1868 usque
216 1834 318 1861 habere
343 1834 442 1861 eruditi
460 1843 466 1861 :
485 1842 574 1869 neque
599 1842 641 1861 res
657 1840 715 1861 erat
739 1833 878 1868 deplorata
893 1855 899 1866 ,

107 1887 171 1906 enin
197 1879 274 1913 plura
296 1884 390 1906 essent
411 1879 547 1906 volumina
576 1887 688 1911 excusa,
717 1879 788 1906 unde
813 1878 902 1914 colligi

107 1923 274 1957 potuissent,
291 1929 317 1950 ct
334 1924 361 1950 in
387 1923 495 1950 easdem
519 1923 701 1950 Collectioues
721 1923 829 1951 referri.
849 1923 903 1951 Sed

107 1970 183 1996 hunc
207 1969 327 1996 laborem
356 1969 474 1996 Venetus
499 1968 600 1996 Labbei
629 1970 717 1996 editor
738 1974 766 1996 et
793 1971 902 2004 supple-

108 2021 265 2042 meutorum
282 2016 378 2042 auctor
392 2015 502 2050 refugit.
520 2015 597 2042 Ilunc
619 2014 676 2048 ejus
703 2015 838 2042 defectum
862 2016 906 2043 hic

114 2061 299 2096 supplendum
313 2061 390 2094 duxi,
406 2068 526 2088 canones
540 2061 600 2088 illos
613 2062 747 2089 exhibens
773 2063 905 2098 integrio-

109 2116 156 2135 res
172 2113 199 2134 et
221 2115 334 2135 numero
356 2108 484 2142 majores,
500 2107 595 2142 quales
610 2115 644 2134 ex
666 2115 716 2135 ms.
736 2109 830 2135 codice
848 2109 906 2135 vul-

109 2153 183 2187 gavit
202 2151 355 2180 Cutelerius
368 2152 532 2179 Monument.
546 2157 612 2179 toni.
623 2151 661 2178 ἰιι
673 2172 680 2185 ,
700 2160 762 2187 pag.
776 2152 841 2179 445.
857 2153 904 2180 llis

111 2206 179 2225 vero
207 2198 329 2232 adjicere
347 2198 435 2225 visum
452 2202 493 2226 est
511 2205 632 2226 canones
655 2197 810 2231 nonnullos,
838 2207 906 2234 quos

111 2245 334 2279 Ilvrmenopulus
352 2246 378 2272 in
396 2253 445 2272 sua
472 2253 607 2273 canonum
627 2246 747 2281 cpitome
774 2247 905 2280 servavit,

110 2292 144 2318 iis
170 2297 262 2317 tamen
288 2291 430 2325 detractis,
446 2299 515 2327 quos
530 2291 585 2326 jam
607 2291 734 2319 Labbe’us
763 2292 853 2325 dedit;
873 2300 906 2319 ex

109 2338 211 2370 quibus
234 2338 360 2364 oinnibus
385 2338 557 2372 ueterisque,
581 2345 650 2372 quos
670 2346 702 2365 ex
729 2338 794 2365 Jure
811 2337 906 2366 Graeco

109 2383 237 2410 Itounano
259 2382 383 2411 Labbeus
407 2384 539 2416 eorrasit,
562 2384 826 2419 integra,quantum
850 2385 907 2411 Iieri

123 2430 223 2463 potuit,
237 2429 361 2456 collectio
376 2436 510 2456 canonum
526 2428 673 2464 Nicepliori
702 2431 865 2465 patriarcha:
882 2431 907 2458 in

115 2475 288 2502 Collectmno
302 2474 486 2502 Conciliorum
503 2475 644 2503 habeatur.
659 2475 820 2511 Quanquam
841 2484 907 2504 vero

114 2523 141 2549 in
163 2522 206 2554 iis,
227 2529 297 2556 quos
313 2529 347 2548 ex
361 2522 496 2549 Cotelerio
515 2522 634 2550 inferius
649 2523 776 2556 exhibeo,
790 2531 908 2550 canones

115 2568 226 2601 quidam
242 2573 404 2601 occurrunt,
420 2575 489 2603 quas
516 2569 620 2603 pariter
636 2569 720 2597 habes
743 2569 814 2604 apud
835 2569 905 2596 Lab-

114 2614 198 2641 beum
230 2614 373 2648 repetitos,
405 2614 571 2641 omittendos
606 2620 695 2641 tatnen
722 2623 775 2642 non
805 2616 908 2648 censui,

119 2663 176 2685 tum
193 2665 226 2685 ne
241 2657 439 2685 Collectionem
452 2665 587 2686 canonum
605 2658 763 2694 Nicephori,
781 2668 862 2695 quam
883 2661 909 2687 in

117 2705 204 2731 veteri
230 2705 325 2732 codice
355 2703 510 2732 Cotclcrius
534 2705 667 2739 offendit,
689 2706 715 2732 in
743 2706 835 2740 aliquo
861 2707 911 2733 mi-

118 2758 244 2781 nuerem,
263 2758 327 2777 eum
346 2751 428 2778 etiam
445 2752 471 2777 in
485 2752 600 2786 gratiam
621 2752 800 2779 accuratior-is
812 2754 911 2779 versio-

118 2797 165 2823 nis
189 2804 205 2823 a
236 2797 374 2824 Cotelcrio
399 2798 550 2825 adornatm.
580 2798 707 2825 Culclcrii
739 2806 802 2826 vero
834 2804 910 2826 notas

118 2843 288 2876 adjiciendas
312 2843 424 2871 minime
442 2845 546 2877 censui,
564 2846 636 2879 quod
665 2845 730 2871 nihil
753 2846 911 2880 plerumque

124 2890 196 2919 aliud
218 2890 317 2922 fetant,
342 2899 420 2925 quatit
434 2891 564 2918 indicium
582 2892 746 2926 pluteorum,
763 2900 793 2918 ω
814 2892 912 2926 quibus

956 1603 982 1630 in
998 1603 1042 1630 his
1058 1604 1207 1630 canonibus
1221 1608 1383 1638 tanguntur,
1402 1602 1424 1629 si
1442 1602 1502 1636 quis
1520 1609 1601 1627 nosse
1620 1600 1746 1633 \oluerit,

955 1649 1036 1676 adeat
1051 1648 1181 1676 Goarium
1199 1649 1225 1676 in
1240 1648 1416 1682 Eucllologio.
1434 1653 1465 1675 et
1480 1647 1613 1681 Cangium
1629 1647 1655 1673 in
1667 1646 1746 1673 Glos-

955 1695 1028 1722 sario
1060 1695 1223 1722 Grzecitatis.
1257 1695 1304 1722 His
1331 1703 1396 1722 vero
1431 1693 1581 1721 canonibus
1608 1693 1748 1728 sulsjungit

953 1741 1106 1769 Cotelerius
1134 1741 1277 1776 epistolam
1307 1741 1337 1768 S.
1367 1740 1511 1775 Nicephori
1535 1739 1695 1774 patriarcha:
1722 1742 1747 1766 ει

955 1789 1127 1825 confessoris,
1151 1795 1231 1823 quam
1248 1787 1452 1822 inscriptionem
1479 1787 1506 1814 in
1523 1794 1574 1814 ms.
1591 1786 1685 1813 codice
1706 1792 1748 1812 re-

956 1838 1044 1873 perit;
1062 1844 1120 1871 qua:
1145 1842 1212 1862 sane
1236 1834 1349 1869 epistola
1377 1834 1524 1862 canonicas
1555 1833 1749 1868 responsiones

957 1885 990 1911 ad
1007 1881 1237 1918 interrogationes
1257 1880 1400 1914 cujusdam
1415 1880 1538 1908 exhibet.
1554 1879 1603 1906 Diu
1622 1879 1749 1906 inultum-

957 1936 1011 1964 que
1026 1928 1092 1956 luesi
1112 1934 1224 1961 anceps,
1241 1934 1303 1952 num
1318 1925 1387 1952 hanc
1408 1925 1511 1959 pariter
1529 1924 1555 1951 in
1575 1932 1661 1950 meam
1679 1923 1748 1950 hanc

958 1974 1148 2003 collectionem
1166 1971 1308 2003 referrem,
1332 1971 1436 1998 veritus
1455 1977 1488 1997 ne
1509 1970 1580 1996 forte
1598 1977 1651 1996 non
1669 1968 1749 1995 Nice-

957 2019 1035 2055 phori
1066 2016 1358 2051 Constantinopolitani
1390 2016 1562 2051 patriarchtc,
1587 2015 1633 2042 scd
1660 2015 1750 2048 potius

960 2066 1081 2094 doctoris
1110 2059 1251 2099 cujusdam
1283 2063 1399 2098 privati,
1428 2069 1525 2096 nempe
1551 2061 1580 2088 S.
1613 2060 1749 2088 Theodori

959 2112 1075 2139 Studitzc
1107 2111 1212 2138 sanctio
1247 2110 1370 2136 habenda
1402 2108 1447 2140 sit,
1475 2115 1536 2134 cum
1565 2107 1653 2142 reipsa
1680 2107 1751 2134 inter

959 2158 1089 2194 epistolas
1116 2157 1146 2184 S.
1169 2155 1304 2183 Theodori
1331 2162 1346 2181 a
1372 2153 1519 2181 Sirmoudo
1549 2153 1637 2179 editas
1663 2153 1750 2179 locum

959 2211 1038 2231 suum
1057 2203 1186 2230 vindicet.
1213 2201 1312 2229 Verum
1336 2200 1428 2228 omnia
1456 2199 1549 2226 scdulo
1571 2199 1752 2234 perquireudo

924 2242 945 2270 ο
957 2249 1013 2284 jam
1030 2248 1139 2276 tandem
1154 2248 1320 2282 comperisse
1339 2254 1381 2273 me
1393 2245 1511 2273 arbitror
1522 2244 1665 2279 epistolam
1683 2244 1753 2270 hanc

960 2296 1041 2331 plane
1058 2295 1245 2330 abnegaudam
1275 2299 1336 2320 esse
1354 2287 1519 2326 Nicephoro,
1555 2296 1582 2317 et
1609 2290 1753 2318 Theodoro

961 2345 1075 2372 Studium
1097 2342 1282 2371 asserendam.
1300 2341 1328 2368 Id
1345 2340 1411 2367 mihi
1438 2340 1559 2366 indicare
1574 2340 1631 2365 visa
1646 2343 1688 2365 est
1704 2345 1753 2372 pe-

963 2391 1055 2418 riocha
1087 2389 1130 2416 illa
1147 2396 1199 2424 qua
1225 2386 1341 2421 cpistola
1369 2385 1504 2412 clauditur
1533 2393 1539 2410 :
1562 2383 1625 2410 llwc
1647 2383 1753 2417 quidem

961 2436 1019 2468 tibi,
1035 2441 1162 2469 tanquam
1178 2433 1309 2465 unanimi,
1328 2437 1351 2459 et
1373 2431 1565 2458 coliaboratori
1592 2437 1638 2456 nos
1655 2437 1702 2464 pro
1720 2429 1754 2456 t'i-

963 2482 1036 2508 ribus
1058 2479 1248 2514 explicuimus.
1279 2478 1317 2504 Tu
1334 2486 1393 2504 raro
1417 2482 1471 2504 tute
1498 2475 1638 2510 fratribus,
1657 2475 1701 2510 qui
1731 2481 1754 2502 te

961 2527 1203 2560 interrogaverunt,
1221 2525 1331 2555 tradita,
1354 2528 1407 2550 ctc.
1427 2523 1480 2549 Ista
1503 2522 1612 2555 quidem
1642 2521 1754 2556 aequalis

965 2577 1030 2600 sunt
1050 2572 1084 2599 ad
1099 2573 1240 2607 aequalem,
1256 2567 1344 2605 qualis
1365 2570 1488 2605 profeCto
1508 2573 1568 2596 erat
1595 2567 1750 2596 Methodius

964 2618 1114 2645 monachus
1144 2617 1197 2652 (cui
1216 2617 1346 2650 inscripta
1376 2615 1434 2642 haec
1449 2614 1565 2649 cpistola
1583 2615 1654 2641 inter
1669 2620 1751 2648 opera

964 2663 1102 2691 Theodori
1121 2663 1234 2689 Sttiditte
1252 2661 1373 2697 legitur),
1397 2669 1460 2695 erga
1477 2661 1600 2688 etundem
1628 2660 1754 2687 'I‘heodo-

965 2718 1023 2736 rum
1039 2709 1193 2740 Studilam,
1211 2707 1284 2734 nulla
1302 2715 1365 2734 vero
1381 2707 1521 2741 dignitatis
1540 2705 1656 2740 thuatio
1672 2706 1756 2732 inter-

965 2755 1063 2782 cedere
1086 2756 1156 2781 inter
1183 2753 1349 2780 Illcthodium
1377 2758 1403 2779 cl
1425 2753 1608 2786 Nicephorum
1631 2756 1752 2785 poterat;

967 2809 1051 2834 quare
1063 2808 1093 2826 ca
1107 2800 1228 2834 neglecta
1243 2805 1334 2834 utpote
1345 2799 1467 2825 hominis
1481 2797 1579 2831 privati
1596 2797 1754 2826 monitione.

965 2854 1017 2873 non
1033 2847 1164 2874 czmonica
1179 2847 1297 2880 episcopi
1314 2845 1468 2878 sanctione,
1484 2844 1587 2878 reliqua
1604 2851 1636 2871 ex
1649 2842 1757 2872 Cotelc-

966 2893 1004 2920 rio
1020 2893 1125 2920 damus.
1395 2899 1399 2902 ‘
