1956 3077
80 140 135 170 365
546 141 592 169 illi
611 141 737 171 iiEilUS
757 142 847 172 PJS'I'
868 143 1090 173 MAURICIUM
1111 143 1254 172 GESTIS.
1666 142 1718 172 διίς

80 205 94 220 ει
114 202 160 221 me
182 194 289 220 auditus
310 194 408 228 partim
427 195 460 221 ab
477 195 537 222 aliis
553 203 683 230 exceptus
701 205 791 224 sermo
810 199 906 230 fuerit,
923 207 984 225 eutn
1000 203 1027 224 ιιι
1047 199 1111 225 illud
1126 199 1301 233 prolitehare,
1320 198 1385 224 nihil
1404 198 1450 223 tibi
1471 197 1574 230 gratius
1595 205 1716 230 unquam

80 239 222 264 exstitisse
239 238 316 264 bonis
334 239 440 265 artibus
461 240 615 273 artimuque
630 242 734 275 peritis,
760 249 847 276 neque
862 243 887 269 itt
903 242 1055 276 posterum,
1073 250 1127 276 quo
1144 241 1229 275 major
1257 241 1415 268 sublevandi
1434 245 1506 267 esset
1526 240 1650 271 facultas,
1665 242 1716 267 ulla

80 283 108 307 in
127 289 154 307 re
169 282 334 308 defuturum.

117 325 299 358 Quamobrem
319 331 347 352 ιιι
369 325 427 358 ejus
442 327 516 354 vocis
535 328 698 362 consiliique
716 329 900 362 meminisses,
932 335 1058 364 tanquam
1083 329 1285 356 admonitorem
1307 328 1421 363 allegavi
1458 327 1641 361 Nicephorum
1667 338 1716 356 no-

79 374 185 401 strum,
209 371 254 404 qui
273 369 320 396 tibi
339 378 399 396 cum
421 371 547 405 privatim
571 372 611 398 sui
631 378 686 398 tum
703 374 841 400 commttni
866 374 974 400 nomine
997 374 1148 400 litterarum
1165 373 1347 406 patrocinium
1373 373 1503 405 deferret,
1530 373 1609 399 simul
1633 375 1716 400 etiam

80 419 202 449 rogaret,
216 415 286 448 quod
302 415 329 440 in
349 415 380 442 iis
398 416 548 442 tractandis
565 417 779 451 prolilcndisqtte
797 423 891 444 nostra
909 419 1028 444 societas
1046 417 1179 448 elaboret,
1197 422 1302 452 partem
1320 422 1348 444 ιιι
1362 418 1395 444 ad
1409 425 1468 444 eam
1483 418 1602 452 aliquant
1615 419 1718 444 solliei-

80 458 184 484 tudinis
203 457 282 492 hujus
300 458 551 493 benevolentiaeque
577 460 759 494 transferres;
777 466 805 487 ιιι
822 462 855 488 iis
870 463 969 496 quibus
985 460 1057 496 Stepe
1077 462 1179 496 jactata
1205 465 1246 488 est.
1274 462 1406 488 molestiis
1423 462 1567 496 perfuncta
1589 469 1641 488 non
1661 467 1716 488 tam

80 503 138 541 ipsa
166 502 361 536 conquiescere
390 503 484 536 possit,
503 511 584 537 quam
598 510 623 529 et
638 504 768 531 Ecclesia:
796 505 891 533 olliciis
915 507 1041 533 omnibus
1061 511 1089 532 et
1111 506 1297 533 doctrinarum
1317 505 1417 533 studiis
1436 505 1537 540 vigiliis
1565 505 1718 533 laboribus-

78 553 135 579 que
156 546 213 571 suis
242 546 376 572 commodi
404 546 505 580 aliquid
534 547 642 575 ali‘erre.
662 547 699 574 De
724 556 767 576 me
784 556 848 576 vero
874 551 945 584 quod
971 550 1105 583 praecipue
1131 550 1263 584 postulem
1289 549 1356 576 nihil
1385 554 1435 580 est,
1466 549 1518 576 nisi
1545 555 1573 575 Ill
1597 551 1717 577 audacite

83 590 109 615 in
127 595 154 615 te
170 589 369 623 interpellando
386 598 452 616 meae
468 591 507 617 sic
523 592 648 626 ignoscas
662 597 690 619 ut
708 593 795 619 amori
817 600 880 627 erga
895 598 921 619 te
936 593 1123 627 voluntatique
1149 593 1252 620 faveas.
1274 593 1347 620 Vale.
1377 592 1489 627 Lutetia:
1515 592 1603 619 Paris.
1620 594 1636 620 ϋ
1656 593 1714 620 Kal.

80 633 157 667 Sept.
173 640 198 658 ιι.
212 631 242 658 l‘.
260 632 340 659 1616.

82 730 940 741 ——_——__—.________.___..

301 827 360 870 D.
400 826 643 872 PETAVII
683 826 756 870 AD
793 827 1112 873 LECTOREM
1151 827 1493 872 PRIEFATIO.

112 933 259 968 Nicephori
282 934 433 968 epitomen,
458 942 539 968 quam
557 934 603 961 hic
625 934 671 962 tibi
688 935 795 965 damus,
814 934 933 962 candide
953 939 979 961 et
995 935 1101 962 erudite
1118 932 1225 966 Lector,
1243 933 1398 969 accepimus
1411 942 1423 960 a
1441 933 1473 960 ιι.
1490 933 1518 960 Ρ.
1533 933 1635 961 Jaeobo
1657 935 1716 961 Sir-

80 979 190 1012 mondo,
206 979 252 1013 qui
269 985 329 1006 eam
347 978 442 1005 Roma)
459 986 489 1006 ex
509 979 594 1006 veteri
612 978 763 1013 exemplari
779 978 937 1012 descripsit.
951 978 988 1005 De
1001 983 1113 1005 auctore
1125 985 1206 1013 porro
1224 978 1282 1012 ipso
1298 982 1387 1004 exstat
1404 977 1491 1004 Photii
1509 979 1534 1004 iu
1550 978 1715 1006 Bibliotheca

79 1023 278 1056 perhonorifica
304 1023 418 1055 mentio,
439 1030 491 1057 qua
510 1026 536 1050 et
550 1023 687 1057 epitomen
708 1023 787 1048 istam
816 1029 986 1057 magnopere
1009 1022 1194 1054 commendat,
1213 1027 1239 1048 et
1258 1022 1307 1048 hac
1324 1029 1375 1048 una
1402 1022 1592 1049 lucubratione
1609 1023 1715 1057 judicat

78 1075 133 1094 non
150 1074 314 1101 provocasse
341 1068 420 1094 modo
445 1068 603 1102 superiores
627 1066 844 1101 quamplurimas
873 1068 919 1093 sed
946 1066 1025 1100 longo
1045 1067 1127 1093 etiam
1155 1066 1299 1092 intervallo
1331 1074 1488 1100 superasse.
1508 1067 1543 1092 De
1562 1066 1624 1093 aliis
1649 1075 1713 1093 vero

80 1111 185 1138 relictis
199 1111 232 1138 ab
250 1118 282 1138 eo
296 1110 471 1138 monimentis
493 1118 526 1137 ne
540 1111 622 1137 verbo
643 1110 753 1145 quidem
772 1109 914 1136 meminit.
935 1109 972 1135 Ex
989 1117 1042 1144 quo
1067 1109 1146 1136 dubia
1172 1110 1258 1136 videri
1278 1115 1367 1144 potest
1393 1110 1545 1137 communis
1568 1112 1712 1141 sententia,

79 1162 140 1187 qua?
155 1162 216 1181 cum
236 1155 287 1181 hoc
304 1154 458 1188 Nicephoro
485 1155 647 1188 scriptorem
669 1154 791 1187 ejusdem
816 1153 936 1180 nominis
961 1154 1076 1180 alterunt
1104 1153 1257 1185 confundit,
1274 1154 1351 1189 cujus
1373 1154 1474 1181 editum
1498 1159 1540 1180 est
1560 1155 1713 1182 (lhrouieon

82 1198 182 1225 Latine
199 1198 262 1225 olim
279 1207 292 1225 a
311 1198 415 1230 multis,
432 1196 527 1225 (ἔπειτα
552 1198 634 1225 etiatn
653 1206 667 1224 ιι
683 1198 831 1231 Scaliecro.
850 1197 953 1224 Etenim
971 1205 1031 1224 euut
1052 1198 1122 1223 inter
1141 1197 1300 1231 Cpolitauos
1325 1198 1466 1231 poutitiees
1486 1197 1598 1225 Photius
1619 1199 1713 1225 eodem

81 1244 106 1269 in
121 1243 259 1270 Chronico
279 1248 446 1274 numeretur,
463 1243 536 1269 credi
553 1246 643 1276 potest
657 1249 711 1272 mn
731 1243 782 1269 hoc
793 1249 855 1268 esse
868 1241 902 1267 ah
915 1249 947 1267 eo
966 1241 1118 1275 Nicephoro
1136 1239 1287 1275 profectum
1301 1241 1431 1275 qui-tum.
1448 1249 1509 1268 cum
1534 1242 1584 1268 ista
1602 1242 1715 1269 Photius

84 1287 208 1321 scripsit,
225 1293 240 1313 e
254 1287 308 1313 vita
327 1287 489 1313 discesserat
512 1291 594 1320 atque
608 1286 638 1311 ἐν
654 1286 754 1319 ἁγίοις,
774 1289 804 1312 ιιι
823 1286 865 1312 hic
882 1285 1011 1320 loquitur.
1032 1285 1083 1312 hoc
1104 1289 1146 1311 est
1165 1291 1320 1311 sanctorum
1345 1292 1460 1311 numero
1478 1292 1536 1312 erat
1559 1286 1712 1319 adjunctus.

88 1330 189 1357 Verum
206 1330 263 1357 fieri
278 1335 367 1364 potest
380 1335 409 1356 ιιι
429 1331 461 1357 atl
483 1330 638 1357 Chrouieou
663 1330 807 1364 Nicephori
833 1330 968 1356 recentior
985 1329 1029 1356 illa
1045 1337 1143 1356 manus
1159 1329 1300 1362 adjecerit.
1319 1329 1463 1363 Utcunque
1477 1337 1519 1356 res
1538 1329 1628 1359 habet.
1648 1332 1732 1357 nihil‘

80 1382 140 1400 rese
154 1382 244 1401 causa!
267 1374 374 1401 videtur
396 1375 461 1409 quin
485 1374 653 1408 Nieephorus
675 1380 767 1400 noster
793 1374 949 1408 patriarcha
973 1373 1018 1400 ille
1037 1374 1073 1401 sit
1095 1373 1141 1408 qtti
1163 1378 1204 1400 est
1227 1375 1254 1400 in
1272 1373 1317 1399 illo
1333 1373 1471 1400 Chronico
1497 1375 1590 1401 ordine
1613 1375 1657 1401 78.
1679 1375 1715 1400 lle

79 1426 134 1451 quo
152 1418 251 1444 ibidem
283 1418 339 1444 htec
360 1419 511 1452 produntttr
527 1427 534 1444 :
551 1418 707 1453 Νικηφόρος
720 1418 734 1444 ὀ
748 1417 851 1452 ἀπηκρὶ

941 1417 1046 1452 ιοναχὺς
1079 1418 1199 1451 γεγονὼς
1227 1418 1275 1453 ἔτη
1301 1417 1334 1443 0'.
1365 1418 1417 1443 Καὶ
1442 1417 1575 1452 ἐξεϐλήθη
1594 1419 1646 1444 ὑπὸ
1666 1418 1713 1445 τοῦ

79 1462 196 1493 ἀτξὸοὗς
206 1463 321 1494 Λέοντος
336 1462 381 1489 τοῦ
404 1463 433 1489 ’Λ
442 1462 552 1498 ρμένου.
572 1463 636 1496 Qua:
646 1463 741 1490 Latine
758 1463 810 1490 hoc
827 1463 848 1489 si

942 1467 983 1487 tut
1000 1470 1006 1487 :
1025 1461 1192 1494 Nicepltorus
1204 1470 1224 1490 ,α
1241 1462 1346 1487 secretis
1363 1464 1507 1488 monachus
1525 1463 1591 1488 sedit
1604 1471 1629 1488 η.
1647 1462 1673 1494 9,
1689 1468 1714 1489 et

80 1507 111 1531 ub
127 1506 207 1539 impio
231 1505 317 1533 Leone
343 1507 457 1533 Armeno
474 1507 502 1533 in
520 1507 643 1533 exsilium
659 1507 757 1541 ejectus
772 1511 821 1533 est.
844 1505 910 1532 Nam
929 1509 955 1532 et
970 1505 1066 1531 unicus
1085 1505 1128 1532 hie
1143 1510 1206 1531 ante
1230 1505 1356 1531 Photium
1380 1505 1533 1539 patriarcha
1555 1505 1716 1540 Cpolitanus

80 1550 145 1580 fuit,
164 1555 193 1577 ut
208 1550 303 1577 abillo
327 1558 406 1577 nemo
421 1550 491 1577 alius
517 1551 630 1584 intelligi
652 1551 783 1585 poluerit,
800 1554 828 1577 et
843 1550 913 1576 ittter
937 1554 1048 1575 sanctos
1064 1556 1116 1576 non
1141 1548 1328 1575 Grzeculorum
1353 1549 1540 1576 assentatione
1565 1549 1651 1575 soltnn
1669 1551 1714 1575 sed

78 1595 162 1620 etiam
179 1595 315 1620 communi
339 1593 466 1621 Ecclesia:
482 1584 614 1629 sutl‘ragio
640 1598 764 1628 receptus
783 1599 824 1620 est
839 1602 846 1620 ί
863 1593 942 1626 hujus
962 1593 1034 1619 enim
1057 1594 1187 1619 memoria
1216 1601 1230 1618 a
1251 1592 1355 1619 Latinis
1371 1593 1389 1619 5
1414 1593 1452 1621 ld.
1469 1592 1564 1624 Maias,
1579 1601 1593 1619 a
1612 1593 1715 1620 Gra‘cis

80 1637 98 1664 ι
117 1636 188 1663 Νοιι.
206 1636 301 1664 Junias
322 1637 517 1664 ecclesiasticis
533 1643 574 1664 est
588 1641 747 1664 consecrata
771 1637 880 1668 tabulis,
896 1641 1040 1671 postquam
1055 1644 1069 1662 a
1086 1636 1177 1663 Leone
1198 1637 1319 1663 Armeuo
1342 1637 1510 1663 icoaoclesta
1529 1636 1715 1671 perditissimo

80 1683 208 1709 redactus
225 1682 251 1707 iu
274 1682 398 1709 ordinem
414 1689 440 1709 a.
457 1682 488 1710 ι).
507 1682 670 1712 8')8.exsilii
689 1682 733 1714 Μ,
749 1682 891 1709 felicitere
911 1681 980 1708 vivis
995 1681 1124 1707 excessit.
1144 1680 1265 1713 Quocum
1284 1681 1419 1715 prtecipua
1438 1679 1582 1707 Theodoro
1599 1680 1713 1707 Studita:

82 1726 142 1751 \‘iro
155 1725 336 1752 sanctissimo
353 1725 525 1753 familiaritas
540 1726 706 1753 intercessit.
724 1726 866 1754 Postremo
879 1733 962 1752 unum
978 1724 1166 1750 admonemltts
1177 1732 1216 1756 es,
1231 1723 1389 1758 Nicephori,
1404 1725 1474 1758 quod
1489 1731 1572 1758 penes
1588 1731 1636 1750 nos
1652 1724 1713 1755 fuit,

81 1769 266 1803 apographum
282 1770 383 1803 passim
406 1771 564 1798 mendosum
582 1779 613 1797 ac
627 1772 804 1805 depravatum
828 1770 923 1802 fuisse,
942 1776 1055 1802 uosque,
1070 1773 1099 1795 ιιι
1113 1769 1283 1796 tolerabilem
1307 1776 1418 1796 sensum
1435 1769 1608 1802 clieeretnus,
1626 1769 1714 1804 pluri-

81 1821 154 1838 tuum
172 1813 199 1839 iu
215 1814 424 1847 interpretando
441 1815 581 1841 laborasse
597 1824 602 1841 :
620 1822 712 1841 verum
726 1822 760 1842 ex
772 1822 803 1841 ea
820 1814 878 1848 lege
895 1821 974 1848 qualn
992 1813 1056 1839 olim
1081 1813 1159 1839 nobis
1179 1812 1370 1846 imposuimus,
1398 1813 1463 1839 nihil
1482 1820 1530 1839 nos
1545 1813 1570 1839 in
1584 1817 1712 1839 contextu

86 1857 143 1888 ipso
164 1863 296 1889 uttttaSse,
316 1861 415 1891 praeter
440 1857 575 1885 levissima
594 1859 716 1892 quantum
740 1857 907 1892 omninoque
931 1856 1085 1887 manifesta,
1103 1861 1184 1890 atque
1202 1856 1229 1882 in
1247 1857 1373 1883 omnibus
1400 1856 1580 1891 Pythagorico
1605 1856 1714 1883 decreto

80 1900 215 1934 paruisse,
236 1902 306 1934 quod
323 1909 356 1927 ex
375 1901 485 1935 Syuesii
514 1902 597 1928 Dione
618 1906 743 1934 tauquam
759 1909 790 1928 ex
811 1900 919 1928 Solonis
943 1900 1042 1927 tabulis
1066 1899 1116 1926 hoe
1133 1899 1194 1926 loco
1220 1900 1411 1933 proferendum
1438 1905 1490 1932 est,
1516 1900 1626 1934 dignum
1647 1908 1715 1927 sane

80 1944 149 1976 quod
164 1944 252 1971 critici
268 1952 368 1971 omnes
383 1949 445 1971 ante
460 1945 555 1971 Oculos
575 1945 703 1976 habeant,
720 1945 753 1970 ad
778 1944 858 1978 idque
882 1949 996 1971 conatus
1025 1951 1057 1971 ac
1087 1943 1290 1971 lucubrationes
1311 1947 1517 1972 accommodent
1532 1953 1539 1971 :
1554 1944 1714 1979 Πυθαγόρας

78 1987 247 2022 Μνησάρχου
271 1988 373 2022 Σάμιος
397 1988 600 2022 ἐπιγέγραπται
620 1987 658 2022 τῷ
677 1988 762 2022 νόμῳ,
786 1988 860 2019 ὅστις
875 1989 889 2014 ὁ
904 1988 986 2022 νόμος
1003 1988 1053 2014 οὐκ
1073 1988 1105 2023 ἐᾷ
1122 1989 1179 2019 τοῖς
1193 1987 1315 2023 -βιϐλίοις
1334 1988 1482 2021 ἐπιποιεῖν,
1503 1989 1573 2016 ἀλλὰ
1589 1989 1714 2023 βούλεται

80 2032 171 2065 μένειν
187 2031 258 2058 αὐτὰ
273 2032 320 2058 ἐπὶ
337 2032 386 2066 τῆς
399 2032 510 2067 πρώτης
528 2032 630 2067 χειρὸς,
647 2032 720 2063 ὅπως
736 2032 802 2057 ποτὲ
817 2032 880 2066 ἔσχε
896 2032 979 2067 τύχης
995 2032 1011 2066 ἢ
1029 2033 1138 2067 τέχνης.

663 2231 1120 2290 ΠΡΟΘΕΩΡΙΑ.

112 2342 150 2368 Ex
175 2342 296 2368 ninnium
328 2342 524 2375 imperatorum
553 2350 667 2369 numero
695 2342 831 2368 neminem
860 2345 979 2377 reperies
1005 2346 1049 2380 qui
1073 2352 1120 2373 aut
1145 2347 1295 2375 difﬁciliora
1321 2356 1402 2383 qttam
1427 2348 1567 2375 lleraclitts
1590 2354 1710 2383 tempora

79 2390 176 2410 Hirtus
194 2384 229 2409 sit
244 2389 289 2409 aut
307 2384 383 2417 plura
402 2383 649 2418 prmstamioraque
667 2384 741 2410 brevi
759 2384 826 2410 adeo
850 2385 938 2419 spatio
962 2387 1118 2420 perfecerit.
1143 2388 1244 2415 Eadem
1263 2396 1329 2415 vero
1352 2389 1394 2415 illa
1417 2394 1536 2423 tempora
1556 2398 1608 2417 oon
1626 2393 1711 2421 magis

77 2426 143 2451 tdim
162 2425 292 2451 lellnrmu
312 2425 474 2451 tun‘utltilms
499 2431 576 2452 erant
594 2433 675 2459 quam
689 2425 770 2452 hodie
792 2427 950 2454 narratione
964 2428 1019 2460 ipsa
1036 2434 1097 2455 sunt
1117 2435 1198 2464 atque
1222 2438 1354 2456 annnrtttu
1381 2431 1453 2456 serie
1469 2432 1638 2464 perturbata.
1657 2433 1712 2459 lloe

76 2468 148 2493 ριιὶιιι
166 2468 235 2492 citra
263 2467 391 2493 invidiam
409 2467 460 2493 dici
479 2471 577 2500 potest,
607 2467 708 2493 nullum
728 2467 881 2501 hucusque
895 2469 1054 2499 chronieon.
1084 2472 1197 2497 annales
1222 2472 1311 2499 nullos
1336 2473 1485 2504 exstitisse,
1503 2473 1640 2507 inquibus
1659 2483 1710 2500 non

77 2510 121 2535 illa
141 2514 308 2543 pra-postero
321 2509 458 2543 descripta
475 2509 540 2541 sint,
560 2513 641 2542 atque
656 2515 689 2535 ex
703 2516 836 2535 annorutu
851 2509 891 2536 vel
908 2510 1104 2544 anticipatioue
1119 2513 1158 2538 vel
1175 2512 1336 2547 trajectione
1360 2513 1418 2539 vitii
1435 2513 1536 2548 aliquid
1555 2516 1721 2542 adhaeserith

77 2551 209 2583 Equidem
237 2556 368 2584 qnaututn
383 2551 409 2576 in
425 2550 478 2577 illis
503 2551 601 2584 partim
624 2550 754 2577 erueudis
776 2551 875 2584 partim
902 2553 1081 2579 emendandis
1105 2561 1195 2587 opera:
1216 2555 1365 2587 posuerim,
1390 2555 1454 2581 mihi
1480 2556 1536 2589 ipse
1560 2564 1619 2583 sum
1645 2565 1712 2584 ron-

76 2594 148 2618 scius
168 2600 174 2617 :
195 2596 325 2624 quantum
352 2598 433 2626 porro
457 2595 621 2618 consecutus
640 2591 749 2624 fuerim,
777 2592 847 2620 malo
871 2593 897 2619 id
919 2593 1034 2619 aliorum
1055 2595 1160 2628 judicio
1186 2596 1339 2630 relinquere
1365 2602 1447 2631 quam
1468 2598 1493 2623 in
1516 2599 1638 2626 oratione
1653 2608 1710 2626 utea

77 2641 188 2667 ponere.

111 2677 249 2700 Auctorcs
273 2682 336 2701 vero
351 2682 384 2701 ac
398 2675 482 2702 duces
498 2675 608 2702 adhibui
635 2682 696 2702 cum
719 2675 786 2702 alios
813 2676 970 2711 plerosque,
992 2681 1048 2704 tum
1077 2677 1230 2705 Cedrenum
1245 2686 1278 2705 ac
1296 2678 1500 2714 Theophanem,
1523 2680 1600 2715 cujus
1615 2681 1710 2709 Graeca

77 2717 197 2753 nondum
214 2717 239 2742 in
254 2716 324 2743 hanc
340 2717 411 2743 diem
433 2717 540 2751 vulgata
556 2725 637 2751 penes
655 2725 704 2744 nos
719 2718 876 2751 habuimus,
898 2723 953 2745 tum
979 2719 1194 2746 Alexandrinum
1221 2720 1377 2748 Chronicon
1399 2722 1456 2749 sive
1473 2721 1570 2750 Fastos
1593 2723 1710 2754 Siculos,

76 2765 145 2791 quos
158 2758 212 2784 hoc
231 2765 301 2784 anno
317 2758 346 2784 Ρ.
365 2758 508 2784 Matthreus
525 2758 658 2791 Raderus,
676 2759 717 2786 vir
734 2767 795 2786 etttn
820 2760 916 2794 primis
933 2761 1066 2792 eruditus,
1082 2762 1108 2787 in
1124 2761 1211 2788 lucem
1226 2762 1320 2790 edidit.
1340 2763 1441 2790 Horum
1468 2766 1631 2792 auctoritate
1649 2765 1709 2792 freti

75 2806 128 2824 non
145 2800 229 2825 modo
245 2800 310 2833 quid
332 2808 357 2825 lli
370 2807 497 2834 oquoque
517 2801 691 2833 imperatoris
708 2808 777 2833 anno
794 2807 898 2835 gestum
917 2802 954 2828 sit
969 2809 1098 2830 accurate
1114 2804 1301 2836 distinximus,
1318 2813 1412 2832 verum
1433 2806 1525 2838 etiam,
1544 2808 1616 2840 quod
1631 2812 1711 2841 caput

75 2846 126 2871 ενι,
143 2841 251 2868 cuinam
267 2841 458 2883 essetrluliano
475 2849 546 2868 anno
563 2843 747 2875 tribuendum,
773 2851 826 2878 qua
850 2844 912 2871 anui
928 2844 1111 2872 modulatione
1135 2846 1247 2874 annales
1268 2847 1353 2874 nostri
1369 2855 1462 2875 omnes
1477 2856 1507 2874 ac
1524 2849 1707 2884 cltronologia:
