1956 3077
69 117 124 147 869
546 117 593 146 DE
615 117 742 147 REBUS
764 117 854 147 POST
869 116 1093 146 MAURICIUJI
1114 115 1260 145 GESTIS.
1652 113 1705 145 8Ἷο

106 173 227 207 hcnique
249 179 336 203 annus
351 172 395 199 ille
410 172 454 207 qui
472 180 485 199 a
501 173 666 201 Cassiodoro
691 175 801 209 ponitur
822 177 854 200 ab
874 174 1061 200 incarnatione
1087 173 1319 208 qnirgenlesimus
1343 170 1529 203 soxagesimts
1557 172 1703 204 secundus,

66 216 120 241 sub
145 214 288 241 consulatu
324 213 416 241 Basilii
438 214 522 241 vicics
544 216 638 245 semel,
674 216 819 242 indictione
845 212 954 242 'decinia
988 219 1098 241 notatur
1124 219 1176 239 tam
1201 214 1235 239 ab
1257 214 1298 239 his
1314 211 1357 246 qui
1384 211 1547 238 iudicliones
1566 210 1703 243 aMartio,

66 264 150 288 quam
170 255 205 283 ab
222 256 282 283 aliis
304 255 349 290 qui
368 256 402 282 ab
419 256 576 283 Decembris
595 258 638 284 die
652 258 688 283 25
707 262 752 284 aut
768 257 898 283 Kalendis
919 255 1040 282 Januarii
1063 255 1242 288 sequentibus
1266 254 1419 280 ordiuntur.
1444 251 1543 279 Verum
1571 253 1704 286 prioresa

65 298 199 325 Ktlcitdis
225 297 365 324 Januariis
383 297 416 324 ad
435 298 451 324 8
468 297 605 324 Kalendas
629 299 735 333 Apriles
765 299 939 325 indictionem
959 297 1046 323 adlntc
1074 296 1182 322 tertiam
1210 296 1352 329 putabant.
1380 294 1589 320 Coneurrcbant
1613 298 1703 320 autem

67 340 193 367 amboin
217 340 340 367 eamdem
373 339 547 367 indictionem
573 346 709 374 quartatn,
735 341 793 374 ipso
817 340 860 367 dic
882 338 1087 371 incarnationis,
1116 337 1205 364 Martii
1231 337 1277 369 25,
1295 344 1308 362 a
1323 343 1377 370 quo
1401 336 1506 362 scilicet
1524 335 1703 362 Cassiodorus

69 389 174 407 annum
191 381 293 408 Christi
313 386 439 408 numeral
457 382 706 416 quingentesimum
727 383 925 416 scxagesimtnn
944 380 1104 406 scentulum.

105 433 164 460 Non
195 433 275 467 igitur
301 433 395 461 eodem
409 441 481 460 anno
504 429 834 468 iisdemque'cnnsnlibus
856 433 936 459 ambo
964 433 1020 459 hate
1038 432 1115 458 initio
1140 433 1316 464 conveniunt,
1338 431 1534 458 incarnationis
1558 431 1662 458 scilicet
1678 437 1706 458 et

67 475 168 502 natalis
189 474 306 502 Domitii.
326 476 376 508 Qui
395 475 466 502 enim
485 483 498 501 a
528 475 611 502 natali
628 475 770 509 incipiunt,
788 475 838 501 hoc
854 479 895 502 est
912 475 947 501 ‘25
964 475 1128 506 Decembris,
1154 482 1246 500 corntn
1272 474 1401 507 cpocham
1422 480 1474 499 non
1491 478 1641 506 sequuntur
1658 473 1705 507 qui

67 519 102 544 ali
120 517 318 549 incarnatione,
343 518 394 544 hoc
418 522 461 544 est
476 517 510 543 25
528 517 628 547 Martii.
657 521 812 548 numerant,
838 517 884 543 sed
901 517 986 543 tribus
1005 516 1144 542 mensibus
1159 520 1349 547 antevortunt;
1368 519 1396 541 ut
1418 520 1444 542 et
1457 514 1543 541 Grmci
1565 515 1627 541 antti
1646 515 1707 549 plus

68 558 196 590 servisse,
220 557 277 590 qni,
299 560 371 592 quod
398 558 438 585 vel
459 558 534 591 pueri
560 563 672 589 norunt,
699 558 860 585 indietiones
886 566 949 585 sttas
968 558 1032 585 olitn
1050 566 1064 584 a
1080 558 1115 584 9.5
1131 558 1310 592 Septembris,
1342 561 1434 591 postea
1463 565 1527 584 vero
1543 564 1556 584 a
1573 557 1706 585 Kalendis

67 599 161 625 exorsi
179 604 252 626 sunt.
268 600 345 632 Quod
363 599 509 634 posterius,
526 604 554 625 nt
569 600 637 626 alios
654 600 788 631 omittam,
808 599 955 633 Gregorius
970 599 1118 635 Κεραμεὺς
1134 599 1377 626 Tuut‘ominitauus
1395 597 1618 633 archiepiscopus
1634 599 1706 626 indi.

67 647 112 668 tat
135 641 244 667 ltotnilia
260 643 300 673 εἰς
315 641 365 676 τὴν
381 641 469 676 ἀρχὴν
483 641 533 676 τῆς
550 641 677 668 Ἰνδίκτθυ
696 641 755 677 ἦτοι
771 640 817 668 τοῦ
833 650 839 662 π

231 649 244 667 a
260 643 300 673 εἰς
315 641 365 676 τὴν
381 641 469 676 ἀρχὴν
483 641 533 676 τῆς
550 641 677 668 Ἰνδίκτθυ
696 641 755 677 ἦτοι
771 640 817 668 τοῦ
833 641 895 667 νέου
913 641 1001 673 ἔτους.

104 695 239 722 Creternm
255 694 326 729 quod
343 695 375 721 de
392 694 569 721 indictionum
588 695 690 727 epoeha
709 694 774 726 dixi,
792 694 950 722 meminisse
969 702 1030 722 cum
1048 694 1142 728 primis
1158 698 1265 728 oportet
1280 702 1326 720 eos
1341 693 1386 726 qui
1401 692 1558 720 Griecornm
1578 692 1706 720 historias

66 737 219 770 attingunt,
241 736 303 763 dum
323 736 519 771 imperatorum
538 743 624 762 annos
650 735 729 762 simul
745 740 772 763 et
788 743 850 762 eum
877 736 1072 763 indietionilms
1089 741 1115 762 et
1132 744 1192 762 etim
1217 736 1296 762 annis
1311 735 1426 762 .lnlianis
1447 739 1617 768 comparant.
1638 734 1706 761 Nam

67 781 114 813 qui
130 787 145 806 τι
158 779 287 806 Kalendis
303 778 427 806 Januarii
447 786 548 806 anunttt
570 779 674 809 ineunt,
695 779 719 805 id
737 779 808 811 quod
828 777 953 805 hodierni
980 777 1129 811 scriptores
1148 777 1261 807 faciunt,
1285 784 1384 802 annum
1415 776 1569 810 quemlibet
1584 783 1614 802 ea
1633 776 1707 802 indi-

66 821 161 847 ctione
181 826 277 846 notare
294 819 392 846 debent
407 827 466 853 qua:
479 828 509 847 ex
522 819 665 854 Cpolitana
680 819 808 846 methodo
822 827 836 845 a
849 819 978 856 Kalendis
999 818 1167 852 Septembris
1183 819 1246 845 anni
1265 818 1410 845 auterioris
1429 818 1536 844 initinnt
1556 817 1659 849 habuit,
1680 817 1706 844 iu

65 870 150 895 quam
174 862 275 888 Juliani
304 862 367 888 anni
396 861 574 895 primordium
602 861 707 891 incidit.
737 869 790 888 non
807 861 840 888 ab
857 868 889 887 ea
906 867 965 893 quae
989 860 1084 885 eodetn
1113 867 1185 886 attno
1213 860 1321 887 nonnisi
1337 860 1354 886 8
1371 859 1543 885 vertentibus
1569 859 1706 886 mensibus

66 904 225 930 inchoatur.
243 902 312 929 Tum
335 910 399 930 \‘ero
415 904 438 930 si
454 903 499 937 qui
517 904 696 936 imperatores
713 905 829 929 exeunte
845 901 938 936 aliquo
963 909 1035 928 anno
1056 901 1164 928 Juliano
1190 902 1333 936 imperium
1361 901 1493 936 anspicati
1511 906 1585 933 sunt,
1603 909 1655 928 non
1672 901 1706 927 ab

66 946 100 970 iis
119 944 309 978 cognotniuari
328 944 399 972 hunc
415 952 527 977 annum,
545 945 592 972 sed
609 945 643 972 ab
658 944 884 972 antecedentibus
901 951 950 978 par
964 949 1017 977 est,
1040 944 1086 978 qui
1102 943 1208 978 majore
1222 944 1285 970 anni
1301 948 1378 978 parte
1396 944 1486 970 adhuc
1503 943 1617 977 itnperio
1638 951 1707 978 pra:-

66 987 191 1013 lue'uut.

100 1039 166 1067 lltt'c
180 1039 317 1066 levissima
335 1040 443 1073 quidem
461 1044 534 1071 sunt,
558 1039 604 1066 sed
622 1046 635 1065 a
653 1039 814 1073 qttibnsdam
838 1040 928 1066 minus
952 1039 1158 1071 animadversa;
1176 1045 1207 1064 ex
1224 1045 1276 1072 quo
1293 1038 1424 1068 Hcraclii,
1442 1042 1469 1064 ut
1484 1026 1561 1065 initio
1577 1037 1706 1073 praefatus

63 1089 138 1112 sum,
156 1088 291 1107 annorum
314 1081 381 1107 ordo
399 1079 577 1114 labefactatus
601 1084 653 1112 est,
680 1080 814 1114 siquidem
843 1081 946 1115 primus
971 1081 1042 1108 illius
1066 1088 1152 1107 annus
1178 1080 1326 1106 indictione
1352 1080 1492 1114 Cpolitana
1514 1081 1596 1114 cmpit
1618 1079 1661 1109 M.
1678 1087 1704 1106 a.

64 1123 95 1149 C.
113 1122 178 1152 6l0.
195 1121 306 1149 Octobri
323 1129 427 1154 mense,
448 1126 476 1148 ut
491 1129 524 1148 ex
543 1121 720 1155 Theophane,
735 1120 859 1148 Cedreuo
881 1123 996 1157 aliisque
1011 1127 1138 1149 constare
1154 1121 1351 1155 potnil.Qnare
1367 1129 1438 1147 anno
1452 1125 1593 1154 sequente,
1609 1122 1705 1147 eadem

65 1164 216 1191 indictione
235 1163 343 1190 labente
361 1168 407 1190 aut
421 1163 531 1190 ineunte
547 1163 683 1194 Ronmua,
700 1163 838 1190 numerati
859 1160 962 1198 primus
979 1164 1097 1191 Hei-aelii
1114 1164 1217 1195 debuit,
1242 1171 1304 1190 cum
1322 1163 1528 1190 antecedentem
1555 1162 1652 1198 majori
1671 1170 1706 1190 ex

65 1211 144 1240 parte
158 1205 258 1232 Phoete
275 1206 291 1232 8
307 1210 480 1239 occupasset.
496 1205 532 1232 At
546 1205 582 1232 illi
599 1204 717 1232 lleraelii
743 1209 890 1232 secundum
905 1206 1007 1233 Christi
1024 1206 1071 1233 6H
1093 1205 1245 1240 signarunt.
1262 1205 1297 1231 lta
1319 1204 1424 1239 primus
1440 1205 1561 1238 ejusdem
1586 1205 1706 1238 impera-

65 1247 133 1274 toris
150 1254 239 1274 anuus
254 1246 382 1273 trimestri
399 1246 489 1281 spatio
504 1247 731 1280 circumscriptus
744 1251 795 1274 est.
810 1247 896 1280 Quam
914 1247 1000 1274 labem
1017 1256 1077 1274 cum
1092 1248 1217 1274 homines
1232 1247 1332 1274 eruditi
1351 1247 1428 1274 facile
1448 1247 1703 1280 deprchendissent.

66 1289 101 1314 ita
116 1289 265 1315 emendare
288 1293 352 1315 sunt
377 1288 495 1323 aggressi
511 1293 540 1314 ut
554 1289 633 1314 annis
650 1288 747 1315 Phocea
772 1289 879 1315 nonnisi
897 1289 912 1315 7
928 1290 1072 1316 attributis
1097 1297 1145 1324 pro
1171 1294 1281 1320 octavo,
1303 1289 1349 1322 qui
1364 1289 1389 1316 in
1404 1288 1506 1316 Christi
1527 1288 1581 1315 (HO
1597 1289 1702 1319 incidit.

66 1327 183 1357 lleraclii
199 1331 211 1358 1
229 1330 428 1364 inscripserint.
445 1330 499 1357 Sed
518 1331 583 1358 illttd
605 1335 664 1358 erat
678 1339 799 1358 errorem
817 1331 953 1365 corrigere
967 1331 1007 1357 vel
1024 1330 1107 1357 veteri
1118 1331 1207 1364 potius
1221 1338 1319 1356 novntu
1334 1335 1458 1356 astruere
1472 1337 1552 1355 :nam
1567 1334 1593 1356 et
1610 1329 1706 1356 l’hoea:

65 1373 80 1398 8
99 1372 221 1398 adimere
235 1376 331 1398 contra
350 1372 471 1398 historia:
498 1373 577 1399 tidem
604 1377 656 1403 est,
681 1381 760 1406 quem
776 1377 882 1399 constat
897 1374 912 1398 8
928 1372 1029 1399 solidos
1049 1379 1145 1403 annos,
1163 1371 1235 1398 binis
1258 1371 1378 1405 exceptis
1395 1371 1546 1402 mensibus,
1563 1370 1703 1405 implesse,

66 1413 103 1440 nti
119 1413 243 1448 pluribus
258 1418 353 1447 posma
368 1415 632 1441 demonstrabimus.
653 1414 705 1441 Sed
720 1420 747 1441 et
766 1414 938 1441 Constantini
953 1414 1087 1442 ltlanaSSis
1102 1414 1129 1441 id
1142 1421 1236 1441 versus
1249 1413 1364 1445 indicat,

420 1477 462 1512 ἐφ’
483 1477 554 1509 ὅλοις
571 1478 659 1504 ἔτεσιν
675 1478 747 1505 ὀκτὼ
762 1478 875 1513 βιώσας,
893 1481 1078 1516 τυραννήσας.

64 1546 91 1567 et
105 1550 139 1569 ne
157 1542 198 1569 sic
216 1543 326 1577 quidem
346 1543 547 1578 insequentium
564 1551 697 1571 annornnt
716 1545 781 1572 vitia
798 1545 903 1572 sublata
921 1550 995 1573 sunt.
1013 1545 1079 1572 Nam
1099 1545 1216 1573 llcraelii
1234 1545 1350 1579 primus,
1369 1545 1391 1572 si
1406 1545 1558 1573 Romanam
1576 1545 1704 1572 indictio-

65 1590 126 1608 nent
149 1590 276 1616 sequare,
302 1585 334 1610 ad
356 1584 389 1611 li,
416 1585 513 1619 majori
534 1593 568 1612 ex
586 1592 662 1619 parte
681 1586 840 1614 referendus
862 1591 915 1613 est.
934 1587 1078 1615 Secundus
1096 1588 1160 1614 item
1178 1595 1238 1614 entn
1265 1586 1298 1613 Μ
1315 1587 1497 1621 copulandus,
1517 1595 1578 1614 cum
1607 1595 1638 1614 ex
1659 1587 1704 1613 illa

66 1633 175 1652 menses
194 1627 318 1659 integros
335 1626 362 1658 9,
379 1634 412 1653 ex
430 1627 481 1653 hac
497 1631 552 1653 tres
569 1627 618 1654 sibi
634 1628 804 1655 solummodo
826 1629 954 1656 vittdieet.
977 1629 1084 1663 Alioqui
1100 1634 1128 1656 et
1146 1629 1242 1656 Phoczn
1259 1629 1284 1660 1,
1305 1629 1349 1663 qni
1368 1629 1559 1663 sesquimense
1575 1629 1632 1655 fere
1651 1629 1705 1655 lle-

67 1667 213 1693 racliattatn
233 1668 363 1701 cpochatu
378 1668 512 1703 sequitur,
537 1677 611 1696 attno
634 1677 688 1703 quo
705 1669 790 1704 cmpit
807 1669 860 1697 60:7.
875 1671 1037 1698 tribuendus
1053 1671 1104 1698 fuit
1117 1690 1125 1704 ,
1143 1679 1224 1706 quem
1245 1671 1326 1698 iidetn
1354 1671 1392 1698 illi
1409 1671 1533 1698 Mauricii
1552 1671 1587 1698 ΞΟ
1608 1671 1705 1698 merito

67 1713 269 1742 nuncuparunt.

100 1760 156 1788 Par
181 1761 246 1788 huic
272 1765 300 1788 et
317 1761 406 1789 aiiiuis
427 1769 505 1790 error
528 1763 555 1790 in
572 1763 721 1792 Justiniani
744 1771 830 1791 annos
846 1764 940 1792 iisdem
961 1764 994 1792 de
1017 1765 1108 1793 causis
1125 1765 1255 1799 irrepsit,
1270 1765 1341 1798 quod
1360 1766 1439 1792 annis
1454 1765 1558 1793 Christi
1575 1765 1633 1793 sive
1655 1764 1706 1792 Ja-

68 1803 148 1830 lianis
164 1808 220 1830 tam
237 1803 416 1831 indictionum
432 1804 510 1831 initia
525 1813 607 1839 quam
626 1807 734 1840 imperii
750 1814 884 1833 annorttm
899 1807 1008 1841 epochae
1024 1814 1164 1842 perperam
1182 1807 1330 1841 illigantur.
1349 1807 1465 1834 Creatus
1477 1811 1520 1834 est
1533 1806 1705 1835 Justinianns

68 1845 218 1880 imperator
243 1844 379 1872 Kalendas
402 1846 504 1881 Aprilis
520 1847 669 1875 indictione
692 1847 719 1879 5,
734 1855 749 1874 a
772 1855 826 1882 quo
842 1848 885 1875 die
902 1854 1007 1883 tempus
1031 1849 1146 1883 imperiii
1168 1855 1346 1877 numeratttr.
1365 1854 1392 1875 ut
1411 1854 1452 1876 est
1472 1850 1497 1875 in
1520 1849 1706 1877 Alexandrino

67 1886 203 1915 Chronico
228 1898 234 1915 :
253 1887 437 1922 astipulantur
451 1892 478 1916 et
490 1889 671 1924 Theophanes
690 1898 722 1917 ac
738 1890 911 1917 Marcellinus
927 1890 952 1916 in
970 1889 1116 1916 Chronico.
1135 1890 1230 1917 Aunus
1243 1895 1302 1917 erat
1318 1890 1421 1918 Christi
1439 1891 1503 1922 5°27,
1521 1899 1574 1924 quo
1591 1891 1705 1918 indietio

67 1928 83 1954 5
103 1928 274 1963 Septembris
295 1930 483 1957 antecedentis
505 1931 569 1957 anni
593 1931 720 1958 inchoata
743 1932 877 1958 decurrit.
900 1931 984 1965 llnjns
1007 1931 1180 1965 imperatoris
1205 1939 1231 1957 a.
1249 1931 1276 1964 5,
1298 1937 1326 1958 ttt
1355 1937 1397 1958 est
1421 1933 1490 1966 apud
1508 1932 1706 1967 Theophanem

66 1970 216 1998 Alcxandr.
237 1970 341 1998 Chron.
359 1977 387 1998 et
403 1971 486 2004 alios,
504 1972 654 2000 indictione
675 1974 708 2001 10
728 1974 822 2009 ingens
835 1973 910 2008 Cpoli
930 1973 1060 2000 ltlll'illillls
1083 1973 1116 2000 ab
1136 1973 1274 2000 Anastasii
1295 1975 1438 2008 nepotibus
1454 1974 1600 2006 excitatur,
1625 1982 1706 2009 quem

67 2011 149 2038 iidem
174 2013 210 2039 illi
233 2012 374 2040 fusissimc
390 2014 557 2041 describunt.
572 2015 667 2042 Annus
689 2016 732 2042 hic
749 2016 775 2042 in
791 2015 936 2042 annalibus
952 2019 993 2042 est
1008 2015 1107 2042 Christi
1123 2015 1171 2042 551
1186 2025 1192 2048 ;
1211 2016 1237 2042 id
1255 2017 1326 2050 quod
1340 2016 1422 2043 etiam
1440 2015 1576 2044 Calvisius
1596 2021 1706 2043 secutus

66 2058 120 2080 est.
135 2054 171 2080 At
184 2054 256 2080 enim
272 2062 333 2081 cum
349 2055 462 2082 indictio
482 2056 514 2082 10
532 2057 639 2084 nomtisi
657 2065 682 2083 a.
700 2057 748 2084 551
767 2056 918 2091 Septembri
935 2064 1027 2083 mense
1043 2057 1134 2083 inierit
1155 2057 1306 2091 eademque
1320 2065 1346 2083 a.
1363 2057 1416 2084 582
1432 2061 1578 2092 propagata
1596 2058 1642 2088 sit,
1658 2066 1706 2085 ne-

67 2103 145 2122 cesse
157 2101 200 2121 est
214 2095 376 2123 seditionem
393 2096 467 2124 illam
483 2098 535 2124 hoc
557 2099 708 2131 posteriore
725 2107 808 2131 anno,
834 2098 857 2125 si
877 2099 984 2131 quidem
1000 2099 1122 2126 Julianus
1137 2100 1288 2133 sequimur,
1306 2100 1465 2134 contigisse.
1490 2100 1565 2132 Quod
1581 2105 1606 2126 et
1624 2100 1707 2127 feria-

68 2144 127 2162 rum
142 2137 317 2164 characteres
333 2137 497 2165 conﬁrmant
513 2139 538 2165 in
551 2139 631 2166 Alex.
645 2139 784 2167 Chronico
801 2141 846 2167 ubi
859 2139 912 2167 778
927 2141 978 2168 hoc
992 2147 1063 2167 anno
1075 2139 1198 2167 Januarii
1216 2142 1248 2168 16
1263 2141 1413 2168 Paraseeve
1427 2141 1510 2168 fuisse
1526 2142 1663 2173 setibitur,
1680 2147 1707 2169 et

65 2179 195 2211 sequenti
213 2179 258 2206 die
274 2179 436 2212 Sabbatum,
455 2180 519 2208 inde
534 2180 568 2207 18
581 2181 624 2209 die
635 2182 813 2209 Dominieam.
833 2181 889 2210 lloc
902 2190 967 2210 vero
983 2190 1035 2210 non
1049 2183 1126 2210 alteri
1143 2183 1260 2217 quadrat
1281 2191 1362 2218 quant
1378 2183 1431 2210 532
1452 2192 1535 2216 anno,
1552 2184 1628 2218 cyclo
1642 2185 1707 2212 solis

67 2220 84 2247 9
98 2220 246 2253 bissextili,
263 2221 354 2249 littera
370 2221 447 2249 Dom.
468 2223 499 2249 D.

101 2274 143 2300 Ab
162 2275 214 2301 hoc
233 2273 307 2301 fonte
324 2275 351 2302 in
366 2275 436 2303 alios
456 2275 577 2310 ejusdem
596 2277 768 2312 imperatoris
787 2285 873 2306 annos
890 2278 1012 2306 derivata
1031 2285 1092 2306 sunt
1107 2280 1184 2306 vitia.
1203 2279 1256 2306 Sed
1272 2279 1377 2314 insigne
1394 2279 1444 2306 hoc
1458 2284 1499 2307 est
1518 2287 1572 2314 prte
1590 2281 1706 2308 caeteris.

67 2314 146 2341 Anno
175 2314 322 2342 Jnsliniani
358 2316 404 2348 19,
433 2317 528 2345 indict.
560 2318 576 2345 9
609 2319 698 2346 adhuc
730 2318 850 2350 labente,
881 2320 980 2346 accidit
1011 2320 1155 2348 Paschalis
1187 2321 1350 2356 διαστροφή,
1379 2325 1408 2347 ut
1441 2321 1538 2347 scribit
1567 2321 1707 2349 Cedrenus

66 2364 99 2383 ac
134 2355 328 2390 Theophanes.
361 2358 445 2393 llujus
482 2360 564 2386 verba
594 2361 735 2393 subjiciam
764 2370 771 2387 :
801 2360 833 2387 Et
861 2361 947 2395 [artus
972 2367 1010 2388 cst
1040 2367 1204 2389 Ierrurmolus
1235 2371 1345 2397 magnus
1373 2361 1448 2395 Upoli
1479 2367 1502 2388 et
1537 2364 1635 2389 eversio
1665 2364 1708 2390 die

66 2403 158 2424 sancto
189 2397 310 2430 Pace/uc,
331 2404 355 2426 et
371 2400 446 2434 carpit
478 2401 570 2436 vulgus
602 2403 733 2433 abstinere
762 2411 777 2428 α
799 2403 922 2429 carnibus
943 2411 1029 2430 mense
1057 2402 1203 2430 Februario
1227 2404 1270 2430 die
1289 2404 1317 2430 4.
1347 2401 1497 2436 Imperator
1523 2408 1611 2430 autem
1639 2412 1708 2436 pric-

66 2443 133 2472 cepit
161 2439 217 2466 alia
245 2440 410 2468 hebdomade
430 2450 534 2468 carnem
559 2445 674 2476 apponi;
695 2450 718 2470 et
739 2452 828 2471 omnes
851 2445 971 2470 carnium
993 2445 1139 2471 venditores
1163 2445 1314 2471 occiderunt
1337 2450 1360 2471 et
1384 2450 1573 2479 opposuerunt,
1591 2452 1614 2472 el
1632 2454 1706 2472 nemo

65 2482 157 2508 edebat
171 2486 218 2508 (tu!
236 2483 348 2509 amabat.
366 2483 451 2509 Porro
464 2483 566 2510 l’asc/m
580 2485 680 2518 factum
696 2490 733 2511 est
749 2489 776 2511 ut
793 2485 1042 2520 imperatorjussil,
1054 2491 1077 2513 ct
1094 2487 1213 2513 inventus
1229 2491 1266 2513 est
1283 2487 1395 2521 populus
1404 2487 1531 2521 jejunans
1545 2488 1708 2519 hebdomade

66 2523 213 2566 super/luo.
234 2523 269 2550 Ex
284 2525 382 2558 quibus
398 2525 536 2559 colligitur
551 2526 678 2560 populum
695 2527 833 2560 pI'IL‘ﬁXlltlI
846 2529 879 2554 ab
893 2527 1060 2566 imperatore
1078 2529 1224 2555 teriuinum
1240 2529 1410 2556 hebdomada
1426 2529 1512 2556 solida
1529 2531 1705 2564 prtevenisse.

66 2563 95 2590 In
109 2565 257 2591 annalibus
273 2566 412 2592 confertur
427 2567 477 2594 ltoc
496 2567 522 2593 itt
540 2575 563 2593 a.
579 2568 609 2595 C.
624 2567 686 2594 515.
708 2568 805 2594 Verum
820 2569 942 2603 sequenti
957 2563 1036 2602 plane
1049 2570 1161 2604 contigit
1176 2569 1394 2601 546.1ustiniani
1416 2571 1447 2598 19
1461 2563 1581 2598 nondum
1597 2571 1707 2598 evolnto

69 2604 162 2640 (quod
182 2607 271 2640 ipsnut
292 2608 473 2642 scriptoribus
493 2608 654 2643 imposuit),
674 2609 865 2645 inchoatajam
884 2610 977 2638 iudiet.
997 2611 1023 2638 9.
1043 2611 1069 2637 In
1086 2619 1140 2645 quo
1162 2612 1338 2638 vehementer
1360 2613 1564 2640 hallucinantnr
1585 2614 1629 2647 qui
1660 2618 1706 2639 attt

68 2655 189 2688 errorem
204 2648 278 2674 illum
291 2648 446 2676 Jnsliniano
461 2650 591 2681 tribuunt.
604 2657 650 2677 aut
665 2651 744 2678 ullam
758 2653 867 2678 omnino
880 2652 1022 2679 Paschalis
1033 2653 1198 2688 διαστροφήν
1213 2654 1343 2680 accidisse
1355 2655 1488 2688 scribunt,
1505 2655 1542 2682 uti
1556 2655 1705 2687 Cedrenus.

69 2686 249 2723 Theophanes
273 2696 299 2716 et
317 2690 379 2722 alii,
397 2692 444 2725 qui
460 2699 551 2718 secum
576 2692 625 2726 ipsi
641 2693 784 2727 perspicue
809 2699 937 2728 pugnant.
956 2694 1061 2721 Etenim
1087 2686 1158 2722 sicut
1177 2686 1356 2729 imperatoris
1381 2686 1556 2731 prtescripto,
1574 2697 1644 2730 quod
1660 2705 1706 2723 ca-

69 2731 131 2756 noui
149 2737 365 2758 consentaneum
395 2732 477 2760 fuisse
495 2741 555 2760 mox
575 2735 763 2767 ostendemus,
782 2735 885 2762 PaSt-ha
901 2736 1067 2763 celebratum
1087 2741 1146 2767 est,
1163 2737 1235 2763 nulla
1252 2737 1310 2771 ejus
1333 2737 1456 2771 profecto
1471 2738 1620 2772 διαστροφή
1635 2737 1702 2769 fuit,

69 2772 116 2816 sed
132 2772 420 2816 ignei-rexpetusipou
438 2775 536 2810 ἑορτῆς
552 2775 694 2806 duntaxat,
713 2784 792 2810 quam
812 2784 841 2803 \‘l.

932 2777 1086 2811 imperitum
1109 2785 1170 2804 cum
1189 2779 1438 2812 quartadecitnanis
1453 2785 1546 2806 contra
1573 2786 1703 2805 eanonem

70 2811 169 2839 inierat
182 2812 324 2857 l'cbruarii
341 2815 364 2842 4.
378 2815 434 2842 lloc
449 2819 520 2842 enim
537 2825 606 2844 attno
621 2817 714 2852 cyclus
729 2817 796 2845 luna:
811 2818 861 2846 luit
875 2818 915 2852 15,
928 2819 1020 2854 cyclus
1033 2819 1098 2848 solis
1113 2811 1252 2848 Romanus
1260 2820 1306 2854 ‘25,
1321 2820 1360 2848 lit.
1376 2820 1453 2848 Dom.
1465 2820 1497 2853 G,
1511 2827 1705 2849 concurrentes
