1956 3077
210 177 297 209 ’923

891 110 906 119 ι

755 175 786 204 S.
806 174 1017 204 NICEPHORI
1036 174 1290 204 PATBIARCH/E
1309 175 1361 206 CP.

1817 177 1873 209 924

246 239 290 258 res
304 230 410 264 publica
427 229 586 256 deducatur.
602 239 610 254 ι
627 228 664 255 lta
683 228 893 263 imperatoribus
914 228 1026 256 feliciter

1081 235 1118 262 τῳ
1135 227 1238 260 τάξεως
1262 229 1312 264 τὴν
1335 228 1494 264 Ῥωμαϊκὴν
1512 230 1598 257 ἐλθεῖν
1621 231 1770 259 πολιτείαν.
1788 242 1798 258 ι
1814 234 1874 260 Καὶ

246 281 387 311 precantes
412 279 594 302 recesserunt.
611 274 716 307 Quibus
740 273 843 302 auditis
868 274 1028 309 imperatrix

246 330 321 349 suum
336 322 361 348 in
376 321 505 354 palatium
526 329 554 348 se
567 321 690 348 contulit.

256 387 259 390 .
280 365 317 391 Ex
336 372 389 399 quo
405 365 532 397 deinceps
555 365 749 394 Constantinus
774 367 909 400 imperare
934 365 1026 399 caapit.
1059 392 1069 405 ι

244 412 284 438 Ad
303 411 375 437 hunc
389 410 541 444 Philagrius
555 419 644 438 rerum
665 413 831 446 privatarunt
841 418 930 439 comes
953 412 1029 438 detu-

245 456 286 488 lit,
306 456 430 483 Heraclio
444 462 521 490 patre
534 457 621 483 adhuc
639 463 799 492 aegrotante,
813 459 881 492 apud
895 459 1027 493 Pyrrhum

244 501 428 536 patriarcltam
450 502 578 536 pecunias
602 511 663 531 esse
684 504 832 536 depositas,
861 509 889 531 nt
908 505 1029 531 Martina:

245 547 411 581 imperatrici
436 547 634 579 consuleretur,
656 555 690 575 ne
719 549 788 575 forte
818 558 832 576 a
850 549 1029 577 Constantino

245 593 408 627 imperatore
425 593 548 627 privigno
563 601 577 620 ο
599 593 699 627 palatio
717 595 858 621 exturbata
883 595 973 629 inopia
990 597 1030 623 la-

246 639 362 665 lzoraret.
378 638 525 671 Imperator
543 638 633 673 itaque
650 639 782 674 Pyrrhum
803 648 944 668 arcessens
965 649 1027 668 num

246 683 281 708 ita
294 690 323 709 se
342 690 384 709 res
409 682 520 709 haberet
544 683 698 710 sciscitatus
713 688 765 710 est.
784 683 834 715 Qui
860 691 875 710 a
892 684 1029 718 Philagrio

245 728 384 754 convictus
401 728 559 755 commissas
572 729 700 762 pecunias
714 728 775 756 licet
790 729 890 755 invitus
907 730 1028 758 tradidit.

246 772 299 798 Sed
313 773 506 800 Constantinus
521 781 581 800 cum
601 774 727 800 diuturno
747 775 841 801 morbo
860 775 1029 802 conﬂictare-

247 823 298 849 tur,
311 825 342 845 ac
357 823 465 852 propter
476 819 547 845 aeris
559 819 744 854 intemperiem
757 820 927 848 Chalcedone
943 822 969 847 in
985 829 1030 856 pa-

246 863 321 895 latio.
339 864 410 898 quod
426 865 482 898 ipse
493 870 694 898 construxerat,
713 866 857 899 habitaret,
874 866 1030 902 Philagrius

246 907 370 936 aﬁ'ectam
386 909 445 944 ejus
457 910 639 937 valetudinem
658 911 890 944 animadvertens,
905 920 936 939 ac
962 920 1028 946 pro-
1047 903 1068 931 Β

245 955 349 989 pcdicm
369 955 506 982 obiturum
531 957 687 991 suspicans,
718 956 872 984 lleraclium
890 963 916 985 ct
937 958 1029 986 Marti-

245 1007 306 1026 nam
327 1000 504 1028 vehementer
525 1001 700 1034 formidabat,
732 1010 765 1029 ne
782 1003 846 1037 quid
864 1003 897 1030 ab
916 1004 949 1030 iis
965 1005 1027 1032 mali

245 1050 393 1078 pateretur.
405 1045 495 1078 Quare
510 1045 690 1074 Constantino
702 1047 755 1082 33
774 1049 917 1076 consilium
935 1049 980 1076 dat
1001 1055 1030 1078 ιιι

244 1091 276 1117 ad
289 1091 425 1119 exercitus
441 1093 585 1125 scriberet,
608 1093 644 1120 uti
668 1099 728 1128 post
746 1094 847 1121 obitum
864 1103 940 1123 suum
962 1096 1029 1123 libe-

245 1143 335 1163 rorum
351 1144 459 1164 suorum
476 1145 567 1166 curam
585 1144 720 1174 gererent,
737 1147 824 1174 neque
846 1140 973 1175 injuriam
995 1143 1029 1169 iis

244 1181 339 1209 inl'erri
355 1182 404 1217 ipsi
419 1188 466 1210 aut
481 1183 595 1218 imperio
609 1185 716 1211 extrudi
734 1185 864 1212 sinerent.
880 1185 938 1219 Quo
960 1194 1027 1213 con-

243 1228 304 1255 silio
334 1229 442 1263 gavisus
473 1229 667 1258 Constantinus
702 1230 872 1258 Valentinum
899 1232 1027 1268 Philagr’ii

245 1273 407 1308 armigerum
423 1281 483 1301 cum
499 1274 598 1302 litteris
613 1275 773 1310 cznterisque
784 1275 816 1302 ad
829 1283 889 1302 eam
907 1284 963 1303 rem
979 1284 1029 1304 nco

243 1319 370 1346 cesSariis
386 1319 419 1346 ad
437 1324 526 1346 castra
552 1320 654 1353 mittit;
672 1326 753 1355 atque
775 1321 885 1355 insuper
900 1322 1029 1356 pecunias

244 1366 278 1392 ad
296 1365 377 1392 vicies
394 1371 507 1393 centena
522 1367 716 1402 quinquaginta
740 1367 868 1401 tradidit,
884 1373 1029 1402 praeterea-

244 1418 296 1444 que
322 1411 441 1438 sedecim
463 1420 636 1439 nutnmorum
656 1412 756 1444 millia,
774 1413 871 1446 quibus
899 1413 1029 1442 militares

244 1456 336 1490 copias
356 1456 504 1484 adduceret
518 1462 546 1484 ut
561 1463 622 1492 post
635 1457 808 1485 Constantini
824 1465 939 1486 mortem
956 1459 1027 1486 Mar-

246 1502 308 1528 tinte
318 1500 430 1536 ejusque
447 1502 509 1529 ﬁliis
530 1503 699 1531 resisterent.
716 1502 800 1538 igitur
814 1503 1009 1533 Constantinus
1019 1527 1027 1539 ,

245 1555 306 1573 cum
322 1552 383 1574 octo
393 1552 421 1575 et
437 1548 530 1583 viginti
551 1556 637 1576 annos
652 1557 711 1576 cum
731 1555 808 1584 patre
824 1550 985 1585 imperasset
1001 1556 1028 1579 et
1042 1570 1063 1599 ο

244 1598 350 1620 contum
364 1601 395 1621 ac
410 1594 496 1622 tribus
513 1595 608 1623 diebus
623 1596 828 1631 supervixisset,
846 1597 972 1625 moritur.
998 1623 1000 1626 ,

280 1724 343 1751 Post
354 1732 433 1759 quem
450 1725 596 1760 imperator
616 1725 755 1755 Heraclius
775 1727 936 1763 appellatur,
958 1735 1026 1763 quo-

245 1778 305 1796 rum
321 1771 502 1797 communiter
515 1770 629 1799 Martina
650 1772 791 1807 imperium
808 1774 1025 1801 administrabat.

244 1815 290 1841 Ille
305 1822 368 1842 vero
384 1816 475 1842 statim
503 1817 589 1850 patris
601 1824 741 1849 coronam.
754 1825 835 1852 quam
851 1826 912 1845 cum
934 1826 966 1845 eo
982 1826 1027 1846 se-

243 1859 345 1894 pultam
357 1859 532 1888 Constantius
543 1861 615 1888 ﬁlius
630 1861 664 1889 ab
684 1861 798 1889 ecclesia
824 1867 1026 1896 exportaverat.

243 1913 355 1939 qumque
381 1906 550 1941 septuaginta
567 1907 627 1934 auri
645 1907 721 1934 libris
748 1907 944 1940 :estimabatur,
971 1909 1027 1936 Deo

244 1950 269 1977 in
284 1950 377 1977 eadem
389 1950 508 1978 Ecclesia
524 1952 706 1980 consecravit.
719 1952 787 1979 Tum
797 1951 895 1987 Cyrum
907 1953 1025 1980 Alexan-

243 1995 308 2022 driae
332 1995 514 2030 patriarcltam
539 1997 566 2024 in
597 1997 688 2024 sedem
716 1998 844 2024 restituit.
859 1997 1026 2032 Philagrium

242 2048 306 2069 vero
326 2043 465 2070 delonsum
483 2043 511 2070 in
523 2042 610 2076 Septtn
626 2043 778 2076 castellum,
794 2045 868 2078 quod
894 2044 928 2071 ad
950 2044 1028 2072 Occi-

243 2088 349 2115 dentem
369 2089 453 2116 altera
475 2096 508 2116 ex
534 2093 610 2123 parte
630 2089 753 2116 llerculis
777 2090 910 2116 columnis
922 2090 1028 2122 adjacct

242 2133 269 2160 in
287 2133 380 2169 Libya,
408 2134 553 2168 relegavit;
576 2139 690 2162 caeteros
715 2135 939 2170 quamplurimas,
959 2143 1027 2170 quos

243 2179 344 2207 amicos
357 2180 416 2214 ejus
436 2187 516 2214 atque
531 2181 705 2209 administros
738 2182 848 2216 reperit,
866 2182 1025 2208 verberibus

1082 275 1250 309 κατήρχοντο
1280 275 1503 310 ἀνευφημοῦντες
1530 277 1594 308 τοὺς
1620 276 1753 311 βασιλεῖς.
1776 279 1874 306 Ταῦτα

1081 319 1224 346 ἀκούσασα
1237 320 1305 354 πρὸς
1320 320 1350 346 τὸ
1371 322 1473 356 ἑαυτῆς
1493 322 1631 358 ἀπεχώρει
1647 323 1787 351 παλάτιον.

1123 364 1168 397 ἘΞ
1195 362 1226 391 οὗ
1251 365 1297 391 καὶ
1323 367 1529 399 Κωνσταντῖνος
1550 369 1599 403 τῆς
1628 368 1768 403 βασιλείας
1787 368 1871 406 ἦρχε,

1081 410 1281 445 Προσαγγέλλει
1293 412 1321 438 δὲ
1336 412 1410 447 αὖτῷ
1432 413 1588 448 Φιλάγριος,
1600 413 1629 445 ὃς
1641 413 1675 449 ἦν
1688 415 1742 441 τῶν
1761 415 1872 450 βασιλι-

1081 455 1137 480 κῶν
1153 456 1300 490 χρημάτων
1311 457 1424 491 ταμίας,
1447 457 1484 489 ὼς
1501 457 1679 490 ἀσθενοῦντος
1703 459 1750 485 τοῦ
1766 461 1874 495 πατρὸς

1088 499 1248 534 Ἡρακλείου
1268 501 1398 536 χρήματα
1415 501 1515 537 Πύρρῳ
1529 502 1567 537 τῷ
1583 503 1706 538 ἀρχιερεῖ
1717 503 1873 538 παρατίθε-

1083 544 1143 571 σθαι
1159 545 1299 581 Μαρτίνης
1314 547 1363 581 τῆς
1382 547 1542 583 βασιλίσσης
1569 548 1674 582 ἕνεκεν,
1690 549 1727 581 ὡς
1741 551 1782 585 ’μή
1802 558 1871 576 ποτε

1082 589 1149 626 αὐτὴ
1163 591 1215 617 ὑπὸ
1227 592 1433 619 Κωνσταντίνου
1457 593 1503 619 τοῦ
1521 593 1654 628 βασιλέως
1671 595 1718 621 καὶ
1733 596 1871 630 προγόνου

1082 635 1113 661 ἐκ
1132 636 1185 662 τῶν
1204 636 1348 671 βασιλείων
1374 638 1542 674 διωθουμένη
1568 639 1717 674 χρημάτων
1733 640 1872 667 καθυστε-

1083 681 1193 716 ρίζοιτο,
1215 682 1244 708 '0
1258 683 1286 708 δὲ
1301 682 1408 719 Πύρρον
1420 684 1667 719 μεταστειλάμενος
1676 685 1874 712 διεπυνθάνετ)

1082 728 1106 753 εί
1121 727 1192 754 οὕτω
1205 727 1289 754 ταῦτα
1300 728 1366 763 ἔχοι.
1381 729 1490 764 Πύρρος
1502 729 1530 755 δὲ
1546 730 1598 756 ὑπὸ
1608 730 1755 765 Φιλαγριου
1766 731 1875 765 διελεγ-

1081 773 1194 808 χόμενος
1206 773 1347 809 προεδίδου
1359 774 1405 801 καὶ
1416 774 1466 800 οὑκ
1479 775 1579 801 ἐθέλων
1590 776 1623 801 τά
1635 776 1773 811 χρήματα.
1793 777 1874 803 Ἐπεὶ

1082 818 1111 845 δὲ
1128 819 1198 854 νόσῳ
1211 819 1307 854 χρονίᾳ.
1334 821 1540 852 Κωνσταντίνος
1564 821 1703 856 συνείχετο
1719 823 1767 848 καὶ
1781 823 1873 857 ἀκρα-

1084 865 1143 896 σίας
1160 864 1247 900 ἀέρων
1261 865 1354 891 ἕνεκεν
1364 866 1393 891 ὲν
1409 865 1561 900 Χαλκηδόνι
1574 866 1709 901 διέτριΰεν
1725 868 1754 893 ἐν
1770 867 1810 902 τῷ
1824 868 1874 893 ὑπ’

1081 909 1164 936 αὐτοῦ
1180 909 1315 936 κτισθέντι
1333 903 1468 946 παλατίῳ,
1489 910 1550 937 ἰδὼν
1565 911 1710 947 Φιλάγριος
1720 912 1874 948 ἀρρώστως

1080 953 1160 980 αὐτδν
1177 953 1360 988 διακείμενον,
1391 954 1438 980 καὶ
1459 954 1572 986 ἐλπίσας
1594 955 1688 990 τάχιον
1702 955 1872 986 ἀποσιῶσαι,

1080 999 1174 1026 ἐδεδίει
1193 999 1354 1036 Ἡράκλειον
1365 1001 1411 1026 καὶ
1421 1001 1565 1035 Μαρτῖναν
1579 1001 1617 1032 ὡς
1631 1001 1713 1028 αὑτὸν
1731 1001 1874 1028 κακώσου-

1078 1053 1128 1077 τας
1141 1045 1173 1072 ’⁸.
1196 1045 1244 1071 Ἐκ
1265 1044 1363 1071 τούτου
1391 1045 1590 1081 Κωνσταντίνῳ
1610 1045 1786 1072 συνεϐούλευε
1801 1046 1873 1081 τρά-

1080 1099 1140 1125 φειν
1158 1088 1215 1123 τοῖς
1232 1092 1462 1127 στρατευομένοις
1477 1092 1514 1133 ὠς
1528 1092 1654 1128 τελευτῆς
1665 1091 1874 1127 συμϐαινούσης

1079 1137 1154 1173 αὖτῷ
1185 1137 1412 1164 ἀντιλαόέσθαι¹¹
1442 1138 1496 1165 τ’ὤν
1507 1138 1616 1165 τέκνων
1639 1137 1733 1171 αὐτοῦ,
1765 1138 1811 1165 καὶ
1829 1137 1873 1172 μὴ

1081 1184 1233 1218 συγχωρεῖν
1263 1183 1415 1210 ἀδικεῖσθαι
1437 1183 1492 1218 (80)
1512 1184 1579 1219 μηδὲ
1601 1184 1652 1218 τῆς
1673 1183 1810 1219 βασιλείας
1827 1184 1869 1210 δι-

1080 1228 1220 1255 ωθεῖσθαι.
1239 1228 1298 1263 Ἐφ’
1310 1226 1351 1261 οἷς
1366 1229 1460 1264 ἡσθεὶς
1470 1229 1676 1261 Κωνσταντῖνος
1691 1229 1872 1256 Οὐαλεντῖνον

1078 1273 1125 1299 τὸν
1135 1273 1281 1308 Φιλαγρίου
1299 1274 1484 1309 ὑπασπιστὴν,
1499 1275 1534 1302 τά
1548 1283 1578 1301 τε
1592 1275 1746 1311 γράμματα
1758 1275 1805 1300 καὶ
1818 1275 1870 1309 τὴν

1079 1317 1177 1353 λοιπὴν
1189 1319 1236 1345 τοῦ
1249 1320 1411 1354 πράγματος
1424 1320 1554 1355 ἐργασίαν
1565 1317 1735 1355 ἐγχειρίσας,
1754 1319 1822 1354 προς
1837 1319 1871 1346 τὺ

1080 1365 1235 1400 στράτευμα
1247 1365 1395 1401 ἐξέπεμψε,
1411 1365 1535 1397 δεδωκὼς
1550 1366 1624 1401 αὐτῷ
1633 1366 1763 1401 χρήματα
1774 1373 1871 1391 συντε-

1078 1408 1176 1435 λοῦντα
1193 1409 1233 1441 εἰς
1250 1410 1390 1444 ποσότητα
1414 1410 1533 1445 ἀριθμοῦ
1559 1410 1698 1446 μυριάδων
1712 1409 1795 1436 πέντε
1809 1409 1872 1435 δια-

1079 1455 1179 1481 κοσίων
1194 1455 1216 1470 ¹²
1233 1456 1281 1482 καὶ
1294 1455 1335 1482 ἐτι
1348 1456 1433 1492 μύρια
1451 1457 1499 1483 καὶ
1515 1456 1686 1491 ἑξακισχίλια
1699 1456 1869 1491 νομίσματα.

1079 1496 1246 1536 ὑποθέμενος
1266 1502 1371 1529 πείθειν
1394 1503 1457 1535 τοὺς
1469 1503 1517 1530 τοῦ
1535 1502 1733 1538 στρατιωτικοῦ
1752 1501 1872 1528 καταλό-

1078 1555 1127 1580 γου
1150 1547 1218 1582 μετὰ
1238 1548 1368 1583 τελευτὴν
1399 1549 1607 1575 Κωνσταντενου
1620 1547 1870 1575 ἀντικαθίστασθαι

1079 1593 1204 1629 Μαρτίνῃ
1217 1594 1265 1620 καὶ
1279 1595 1334 1626 τοῖς
1345 1595 1450 1626 τέκνοις
1464 1595 1559 1628 αὐτῆς,
1575 1593 1801 1629 Συμὸασιλεύσας
1811 1593 1869 1627 (81)

1077 1638 1106 1665 δὲ
1123 1638 1161 1673 τῷ
1176 1640 1261 1674 πατρὶ
1281 1639 1328 1675 ἔτη
1344 1639 1416 1666 ὀκτὼ
1431 1641 1477 1666 καὶ
1502 1640 1600 1672 εἴκοσι,
1617 1640 1665 1667 καὶ
1684 1639 1808 1670 ἐπιϐιοὺς
1828 1639 1871 1670 εις

1077 1683 1126 1718 τὴν
1143 1683 1280 1718 βασιλείαν
1292 1684 1331 1710 ἔτι
1343 1685 1396 1719 ἡμὲ
1403 1693 1450 1719 ρας
1464 1685 1561 1712 ἑκατὸν
1574 1687 1660 1720 τρεῖς,
1673 1684 1851 1719 ἐτελεύτησε.

1112 1729 1181 1755 Μεθ’
1198 1729 1228 1755 ὃν
1243 1730 1424 1765 αὐτοκράτωρ
1444 1730 1494 1764 τῆς
1510 1730 1649 1765 βασιλείας
1668 1729 1870 1764 ἀναγορεύεται

1083 1773 1258 1809 Ἡράκλειος,
1334 1775 1537 1810 συνελάμϐανεν
1553 1776 1592 1806 είς
1606 1776 1640 1801 τά
1657 1775 1706 1808 τῆς
1725 1773 1870 1809 βασιλείας

1078 1819 1227 1854 πράγματα
1242 1820 1288 1846 καὶ
1309 1814 1477 1854 ἧΜαρτῖνα.
1494 1819 1583 1852 Εὐθὺς
1601 1818 1647 1846 οὖν
1661 1819 1707 1846 τόν
1731 1827 1761 1845 τε
1781 1819 1803 1834 ¹³
1817 1827 1870 1844 πα-

1077 1865 1141 1900 τρὸς
1163 1866 1218 1900 (8‘2)
1240 1866 1372 1900 στέφανον
1384 1886 1391 1898 ,
1412 1867 1441 1892 ὃν
1458 1866 1505 1893 καὶ
1522 1866 1677 1901 συνέθαψαν
1697 1865 1770 1900 αὐτῷ
1794 1865 1841 1891 καὶ
1855 1866 1869 1890 ὁ

1078 1912 1135 1943 υἱὸς
1152 1913 1354 1944 Κωνσταντϊνος
1377 1911 1424 1939 τοῦ
1444 1913 1509 1939 ναοῦ
1528 1911 1675 1948 ἐξήνεγκεν
1686 1931 1694 1945 ,
1715 1911 1869 1946 τιμηθέντα

1079 1957 1159 1992 μέχρι
1170 1957 1284 1992 χρυσίου
1298 1958 1397 1993 λιτρῶν
1413 1958 1611 1993 ἑὸδομήκοντα,
1624 1957 1662 1992 τῷ
1677 1956 1736 1991 Θεῷ
1748 1957 1869 1992 προσφέ-

1080 2011 1120 2038 ρει
1133 2005 1162 2030 ὲν
1173 2003 1211 2038 τῷ
1223 2003 1298 2039 ἱερῷ,
1311 2003 1403 2039 Κῦρον
1415 2004 1442 2030 δὲ
1453 2004 1500 2030 τὸν
1515 2003 1646 2039 πρόεδρον
1662 2001 1870 2036 Ἀλεξανδρείας

1077 2048 1116 2083 τῷ
1137 2048 1229 2083 οἰκείῳ
1244 2049 1332 2084 θρόνῳ
1352 2049 1565 2085 ἀποκαθίστησι.
1587 2049 1733 2083 Φιλάγριον
1753 2048 1783 2074 δὲ
1800 2048 1868 2073 ἁπο-

1078 2093 1173 2128 κείρας
1186 2093 1326 2128 ἐξόριστον
1344 2094 1385 2124 είς
1401 2093 1431 2119 τδ
1442 2093 1546 2124 Σέπτας
1557 2093 1704 2128 λεγόμενον
1717 2091 1850 2126 φρούριον
1859 2112 1866 2122 ,

1078 2139 1146 2174 πρὶς
1156 2138 1232 2173 ἣλιον
1244 2138 1357 2166 δύνοντα
1372 2138 1442 2165 κατὰ
1452 2138 1510 2175 [τά]
1524 2138 1624 2174 θάτερα
1635 2137 1689 2164 τῶν
1707 2137 1875 2173 Ἡρακλέους

1079 2183 1184 2218 στηλῶν
1212 2183 1281 2217 πρὸς
1309 2184 1344 2218 τῇ
1374 2183 1462 2218 Λιϐύῃ
1494 2183 1640 2217 κείμενον,
1672 2182 1866 2218 παρέπεμψεν.

242 2230 322 2259 atque
332 2225 393 2253 aliis
402 2226 646 2261 suppliciisaﬁ'ecit.
656 2227 717 2254 Ησεο
725 2227 769 2254 ubi
786 2226 946 2255 Valentinus
959 2227 1025 2254 Phi-

1083 2229 1211 2264 Ἐτέρους
1226 2237 1255 2255 τι
1271 2229 1425 2261 πλείστους,
1441 2228 1488 2260 οὓς
1503 2227 1567 2264 εὗρε
1586 2229 1680 2263 φίλους
1701 2228 1750 2255 καὶ
1768 2228 1869 2262 ὑπηρέ-

242 2270 318 2304 lagrii
332 2272 450 2306 armiger
465 2273 578 2306 accepit,
595 2273 725 2300 militares
743 2274 835 2308 copias
858 2273 913 2308 34,
930 2279 1024 2300 contra

243 2315 384 2343 Martinam
393 2321 421 2344 et
432 2317 492 2351 ejus
503 2317 572 2345 ﬁlios
584 2323 746 2346 commovet.
756 2318 818 2346 Inde
828 2317 1024 2345 Chalcedonem

1078 2283 1127 2306 τας
1146 2275 1245 2308 αὑτοῦ,
1269 2275 1389 2309 πληγαῖς
1411 2275 1460 2302 κα)⁸
1479 2275 1587 2310 ἑτέραις
1603 2274 1706 2306 αἰκίαις
1731 2273 1866 2308 ἠμύνατο.

1080 2319 1256 2352 Οὐαλεντῐνος
1277 2320 1335 2354 (85)
1359 2321 1387 2347 δὲ
1402 2321 1416 2346 ὁ
1426 2320 1574 2355 Φιλαγρίου
1590 2320 1765 2353 ὑπασπιστὴς
1781 2319 1871 2346 ταῦτα

891 2398 1008 2426 VARle
1030 2397 1234 2426 LECTIONES.

277 2453 299 2469 ¹⁰
320 2453 500 2485 κακώσαντας
513 2453 551 2480 P:
569 2461 642 2482 corr.
675 2453 812 2482 Petavius.
853 2456 872 2470 ”
890 2455 1085 2483 ἁντιλαῦοῦσαι
1100 2456 1130 2484 Ρ.
1170 2457 1192 2474 ¹¹
1205 2457 1287 2484 πέντε
1302 2459 1351 2484 καὶ
1368 2457 1461 2485 διακ.ἳ

1518 2458 1540 2474 ¹³
1554 2466 1596 2484 τε.
1615 2457 1665 2492 μὲν
1680 2456 1745 2484 τοὖῖ

874 2573 880 2576 _
922 2537 1060 2567 PETAVll
1079 2538 1197 2567 ΝΟΤΛΕ.

229 2583 232 2594 ’
277 2593 334 2629 (80)
367 2594 556 2622 Ἀδικεῖσθαι.
568 2595 657 2627 Deest,
676 2599 705 2622 ut
719 2595 826 2629 opinor,
839 2596 886 2623 τὺν
900 2597 959 2623 υῑὸν
972 2602 1021 2623 aut

243 2629 334 2666 simile
355 2629 501 2664 quidpiam.
529 2629 656 2658 Monebat
670 2629 825 2666 Philagrius
846 2631 884 2658 uti
904 2631 960 2659 tilio
969 2639 1023 2660 suo

245 2665 421 2699 prospiceret.

277 2700 333 2735 (8|)
347 2700 598 2734 Συμὸασιλεύσας
615 2699 650 2727 δὲ
661 2699 702 2735 τῷ
715 2701 813 2734 πατρί.
829 2700 914 2728 Natus
929 2706 981 2733 est.
997 2705 1026 2729 ut

243 2734 322 2762 antea
335 2736 499 2767 notavimus,
514 2736 571 2762 ind.
589 2735 632 2766 15,
645 2734 717 2766 Maii,
731 2735 747 2762 5
763 2743 787 2762 a.
800 2736 862 2763 6l2.
875 2737 1027 2764 Coronatus

243 2778 308 2796 vero
327 2770 421 2797 eodem
447 2779 485 2802 ιι..
514 2771 569 2798 ind.
593 2771 618 2801 Ι,
639 2769 701 2796 Dec.
728 2770 773 2797 25.
796 2771 940 2804 Imperavit
966 2779 1026 2798 cum

245 2810 321 2839 patre
335 2813 360 2831 a.
374 2805 420 2836 28,
449 2810 509 2839 post
532 2805 654 2839 parentis
682 2805 784 2832 obitum
809 2813 916 2833 nienses
935 2806 962 2833 4.
991 2807 1026 2833 At

243 2838 412 2874 Nicephorius
421 2838 511 2867 noster
520 2838 703 2874 sitpervixisse
712 2840 750 2867 ait
760 2841 817 2867 dies
825 2841 954 2867 duntaxat
964 2841 1023 2868 l05.

247 2875 337 2907 Quare
352 2879 474 2902 mortuus
497 2879 537 2903 est
558 2875 619 2902 Jun.
644 2875 679 2901 ἓξ
700 2883 723 2902 a.
752 2875 782 2902 (ἱ.
808 2875 869 2907 tiu,
897 2876 951 2903 ind.
981 2876 1022 2903 ιι.

1077 2598 1258 2626 Consentium
1272 2599 1419 2634 scriptores
1439 2599 1472 2626 ad
1490 2607 1575 2626 unttm
1593 2606 1689 2626 omnes
1705 2598 1774 2625 clam
1790 2598 1866 2626 illum

1079 2637 1183 2669 veneno
1201 2643 1214 2660 a
1233 2634 1346 2669 Martin_a
1367 2640 1394 2660 et
1416 2634 1521 2669 Pyrrho
1540 2634 1695 2667 patriarcha
1708 2634 1866 2669 _sublaturn.

1115 2668 1171 2703 (8'2)
1189 2669 1289 2701 Εὐθὺς
1301 2667 1359 2696 οὖν
1368 2669 1422 2696 τόν
1438 2667 1473 2696 τε
1492 2669 1614 2703 πατρός.
1629 2669 1678 2694 Adi
1702 2667 1865 2695 Ccdrennm.

1116 2703 1172 2739 (85)
1192 2703 1447 2736 Οὑαλεντῐνοςδέ,
1474 2704 1543 2731 Tota
1556 2705 1613 2730 haec
1628 2703 1867 2739 Valetttiniltisto-

1082 2736 1300 2773 umquam.“
1317 2739 1388 2766 hunc
1413 2744 1553 2766 auctorem
1570 2739 1659 2765 habet.
1676 2738 1753 2771 Apud
1768 2736 1860 2773 ’ζησο-

1083 2772 1200 2812 phaneiit
1227 2773 1417 2812 et_Cedrenum
1443 2774 1596 2812 nominatus
1611 2773 1747 2812 t'cpcritnr
1765 2772 1865 2812 valens

1083 2809 1166 2840 tinus,
1183 2816 1242 2835 cmn
1260 2809 1297 2835 ita
1319 2813 1438 2840 narrant,
1453 2809 1507 2836 iud.
1526 2809 1534 2834 l
1558 2813 1683 2834 senatum
1705 2807 1860 2835 ilcracliuiu

1079 2851 1110 2870 ac
1124 2843 1265 2870 Martinam
1287 2851 1347 2870 cum
1366 2844 1506 2872 Valentino
1527 2843 1695 2878 repudiasse.
