1956 3077
209 163 260 196 ΞΠ

724 168 754 199 S.
776 169 986 200 NICEPHORI
1003 169 1257 200 ΡΑΤΗΙΑΒΟΙΙᾹΞ
1276 168 1331 199 CP.

1794 164 1843 196 9i8

215 229 294 255 porro
310 221 416 249 urbium
434 222 566 256 primorcs
583 223 615 250 ad
629 223 721 258 viginti
741 225 825 252 ferme
841 226 867 252 in
884 226 1000 253 lembum

1059 226 1189 262 ἔπεμψεν,
1221 225 1317 256 ἄλλους
1343 232 1372 250 τε
1395 222 1450 248 τῶν
1476 220 1672 257 πρωτευόντων
1700 220 1844 255 Χερσῶνος

214 266 356 302 imponens
380 272 408 295 et
435 267 559 303 ingentes
581 277 613 296 ex
637 277 669 297 eo
699 270 802 304 lapides
835 271 949 306 alligans
975 273 1001 299 in

214 321 290 341 mare
303 313 447 349 depressu.
463 314 515 342 Sed
527 314 697 347 Justinianus
710 318 744 345 ob
756 323 880 347 servatos
889 318 1002 353 juvenes

216 358 322 387 mollius
346 368 407 396 qua:
434 361 612 390 mandaverat
635 367 716 397 atque
740 363 885 391 humanius
910 372 924 390 a
942 364 1000 390 Ste-

213 406 304 440 phano
330 412 442 441 peracta
468 413 575 442 putans,
601 417 682 445 quam
701 410 815 444 primum
834 410 905 441 hunc
923 410 955 436 ad
975 418 1004 437 se

214 458 334 480 revocat.
358 452 408 487 Qui
434 454 509 487 inde,
528 460 557 482 ut
574 447 749 490 eratjussus,
769 456 879 483 solvens
894 456 1004 483 ineunte

214 497 325 526 Octobri
347 500 490 534 ingruente
506 501 621 534 maxima
641 506 803 536 tempestate
830 501 1003 536 naufragium

214 551 311 578 paSsus
336 549 388 578 est,
415 546 442 572 in
464 554 517 579 quo
536 546 586 572 tria
613 547 669 573 fere
684 552 711 574 et
725 547 896 582 Septuaginta
921 547 1003 574 millia

213 591 356 618 submersa
370 596 444 618 sunt.
458 591 578 628 Quorum
598 593 730 623 cadavera
749 594 783 620 ab
798 594 954 621 Amasti-ide
971 594 1003 620 ad

218 634 376 663 Heracleam
395 645 480 673 usque
496 638 578 665 maris
590 642 670 665 (estus
688 638 1002 677 abripuit.Justinianus,

214 681 257 708 his
273 682 404 716 acceptis,
419 690 470 710 non
493 682 572 713 modo
590 683 655 710 nihil
675 684 771 716 doluit,
790 684 837 711 sed
850 684 932 711 etiam
948 692 1004 711 ma-

213 734 332 762 gnopere
346 727 455 760 gavisus
482 733 532 759 est,
545 729 611 767 adeo
625 734 654 756 ut
665 729 778 757 alteram
792 730 873 758 etiam
887 729 1003 761 classem

214 773 350 801 instruere
368 778 449 809 alque
466 774 559 801 eodem
578 775 686 803 mittere
712 776 802 803 vellet.
820 776 874 803 Sed
896 776 1004 804 illarum

215 819 421 855 provinciarum
448 820 584 857 principes
609 828 641 848 ea
664 828 692 848 re
718 821 822 856 perlata
849 822 1004 859 diligenter,

215 866 287 901 quod
307 866 333 893 in
354 866 420 902 ipsis
444 866 505 899 fuit,
529 874 590 894 sese
615 867 750 901 muniunt,
769 872 796 894 et
817 869 850 895 ad
867 868 1004 896 Cltazares

215 912 320 947 legatos
348 913 476 945 mittunt,
500 917 529 939 ut
555 912 587 939 ad
613 913 655 940 sui
684 913 835 940 custodiam
857 921 1006 949 eorumque

217 956 264 992 qui
280 962 443 992 supererant
457 957 571 985 salutem
587 957 712 993 praesidia
726 958 929 986 submitterent.
943 958 1005 990 lltcc

216 1003 261 1030 ubi
279 1002 450 1031 Justiniauus
477 1003 619 1037 comperit,
646 1002 793 1038 Georgium
814 1004 961 1039 patricium
978 1009 1006 1032 et

218 1048 350 1077 Joannem
377 1048 536 1085 pratfcctum
557 1049 633 1077 urbis
653 1050 774 1085 aliosque
790 1050 928 1088 principes
944 1059 1004 1078 cum

218 1094 346 1122 trecentis
358 1095 466 1122 circiter
481 1094 638 1122 hominibus
652 1094 779 1128 destinat,
797 1095 882 1131 iisque
899 1095 1004 1122 Dnnnm

216 1147 248 1167 ac
264 1139 367 1167 Zoilum
385 1140 568 1173 commendat,
588 1139 687 1174 quibus
705 1139 730 1167 in
744 1140 886 1175 imperium
900 1141 1005 1168 restitu-

218 1184 253 1213 tis
270 1184 375 1212 Heliam
398 1185 431 1216 ad
448 1193 478 1212 se
496 1186 688 1220 perducerent.
707 1185 791 1220 Igitur
804 1193 863 1213 cum
889 1185 1006 1213 Cherso-

217 1239 277 1261 uctn
306 1230 489 1265 appulissent,
516 1231 640 1266 oppidani
661 1230 807 1265 Georgium
835 1230 921 1259 solum
944 1237 1004 1258 cum

218 1278 397 1311 principibus,
416 1285 484 1312 quos
507 1284 598 1305 secum
619 1278 781 1309 adduxerat,
802 1276 854 1312 52
872 1277 897 1304 in
913 1278 1005 1305 urbem

214 1319 413 1351 lntromittunl.
441 1323 506 1351 lude
533 1324 620 1357 portis
642 1323 760 1350 occlusis
777 1323 902 1350 eumdem
923 1323 1007 1351 Geor-

217 1368 291 1403 gium
309 1377 342 1396 ac
363 1368 496 1397 Joannem
518 1369 615 1403 gladiis
632 1368 806 1401 obtruncant,
834 1368 935 1401 milites
960 1369 1006 1405 qui

216 1420 294 1442 extra
313 1423 404 1445 muros
429 1415 515 1442 relicti
541 1420 629 1448 erant,
658 1422 774 1451 cumqtte
798 1415 831 1442 iis
852 1416 957 1443 Donum
974 1423 1007 1444 ac

218 1458 335 1492 Zoilum,
353 1469 400 1495 per
415 1460 564 1494 Cltazaros,
581 1461 626 1496 qui
644 1461 707 1488 illuc
722 1460 848 1495 praesidio
864 1466 1005 1495 venerant,

218 1504 253 1532 ad
266 1505 422 1540 Cbaganum
437 1506 644 1537 transmittunt;
662 1513 730 1540 quos
745 1505 856 1533 Barbari
867 1507 892 1533 in
910 1507 1007 1534 itinere

1053 272 1152 306 ἄνδρας
1166 270 1237 297 ἑπτὰ
1248 270 1365 303 ξυλίνοις
1381 268 1484 299 ὀϐελοῖς
1496 267 1690 302 προσαρτήσας
1702 266 1748 293 ἐπὶ
1761 266 1845 302 πυρὸς

1052 318 1201 353 διώπτησε.
1216 317 1285 348 Τοὺς
1299 316 1329 343 δὲ
1343 315 1398 342 τῶν
1420 314 1522 350 ἐτέρων
1540 312 1780 348 προστατεύοντας
1794 321 1847 339 πο-

1053 363 1193 399 λισμάτων
1211 362 1312 397 ἄνδρας
1328 361 1392 396 ἄχρι
1411 360 1458 387 καὶ
1481 361 1522 391 είς
1536 359 1625 386 εἴκοσι
1640 358 1746 393 ἀκατίῳ
1761 357 1848 393 ἐμϐα-

1053 409 1106 435 λὼν
1119 410 1166 435 καὶ
1181 408 1339 444 προσδήσας
1358 406 1449 436 λίθους
1466 405 1521 440 [τε]
1538 405 1625 439 τούτῳ
1646 403 1792 434 πλείστους
1809 403 1848 437 τῷ

1054 453 1129 489 βυθῷ
1147 452 1347 487 παραδέδωκεν.
1375 449 1565 480 Ίουστινιανὸς
1581 448 1609 475 δὲ
1629 448 1850 483 φιλανθρωπότε-

1056 508 1103 536 ρον
1114 499 1160 526 τὸν
1171 498 1308 533 Στέφανον
1322 497 1481 524 διατεθέντα
1507 496 1584 532 παρὰ
1596 495 1631 522 τὰ
1644 494 1848 529 διατεταγμένα

1054 545 1127 581 αὐτῷ
1148 544 1263 580 νομίσας
1285 543 1329 570 διὰ
1349 542 1398 576 τὴν
1413 542 1467 570 τῶν
1483 541 1636 577 μειρακίων
1659 540 1847 576 περιποίησιν,

1055 591 1265 625 σπουδαιότερον
1294 588 1442 623 ἐπανήκειν
1480 587 1549 622 πρὸς
1580 587 1661 612 αὑτὸν
1691 585 1847 612 ἐκέλευσεν.

1054 637 1141 668 Αὐτὸς
1163 636 1192 663 δὲ
1216 635 1289 662 κατὰ
1312 634 1347 661 τὰ
1373 632 1580 669 προσταχθέντα
1601 631 1710 658 ἐκεῖθεν
1734 631 1849 666 ἀπάρας

1057 683 1140 719 μηνὸς
1164 682 1330 718 Ὀκτωόρίου
1350 681 1498 717 ἱσταμένου
1525 680 1638 716 χειμῶνι
1665 679 1778 714 μεγάλῳ
1800 681 1849 705 καὶ

1055 721 1178 765 ναυαγίῳ
1193 728 1373 764 περιπίπτει,
1388 729 1427 759 είς
1443 728 1519 763 τρεῖς
1536 727 1583 753 καὶ
1599 726 1788 760 ἐϐδομήκοντα
1807 734 1849 759 χι-

1055 775 1148 808 λιάδας
1162 776 1215 802 τῶν
1231 775 1501 802 καταποντισθέντων
1518 773 1738 808 ἁριθμηθέντων,
1762 768 1800 798 ὧν
1813 772 1849 798 τὰ

1056 821 1191 856 πτώματα
1207 821 1236 853 ἐξ
1252 820 1431 856 ’Λαάστριδος
1447 820 1552 851 πόλεως
1567 819 1662 854 μέχρις
1682 818 1850 854 Ἡρακλείας

1057 868 1109 894 ὑπο
1134 867 1272 901 θαλάσσης
1298 865 1496 901 ἀπερρίπτετο.
1515 864 1572 898 Ἐφ’
1589 863 1630 894 οἷς
1652 864 1682 890 οὐ
1701 862 1848 897 λυπηθεὶς,

1057 914 1124 941 ἀλλὰ
1136 913 1196 939 λίαν
1214 913 1366 948 περιχαρὴς
1379 911 1526 946 γενόμενος
1547 910 1750 942 Ἰουστινιανδς,
1765 909 1850 936 πάλιν

1058 960 1184 996 βούλεται
1197 959 1291 995 ἕτερον
1305 959 1393 985 ἐκεῖσε
1406 958 1560 992 ἐκπέμπειν
1580 956 1683 983 στόλον.
1700 957 1731 982 Ol.
1748 956 1776 982 δὲ
1791 956 1849 982 τῶν

1056 1006 1155 1043 χωρῶν
1169 1005 1271 1032 τούτων
1284 1005 1413 1040 ἄρχοντες
1425 1004 1473 1039 τῆς
1491 1003 1586 1038 φήμης
1602 1003 1759 1037 αἰσθόμενοι
1778 1002 1848 1028 ἐαυ-

1057 1053 1119 1084 τιὺς
1130 1053 1179 1087 ὅση
1198 1051 1313 1085 δύναμις
1334 1050 1525 1085 ἠσφαλίζοντο,
1542 1049 1611 1085 πρὸς
1634 1048 1660 1074 δὲ
1678 1049 1740 1080 τοὺς
1754 1048 1849 1079 Χειξά-

1059 1108 1122 1134 ρους
1135 1099 1155 1115 ⁵⁷
1171 1097 1416 1133 διαπρεσϐεύονται
1434 1095 1505 1122 ὥστε
1526 1096 1573 1121 ἐπὶ
1597 1094 1721 1129 φυλακὴν
1744 1093 1850 1120 τούτων

1057 1145 1121 1177 λαὸν
1147 1144 1323 1171 ἀποστέλλειν
1351 1143 1398 1169 καὶ
1423 1140 1589 1177 περισώζειν
1614 1141 1677 1172 τοὺς
1700 1141 1730 1166 ὲν
1755 1141 1850 1171 αὐτοῖς

1058 1189 1292 1226 περιλειφθέντας.
1324 1188 1419 1215 Ταῦτα
1459 1186 1648 1218 Ἰουστινιανὸς
1679 1185 1851 1221 μεμαθηκὼς

1057 1236 1194 1272 Γεώργιον
1216 1235 1261 1261 τὸν
1283 1233 1429 1266 πατρίκιον
1452 1233 1615 1260 ἀποστέλλει
1641 1233 1688 1258 καὶ
1720 1231 1851 1266 Ἰωάννην

1057 1283 1102 1310 τὸν
1119 1283 1169 1317 τῆς
1195 1281 1300 1312 πόλεως
1323 1279 1448 1315 ὕπαρχον
1473 1279 1520 1305 σὺν
1542 1278 1645 1312 ἑτέροις
1667 1277 1782 1313 ἄρχουσι
1801 1278 1849 1304 καὶ

1059 1328 1167 1365 στρατῴ
1182 1328 1245 1363 ἄχρι
1270 1326 1436 1363 τριακοσίων
1458 1325 1572 1361 ἀνδρῶν,
1595 1324 1734 1359 παραδοὺς
1754 1324 1849 1353 αὐτοῖς

1057 1375 1104 1402 τὸν
1115 1373 1213 1402 Δοῦνον
1227 1373 1273 1400 καὶ
1289 1372 1399 1403 Ζωΐλον,
1415 1371 1486 1398 ὥστε
1508 1371 1735 1404 ἀποκαταστῆσαι
1749 1369 1852 1400 αὐτοὺς

1059 1422 1117 1452 ταῖς
1140 1420 1255 1451 οἰκείαις
1271 1419 1387 1454 ἀρχαῖς,
1411 1417 1505 1447 Ἠλίαν
1524 1417 1553 1443 δὲ
1575 1417 1689 1451 ἀγαγεῖν
1703 1416 1740 1447 ὡς
1754 1415 1850 1444 αὐτὸν.

1058 1467 1167 1494 Τούτων
1184 1466 1212 1492 ὲν
1233 1465 1357 1500 Χερσῶνι
1381 1463 1614 1498 παραγενομένων
1634 1461 1658 1488 οί
1675 1461 1726 1494 τῆς
1744 1460 1852 1492 πόλεως

1060 1513 1140 1549 μόνον
1155 1511 1290 1547 Γεώργιον
1306 1513 1352 1537 καὶ
1362 1510 1423 1541 τοὺς
1434 1509 1481 1536 σὺν
1493 1508 1566 1543 αὐτῷ
1579 1507 1713 1543 ἄρχοντας
1725 1506 1852 1538 ἀξιοῦσιν

216 1551 393 1582 interficiunt.
410 1551 501 1586 Neque
517 1552 559 1581 his
576 1552 695 1579 contenti
719 1551 889 1580 Chersonita:
905 1554 1003 1588 probra

1059 1558 1133 1590 ἐντὸς
1158 1556 1285 1591 γενέσθαι
1303 1556 1353 1591 τῆς
1378 1555 1490 1584 πόλεως·
1517 1551 1547 1581 οὗ
1564 1553 1707 1588 γεγονότος
1726 1552 1776 1584 τὰς
1800 1552 1853 1586 μὲν

216 1595 244 1624 in
265 1596 450 1624 Iustinianum
473 1604 506 1624 ac
529 1598 669 1626 maledicta
697 1597 858 1632 coajiciunt,
890 1599 1005 1634 ejusque

216 1643 277 1671 loco
310 1643 460 1671 Bardancm
489 1644 633 1679 quemdam
662 1644 782 1672 exsulem
812 1645 1004 1679 imperatorem

217 1689 346 1720 salutant.
375 1689 465 1723 Quare
491 1689 662 1717 Justinianns
695 1689 824 1725 majorem
852 1691 878 1717 in
897 1691 1006 1721 modum

216 1737 396 1764 exacerbatus
409 1737 526 1771 primum
545 1736 572 1763 in
590 1737 673 1765 Helia:
686 1737 767 1769 ﬁlios,
785 1738 830 1769 qui
845 1738 934 1765 adhuc
949 1747 1007 1765 ma-

217 1783 304 1810 ternis
319 1783 345 1810 in
362 1782 433 1810 ulnis
449 1783 637 1818 gestabantur,
652 1782 784 1811 saevitiam
799 1789 919 1811 exercet.
938 1781 1006 1812 Tum

215 1828 276 1866 ejus
295 1837 407 1856 uxorem
426 1837 514 1868 coquo
527 1837 586 1861 suo,
605 1828 669 1856 ludo
687 1836 798 1864 genere,
818 1834 875 1857 toto
893 1836 1007 1864 corpore

218 1875 437 1912 deformissimo,
464 1883 512 1910 per
530 1876 583 1902 vim
604 1875 700 1910 nuptui
719 1875 812 1912 tradit.
828 1875 886 1902 Alia
912 1883 1007 1904 rursus

217 1930 314 1958 magna
331 1922 418 1950 classe
433 1922 556 1949 confecta
573 1918 693 1952 Maurum
709 1910 853 1957 patricium
866 1922 1007 1958 praefecit;

217 1970 264 2007 qui
293 1968 461 1997 Cltcrsonem
492 1968 613 1996 funditus
643 1967 733 1995 delere
757 1975 789 1996 ac
810 1968 885 1996 cives
913 1975 1009 1996 omnes

217 2016 292 2044 nullo
313 2015 472 2047 discrimine
504 2014 658 2042 interficere
683 2013 775 2048 jussus
799 2013 914 2049 trajectu
941 2015 1008 2041 mari

219 2063 334 2098 impigre
357 2070 414 2089 rem
435 2068 582 2096 aggressus
607 2065 657 2087 est.
680 2059 733 2087 Sed
764 2060 945 2095 irtumpentes
965 2068 1010 2087 re-

219 2112 300 2144 pente
314 2107 430 2135 Cltazari
447 2106 540 2133 urbem
558 2105 591 2133 ab
609 2106 692 2133 exitio
710 2106 858 2133 vindicant.
875 2105 1010 2136 Bardanes

220 2161 288 2181 vero
305 2154 338 2181 ad
355 2153 540 2181 Cbazarorum
563 2153 712 2188 principem
739 2152 872 2190 confugit.
899 2151 1010 2179 interim

219 2201 329 2231 Maurus
354 2200 502 2235 pilll'il‘iUS,
527 2207 588 2227 cum
616 2207 703 2234 neque
724 2199 892 2226 obsidioaem
911 2205 1011 2234 urgere

210 2251 313 2282 posset
336 2254 385 2274 nec
408 2245 498 2273 redire
525 2246 558 2272 ad
582 2245 773 2279 imperatorem
798 2245 922 2277 auderet,
948 2253 1009 2272 cum

219 2292 389 2322 Chersonitis
399 2292 562 2327 conspirans
574 2291 760 2320 Justiuianum
777 2291 877 2326 pariter
886 2299 948 2319 cum
958 2291 1010 2320 illis

220 2338 320 2372 rrjicit,
337 2342 364 2365 et
380 2338 533 2364 Bardancm
547 2335 740 2372 imperatorem
758 2335 916 2371 proclamat,
930 2344 1010 2370 quem

221 2388 327 2410 mutato
338 2384 446 2410 nomine
457 2383 636 2418 Pliilippicum
645 2382 792 2418 appellant.
804 2380 872 2409 Tum
886 2382 1010 2410 eumdem

221 2437 270 2465 per
283 2429 386 2464 legatos
399 2437 412 2456 a
429 2429 552 2458 Cltazaro
568 2433 724 2463 reposcunt.
738 2428 789 2462 Qui
802 2433 909 2456 centum
921 2429 1013 2456 aureis

223 2476 328 2503 viritim
347 2484 362 2502 a
382 2475 512 2502 Romanis
535 2475 639 2504 exactis
652 2476 685 2502 de
701 2474 834 2502 Bardanis
853 2475 940 2501 salute
954 2474 1015 2510 jus-

221 2523 369 2560 jurandum
388 2522 470 2549 dedit.
487 2521 560 2550 lnter
578 2523 636 2550 [nec
654 2521 836 2555 Justinianus,
853 2521 905 2561 53
922 2522 1016 2556 elapso

222 2572 278 2607 jam
297 2576 430 2604 tempore,
451 2570 587 2604 proditum
606 2577 636 2597 se
649 2569 682 2596 ab
702 2569 754 2596 illis
765 2570 917 2603 suspicans,
934 2569 1016 2596 etiam

227 2625 283 2646 tum
298 2626 312 2645 a
330 2617 436 2645 Terbeli
457 2617 632 2653 Bnlgarorum
650 2623 714 2650 rege
732 2615 862 2643 atrxilium
880 2615 1014 2650 pustulat;

227 2674 242 2696 ιι
265 2672 320 2700 quo
349 2665 436 2692 tribus
454 2664 539 2692 ferme
575 2663 694 2690 tuillibus
715 2662 856 2696 acceptis,
877 2662 1017 2697 copiisque

225 2710 352 2739 omnibus
362 2718 414 2737 una
424 2717 485 2738 cum
497 2708 679 2744 Obsequiauis
693 2708 822 2744 trajectis,
837 2709 864 2737 in
877 2716 910 2736 eo
920 2716 1017 2743 campo

1057 1605 1145 1637 πύλας
1160 1603 1205 1630 ἐπ’
1223 1603 1314 1634 αὐτοῖς
1331 1601 1467 1634 ἔκλεισαν,
1494 1599 1631 1635 Γεώργιον
1646 1599 1674 1625 δὲ
1688 1599 1736 1625 καὶ
1756 1599 1852 1625 Ἰωάν-

1057 1660 1107 1686 νην
1124 1651 1196 1685 ξὶφει
1219 1648 1373 1684 ἀναιροῦσι.
1391 1647 1460 1678 Τοὺς
1482 1646 1510 1672 δὲ
1524 1645 1576 1677 ἔξω
1599 1645 1646 1672 τοῦ
1659 1644 1767 1679 τείχους
1783 1644 1853 1670 ἀπο-

1057 1698 1217 1732 λειφθέντας
1243 1695 1430 1731 στρατιώτας,
1449 1693 1533 1720 ἔτιδὲ
1553 1694 1601 1718 καὶ
1625 1691 1671 1718 τὸν
1685 1691 1783 1717 Δοῦνον
1803 1690 1853 1716 καὶ

1058 1744 1158 1770 Ζωΐλον
1184 1744 1240 1774 τοῖς
1272 1742 1364 1768 ἐκεῖσε
1390 1738 1602 1776 προσεδρεύουσι
1630 1737 1771 1771 Χαζάροις
1798 1745 1854 1762 πα-

1059 1790 1186 1826 ραδόντες
1200 1788 1239 1823 τῷ
1248 1787 1368 1822 Χαγάνῳ
1383 1785 1578 1821 παρέπεμψαν,
1588 1783 1633 1815 οὓς
1646 1782 1854 1818 παραλαὸόντες

1059 1837 1082 1864 οἱ
1097 1835 1220 1870 Χάζαροι
1233 1834 1303 1861 κατὰ
1316 1833 1365 1869 τὴν
1377 1832 1434 1858 ἁδὺν
1448 1831 1583 1858 ἔκτειναν.
1596 1829 1628 1855 Oi
1643 1829 1671 1855 δὲ
1686 1830 1736 1863 τῆς
1747 1828 1854 1859 πόλεως

1059 1881 1204 1917 Χερσῶνος
1223 1878 1410 1906 Ίουστινιανὺν
1426 1878 1476 1913 μὲν
1488 1876 1608 1911 αἰσχρῶς
1622 1875 1854 1910 δυσφημήσαντες

1061 1926 1237 1962 καθύϐριζον,
1262 1925 1405 1960 Βαρδάνην
1417 1923 1445 1950 δὲ
1463 1922 1508 1949 τὸν
1523 1923 1612 1948 ἐκεῖσε
1631 1921 1695 1947 ὄντα
1711 1920 1854 1954 ἐξόριστον

1060 1975 1101 2005 είς
1117 1973 1229 2008 βασιλέα
1248 1971 1402 2009 εὐφήμουν.
1427 1969 1536 1995 Τούτων
1557 1967 1719 2002 αἰσθόμενος
1741 1967 1856 1992 Ἰουστι-

1061 2019 1151 2051 Vtatqu
1167 2018 1212 2045 καὶ
1228 2017 1332 2055 μείζονι
1352 2015 1430 2051 θυμῷ
1451 2014 1635 2050 ἐξαπτόμενος
1655 2012 1689 2039 τὰ
1706 2012 1755 2047 μὲν
1776 2011 1856 2038 Ἠλία

1061 2065 1144 2091 τέκνα
1159 2062 1197 2098 τῷ
1222 2061 1342 2098 μητρῴῳ
1356 2061 1450 2095 κόλπῳ
1467 2060 1606 2095 φερόμενα
1627 2057 1787 2089 ἀναλίσκει,
1806 2057 1857 2091 τὴν

1061 2110 1090 2137 δῖε
1107 2108 1189 2136 αὐτοῦ
1208 2109 1327 2142 γυναῖκα
1345 2106 1384 2141 τῷ
1401 2106 1458 2141 ίδίῳ
1474 2105 1599 2140 μαγείρῳ
1618 2103 1769 2138 ζευχθῆναι
1787 2102 1857 2137 ἠνά-

1062 2164 1175 2191 γκασεν,
1199 2153 1272 2189 Ἰνδῷ
1283 2153 1322 2189 τῷ
1337 2153 1411 2188 γένει
1427 2153 1474 2179 καὶ
1486 2152 1539 2186 ὅλῳ
1551 2150 1668 2178 δυσειδεῖ
1681 2150 1856 2184 τυγχάνοντι.

1064 2202 1178 2237 Ἕτερον
1190 2199 1218 2227 δὲ
1236 2199 1318 2226 πάλιν
1333 2198 1420 2234 μέγαν
1435 2197 1528 2224 στόλον
1541 2195 1713 2227 ἀποστέλλει,
1729 2193 1858 2229 ἡγεῖσθαι

1027 2235 1049 2262 D
1067 2247 1164 2275 τούτου
1192 2246 1439 2282 προχειρισάμενος
1467 2243 1581 2279 Μαῦρον
1618 2242 1663 2268 τὸν
1697 2241 1858 2276 πατρίκιον.

1068 2293 1225 2329 προστάξας
1238 2293 1288 2329 τὴν
1305 2291 1443 2327 μὲψπόλιν
1457 2290 1602 2325 Χερσῶνος
1616 2287 1860 2323 καταστρέφεσθαι

1066 2340 1113 2367 καὶ
1128 2339 1252 2370 ἃπαντας
1265 2337 1328 2369 τοὺς
1344 2338 1373 2363 ὲν
1389 2337 1457 2372 αὐτῇ
1476 2335 1593 2370 ἀφειδῶς
1617 2334 1806 2360 κατακτεῖναι.
1830 2332 1861 2357 ’0

1066 2387 1094 2414 δὲ
1108 2386 1175 2421 πρὸς
1185 2385 1317 2421 Χερσῶνα
1330 2383 1494 2419 περαιωθεὶς
1506 2382 1552 2409 τοῦ
1570 2382 1652 2417 ἔργον
1668 2381 1767 2414 εἴχετο.
1787 2378 1862 2405 Λιοῦ

1067 2432 1094 2459 δὲ
1114 2431 1251 2466 Χαζάρων
1276 2428 1441 2462 ἐξαπιναίως
1466 2426 1647 2457 ἐπιπεσόντος
1707 2425 1757 2460 μὲν
1784 2424 1863 2454 πόλις

1068 2479 1264 2516 περιεσώζετο,
1281 2478 1422 2513 Βαρδὰνης
1446 2476 1475 2503 δὲ
1496 2476 1533 2507 ὡς
1550 2474 1596 2501 τὸν
1611 2473 1707 2508 κύριον
1722 2471 1862 2505 Χαζάρων

1068 2525 1157 2561 φυγὰς
1177 2525 1272 2561 ᾤχετο.
1293 2523 1405 2559 Μαῦρος
1419 2522 1447 2548 δὲ
1463 2522 1476 2548 ὁ
1495 2520 1638 2556 πατρίκιος
1655 2518 1724 2553 πρὸς
1741 2517 1792 2552 μὲν
1812 2517 1863 2551 τὴν

1068 2571 1228 2606 πολιορκίαν
1249 2570 1447 2605 ἀμηχανήσας,
1472 2566 1642 2594 παλινοστεῖν
1655 2564 1683 2591 δὲ
1701 2563 1770 2598 πρὸς
1795 2563 1862 2588 Ἰουσ

1071 2618 1205 2644 στινιανὺν
1221 2616 1330 2648 δεδιὼς,
1354 2615 1496 2650 συμφωνεῖ
1522 2614 1554 2648 τῇ
1573 2611 1653 2638 πόλει
1667 2607 1861 2644 Χερσωνιτῶν.

1069 2663 1124 2690 Καὶ
1150 2661 1340 2688 Ίουστινιανον
1368 2660 1417 2695 μὲν
1440 2657 1639 2693 ἀπηναίνοντο,
1668 2653 1812 2689 Βαρδᾶωην
1835 2652 1862 2678 δὲ

1071 2709 1108 2741 ὼς
1124 2707 1236 2743 βασιλέα
1255 2708 1407 2743 εἰιρήμουν,
1428 2703 1594 2732 Φιλιππικὸν
1611 2701 1692 2729 αὐτον
1708 2698 1854 2736 μετονομάτ

881 2786 1000 2815 ῩΑΗΙΑΞ
1021 2785 1224 2814 LECTIONES.

264 2870 284 2887 "
301 2869 440 2906 Χαζάρεις
454 2868 485 2898 Ρ.
