1952 3079
256 168 308 201 955

257 225 327 252 facta
348 232 380 252 eo
396 224 532 259 progressi
546 229 608 250 sunt
627 227 657 251 ut
670 224 822 252 maledictis
834 225 859 251 iu
875 225 1051 252 Anastasinm

259 272 452 306 imperatorem
479 271 611 306 conjectis
637 270 770 299 Joannem
798 271 885 306 ipsum
904 272 1051 299 diaconum

260 318 351 352 gladio
365 314 543 351 peremerint.
555 317 591 344 Ea
605 325 633 344 re
651 317 721 344 facta
737 321 790 344 tota
806 317 963 344 classishuc
976 317 1052 344 illnc-

259 371 312 398 que
337 363 486 398 dissipata,
512 363 612 398 singuli
641 363 667 390 in
694 364 811 398 patriam
836 371 913 391 suam
948 363 1052 394 reversi

259 414 333 436 sunt.
345 408 379 435 At
398 408 540 435 rebellium
558 409 653 444 copiae,
672 410 734 436 dum
753 414 781 436 et
801 409 866 444 ipsa:
883 415 991 443 quoque
1005 415 1053 443 pa-

260 454 339 481 triam
358 458 484 489 repetunt
505 459 534 482 et
550 455 584 482 ad
605 455 805 490 Adramyttium
829 454 976 488 applicant,
997 453 1052 481 illic

259 500 330 529 forte
351 501 536 528 Theodosium
555 501 702 536 quemdam
731 500 903 536 publicorum
933 500 1053 535 vectiga-

259 546 324 574 lium
351 551 509 574 exactorem
537 546 689 580 inveniunt,
714 546 836 582 quietum
863 546 1000 574 hominem
1021 553 1053 573 ac

259 592 405 627 privatum,
424 598 542 627 eumque
553 591 586 619 ad
607 593 806 627 capessendum
822 591 967 626 imperium
985 592 1051 618 hor-

261 642 363 665 tantur.
373 638 420 665 ille
432 637 495 671 fuga
508 637 617 672 elapsus
631 638 658 664 in
671 642 762 665 monte
780 637 886 665 delituit
898 636 956 672 [ειη.
975 635 1050 672 7151.

261 682 314 710 Sed
329 676 502 711 occurrentes
519 683 556 711 illi
572 691 604 711 ac
617 684 671 710 vim
688 683 842 711 inferentes
859 681 1051 717 imperatorem

260 728 382 756 salutant
407 736 439 756 ac
458 736 551 757 secum
570 729 735 764 perducunt.

296 817 357 846 ll:ec
370 818 414 846 ubi
432 819 595 847 Anastasius
609 819 752 854 comperit,
771 818 901 854 Byzantio
924 818 1052 845 munitio-

260 863 339 891 nibus
359 863 581 897 lirmato,Nica3a
609 865 635 892 in
662 864 816 900 Bithyniam
838 864 978 899 profectus
996 869 1048 892 est.

260 909 297 937 lbi
313 911 438 938 onmibus
463 919 492 939 se
510 911 645 946 praesidiis
663 911 803 939 instruxit.
824 911 936 938 Interim
960 910 1051 938 Theo—

260 957 328 984 dosii
338 958 424 992 copia:
434 957 638 993 Obsequianum
650 965 757 984 omnem
771 957 920 985 exercitum
936 964 967 984 ac
981 956 1052 983 mul-

261 1007 301 1029 tas
315 1003 514 1037 negotiatorum
527 1010 609 1030 naves
626 1007 773 1037 occupant;
791 1009 918 1036 moxque,
933 1007 962 1029 ut
973 1001 1052 1036 paulo

259 1054 322 1076 ante
343 1049 456 1076 relatum
471 1055 522 1082 est,
535 1049 566 1076 ad
585 1049 749 1076 maritimam
771 1049 916 1075 stationem
932 1048 1051 1083 Chryso-

259 1095 385 1128 politana‘.
400 1094 474 1122 urbis
494 1094 642 1129 applicant.
664 1093 727 1122 lnde
744 1101 901 1129 oppugnare
915 1100 974 1120 eam
1005 1100 1052 1127 ag-

260 1139 346 1174 gressi
363 1147 410 1167 sex
425 1141 563 1167 mensibus
581 1140 608 1167 in
625 1140 768 1167 obsidione
792 1140 953 1174 persistunt.
983 1138 1049 1171 Quae

260 1186 322 1213 dum
340 1191 481 1221 geruntur,
499 1186 635 1213 Anastasii
650 1186 747 1213 classis
765 1185 797 1213 ad
812 1185 908 1214 navale
923 1185 960 1219 (id
976 1184 1051 1212 urbis

260 1233 348 1268 portui
375 1240 472 1259 nomen
492 1233 542 1265 est)
561 1232 679 1266 appellit.
706 1232 894 1260 'l‘beodosiana
915 1231 970 1267 58
986 1239 1051 1259 vero

259 1278 356 1306 classis
371 1278 485 1305 liberam
499 1285 530 1305 ea
546 1285 575 1305 re
588 1277 745 1305 facultatem
762 1282 843 1305 nacta
864 1278 891 1304 in
902 1277 1049 1304 Thraciam

259 1325 391 1359 navigans
407 1331 467 1352 eam
488 1324 654 1359 provinciam
674 1323 802 1351 obtinuit.
821 1323 886 1351 Post
907 1324 965 1350 luec
983 1331 1052 1358 quo-

260 1371 383 1398 rumdam
409 1371 579 1405 proditione,
605 1378 672 1405 quos
690 1370 776 1405 pretio
791 1375 983 1405 corruperant,
1001 1377 1050 1404 per

260 1421 366 1451 portam
382 1425 442 1451 quae
467 1416 680 1444 Blaehernarum
710 1416 811 1443 dicitur
836 1416 863 1443 in
881 1415 976 1443 urbem
1005 1415 1049 1442 in-

260 1463 344 1498 grcssi
358 1470 430 1491 sunt.
447 1463 514 1491 Tum
533 1464 656 1498 sequenti
676 1468 755 1491 nocte
768 1471 816 1498 per
829 1463 930 1490 civium
952 1463 1047 1490 domos

259 1508 377 1540 grassati
402 1515 527 1542 magnam
547 1508 581 1535 iis
595 1508 750 1535 vastitatem
776 1508 905 1535 inferunt.
923 1507 1049 1535 Theodov

260 1552 317 1579 sius
334 1560 416 1587 porro
437 1554 556 1581 urbanos
570 1561 665 1581 omnes
690 1555 865 1589 magistratus
893 1561 953 1580 cum
979 1554 1048 1580 Ger-

261 1606 341 1626 mano
367 1599 522 1634 patriarcha
545 1600 580 1627 ab
596 1601 663 1628 urbe
686 1600 809 1632 dimittit,
837 1604 867 1626 ut
888 1607 949 1634 qua:
972 1603 1049 1633 gesta

260 1649 338 1672 erant
363 1646 395 1671 ad
424 1646 600 1675 Auastasium
623 1646 785 1681 perferrent.
809 1645 833 1673 Is
861 1649 971 1680 accepta
998 1645 1049 1671 llde

261 1691 327 1718 nihil
346 1698 374 1718 se
390 1692 452 1718 mali
468 1700 622 1726 passurum,
638 1693 834 1719 monachorum
854 1691 947 1718 habitu
965 1689 1047 1716 vesti-

261 1740 305 1764 tus
332 1737 364 1763 ad
379 1735 560 1764 Theodosium
583 1745 612 1764 se
632 1737 763 1770 contulit,
788 1745 802 1764 a
827 1744 882 1772 quo
907 1735 980 1763 nullo
994 1734 1048 1763 alio

260 1781 331 1809 malo
342 1781 456 1819 aﬂ‘cctus
472 1782 693 1812 Thessalonicam
710 1783 869 1818 deportatus
881 1787 933 1811 est.

295 1913 362 1939 Doni
379 1912 492 1940 assidua:
503 1913 575 1941 hunc
589 1921 616 1940 In
634 1913 741 1941 modum
757 1917 852 1941 contra
870 1914 1058 1950 imperatores.

260 1957 463 1992 coniurationes
474 1959 622 1992 exsistunt,
631 1959 749 1994 dumque
757 1959 942 1988 invalescente
956 1965 1048 1997 tyran-

260 2005 323 2032 nide
341 2005 448 2039 imperii
474 2009 562 2032 status
590 2013 621 2033 ac
646 2006 686 2034 rei
710 2007 824 2041 publicae
850 2007 993 2043 negligitur
1015 2016 1047 2036 ac

260 2051 389 2086 paulatim
407 2051 432 2078 in
451 2052 571 2079 deterius
590 2053 759 2086 prolabitur,
774 2061 826 2080 una
845 2058 873 2081 et
896 2053 1045 2082 litterarum

260 2097 348 2126 studia
378 2097 506 2132 restingui
531 2102 614 2132 atque
633 2098 798 2125 intercidere
821 2104 979 2133 cmpcrunt,
996 2109 1047 2129 nec

262 2145 353 2170 minus
366 2144 510 2179 disciplina
523 2143 650 2172 militaris
663 2145 844 2179 pessumdari.
859 2145 895 2173 lta
907 2146 1005 2174 factum
1018 2152 1047 2175 ut

261 2189 411 2217 Rumanum
429 2190 570 2224 imperium
590 2190 792 2233 bellisiinpune
807 2191 996 2225 lacesseretur,
1014 2201 1046 2220 ac

775 168 804 198 S.
825 168 1034 199 NICEPHORI
1052 167 1309 200 PATRIARCH/E
1328 168 1383 199 ΕΡ.

1843 167 1898 198 9ὖὸ

1066 225 1148 254 Ατοῦ
1170 226 1293 261 Ὀψικίου
1323 224 1440 261 στρατοῦ
1465 225 1514 261 τὴν
1539 224 1668 261 τοιαύτην
1681 224 1838 260 ὁδοιπορίαν
1853 225 1896 250 δε-

1104 271 1238 298 δοίκεσαν.
1265 271 1461 303 Στασιάζουσιν
1484 271 1530 298 οὖν
1557 271 1587 304 ἑξ
1611 270 1704 303 αὑτοῦ,
1720 271 1766 296 καὶ
1782 271 1829 296 τὸν
1845 271 1896 305 μὲν

1105 316 1218 352 βασιλέα
1237 317 1413 345 Ἀναστάσιον
1433 318 1618 353 ἐδυσφήμουν,
1650 317 1780 351 Ἰωάννην
1797 317 1826 343 δὲ
1849 317 1897 343 τὸν

1103 361 1227 388 διάκονον
1242 362 1365 398 ῥομφαίᾳ
1380 363 1584 390 ἀναλίσκουσιν.
1608 362 1748 388 Ἐντεῦθεν
1765 361 1860 387 λοιπὴν
1871 361 1896 387 οἰ

1105 407 1193 437 στόλοι
1214 408 1420 440 σκεδαννυνται,
1438 408 1486 434 καὶ
1510 407 1577 443 πρὸς
1595 407 1631 433 τὰ
1651 408 1738 434 οἰκεῖα
1755 407 1895 433 ἀπέπλευ-

1105 462 1155 480 σαν
1174 453 1300 485 ἕκαστος.
1314 454 1398 481 Αὐτοὶ
1408 454 1436 480 δὲ
1450 455 1496 480 ἐπὶ
1519 453 1568 489 τὴν
1584 453 1690 480 ἑαυτῶν
1705 452 1827 484 ἀνιόντες
1849 453 1897 479 καὶ

1105 499 1172 534 πρὸς
1188 499 1218 525 τὸ
1238 499 1438 534 Ἀδραμύττιον
1457 499 1601 534 γενόμενοι
1622 499 1712 525 ἐκεῖσε
1736 499 1897 533 εὑρίσκουσι

1103 544 1243 572 Θεοδόσιόν
1252 553 1311 571 τινα
1323 544 1419 580 ονομα,
1430 545 1483 572 τῶν
1493 545 1631 580 δημοσίων
1641 544 1732 580 φόρων
1741 544 1896 579 πράκτορα,

1104 590 1270 626 ἀπράγμονὰ
1284 599 1344 619 τινα
1358 592 1405 618 καὶ
1424 591 1536 626 ἰδιώτην
1560 591 1730 626 τυγχάνοντα
1741 611 1748 623 ,
1767 590 1815 617 καὶ
1828 590 1898 625 προς

1103 633 1151 669 τὴν
1164 634 1213 669 τῆς
1228 633 1369 669 βασιλείας
1387 634 1466 667 ἀξίαν
1482 636 1693 671 προτρέπουσιν.
1711 635 1740 661 Ὀ
1760 635 1789 661 δὲ
1805 637 1898 669 φυγὰς

1102 677 1190 713 ᾤχετο
1209 679 1256 705 καὶ
1271 679 1311 710 είς
1326 679 1389 714 ὅρος
1405 679 1624 715 κατεκρύτιτετο.
1641 680 1723 706 Αὐτοὶ
1738 679 1766 706 δὲ
1783 680 1899 713 ἐπιδρα-

1106 725 1201 760 μόντες
1219 725 1265 750 καὶ
1284 724 1444 760 βιασάμενοι
1458 725 1572 760 βασιλέα
1586 734 1616 752 τε
1631 725 1832 762 ἀναγορεύουσι
1847 725 1899 752 καὶ

1105 769 1164 805 μεθ’
1176 769 1281 796 ἑαυτῶν
1294 770 1400 804 ἄγουσι.

1138 815 1230 842 Ταῦτα
1245 816 1424 848 Ἀναστάσιος
1438 817 1607 852 μεμαθηκὼς
1623 817 1653 844 τὸ
1676 817 1726 852 μὲν
1742 817 1897 850 Βυζάντιον

1104 862 1153 897 ἤδη
1169 863 1419 898 προκατοχυρώσας
1432 864 1461 889 ὲν
1476 865 1508 899 τῇ
1524 863 1601 889 πόλει
1617 863 1735 895 Νικαίας
1749 864 1797 899 τῆς
1821 863 1897 890 κατὰ

1105 907 1232 934 Βιϐυνίαν
1247 907 1398 943 ἐξέρχεται,
1411 909 1522 935 κάκεῖσε
1533 909 1630 936 ἑαυτὸν
1647 908 1884 944 κατασφαλίζεται

1111 953 1140 980 Ὀ
1156 953 1184 980 δὲ
1199 954 1269 988 μετὰ
1279 954 1422 981 Θεοδοσίου
1440 955 1556 990 στρατὸς
1571 955 1712 983 συλλαϐὼν
1729 956 1838 982 ἅπαντα
1850 955 1898 981 τὸν

1103 1000 1150 1026 τοῦ
1172 1000 1294 1034 Ὀψικίου
1312 1000 1427 1035 στρατὸν
1446 1001 1493 1027 καὶ
1505 1001 1620 1028 πλεῖστα
1632 1001 1724 1036 σκάφη
1743 1000 1897 1036 ἐμπορικὰ,

1103 1047 1149 1073 καὶ
1164 1046 1236 1073 κατὰ
1249 1046 1278 1073 τὸ
1293 1047 1343 1082 ἤδη
1360 1047 1408 1073 καὶ
1419 1047 1538 1083 πρόσθεν
1549 1047 1695 1083 εἰρημένον
1716 1047 1900 1082 παραθαλασ-

1104 1093 1156 1128 σίῳ
1175 1092 1268 1128 χωρίῳ
1289 1092 1490 1128 Χρυσοπόλεως
1509 1093 1702 1128 παραγίνεται.
1725 1092 1848 1119 Ἐκεῖθέν
1864 1100 1897 1119 τε

1103 1139 1145 1173 ἐφ’
1160 1139 1277 1165 ἑκάστου
1293 1140 1350 1170 τοῖς
1364 1140 1396 1165 ἐκ
1410 1140 1459 1175 τῆς
1469 1139 1573 1171 πόλεως
1585 1140 1703 1174 πόλεμον
1715 1139 1896 1175 προσέϐαλεν,

1102 1187 1148 1213 ἐπὶ
1161 1187 1228 1222 μησί
1246 1195 1275 1213 τε
1293 1187 1322 1220 ἒξ
1341 1187 1375 1214 τὰ
1390 1187 1438 1223 τῆς
1457 1187 1550 1222 μάχης
1569 1187 1710 1222 διήρκεσε.
1735 1186 1790 1213 Καὶ
1812 1187 1826 1213 ὁ
1847 1186 1897 1213 τοῦ

1108 1232 1286 1261 ’Λναστασίου
1304 1233 1396 1264 στόλος
1412 1234 1480 1268 πρὸς
1490 1232 1529 1268 τῷ
1541 1233 1649 1268 νεωρίῳ
1661 1233 1710 1268 τῆς
1723 1233 1830 1264 πόλεως
1844 1241 1898 1259 κα-

1101 1279 1224 1314 λουμένῳ
1239 1279 1329 1314 λιμένι
1349 1279 1475 1314 καταίρει
1492 1279 1525 1312 ⁸⁸,
1541 1279 1554 1305 ὁ
1565 1278 1593 1305 δὲ
1610 1278 1657 1305 τοῦ
1673 1278 1815 1305 Θεοδοσίου
1830 1278 1896 1304 στό-

1100 1325 1143 1356 λος
1163 1325 1254 1357 ἁδείας
1278 1325 1477 1360 ὲπιλαΰόμενος
1507 1325 1744 1361 διαπορθμεὺεται
1767 1325 1835 1360 πρὸς
1857 1325 1896 1351 τὰ

1101 1369 1230 1405 Θρακῷα,
1252 1370 1416 1398 καὶτούτων
1440 1371 1603 1406 ἐκράτησεν.
1628 1370 1690 1397 Ἐπὶ
1716 1370 1848 1405 προδοσίᾳ
1864 1371 1896 1397 ὂὲ

1100 1424 1177 1448 τινας
1197 1415 1413 1450 ὑποφοείραντες
1430 1416 1475 1443 διὰ
1490 1417 1539 1452 τῆς
1555 1417 1644 1452 πύλης
1657 1417 1708 1452 τῆς
1723 1417 1898 1452 καλουμένης

1101 1460 1262 1496 Βλαχερνῶν
1273 1461 1321 1496 τὴν
1339 1461 1417 1488 πόλιν
1429 1458 1512 1493 εἷλον,
1524 1462 1571 1488 καὶ
1584 1462 1682 1496 νυκτὸς
1694 1461 1898 1496 ἐπιγενομένης

1100 1507 1141 1538 είς
1156 1507 1220 1537 τοὺς
1237 1506 1330 1538 οίκους
1346 1506 1399 1533 τῶν
1414 1506 1533 1533 πολιτῶν
1549 1507 1744 1542 εἰσδραμόντες
1761 1506 1900 1541 μεγίστην

1066 1569 1087 1598 C
1107 1553 1200 1584 αὐτοῖς
1218 1552 1321 1588 βλάϐην
1335 1553 1508 1588 εἰργάσαντο.
1524 1553 1593 1584 Τοὺς
1607 1553 1636 1579 δὲ
1660 1553 1688 1579 ὲν
1713 1552 1781 1588 αὐτῇ
1794 1553 1900 1598 αρχον-

1106 1607 1156 1630 τας
1173 1599 1232 1633 ἅμα
1246 1598 1380 1634 Γερμανῷ
1401 1598 1439 1634 τῷ
1458 1598 1609 1634 τηνικαῦτα
1635 1599 1750 1634 ἱεράρχῃ
1774 1597 1825 1632 τῆς
1845 1598 1901 1624 πό-

1100 1645 1170 1676 λεως
1187 1645 1348 1672 ἀποστέλλει
1363 1645 1400 1676 ὡς
1421 1645 1455 1672 τὰ
1474 1645 1656 1680 πεπραγμένα
1678 1644 1754 1679 αὑτῷ
1770 1644 1828 1679 (l7)
1845 1653 1897 1670 πι-

1101 1690 1272 1725 στωσάμενος
1285 1690 1307 1706 ⁸⁷
1326 1691 1505 1726 Ἀναστασίῳ.
1523 1691 1553 1717 Ὀ
1568 1691 1597 1717 δὲ
1609 1690 1722 1721 τούτους
1741 1690 1793 1725 ἤδη
1811 1690 1895 1724 λόγον

1101 1736 1201 1772 ᾔτησεν
1221 1736 1258 1768 ὡς
1276 1737 1344 1771 μήτε
1364 1746 1390 1763 τι
1416 1737 1499 1763 κακὸν
1518 1736 1603 1772 πάθῃ,
1628 1737 1674 1763 καὶ
1696 1736 1726 1762 τὸ
1743 1736 1898 1771 μοναχικὸν

1101 1781 1316 1818 περιϐαλόμενος
1333 1783 1428 1817 σχῆμα
1444 1782 1513 1818 προς
1535 1783 1675 1810 Θεοδόσιον
1698 1783 1794 1818 ᾤχετο.
1821 1783 1852 1809 Ὀ
1867 1783 1900 1810 δὲ

1101 1827 1196 1863 ἕτερον
1215 1828 1300 1863 μηδὲν
1314 1827 1418 1863 βλάψας
1435 1829 1507 1855 κατὰ
1522 1829 1571 1864 τὴν
1587 1828 1792 1864 Θεσσαλονίκην
1806 1828 1901 1864 ἐξόρι-

1104 1882 1166 1901 στον
1176 1873 1223 1900 ἐπε
1229 1873 1308 1909 μψεν.

1144 1919 1220 1946 Ἐπεὶ
1234 1917 1280 1946 οὖν
1296 1921 1399 1947 πυκναὶ
1425 1919 1479 1946 τῶν
1497 1920 1520 1936 ⁸⁸
1541 1920 1676 1956 βασιλέων
1692 1920 1900 1953 ἐπαναστάσεις

1102 1965 1225 1999 ἐγένοντο
1242 1965 1288 1992 καὶ
1306 1966 1321 2000 ἡ
1347 1966 1475 2001 τυραννὶς
1492 1966 1615 2001 ἐκράτει,
1640 1966 1676 1993 τά
1693 1975 1722 1993 τε
1743 1966 1793 2000 τῆς
1809 1966 1897 2000 βασι-

1102 2010 1176 2042 λείας
1201 2011 1248 2037 καὶ
1277 2010 1328 2045 τῆς
1354 2011 1459 2043 πόλεως
1489 2011 1670 2047 κατημελείτο
1696 2011 1743 2038 καὶ
1766 2012 1898 2040 διέπιπτε

1104 2057 1265 2092 πράγματα,
1278 2057 1317 2083 ἔτι
1331 2057 1385 2092 μὴν
1400 2057 1446 2084 καὶ
1460 2058 1476 2092 ἠ
1488 2057 1542 2084 τῶν
1554 2058 1642 2092 λόγων
1657 2057 1806 2092 ἠφανίζετο
1822 2058 1892 2084 παί-

1102 2102 1190 2134 δευσις
1207 2103 1301 2129 καὶτὰ
1326 2102 1446 2134 τακτικᾲ
1466 2103 1600 2131 διελύετο.
1621 2103 1666 2136 Ἐξ
1693 2100 1731 2130 ὧν
1749 2103 1898 2131 συνέϐαινε

1102 2147 1148 2174 καὶ
1164 2149 1226 2180 τοὺς
1240 2148 1389 2184 πολεμίους
1400 2148 1450 2183 τῆς
1465 2149 1518 2175 τῶν
1539 2150 1684 2184 Ῥωμαίων
1707 2149 1898 2184 κατατρέχειν

1101 2193 1186 2224 ἀδεῶς
1202 2193 1351 2226 πολιτείας,
1368 2193 1444 2228 φόνοι
1462 2202 1492 2220 τε
1508 2193 1601 2220 πολλοὶ
1617 2194 1664 2220 καὶ
1683 2193 1833 2228 ἀπαγωγαὶ
1846 2195 1898 2220 καὶ

260 2236 346 2263 caedes
358 2236 459 2271 passim
475 2235 629 2271 promiscue
642 2236 853 2264 etabdnctiones
865 2237 1004 2265 hominum
1020 2242 1048 2265 et

1104 2239 1205 2265 πόλεων
1224 2239 1349 2271 ἁλώσεις.
1374 2239 1513 2266 Ἐντεῦθεν
1541 2240 1589 2266 καὶ
1613 2241 1638 2266 οἱ
1660 2240 1818 2275 Σαρακηνοὶ
1845 2241 1895 2274 ὀρ-

260 2282 367 2310 urbium
382 2282 537 2310 eversiones
555 2282 659 2310 tierent.
670 2282 735 2319 [An.
751 2282 812 2319 716]
824 2283 987 2312 Accessitad
1001 2285 1049 2311 lio-

261 2337 320 2356 ruln
340 2329 472 2356 malorum
490 2329 625 2355 cumulum
635 2327 834 2357 Saracenorum
848 2330 975 2366 irruptio,
999 2331 1046 2365 qui

261 2379 355 2402 contra
381 2374 481 2408 regiam
509 2373 602 2401 urbem
623 2375 744 2402 terrestri
776 2376 949 2410 expeditione
975 2377 1047 2404 facta

261 2419 381 2446 inlinitas
408 2419 528 2453 equitum
549 2427 582 2445 ac
602 2420 720 2454 peditum
743 2420 835 2455 copias
855 2429 888 2448 ex
915 2421 1046 2455 subjectis

261 2465 311 2492 sibi
328 2465 455 2499 gentibus
471 2464 645 2501 collegerant.
667 2465 822 2501 Eodemque
838 2471 958 2502 tempore
974 2468 1044 2494 clas-

261 2518 318 2538 sem
335 2510 470 2545 ingentem
488 2510 560 2538 mille
572 2511 789 2546 oclingentarum
809 2513 916 2540 navium
932 2513 1042 2541 circiter

1102 2284 1174 2319 μῶσι
1191 2285 1251 2310 κατ’
1275 2284 1360 2319 αὐτῆς
1387 2285 1436 2319 τῆς
1455 2284 1664 2320 βασιλευούσης,
1685 2284 1729 2311 διὰ
1743 2284 1793 2318 τῆς
1810 2285 1898 2319 ἠπεί-

1100 2338 1147 2365 ρου
1164 2329 1320 2361 στέλλοντες
1335 2330 1368 2356 ἐκ
1396 2330 1534 2365 διαφόρων
1549 2330 1636 2357 ὲονῶν
1663 2331 1717 2357 τῶν
1744 2331 1797 2357 ὑπὸ
1812 2332 1897 2366 χεῖρα

1100 2375 1201 2401 ἱππικά
1216 2383 1245 2401 τε
1261 2377 1308 2402 καί
1325 2375 1427 2408 πεζικὰ
1444 2375 1639 2411 στρατεύματα
1663 2376 1781 2412 ἀριθμοῦ
1797 2376 1892 2410 κρείτ-

1098 2430 1171 2448 τονα.
1193 2421 1331 2453 Ὡσαύτως
1352 2422 1398 2448 καὶ
1417 2422 1510 2449 στόλον
1536 2423 1621 2449 πολὺν
1637 2421 1803 2449 ἀπέστειλαν
1826 2423 1896 2457 ἄχρι

1099 2467 1146 2494 καὶ
1156 2467 1195 2499 εἰς
1206 2467 1294 2502 χιλίας
1309 2467 1474 2500 ὀκτακοσίας
1487 2469 1563 2501 ναῦς,
1573 2468 1696 2504 ἡγεμόνα
1707 2468 1811 2495 τούτων
1830 2469 1896 2496 τινὰ

1096 2515 1319 2549 καταστήσαντες
1336 2515 1507 2550 Μουσαλμᾶν
1531 2517 1565 2551 τῇ
1582 2515 1658 2550 σφῶν
1683 2515 1822 2550 διαλέκτῳ
1840 2524 1895 2541 κα-

915 2581 1031 2610 νΛΙὶΙίΕ
1049 2582 1253 2611 LECTIONES.

299 2639 322 2655 °°
337 2639 447 2675 καιῄρει
463 2639 492 2671 Ρ,
510 2639 529 2666 l'.
545 2640 648 2674 κατῇρε
665 2640 800 2668 Petavius.
839 2642 860 2658 ⁶⁷
877 2643 1085 2678 πιστωσάμενος
1101 2643 1137 2671 P:
1154 2651 1226 2671 corr.
1244 2643 1381 2671 Petavius.
1420 2642 1442 2659 ⁵⁸
1461 2643 1559 2670 πυκναὶ
1578 2643 1649 2671 κατὰ
1661 2643 1732 2676 τῶνε

947 2721 1086 2750 PETAVll
1106 2722 1222 2750 NOTAE.

297 2778 354 2814 (l7)
371 2776 464 2814 Neque
486 2776 530 2803 hic
546 2776 620 2814 locus
635 2776 699 2814 vitio
708 2781 791 2814 caret.
803 2776 955 2811 Legendnm
973 2778 1042 2806 forte

262 2811 407 2840 δι”αὐτὼν
435 2811 647 2846 πιστωτὸμενος.
677 2812 847 2846 Magistratus
871 2820 967 2841 omm‘s
988 2821 1040 2840 una

263 2857 324 2874 eum
343 2850 478 2875 (.crntauo
495 2849 647 2881 patriarcha
665 2846 779 2874 Niczcam
795 2847 887 2874 deduci
900 2848 974 2880 jubet
990 2870 996 2881 ,
1014 2854 1042 2875 ιιι

265 2884 297 2911 iis
313 2883 466 2919 conspectis
487 2883 645 2913 Anastasius
663 2887 767 2919 captam
791 2891 849 2910 035C
864 2883 967 2917 Cpolitn
991 2885 1042 2912 sci-

1095 2784 1146 2807 ret.
1169 2778 1206 2806 lta
1223 2778 1401 2814 Theophanes
1418 2766 1455 2813 (ρ.
1477 2777 1531 2806 525
1552 2776 1595 2812 (ἶ).
1613 2776 1699 2814 ῐξοιτο
1716 2778 1811 2804 eodem
1840 2778 1894 2806 lmc

1097 2822 1179 2847 anno,
1200 2812 1312 2849 Augusti
1339 2814 1382 2846 ll,
1398 2812 1552 2841 Germanus
1574 2821 1590 2840 ο
1613 2812 1714 2849 Cyzico
1738 2814 1893 2840 translatus

1098 2850 1196 2877 fuerat.
1214 2847 1262 2878 llic
1280 2849 1330 2877 luit
1345 2849 1481 2877 Anastasii
1511 2849 1586 2881 linis,
1605 2849 1651 2883 qui
1672 2847 1817 2881 imperavit
1834 2857 1863 2877 ιι.
1881 2850 1891 2876 ι

1098 2893 1136 2912 ιιι.
1151 2893 1176 2913 ι).
