1952 3079
246 131 300 165 957

762 132 794 164 S.
812 131 1021 163 NICEPHORI
1041 129 1294 161 PATRIARCHFE
1312 129 1367 159 CP.
1466 150 1484 161 .

1831 127 1886 160 968

247 198 373 226 campum
384 189 427 218 cui
442 189 545 217 Crasso
557 196 656 217 nomen
679 193 719 216 est
739 188 889 224 egreditur,
905 187 1040 222 simulque

1099 188 1165 219 tsia;
1183 187 1333 222 κρατήσας,
1347 186 1501 221 ἀπόμοιραν
1516 194 1576 212 τινα
1593 186 1710 221 στρατοῦ
1723 185 1888 221 ἐπιλεξάμε-

248 238 384 264 Artabazo
397 236 508 263 mandat
529 239 558 262 ut
575 236 608 262 ad
632 243 661 262 se
676 236 782 267 veniat,
799 242 853 269 quo
877 234 947 261 inter
962 240 991 260 se
1009 233 1043 261 de

248 281 431 318 propulsando
448 282 526 309 hoste
544 281 704 308 deliberent.
731 278 787 307 Nec
812 280 902 306 minus
926 277 972 305 ille
995 284 1043 305 sua

248 333 345 363 Spttltle
360 327 524 358 maturabat,
541 330 570 353 ut
592 330 620 353 et
637 324 753 352 consilio
773 324 916 352 interesset
931 328 959 351 et
980 330 1042 350 eum

250 374 362 408 imperio
377 373 507 408 privaret.
531 371 641 399 Interim
658 371 869 403 Constantinus,
891 371 982 397 audita
1002 375 1044 405 ty-

251 420 373 447 rannidis
390 419 474 453 fama,
495 426 556 446 eum
577 418 687 452 insuper
706 417 832 445 Viserum
856 416 999 452 patriciutn
1015 416 1043 443 in

250 472 364 493 occursu
381 463 440 497 ipso
468 470 483 490 a
506 463 644 490 contraria
661 461 780 489 factione
797 465 965 495 peremptum
982 466 1044 486 esse

249 510 436 545 cognovisset,
448 516 508 543 qua:
522 516 597 535 more
610 507 778 542 imperatorii
793 507 928 534 exercitus
944 506 1044 532 instru—

251 560 292 582 cta
308 555 452 587 veniebat,
469 561 584 589 propere
596 553 736 588 digressos
753 560 785 580 ac
800 552 882 579 saluti
900 551 1045 579 consulens

251 601 284 628 ad
299 600 478 634 Orientalium
497 600 635 634 regionem
651 598 791 633 confugit,
817 597 863 632 qui
888 597 1045 624 humaniter

250 653 312 673 eum
338 645 507 680 excipientes
537 653 598 673 cum
620 645 799 679 jurejurando
827 643 907 671 ﬁdem
934 643 1045 678 insuper

250 691 434 727 obstringunt,
454 699 484 719 se
513 691 546 718 ad
570 695 685 717 mortem
709 697 794 724 usque
820 689 920 716 nullum
947 696 995 722 pro
1012 695 1045 715 co

250 737 401 773 periculum
414 745 474 765 esse
489 737 699 764 detrectaturos.
714 736 775 762 lllox
791 734 1004 763 contumeliosas
1017 735 1044 762 in

250 783 416 810 Artabazum
431 791 511 810 voces
524 790 555 809 ac
571 782 816 814 conviciajactant.
832 781 873 808 Ad
886 781 944 808 haec
957 781 1045 808 Sisin-

251 828 325 855 nium
345 828 490 862 patricium
513 836 574 854 cum
599 826 801 854 Thraeensibus
825 826 931 861 copiis,
947 826 1045 860 quibus

1093 242 1138 265 νος
1150 233 1201 268 τῆς
1216 233 1321 264 πόλεως
1337 232 1430 264 ἔξεισι,
1452 232 1499 259 καὶ
1518 232 1548 259 τὺ
1561 233 1650 259 πεδίον
1671 233 1684 258 ὃ
1702 232 1811 267 Κράτος
1827 232 1888 268 (ὗό)

1094 278 1329 315 προσαγορεύεται
1346 278 1560 313 καταλαμϐάνει,
1575 279 1624 306 καὶ
1641 277 1802 314 Ἀρταϐάζῳ
1823 279 1887 314 ἐσῆ-

1096 332 1193 359 μαινεν
1213 324 1293 358 ἥκειν
1308 323 1375 358 πρὸς
1389 323 1481 356 αὐτὸν,
1502 322 1539 354 ὡς
1557 322 1589 349 ἂν
1606 323 1663 357 ἅμα
1678 323 1733 349 τῶν
1749 322 1888 357 πολεμίων

1094 367 1174 402 χάριν
1190 366 1426 401 βουλεύσοιντο.’0
1440 366 1468 392 δὲ
1484 366 1534 401 ἥδη
1551 366 1633 402 ὥρμα
1649 368 1697 393 καὶ
1713 366 1813 402 βουλῆς
1827 368 1887 394 ’ἐνε-

1094 421 1152 445 κεν,
1176 412 1244 440 ἀλλὰ
1272 412 1320 439 καὶ
1345 414 1396 447 τῆς
1422 412 1562 447 βασιλείας
1589 412 1671 439 αὑτὸν
1700 412 1886 448 καθαιρήσων.

1094 458 1300 490 Κωνσταντῖνος
1314 458 1353 492 δὲ,
1371 459 1405 485 τὰ
1427 458 1475 492 τῆς
1490 458 1647 493 τυραννίδος
1660 458 1826 493 πυθόμενος,
1841 459 1890 485 καὶ

1095 503 1205 539 Βίσιρον
1215 503 1269 539 (51)
1279 504 1327 539 τὴν
1339 504 1417 537 ἀξίαν
1433 503 1576 539 πατρίκιον
1586 505 1855 538 προσυπαντήσαντα
1865 505 1889 520 ⁹⁰

1095 549 1142 576 καὶ
1165 549 1204 584 τῷ
1224 549 1297 584 ξίφει
1316 549 1369 575 τῶν
1389 549 1545 575 ἀντιπάλων
1569 549 1689 575 πεσόντα
1715 549 1889 584 αἰσθόμενος,

1095 595 1142 621 καὶ
1158 594 1195 626 ὡς
1207 595 1236 621 τὸ
1253 595 1392 630 βασιλικὸν
1404 594 1625 630 ἐσκευασμένους
1638 595 1819 629 στρατόπεδον
1831 596 1891 621 εισι

1097 639 1159 666 ιδὼν
1170 640 1275 673 am“,
1289 640 1358 675 πρὸς
1372 641 1405 676 τῇ
1420 639 1497 676 χώρᾳ.
1509 640 1691 667 Ἀνατολικῶν
1700 641 1722 655 ⁹¹
1734 640 1893 677 καλουμένῃ

1097 686 1186 721 φυγὰς
1204 686 1309 712 ἐνθένδε
1320 687 1411 712 ἀπιὼν
1422 687 1471 721 τὴν
1486 678 1623 722 σωτηρίαν
1635 686 1684 721 τὴν
1697 687 1796 713 ἑαυτοῦ
1812 695 1894 721 περι⁹

1097 733 1257 766 εποιήσατο.
1274 733 1328 758 Καὶ
1341 732 1417 759 αὐτοὶ
1431 732 1562 763 εὐνοϊκῶς
1574 732 1770 768 ὑποδεξάμενοι
1786 733 1895 767 ἐνωμό-

1096 787 1160 810 τους
1174 777 1249 813 αὑτῷ
1266 778 1402 812 συνθήκας
1421 777 1574 804 δεδώκεσαν
1592 778 1630 810 ὡς
1654 779 1752 814 μέχρις
1775 779 1895 813 αἵματος

1099 824 1170 860 ὑπὲρ
1186 823 1268 851 αὑτοῦ
1284 823 1426 851 ἀνελέσθαι
1443 823 1488 850 τὸν
1503 823 1636 855 κίνδυνον,
1653 824 1700 851 καὶ
1721 824 1893 859 Ἀρτάὸαζον

250 877 385 908 prmerat,
408 873 441 899 ad
462 880 525 900 suas
548 877 640 907 partes
658 872 835 906 pertrahunt,
849 871 1007 906 collatisque
1021 873 1046 898 in

1099 870 1220 906 αίσκρῶς
1228 868 1432 905 δυσφημοῦντες
1440 869 1616 905 καθύῦριζον,
1625 869 1862 896 Μεταστέλλονται
1869 870 1895 886 ³³

251 925 335 944 unum
359 918 477 951 viribus,
495 923 589 945 contra
610 918 775 944 Artabazum
797 917 954 953 procedunt.
977 916 1044 943 Nam

251 962 433 998 Theophanes
459 968 642 999 cognomento
658 963 793 990 Monotius
804 983 812 994 ,
828 963 875 996 qui
897 962 1045 997 magisterii

253 1009 412 1045 dignitatem
439 1011 552 1044 gerebat
569 1014 596 1036 et
616 1008 741 1044 Byzantii
757 1009 933 1043 imperatoris
953 1013 1046 1043 partes

253 1056 368 1090 agebat,
391 1056 424 1083 ad
439 1055 606 1083 Artabazum
632 1054 787 1089 defecerat,
809 1062 926 1090 eumque
940 1055 997 1091 68
1020 1059 1048 1083 et

254 1101 445 1136 imperatorem
467 1101 654 1134 salutaverat,
673 1106 699 1129 et
719 1101 859 1137 Byzantiis
874 1106 1048 1136 persuaserat

254 1147 462 1175 Constantinum
487 1155 547 1176 esse
579 1154 729 1175 mortuum.
762 1147 835 1174 Idem
863 1147 1047 1182 Nicephorum

254 1193 352 1227 ﬁlium,
367 1194 411 1228 qui
427 1197 484 1220 tum
501 1194 528 1226 in
549 1189 665 1221 Thracia
679 1193 773 1228 copias
793 1193 921 1228 regebat,
938 1193 971 1220 ad
987 1201 1048 1220 sese

255 1241 369 1267 advocat
382 1245 409 1268 et
427 1241 460 1267 ad
475 1241 551 1268 urbis
567 1241 718 1268 custodiam
735 1247 796 1268 cum
817 1241 859 1267 his
872 1248 940 1275 quos
955 1247 1047 1268 secum

255 1285 373 1313 habebat
392 1286 525 1314 militibus
543 1286 662 1321 disponit
677 1296 684 1314 :
699 1287 745 1321 qui
761 1295 793 1314 ex
804 1286 893 1314 oﬂicio
907 1288 1050 1321 imperato-

255 1331 294 1359 ris
319 1335 414 1364 erant,
431 1332 530 1365 partim
546 1332 679 1365 cmcitate,
701 1332 800 1366 partim
826 1332 888 1359 aliis
908 1333 997 1367 poenis
1017 1339 1050 1360 ac

256 1376 428 1404 contumeliis
450 1375 542 1403 aﬂicit.
563 1376 715 1403 Artabazus
731 1377 838 1404 interim
864 1385 924 1404 eum
940 1378 998 1405 suis
1016 1377 1049 1404 ad

256 1421 352 1448 urbem
375 1422 498 1455 accedit,
516 1421 594 1456 cujus
615 1422 732 1449 adventu
749 1427 904 1449 sanctorqu
920 1423 1051 1457 imagines

257 1467 332 1495 illico
348 1468 481 1495 restituta:
493 1472 567 1495 sunt.
588 1467 667 1496 Hunc
684 1475 754 1502 pone
769 1474 880 1495 secutus
898 1468 1052 1496 Constanti-

259 1521 310 1540 nus
323 1513 505 1548 Chrysopolin
521 1519 653 1548 occupat,
668 1514 766 1541 navale
781 1522 813 1542 ex
828 1516 943 1542 adverso
958 1515 1049 1550 Cpolis

259 1559 285 1586 in
297 1560 360 1587 Asia
377 1559 507 1594 positum.
523 1559 576 1587 Ubi
593 1559 732 1594 paululum
756 1565 943 1588 commoratus
958 1568 1050 1595 regre-

258 1605 343 1639 ditur,
364 1611 390 1633 et
411 1606 444 1633 ad
463 1606 557 1633 urbem
580 1606 721 1634 Amoriam
745 1607 857 1634 hiemat.
876 1607 954 1634 Auno
979 1608 1050 1635 inse-

255 1652 351 1686 queuti
363 1652 517 1680 Artabazus
541 1652 656 1680 alterunt
670 1660 685 1680 e
698 1652 760 1680 ﬁliis
771 1653 893 1681 Nicetam
907 1653 1051 1681 Armenio—

258 1704 320 1723 rum
343 1698 439 1724 ducem
463 1698 563 1731 mittit,
577 1697 762 1733 Nicephorum
779 1707 844 1727 vero
860 1700 1050 1734 imperatorem

258 1747 381 1770 coronat.
398 1743 458 1777 lpse
474 1743 500 1770 iu
520 1744 612 1771 Asiam
635 1751 696 1771 eum
721 1744 806 1778 copiis
829 1744 945 1778 trajicit,
969 1752 1050 1779 quam

258 1795 320 1815 cum
336 1789 555 1823 populationibus
570 1789 696 1817 infestant
719 1791 844 1824 haberet,
857 1791 1051 1819 Constantinus

259 1834 368 1861 obviam
391 1835 415 1862 ei
440 1838 474 1863 ad
500 1835 602 1864 Sardes
624 1838 761 1870 occurrit;
786 1842 814 1864 et
833 1838 920 1873 signis
945 1839 1052 1866 collatis

261 1879 339 1914 longe
351 1882 474 1915 superior
489 1881 550 1910 fuit.
566 1882 605 1910 [ta
620 1883 740 1910 exercitu
758 1883 830 1911 illius
847 1884 873 1911 in
888 1889 1052 1919 potestatem

261 1927 385 1957 redacto.
400 1928 526 1956 omnibus
545 1937 653 1964 quoque
669 1930 872 1964 impedimentis
885 1931 986 1965 potitus
998 1935 1051 1959 est.

260 1972 411 2001 Artabazus
424 1973 553 2009 Cyzicum
569 1976 657 2010 primo
671 1995 679 2009 ,
690 1977 753 2004 inde
763 1977 867 2011 Cpolim
884 1977 946 2012 fuga
964 1977 1051 2012 petiit.

260 2018 369 2048 Nicetas
384 2020 442 2055 ejus
455 2021 526 2049 ﬁlius
540 2022 626 2050 aciem
643 2023 669 2049 iu
680 2022 891 2050 Constantinum
906 2025 1051 2057 convertit,

261 2067 307 2100 qui
327 2067 360 2092 ad
383 2066 533 2094 Modrinam
561 2069 708 2096 commisso
733 2069 826 2104 praelia
848 2070 969 2097 Nicetam
991 2078 1051 2098 cum

261 2119 358 2147 magna
389 2113 503 2140 militum
530 2119 620 2149 strage
640 2115 741 2142 victum
763 2116 790 2143 in
819 2115 908 2152 fugam
929 2117 1051 2152 conjicit.

261 2157 355 2192 Magna
365 2158 495 2194 deinceps
516 2160 622 2195 imperii
642 2160 909 2189 ﬂoruanicalamilas
926 2162 1050 2198 69I'uil,

1096 915 1161 951 γοῦν
1175 915 1222 942 καὶ
1237 915 1367 942 Σισίννιον
1381 915 1427 941 τὸν
1440 915 1583 949 πατρίκιον
1597 914 1739 950 σύμφρονα
1754 915 1895 941 καθίστων

1096 963 1155 998 ἅμα
1175 961 1215 998 τῷ
1237 962 1375 988 ὐπάὺτὺν
1397 961 1630 997 στρατηγουμένῳ
1652 962 1707 988 τῶν
1725 962 1895 996 Θρᾳκησίων

1096 1009 1235 1044 λεγομένῳ
1243 1009 1267 1024 θ*
1281 1007 1346 1041 λαῷ,
1358 1008 1404 1034 καὶ
1418 1007 1537 1038 ἅπαντες
1551 1007 1621 1034 κατὰ
1638 1007 1805 1042 Ἀρταϐάζου
1817 1007 1896 1042 ὁμῶς

1096 1056 1227 1090 ὲχώρουν.
1242 1055 1384 1089 Θεοφάνης
1397 1054 1425 1081 δὲ
1443 1054 1472 1080 ὃν
1488 1053 1627 1080 Μονώτιον
1644 1054 1770 1086 ἐκάλουν,
1784 1053 1832 1089 τὴν
1844 1054 1895 1080 τοῦ

1099 1102 1250 1138 μαγίστρου
1264 1101 1342 1134 ἀξίαν
1355 1101 1456 1128 διέπων
1470 1101 1517 1127 καὶ
1532 1101 1580 1136 τὴν
1593 1100 1727 1136 βασιλέως
1743 1100 1839 1135 χρείαν
1852 1101 1896 1132 εἰς

1097 1148 1244 1180 Βυζάντιον
1268 1147 1623 1183 ἁποπληρῶν,Ἀρτα6άζῳ
1648 1147 1823 1183 προσετίθετο
1846 1148 1898 1174 καὶ

1099 1195 1212 1231 βασιλέα
1230 1195 1412 1231 ἀνεκήρυττε,
1431 1195 1478 1221 καὶ
1501 1194 1666 1226 Βυζαντίους
1690 1194 1833 1220 ἀνέπειθεν
1855 1193 1898 1226 ὡς

1098 1242 1304 1273 Κωνσταντῖνος
1332 1241 1497 1276 τεθνήκειπ.
1522 1241 1575 1267 Τὸν
1605 1241 1633 1266 δὲ
1657 1240 1714 1268 υἱὸν
1736 1240 1898 1275 Νικηφόρον

1098 1286 1216 1322 τοῦνομα
1230 1288 1302 1315 κατὰ
1317 1287 1366 1322 τὴν
1379 1287 1491 1323 Θρᾴκην
1507 1287 1568 1313 τότε
1586 1287 1792 1322 στρατηγοῦντα
1808 1295 1900 1321 μετα.

1099 1334 1250 1368 πέμπεται,
1267 1333 1316 1360 καὶ
1334 1333 1383 1360 σὺν
1400 1332 1439 1368 τῷ
1461 1332 1525 1368 περὶ
1540 1332 1622 1358 αὑτὸν
1638 1332 1746 1368 στρατῷ
1759 1332 1827 1367 πρὸς
1844 1340 1901 1366 φυ-

1099 1380 1186 1414 λακὴν
1208 1380 1257 1415 τῆς
1280 1379 1386 1411 πόλεως
1409 1378 1598 1413 ὲγκαθίστησι.
1616 1378 1676 1404 Τῶν
1701 1378 1850 1413 βασιλικῶν
1867 1379 1902 1405 δὲ

1100 1426 1245 1462 ὑπηρετῶν
1258 1426 1305 1458 οὓς
1330 1426 1378 1460 μὲν
1401 1424 1558 1458 ἁπετύφλου
1567 1425 1600 1457 ³⁸,
1619 1424 1666 1456 οὓς
1682 1425 1710 1451 δὲ
1728 1426 1775 1451 καὶ
1791 1425 1903 1460 ἑτέρως

1100 1471 1243 1507 κατῄκιζε.
1255 1471 1310 1498 Καὶ
1322 1470 1490 1506 ’Λρτάὸαζος
1502 1469 1581 1501 εὐθὺς
1593 1468 1632 1504 τῷ
1649 1469 1753 1496 συνόντι
1768 1469 1826 1504 ἃμα
1837 1469 1904 1505 λαῷ

1102 1519 1133 1553 τῇ
1149 1518 1225 1544 πόλει
1239 1517 1394 1551 ἐφίσταται,
1410 1516 1458 1543 καὶ
1475 1516 1576 1543 αὐτίκα
1585 1516 1640 1542 τῶν
1652 1515 1736 1549 ἁγίων
1748 1515 1851 1550 ἀνέστη
1864 1515 1904 1543 τὰ

1102 1562 1163 1598 ιερὰ
1178 1562 1405 1597 ἀπεικονίσματα.
1422 1561 1526 1588 Τούτου
1552 1562 1579 1588 δὲ
1606 1561 1721 1588 κατόπιν
1745 1561 1791 1588 ἰὼν
1813 1561 1904 1588 Κων-

1103 1610 1243 1640 σταντῖνος
1264 1607 1313 1644 ’τὴν
1336 1607 1507 1643 Χρυσόπολιν
1531 1607 1701 1642 καλουμένην
1717 1607 1906 1642 κατιιιλικμὸἀ⁴

1101 1664 1156 1683 νει·
1180 1655 1298 1682 ἐπίνειον
1320 1654 1347 1681 δὲ
1373 1653 1452 1681 τοῦτο
1476 1653 1591 1690 ἀντικρὺ
1610 1653 1758 1685 Βυζαντίου
1776 1653 1847 1687 πρὸς
1865 1655 1903 1690 ’τῇ

1101 1699 1234 1726 ’Ᾱσιάτιδι
1248 1701 1282 1734 γῇ
1297 1699 1482 1734 διακείμενον.
1503 1697 1653 1725 Κάνταῦθα
1669 1698 1773 1733 βραχὺν
1795 1698 1906 1733 διατρί-

1101 1746 1155 1782 ψας
1162 1746 1257 1781 χρόνον
1267 1746 1420 1777 ὑπενόστει,
1431 1745 1555 1780 καὶπρὸς
1567 1744 1615 1780 τὴν
1629 1745 1704 1770 πόλιν
1718 1745 1751 1780 ἢν
1762 1743 1906 1779 Ἀμορίαν

1103 1793 1215 1820 καλοῦσι
1229 1791 1397 1827 διεχείμαζε.
1407 1791 1452 1826 Τῷ
1461 1791 1490 1818 δὲ
1504 1791 1569 1826 ἑξῆς
1579 1791 1765 1826 ἐπιγενομένῳ
1779 1791 1906 1826 ἐνιαυτῷ

1102 1839 1148 1865 τὸν
1164 1838 1256 1873 ἕτερον
1271 1838 1325 1864 τῶν
1341 1837 1408 1864 υιῶν
1423 1837 1546 1872 Νικήταν
1566 1836 1719 1872 στρατηγὸν
1736 1836 1783 1862 τοῦ
1798 1836 1906 1862 καλου-

1105 1885 1186 1920 μένου
1212 1884 1266 1911 τῶν
1285 1883 1476 1919 ’Λρμενιακῶν
1500 1883 1617 1918 στρατοῦ
1637 1882 1806 1918 Ἀρτάϐαζος
1831 1883 1908 1909 ἀπο.

1104 1931 1222 1964 στέλλει,
1243 1930 1287 1957 τὸν
1311 1930 1334 1956 δ’
1353 1927 1385 1957 αὖ
1413 1930 1507 1965 ἕτερον
1530 1929 1688 1965 Νικηφόρον
1714 1929 1755 1960 είς
1783 1929 1908 1963 βασιλέα

1104 1977 1207 2012 στέφει.
1222 1975 1430 2011 Ἐπιστρατεὺει
1443 1975 1471 2002 δὲ
1486 1975 1557 2001 κατὰ
1571 1976 1620 2009 τῆς
1630 1974 1685 2001 τῶν
1699 1974 1833 2001 Ἀσιανῶν
1847 1974 1908 2009 χώ-

1105 2031 1165 2058 ρας,
1180 2023 1227 2048 καὶ
1251 2022 1286 2048 τὰ
1310 2022 1419 2056 ἐκείνης
1445 2021 1533 2056 χωρία
1554 2021 1754 2056 ὲπημαίνετοΜ
1779 2020 1906 2055 πικρῶς.

1104 2067 1184 2104 Κᾷτα
1202 2068 1356 2095 ἐπιτίθεται
1370 2069 1576 2099 Κωνσταντῖνος
1586 2068 1635 2094 καὶ
1646 2067 1713 2103 προς
1726 2067 1774 2097 τὰς
1786 2067 1908 2101 Σάρῖεις

1104 2115 1277 2146 ὑπαντιάζει,
1303 2114 1414 2150 πολέμῳ
1440 2122 1469 2139 τε
1496 2113 1571 2148 αὑτῴ
1596 2114 1735 2148 συμμίξας
1758 2114 1908 2148 κραταιᾶς

1104 2160 1289 2197 ἐτροπώσατο,
1305 2161 1350 2187 τόν
1372 2168 1401 2186 τε
1422 2160 1526 2187 ὑπόντα
1541 2159 1605 2186 λαὸν
1621 2160 1827 2195 δουλωσάμενος
1850 2160 1910 2195 τήν

261 2213 321 2232 cum
339 2205 394 2232 haec
412 2205 444 2233 de
461 2206 575 2240 imperio
593 2214 624 2234 ac
638 2207 780 2234 dominatu
801 2208 940 2235 contentio
970 2208 1048 2236 Citri-

1103 2217 1132 2234 τε
1148 2207 1270 2234 ὑποῦσαν
1284 2207 1376 2239 αὐτοῖς
1388 2207 1545 2241 ἀποσκευὴν
1557 2205 1909 2242 είσποιησάμενος.Ἂρτέι-

261 2251 366 2279 sliaum
382 2252 408 2278 iu
423 2252 502 2279 civile
515 2253 614 2280 bellum
628 2252 858 2287 eoujieeret.Qua:
872 2255 942 2282 enim
954 2262 1050 2289 quam-

261 2305 315 2332 que
330 2298 431 2324 atrocia
449 2298 502 2325 illis
520 2299 689 2334 temporibus
703 2300 814 2327 evenire
840 2301 944 2333 solent,
962 2306 992 2328 ut
1008 2301 1050 2328 vel

261 2344 320 2378 ipsa
338 2349 433 2371 natura
455 2345 556 2372 suimet
569 2345 651 2372 oblita
668 2346 789 2373 videatur
805 2354 837 2374 ac
851 2347 902 2374 sibi
929 2347 979 2382 ipsi
995 2348 1051 2375 bel-

261 2390 316 2418 lum
339 2391 452 2423 inferat,
478 2396 631 2426 ceteraque
653 2399 713 2426 quae
731 2392 782 2419 dici
808 2393 920 2420 minime
942 2401 1053 2420 necesse

258 2442 315 2472 _est,
332 2438 401 2465 haud
414 2438 492 2473 pauci
516 2438 683 2473 experientia
705 2439 870 2466 didicerunt.
894 2438 950 2466 Hoc
972 2441 1052 2466 modo

1104 2254 1187 2287 ϐαξος
1200 2254 1229 2281 δὲ
1239 2254 1328 2289 φυγὰς
1343 2254 1412 2289 πρὸς
1429 2254 1478 2288 τὴν
1494 2253 1572 2280 πόλιν
1586 2253 1706 2285 Κύζικον
1721 2252 1908 2286 κατα).α6ι“›ν,

1104 2302 1232 2329 κάκεῖθεν
1244 2301 1420 2332 ἀποπλεύσας
1433 2302 1480 2328 ὲπὶ
1494 2301 1524 2329 τὸ
1540 2301 1688 2333 Βυζάντιον
1700 2299 1797 2336 ᾤχετο.
1811 2301 1911 2335 Νική-

1105 2356 1154 2379 τας
1169 2347 1198 2374 δὲ
1214 2348 1229 2374 ό
1247 2347 1329 2374 αὑτοῦ
1352 2347 1410 2378 υίὸς
1427 2347 1498 2374 κατὰ
1512 2347 1720 2373 Κωνσταντίνου
1738 2345 1787 2380 τὴν
1811 2346 1910 2381 ὀρχεῖν

1107 2394 1235 2420 ἐποιεῖτο.
1246 2393 1275 2420 Ὀ
1291 2393 1326 2420 -δὲ
1348 2394 1416 2429 πρός
1433 2402 1459 2419 τι
1476 2392 1576 2428 χοιρίον
1593 2391 1669 2426 αὐτῷ
1688 2391 1762 2426 μάχῃ
1780 2391 1913 2426 προσεξι-

1106 2441 1159 2468 λὼν
1170 2462 1177 2473 ,
1192 2440 1341 2477 Μωδρινὴν
1358 2443 1391 2478 τῇ
1408 2441 1549 2477 ἐπιχωρίῳ
1565 2440 1640 2475 φωνῇ
1657 2438 1913 2474 προσαγορευόμε-

898 2531 1014 2560 VARI/['3
1040 2531 1242 2560 LECTIONES.

303 2625 325 2641 ὀ
341 2622 591 2657 προῦπαντήσαντα
605 2623 745 2649 Petavius.

793 2622 814 2638 ⁹¹
834 2621 950 2653 tat-5:05;?
990 2622 1019 2657 ,θ’
1034 2623 1068 2657 τῇ
1079 2620 1155 2657 χώρᾳ
1170 2623 1202 2657 τῇ
1220 2621 1274 2648 τῶν
1289 2620 1402 2657 ἈνατΛ
1441 2619 1464 2635 ⁸⁸
1485 2615 1745 2654 μεταστειλάμενοιῖ
1783 2615 1808 2631 ’⁸
1823 2613 1917 2651 λεγο-

266 2649 371 2692 μένωνῗ
408 2659 430 2674 ’⁵
446 2649 591 2693 τεθῖιήκοιῗ
631 2658 654 2673 ⁸⁸
669 2657 822 2691 ἐπετύιρλου
836 2657 855 2683 1’
871 2667 877 2684 :
894 2649 931 2684 ci:
946 2666 970 2691 p.
987 2656 1020 2683 55
1036 2649 1095 2685 2.1..“
1120 2649 1339 2690 δ”ελδμαίνετοῖ

934 2714 1073 2743 ΡΕΤΑἨΙ
1094 2715 1213 2742 NOTAE.

301 2773 402 2811 (:53de
411 2774 516 2801 πεδίον
526 2774 541 2802 ὃ
554 2775 684 2809 Κράσος.
699 2775 731 2802 Λ.
742 2775 905 2811 Copronymi
919 2776 936 2802 9.
949 2776 1059 2803 ineunte

265 2809 328 2836 ιη...
344 2810 387 2846 27,
408 2811 463 2836 ind.
481 2810 524 2838 10.
543 2811 659 2837 Proinde
675 2819 746 2837 anno
761 2812 821 2845 752,
840 2809 891 2839 L'on
905 2812 1056 2846 superiore,

267 2845 378 2878 contigit
394 2846 464 2878 quod
482 2846 532 2874 hoc
552 2846 611 2874 loco
632 2852 769 2873 narratur.

1148 2775 1205 2810 (5i)
1232 2773 1288 2801 Καὶ
1315 2773 1448 2810 Bigzpcy,
1473 2771 1609 2810 Corrupta
1633 2769 1690 2796 haec
1715 2771 1790 2800 sunt,
1819 2771 1850 2794 et
1877 2775 1920 2797 οι

1113 2805 1280 2845 Theophane
1296 2812 1334 2844 (μ.
1352 2805 1404 2835 557
1420 2807 1451 2843 D)
1470 2805 1638 2840 castiganda.
