1952 3079
87 166 143 198 985

558 170 607 198 DE
629 170 751 200 ΗΕΒΗὸ
775 170 865 200 POS’I‘
885 172 1108 203 MAURICIUM
1127 174 1271 204 GESTIS.

1673 173 1725 203 935

86 224 146 253 τοῖς
179 223 293 249 πλέουσι
317 223 524 258 δυσφιρώτατος
535 224 557 259 ),
588 225 698 260 πνεῦμα
725 226 812 260 βίαιον
841 227 880 253 κα¹

940 236 992 262 que
1003 229 1036 256 ad
1049 229 1122 255 littus
1139 230 1252 257 afﬂictas
1268 229 1410 265 confregit,
1424 237 1473 257 nec
1492 230 1616 264 exiguam
1634 235 1725 258 vecto-

88 268 211 304 σκληρδν
223 270 284 295 κατ’
306 269 393 303 αὐτῆς
405 270 524 296 πνεῦσαν
544 269 662 305 (βορέας
677 271 698 297 δ’
716 270 749 306 ἦν
765 272 887 306 ἄνεμος)

86 315 139 346 τάς
153 323 184 341 τε
200 315 268 346 ναῦς
285 315 354 351 πρὸς
369 316 429 346 ταῖς
445 316 540 347 ἀκταῖς
557 317 726 351 περιτρέψας
741 318 886 353 συνέτριψε

87 360 136 387 καὶ
151 361 242 396 πλήθη
252 361 308 388 τῶν
320 361 501 388 εἰσπλεόντων
512 362 562 389 οὐκ
576 363 654 396 ὀλίγα
671 363 711 398 τῷ
724 364 806 399 ῥοθίῳ
818 373 885 390 κατ-

87 406 243 433 επόντισεν.
260 407 304 433 Ἐν
318 406 423 438 τούτοις
434 407 504 440 ἄγαν
521 407 709 443 θορυϐηθέντα
719 409 741 424 ³³
752 409 796 434 τὸν
810 409 886 444 βασι-

86 451 139 478 λέα
155 452 285 478 κελεῦσαι
297 453 361 484 τοὺς
375 453 510 488 ἄρχοντας
523 453 644 486 δικτύοις
661 454 821 490 περιΰαλεῖν
836 455 885 489 τὴν

940 283 998 301 rum
1013 275 1211 302 multitudinem
1228 276 1325 303 ﬂuctus
1342 276 1486 310 oppressit.
1507 276 1578 303 lnter
1597 276 1654 304 hate
1670 281 1722 303 tre-

937 319 1093 353 pitlattlibus
1108 320 1234 345 omnibus
1250 319 1318 352 jussi
1335 321 1368 345 ab
1382 320 1545 354 imperatore
1559 320 1641 346 duces
1655 327 1725 353 pra:-

937 363 1088 390 focalorum
1100 371 1214 397 corpora
1229 364 1368 398 dispositis
1388 364 1414 390 in
1437 365 1504 390 mari
1525 364 1627 390 retibus
1645 364 1723 390 exci-

937 416 1001 444 pere
1020 418 1052 436 ac
1070 409 1219 443 sepulturae
1236 410 1354 436 tradere.
1377 409 1481 442 Quibus
1506 409 1634 444 perfectis
1652 409 1725 444 Cpo—

937 455 981 481 lim
999 463 1124 482 reversus
1138 461 1188 482 cst.

86 499 238 532 θάλασσαν,
261 501 300 533 ὡς
314 501 459 528 ἀνελέσθαι
477 503 531 529 τῶν
550 503 758 537 ἀποπνιγέντων
777 503 810 530 τὰ
826 504 942 540 σώματα
958 503 1006 530 καὶ
1039 505 1072 539 τῇ
1091 505 1126 539 γῇ
1161 504 1351 540 παραδιδόναι,
1385 503 1457 531 οὕτω
1470 513 1500 530 τε
1533 504 1601 538 πρὸς
1621 502 1656 530 τὰ
1676 502 1724 538 βα-

87 547 178 573 σίλεια
190 548 375 583 ἀποστρέψαι.

123 594 187 619 Ἔτι
203 593 234 620 δὲ
249 594 338 621 πνέων
350 595 422 622 κατὰ
439 596 487 630 τῆς
503 595 646 626 εὐσεϐείας
656 596 678 611 ⁸⁷
695 596 726 622 τὸ
737 597 810 632 ἱερὸν
826 597 881 623 τῶν

86 639 256 675 Ναζηραίων
277 643 370 676 σχῆμα
393 642 570 677 καθύϐρισεν.
597 643 687 674 Εὐθὺς
714 643 768 678 γὰρ
791 644 884 677 ἀγῶνα

87 686 204 712 ἱππικὸν
229 687 371 719 ἐπετέλει,
391 687 437 714 καί
462 696 539 720 τινας
566 688 668 715 τούτων
693 689 836 724 ἐπιτρέπει
855 691 883 715 ὲν

87 732 166 766 μέσῳ
187 732 228 766 τῷ
258 732 365 767 θεάτρῳ
390 733 544 761 διέλκεσθαι
577 735 625 761 καὶ
652 735 742 760 αὐτῶν
767 735 883 761 ἕκαστον

85 779 208 811 γυναῖκα
229 778 396 813 μονάστριαν
415 780 490 815 παρὰ
509 781 588 815 χεῖρα
609 780 712 815 φέρειν·
733 780 838 807 πολλῶν
854 790 883 807 τε

969 597 1024 632 83
1038 596 1140 624 Exinde
1153 596 1273 624 fervente
1285 597 1373 624 adhuc
1388 595 1527 631 religionis
1537 595 1600 622 odio
1614 602 1725 622 sacrum

937 641 1128 668 Nazarmorum
1141 642 1242 668 cultum
1260 641 1455 668 contumeliose
1478 640 1582 668 habttit.
1597 639 1726 667 Commo-

938 688 1000 714 dum
1020 690 1148 721 equestre
1163 691 1302 714 certamen
1321 687 1444 717 dederat.
1459 693 1520 712 cum
1533 693 1566 712 ex
1583 685 1628 711 illo
1643 691 1725 719 grege

938 735 1044 759 certos'
1059 731 1184 758 homines
1206 730 1310 757 traduci
1329 739 1377 766 per
1405 729 1618 764 llippodrommn
1639 729 1725 762 iubet,

938 778 1064 812 adjuncta
1081 777 1182 812 cuique
1200 777 1316 804 muliere
1333 777 1475 808 mouacha,
1497 783 1578 810 quam
1593 775 1726 809 prehensa

85 824 163 859 παρᾶ
175 824 296 859 πλήθους
308 824 362 850 τῶν
377 825 526 860 θεωμένων
547 826 652 861 ὕϐρεων
667 827 760 857 αὐτοῖς
775 827 823 852 καὶ
839 827 880 860 ἐμ-

937 831 1018 850 mauu
1047 823 1275 850 circumduceret.
1298 824 1388 856 Atque
1404 822 1422 848 ii
1445 821 1537 848 multis
1554 828 1568 847 a
1585 824 1726 855 spectante

87 870 271 904 πτυσμάτων,
286 868 331 896 οἷο.
348 871 412 905 περὶ
426 871 456 897 τὸ
473 871 592 906 ὀχλῶδες
611 873 658 898 καὶ
671 872 797 904 ἀγελαῖον
812 880 881 906 συμ-

85 915 191 942 ϐαίνειν
209 915 309 948 εἴωθε,
333 917 560 952 καταχυθέντων,
590 917 663 944 οὕτω
688 917 734 944 τὸν
762 917 881 952 ἄθεσμον

85 962 190 987 ἐκεῖνον
210 963 258 988 καὶ
283 962 424 997 αἴσχιστον
445 964 575 998 διήνυσαν
603 963 722 990 δίαυλον.
749 963 827 989 Μετὰ
853 963 881 989 δὲ

85 1006 173 1033 ταῦτα
191 1007 294 1042 ἄνδρας
309 1008 385 1039 τινὰς
401 1008 456 1034 τῶν
471 1009 500 1035 ἐν
525 1009 674 1043 ὑπεροχαῖς
693 1008 740 1034 καὶ
756 1007 880 1043 ἀξιώμα-

86 1061 128 1078 σιν
151 1053 313 1088 ἐγκλήμασι
330 1053 495 1088 βαρυτάτοις
523 1055 701 1089 συκοφαντῶν
718 1055 818 1089 ὑπάγει
843 1056 881 1088 ὡς

85 1100 122 1130 εἰς
146 1099 199 1134 τὴν
227 1100 316 1134 ἀρχὴν
343 1099 418 1135 αὐτῷ
449 1100 656 1128 ἐπιϐουλεύσειν
680 1103 879 1138 πειρωμένους.

84 1145 197 1171 Τούτων
215 1145 237 1171 δ’
254 1144 288 1181 ἦν
314 1146 452 1181 Ἀντίοχος
558 1147 607 1181 μὲν
633 1148 647 1173 ὁ
666 1148 722 1174 τῶν
743 1149 880 1183 δημοσίων

84 1189 263 1224 πραγμάτων
290 1191 339 1222 τὰς
357 1191 528 1225 ὑπομνήσεις
548 1190 622 1225 αὐτῷ
643 1191 810 1225 διακομίζων
825 1192 879 1223 (λο-

83 1235 202 1269 τοθὲτην
224 1235 254 1261 δὲ
270 1235 318 1262 τοῦ
336 1236 438 1271 δρόμου
452 1237 502 1271 τὴν
523 1237 603 1269 ἀξίαν
625 1237 650 1262 οἱ
666 1237 731 1272 περὶ
747 1237 781 1264 τὰ
801 1237 879 1271 βασί-

83 1281 143 1308 λεια
171 1281 310 1315 καλοῦσι).
329 1282 521 1316 Θεοφύλακτος
543 1283 570 1309 δὲ
601 1283 630 1308 ὲν
646 1284 703 1313 τοῖς
722 1283 880 1317 πατρικίοις

85 1327 131 1352 καὶ
148 1327 319 1361 στρατηγοῖς
342 1326 484 1360 διατελῶν,
510 1327 551 1353 ἔτι
582 1328 635 1363 μὴν
662 1328 708 1354 καὶ
726 1327 800 1354 ἄλλοι
824 1329 879 1354 τῶν

83 1373 148 1407 περὶ
164 1372 249 1398 αὑτὸν
265 1372 463 1408 ἀσπιδηφόρων
487 1373 535 1400 καὶ
551 1374 710 1409 δορυφόρων
730 1374 878 1408 τυγχάνον-

82 1426 139 1451 τες,
157 1417 228 1453 πρὸς
251 1418 342 1445 δὲκαὶ
364 1419 470 1445 τούτων
495 1419 573 1451 ἐκτὸς
601 1419 701 1455 ἕτεροι.
725 1420 792 1446 Μετ’
809 1421 839 1446 οὐ
857 1420 879 1436 ³⁸

84 1462 152 1489 πολὺ
167 1462 219 1496 τὴν
243 1463 342 1497 ὁμοίαν
367 1463 501 1490 ἐπιτελῶν
526 1464 645 1498 ἅμιλλαν
671 1464 816 1502 δεσμώτας
835 1467 878 1491 ἐν·

934 868 1032 903 populo
1046 868 1218 895 contumeliis
1235 876 1266 895 ac
1278 869 1365 902 sputis
1378 868 1460 895 etiam
1475 866 1658 896 dehonestati.
1677 873 1725 892 cu-

930 914 1046 949 jusmodi
1063 914 1097 941 ab
1113 914 1250 941 incondita
1265 913 1421 947 forensique
1439 913 1517 946 plebe
1534 920 1582 946 par
1595 916 1637 938 est
1653 910 1724 941 ﬁeri.

933 959 1046 987 infamia
1064 959 1109 986 illo
1122 967 1154 986 ac
1179 959 1250 993 turpi
1267 958 1404 986 curriculo
1418 957 1553 991 perfuncti
1578 960 1651 983 sunt.
1666 954 1724 981 Sub

932 1007 989 1032 haec
1010 1005 1154 1038 primarius
1170 1004 1302 1038 quosdam
1325 1011 1356 1030 ac
1381 1001 1579 1038 praecipitarunt
1600 1000 1722 1034 dignita-

931 1055 987 1078 tum
1001 1052 1125 1078 homines
1136 1050 1316 1078 atrocissimis
1324 1049 1483 1076 criminibus
1497 1055 1544 1082 per
1559 1046 1723 1074 calumniam

932 1098 1107 1132 aggreditur,
1128 1099 1282 1125 all’ectatum
1309 1096 1343 1123 ab
1360 1096 1392 1122 iis
1411 1094 1556 1128 imperium
1583 1098 1721 1125 causatus,

931 1151 1015 1178 seque
1033 1143 1139 1170 illorum
1158 1143 1265 1170 insidiis
1281 1142 1443 1176 appetitum.
1458 1141 1497 1167 Ex
1513 1140 1546 1166 iis
1561 1139 1722 1171 Antiochus,

931 1189 1062 1224 magister
1084 1189 1221 1216 memoriae
1236 1190 1328 1223 (quem
1349 1187 1540 1222 magistratum
1555 1185 1721 1218 logothctam

931 1242 1028 1262 cursus
1042 1235 1181 1270 appellare
1193 1234 1303 1268 solent),
1316 1241 1420 1261 necnon
1429 1231 1659 1266 TheOpbylactus,
1669 1230 1721 1256 dux

930 1284 957 1307 et
972 1281 1114 1314 patricius,
1143 1289 1206 1308 cum
1232 1280 1295 1308 aliis
1318 1280 1456 1315 plerisque
1476 1286 1491 1306 e
1512 1282 1680 1305 scutatorum
1695 1281 1724 1302 et

930 1331 1113 1360 protectorum
1135 1334 1248 1354 numero
1260 1333 1342 1360 atque
1356 1333 1389 1353 ex
1406 1325 1467 1352 aliis
1483 1324 1635 1351 ordinibus.
1649 1322 1722 1355 Quos

930 1378 1026 1399 omnes
1051 1372 1145 1399 iisdem
1162 1372 1331 1399 circensibus
1355 1371 1521 1406 spectaculis
1538 1370 1645 1396 vinctos
1667 1369 1721 1395 cir-

930 1417 1079 1446 cumduxit.
1090 1418 1204 1446 Postera
1217 1418 1276 1445 lucc
1289 1417 1499 1445 Constantinum
1513 1421 1540 1443 et
1556 1415 1721 1449 Strategium

931 1461 1030 1489 fratres
1042 1467 1129 1490 morte
1142 1462 1290 1494 damnavit,
1305 1470 1336 1489 ac
1350 1461 1466 1488 subinde
1482 1461 1508 1486 in
1519 1460 1647 1494 Cynegio,
1663 1459 1722 1486 loco

82 1508 173 1535 ταῦθα
201 1508 386 1544 περιελκύσας
410 1509 589 1544 ἐθριάμϐευε,
608 1510 654 1536 καὶ
668 1511 700 1545 τῇ
720 1510 783 1545 ἑξῆς
799 1512 878 1538 Κων-

934 1507 1006 1534 urbis
1020 1508 1057 1535 ita
1072 1508 1160 1540 dicto,
1182 1513 1263 1541 caput
1282 1507 1334 1534 illis
1359 1506 1462 1533 abscidi
1488 1506 1585 1539 jussit;
1607 1505 1721 1531 aliorum

85 1556 230 1581 σταντῖνον
248 1555 299 1589 μὲν
313 1556 361 1581 καὶ
374 1555 547 1590 Στρατήγιον
560 1556 692 1590 ἀδελφοὺς
705 1556 880 1591 ὑπάρχοντας

84 1600 196 1636 θανάτῳ
221 1600 398 1632 κατεδίκασε,
427 1602 473 1627 καὶ
497 1601 547 1636 ἤδη
565 1601 670 1628 τούτων
692 1602 742 1633 τὰς
759 1602 880 1636 κεφαλὰς

83 1647 112 1672 ὲν
129 1646 169 1682 τῷ
198 1646 341 1682 λεγομένῳ
364 1648 415 1682 τῆς
434 1647 539 1679 πόλεως
572 1648 702 1682 κυνηγίῳ
729 1649 879 1683 ἀπέτεμεν,

83 1692 172 1718 ἄλλων
193 1692 222 1718 δὲ
242 1692 278 1719 αὖ
292 1692 356 1724 τοὺς
381 1694 402 1709 ⁷⁵⁸
431 1693 588 1728 ὀφθαλμοὺς
613 1693 735 1728 ἐξέκοψε.
768 1694 825 1720 Καὶ
846 1695 879 1730 τῇ

84 1738 223 1774 ὑστεραία
237 1738 446 1773 παρασκευάζει
459 1739 514 1765 τῶν
525 1739 634 1765 οἰκείων
643 1738 719 1770 τινὰς
732 1740 880 1766 Κωνσταν-

82 1785 158 1811 τίνου
175 1784 223 1810 τοῦ
239 1785 290 1819 τῆς
317 1785 423 1816 πόλεως
445 1785 599 1820 ἀρχιερέως
622 1785 704 1820 ὅρκον
717 1785 739 1801 ⁵⁰
757 1785 818 1812 κατ’
832 1785 879 1811 αὺ-

83 1830 131 1857 τοῦ
145 1830 204 1865 (55)
221 1830 356 1866 ἐξυφῆναι
368 1831 551 1866 κατηγορίαν,
568 1830 702 1865 διελέγχει
713 1831 742 1858 δὲ
752 1831 878 1866 φανερῶς

83 1876 121 1908 ὡς
138 1877 204 1912 παρ’
221 1876 306 1903 αὑτοῦ
321 1877 472 1912 ἀκηκοέναι
494 1877 585 1904 πάντα
601 1877 636 1903 τὰ
652 1877 728 1912 παρὰ
743 1877 798 1904 τῶν
813 1877 878 1912 περὶ
906 1908 908 1911 ι

90 1922 231 1958 Ἀντίοχον
247 1923 295 1950 καὶ
311 1922 505 1956 Θεοφύλακτον
520 1922 707 1958 μελετώμενα.
728 1924 782 1949 Καὶ
796 1922 877 1954 εὐθὺς

82 1969 189 1994 ἐκεῖνον
201 1968 251 2002 μὲν
267 1968 406 2002 ἐξόριστον
419 1969 448 1993 ἐν
461 1969 494 2003 τῇ
517 1967 611 2002 Ὶερίᾳ,
624 1967 695 1993 οὕτω
708 1966 874 2000 καλουμένου

931 1553 1024 1580 oculos
1044 1553 1126 1580 eruit.
1145 1553 1280 1581 Postridie
1297 1553 1477 1581 Constantino
1493 1552 1654 1588 patriarcha:
1675 1559 1722 1578 ar.-

931 1605 1072 1628 cusatores
1087 1600 1220 1627 subornat
1235 1600 1367 1634 quosdam
1394 1608 1426 1627 ex
1444 1599 1503 1634 ejus
1529 1598 1721 1629 familiaribus,

931 1646 977 1679 qui
992 1645 1118 1672 Antiochi
1132 1653 1164 1673 ac
1182 1646 1373 1681 Theopbylacti
1392 1645 1505 1672 consilia
1519 1645 1628 1672 audisse
1646 1651 1675 1671 se
1689 1645 1722 1671 de

930 1690 987 1726 84
999 1698 1031 1717 eo
1043 1690 1220 1724 jurejurando
1232 1691 1384 1717 firmarunt.
1402 1689 1499 1717 Statim
1515 1690 1597 1722 igitur
1614 1690 1639 1716 in
1657 1688 1722 1715 Hie-

933 1737 1001 1763 riam
1017 1737 1139 1770 pontifex
1159 1736 1296 1770 relegatur
1308 1738 1362 1771 (est
1387 1736 1439 1763 hoc
1457 1734 1627 1770 imperatoris
1644 1734 1721 1768 pala-

933 1783 1000 1809 tium
1026 1790 1042 1809 e
1067 1782 1177 1818 regione
1199 1781 1291 1816 Cpolis
1320 1783 1353 1809 ad
1382 1782 1556 1812 subsolanum
1579 1780 1720 1815 positum),

934 1836 1050 1863 moxque
1070 1828 1189 1861 Nicetas,
1210 1833 1367 1856 sanctorum
1392 1828 1583 1863 Apostolorum
1598 1827 1721 1855 ecclesiae

932 1876 1084 1910 presbyter,
1101 1876 1252 1907 eunuchus,
1270 1876 1298 1902 in
1306 1875 1363 1909 ejus
1379 1875 1467 1902 locum
1477 1875 1660 1902 substituitur.
1671 1874 1721 1901 Al-

930 1928 983 1955 que
1009 1921 1067 1948 haec
1089 1921 1179 1949 omnia
1202 1921 1325 1956 Augusto
1347 1929 1439 1949 mense
1459 1921 1606 1955 indictione
1623 1923 1719 1954 quarta

929 1965 1110 2001 coutigerunt.

84 2014 232 2049 βασιλικοῦ
249 2014 384 2041 παλατίου
406 2014 427 2030 ⁵¹
448 2014 582 2049 ἁντιπέρα
603 2014 671 2049 πρὸς
689 2014 768 2049 εὖρον
785 2013 886 2048 ἄνεμον
904 2012 952 2039 τοῦ
970 2012 1120 2046 Βυζαντίου
1140 2015 1278 2049 κειμένου,
1294 2013 1602 2050 παρέπεμψε,Νικήταν
1612 2013 1640 2040 δὲ
1650 2012 1717 2048 (56),

83 2060 274 2096 πρεσϐύτερον
289 2060 340 2094 τῆς
359 2060 413 2086 τῶν
435 2059 534 2093 Ἀγίων
555 2059 725 2086 Ἀποστόλων
742 2058 901 2093 ἐκκλησίας,
919 2058 1057 2093 εὐνοῦχον,
1077 2060 1283 2096 προχειρίζεται
1301 2060 1445 2096 ἀρχιερέα.
1467 2060 1561 2087 Ταῦτα
1578 2060 1606 2086 δὲ
1628 2059 1717 2086 πάντα

82 2107 237 2142 ἐπράττετο
254 2107 326 2133 κατὰ
348 2106 394 2132 τὸν
409 2106 565 2140 Αὔγουστον
581 2107 654 2142 μῆνα
669 2108 720 2141 τῆς
739 2106 874 2140 τετάρτης
893 2105 1070 2139 ἰνδικτιῶνος.

119 2152 189 2179 Μετ’
209 2153 240 2179 οὐ
267 2153 335 2179 πολὺ
358 2152 386 2178 δὲ
413 2153 622 2188 μεταπέμπεται
652 2155 869 2186 Κωνσταντίνον,

961 2153 1016 2181 Nec
1026 2154 1105 2188 longo
1120 2159 1180 2188 post
1198 2159 1318 2189 tempore
1332 2154 1540 2182 Constantinum
1555 2153 1717 2182 arcessitum

741 2231 858 2258 VAltlAz'.
879 2231 1080 2261 LECTIONES.

118 2298 143 2314 ³⁸
159 2298 358 2334 θορυῆηθέντες
374 2299 404 2326 Ρ.
445 2300 466 2315 ³⁷
484 2301 614 2332 ἀσεϐείας
631 2300 659 2327 Ρ.
700 2301 722 2317 ³⁸
737 2301 784 2333 οὒς

801 2303 879 2338 p.31“?
917 2305 938 2321 ³⁵
954 2305 1053 2337 αὐτοὺς
1068 2305 1098 2331 P.

1159 2305 1182 2320 ιθ
1199 2304 1310 2340 ἔνορκον
1327 2303 1467 2332 Petavtus.
1491 2339 1494 2340 ν
1508 2303 1526 2340 ξ¹
1544 2303 1703 2340 καλουμένῳ

82 2333 218 2374 βασιλικῴ
230 2335 400 2375 παλατίῳι-
414 2336 552 2375 κειμένῳῗ
570 2344 723 2370 quanquam
741 2333 821 2364 etiam
853 2347 934 2373 supra
950 2340 988 2374 (ρ.
1002 2333 1051 2373 ὅυξ
1065 2340 1092 2375 5)
1105 2349 1112 2367 :
1127 2340 1192 2375 ἁχρι
1209 2333 1407 2374 Χρυσοπὸλεως
1422 2339 1575 2370 κατελθεῖν,
1591 2333 1716 2374 παραθα-

82 2370 198 2396 λὰσσιςν
217 2371 318 2405 χωρίον
329 2385 365 2390 ——
376 2370 514 2405 κείμενον.

747 2470 750 2472 Ἴ
770 2429 907 2457 PETAVII
928 2430 1044 2459 NOTAE.

118 2494 177 2529 (5-5)
196 2495 314 2521 Τούτων
327 2494 361 2520 δὲ
372 2492 411 2529 ἦν
427 2494 592 2530 Ἀντίοχος.
613 2495 729 2523 Eosdem
748 2502 874 2523 recenset

81 2530 267 2566 Theophanes
288 2534 316 2556 et
347 2530 617 2566 Paulttsggbiacunus.
647 2531 801 2566 Λογοϐέτης
825 2532 872 2558 τοῦ

80 2565 197 2601 δρόμου
211 2565 312 2592 dicitur
339 2565 383 2591 hic
406 2574 420 2591 a
444 2564 599 2601 Nicephoro
623 2567 642 2601 ὸν
661 2566 716 2592 τῶν
732 2564 872 2601 δημοσίων

80 2600 258 2635 πραγμάτων
272 2601 322 2631 τὰς
344 2600 513 2635 ὑπομνήσεις
532 2600 710 2635 διακομίζων,
726 2600 797 2635 quod
813 2610 871 2628 ma-

80 2637 160 2670 gistri
180 2636 321 2670 memoriae
339 2636 478 2669 proprium
497 2641 566 2662 erat.
582 2636 644 2668 Qui,
666 2642 694 2662 ut
712 2643 753 2663 est
774 2637 800 2663 in
820 2645 869 2663 uo-

81 2669 143 2696 titia
172 2670 280 2704 imperii
307 2669 466 2701 Orientalis,
489 2672 680 2698 adnotationes
697 2673 790 2701 dictat.
818 2673 868 2699 hoc

79 2712 127 2733 cat
147 2706 301 2738 scripturas
327 2705 433 2737 breves,
449 2706 548 2740 quibus
562 2714 593 2733 eu
620 2707 797 2734 continemur
811 2715 870 2740 nunc

81 2740 217 2775 principis
235 2741 346 2767 nomine
358 2745 515 2767 statuuntur
529 2745 576 2767 aut
594 2741 803 2768 confirmantur.
815 2742 868 2770 Sed

81 2782 109 2801 τι
132 2776 259 2809 precibus
273 2775 426 2808 respondet,
440 2777 490 2803 hoc
499 2782 551 2806 est.
568 2784 696 2810 respousa
712 2777 795 2804 dictat
809 2786 869 2810 qua:

81 2811 213 2844 princeps
230 2810 329 2837 libellis
347 2811 512 2844 supplicibus
525 2812 640 2838 dedi-rit.
652 2812 691 2838 Ad
709 2813 766 2839 haec
780 2813 868 2845 (Ιίνιιι-

82 2852 157 2872 nuta
172 2847 205 2872 ad
222 2846 387 2872 currendum
409 2846 517 2873 nomine
534 2847 663 2880 principis
686 2847 726 2872 Vel
743 2848 865 2880 magistri

82 2880 234 2908 oﬂiciorum
250 2881 316 2908 dare
335 2882 454 2909 muneris
470 2881 588 2916 ejusdem
612 2882 672 2915 fuit,
689 2889 703 2909 a
721 2890 773 2918 quo
787 2882 863 2916 λογο-

928 2499 1010 2535 θέτης
1024 2498 1071 2526 τοῦ
1089 2499 1190 2535 δρόμου
1207 2499 1294 2527 dictus
1306 2504 1359 2527 est.
1377 2499 1511 2527 Cteterunt
1539 2500 1608 2535 apud
1624 2499 1714 2527 Theu-

926 2535 1043 2567 phanem
1068 2535 1278 2567 Constantinus,
1318 2543 1370 2561 nou
1395 2535 1555 2566 Antiochus,
1583 2536 1713 2569 patricius

925 2570 1025 2596 dicitur
1036 2575 1061 2596 et
1079 2569 1226 2604 λογοθέτης
1242 2570 1288 2596 τοῦ
1307 2570 1420 2605 δρόμου.
1438 2570 1521 2603 Cujus
1535 2570 1621 2597 frater
1634 2571 1712 2598 Stra-

925 2604 1013 2638 tegins
1029 2606 1184 2637 spatharius
1198 2611 1225 2631 et
1241 2604 1407 2633 duim-sticus
1424 2606 1623 2633 cxcubiturum.

958 2640 1014 2673 (55)
1034 2640 1145 2673 "Oplor
1168 2640 1232 2666 κατ’
1251 2641 1355 2667 αὐτοῦ.
1377 2641 1490 2676 Augusti
1510 2641 1555 2671 50.
1572 2641 1665 2676 iudici.
1681 2643 1711 2672 4.

923 2674 1106 2710 Constantino
1141 2677 1361 2710 patriarchaluui.
1393 2674 1507 2710 abrogat
1527 2677 1540 2703 ὁ
1566 2675 1712 2710 ὁμώνυμος

923 2709 1127 2746 Constantinus,
1150 2719 1265 2745 eumque
1283 2713 1399 2746 primum
1419 2712 1445 2738 in
1459 2709 1590 2742 llicriam,
1605 2709 1668 2737 inde
1683 2711 1710 2738 in

921 2744 1077 2779 Principum
1093 2746 1207 2772 insulam
1222 2744 1357 2780 deportat.
1377 2746 1569 2780 'l‘benphnnes.

956 2781 1013 2815 (56)
1031 2781 1165 2814 Ntmjzar
1179 2780 1222 2807 δέ.
1243 2781 1402 2809 Novembris
1420 2782 1450 2807 it}
1464 2782 1519 2811 die,
1547 2781 1602 2807 ind.
1618 2780 1646 2812 5,
1662 2780 1707 2808 Ni-

920 2821 993 2843 retus
1009 2817 1042 2843 ab
1065 2817 1228 2850 imperatore
1255 2817 1288 2843 ad
1308 2817 1516 2851 patriarchnlcut
1540 2815 1630 2843 sedem
1646 2825 1693 2841 vv:

919 2856 978 2877 ctus
992 2857 1042 2878 est.
1061 2852 1147 2878 Idem.
