1952 3079
230 157 280 188 987

743 158 774 189 S.
796 157 1007 189 NICEPHORI
1028 159 1282 189 PATRIARCH/E
1301 158 1355 188 (ΣΡ.

1814 157 1867 188 933

231 216 297 243 etin
311 214 435 242 lecticam
455 214 612 248 impositura
633 213 666 240 ad
682 214 824 242 ecclesiam
844 215 942 247 mittit,
959 223 1022 242 una‘

1076 215 1123 241 καὶ
1129 214 1289 241 ἀποστέλλει
1298 214 1366 249 πρὸς
1375 213 1406 240 τὸ
1416 213 1488 248 ἱερὸν
1497 214 1599 249 φορείῳ
1606 213 1788 248 ὲποχούμενον
1796 213 1852 248 (57)
1859 234 1865 240 .

230 269 283 296 que
296 268 357 288 cum
376 267 408 288 eo
425 261 570 295 quemdam
586 268 618 287 ex
640 260 798 288 domesticis
826 261 941 288 notariis
959 268 1020 288 cum

230 307 413 335 accusationis
427 306 527 334 libello.
541 306 626 339 Quem
643 307 665 334 is
683 307 818 342 frequenti
832 308 965 335 concione
982 307 1021 334 le-

229 362 295 387 gens
307 355 340 381 ad
362 354 465 389 singula
486 354 576 389 capita
593 355 754 388 patriarchze
763 355 840 390 genis
860 354 965 390 inﬂigit.
984 355 1021 382 Ita

229 399 256 425 in
273 399 413 425 ambonem
431 398 578 432 productus
595 399 622 426 in
639 398 763 426 ordinem
789 399 932 434 redigitur,
952 406 1022 426 novo

228 444 338 471 interim
367 445 496 478 pontilice
521 445 728 472 criminationes
745 445 877 479 ejusmodi
894 446 928 472 ad
946 453 1021 472 aram

196 498 202 504 ι
227 490 394 524 pet-legente.
414 489 543 525 Sequenti
559 490 603 517 die
621 498 669 524 per
684 495 825 525 equestres
851 490 938 523 ludos,
953 498 1021 525 quos

227 543 261 563 ex
279 543 354 562 more
377 535 589 570 frequentabat,
615 535 825 563 Constantinum
854 537 880 563 in
905 537 1019 564 asellum

229 581 407 615 impositum,
427 581 493 608 sella
520 581 547 608 in
569 582 749 616 posteriorem
772 582 887 617 jumeuti
916 587 1020 617 partem

228 627 354 659 obversa,
368 628 472 655 traduci
484 636 576 655 coram
593 628 719 662 imperat,
736 633 766 655 et
779 628 812 656 ab
827 629 954 656 universo
974 637 1022 664 po—

229 673 292 707 pulo
309 673 461 700 maledictis
481 681 512 700 ac
527 674 613 708 sputis
631 674 732 708 appeti,
749 674 882 709 pauloque
903 680 964 709 post
991 676 1019 702 in

231 717 306 744 urbis
322 717 442 752 Cynegio
461 719 551 753 capite
565 720 697 746 truncari.
716 719 772 747 Hoc
792 720 829 747 uti
851 726 911 747 erat
924 720 1022 754 przeci-

230 770 302 795 sum,
318 764 344 790 in
364 764 437 791 Milio
463 772 478 792 e
500 766 609 792 sublimi
632 773 793 801 suspensum
808 771 860 794 cst.
878 766 1021 801 Reliquum

229 811 346 837 cadaver
358 818 407 844 per
423 811 499 838 urbis
526 811 632 846 plateas
655 812 764 840 funibus
779 817 899 839 tractum
922 812 951 839 in
971 812 1022 839 Pe-

228 856 370 890 lagiorum,
386 862 416 884 ut
429 863 539 890 vocant,
553 858 720 892 sepulturam
733 858 878 892 abjectum.

1072 260 1264 295 Συνεκπέμπει
1280 259 1308 285 δέ
1326 267 1388 286 τινα
1403 259 1480 294 αὐτῷ
1496 259 1550 286 τῶν
1563 259 1713 294 βασιλικῶν
1730 268 1863 294 γραμμα-

1071 306 1141 332 τέων
1157 306 1306 342 κομίζοντα
1316 307 1345 332 ὲν
1358 305 1527 341 γραμματίῳ
1540 306 1590 332 ὅσα
1604 307 1665 332 κατ’
1677 305 1761 333 αὑτοῦ
1771 315 1778 322 ο
1793 307 1867 341 ἆπερ

1072 353 1112 384 εἰς
1125 353 1246 388 ἐπήκοον
1257 352 1280 368 δ’
1297 352 1344 378 τοῦ
1359 352 1554 387 ἁθροισθέντος
1570 352 1660 378 ἐκεῖσε
1671 352 1737 378 λαοῦ
1750 352 1865 386 ἀνέγνω,

1072 399 1161 426 παίων
1176 399 1258 425 αὐτὸν
1278 398 1301 414 ⁸³
1319 398 1390 424 κατὰ
1404 399 1509 434 κόρρης
1533 398 1578 432 ἐφ’
1607 398 1648 425 ἑνὶ
1674 399 1783 433 ἑκάστῳ
1811 398 1867 423 τῶν

1072 444 1331 480 κατηγορουμένων.
1359 445 1414 471 Καὶ
1433 444 1521 474 οὔτως
1543 445 1591 470 ἐπὶ
1614 444 1661 470 τοῦ
1677 444 1806 478 ἄμϐωνος
1821 445 1868 470 ἀν-

1073 492 1237 525 ενέγκαντες
1251 491 1443 525 καθαιροῦσιν,
1463 490 1510 517 τοῦ
1528 490 1588 517 νέου
1605 490 1778 525 πατριάρχου
1796 489 1867 524 πρὸς

1072 536 1110 571 τῷ
1136 536 1323 572 θυσιαστηρίῳ
1342 536 1376 563 τὰ
1389 535 1504 563 τοιαῦτα
1521 537 1675 571 αἰτιάματα
1690 535 1869 569 ὑπαναγινώ-

1074 590 1195 614 σκοντος.
1223 583 1278 608 Καὶ
1292 583 1325 618 τῇ
1346 581 1411 617 ἑξῆς
1437 581 1486 617 τὴν
1512 581 1616 617 συνήθη
1644 581 1734 616 αὐτῷ.
1750 581 1869 615 ἱππικὴν

1073 627 1194 662 ἀγωνίαν
1215 626 1350 653 ἐπιτελῶν
1375 627 1523 662 ἐπιτρέπει
1539 626 1621 653 αὐτὸν
1637 627 1682 652 ἐπ’
1696 626 1759 652 δνου
1784 633 1870 659 προσ-

1076 673 1199 709 ιζηκότα,
1217 673 1267 708 τῆς
1279 672 1416 708 καθέδρας
1429 672 1503 708 αὺτῷ
1519 672 1588 708 πρὸς
1603 673 1661 703 τοῖς
1674 671 1810 702 ὀπισθίοις
1819 670 1870 697 τοῦ

1074 719 1144 751 ζώου
1162 719 1393 754 περιτραπείσης,
1410 719 1458 745 καὶ
1472 719 1565 745 ἐκεῖσε
1581 717 1737 744 διέλκεσθαι
1753 717 1802 744 καὶ
1815 716 1870 742 ὑπὸ

1074 765 1120 792 τοῦ
1129 764 1194 791 λαοῦ
1204 764 1305 796 παντὸς
1313 764 1519 799 δυσφημεῖσθαί
1534 773 1563 790 τε
1577 764 1624 790 καὶ
1641 772 1692 790 κατ
1698 762 1865 790 απτύεσθαι.

1074 809 1141 838 Εἶτα
1154 810 1211 846 μετ’
1228 811 1258 836 οὺ
1283 811 1350 837 πολὺ
1368 811 1396 837 ἐν
1419 810 1458 845 τῷ
1472 811 1523 845 τῆς
1544 810 1648 842 πόλεως
1663 810 1795 844 Κυνηγίῳ
1818 809 1870 843 τὴν

1074 856 1195 892 κεφαλὴν
1211 855 1293 882 αὐτοῦ
1321 855 1517 891 ἀποτμηθῆναι
1544 856 1728 891 προστέταχε,
1754 855 1801 880 καὶ
1816 856 1868 889 τὴν

230 902 281 938 μὲν
296 904 324 929 ὲν
336 902 376 939 τῷ
393 903 555 940 καλουμένῳ
571 904 659 940 Μιλίῳ
676 904 732 941 (58)
753 904 951 941 ὲξαρτηθεῖσαν
986 904 1123 940 μετέωρον
1144 902 1288 937 φέρεσθαι,
1322 901 1353 928 τὸ
1385 902 1408 928 ὅ*
1433 901 1517 928 αὑτοῦ
1539 902 1620 936 σῶμα
1657 901 1788 936 σχοινίοις
1811 899 1870 926 δια-

230 949 359 985 σύρουσιν
376 951 400 968 δδ
420 951 472 978 ἀνὰ
487 951 536 984 τὰς
554 952 712 988 λεωφόρους
726 953 777 988 τῆς
797 953 903 985 πόλεως
916 954 957 985 εἰς
968 953 1018 988 τὴν
1037 952 1091 979 τῶν
1103 950 1246 984 Πελαγίων
1263 949 1317 985 (59)
1334 949 1512 985 καλουμένην
1528 949 1620 985 ταφὴν
1634 949 1808 985 ὲξέρῤιπτον.

258 995 401 1033 |An.767.}
411 996 560 1026 ludictioue
569 1000 740 1034 postmodum
750 1000 846 1033 quinta
855 1009 887 1028 ex
897 1001 1022 1029 imbrium

1112 998 1231 1034 Πέμπτῃ
1264 997 1293 1023 δὲ
1321 997 1471 1024 ίνδικτιῶνι
1504 996 1636 1031 ἀϐροχίας
1664 994 1871 1031 ἐπικρατούσης

230 1042 318 1077 inopia
329 1044 457 1078 squalore
471 1052 502 1071 ac
518 1045 641 1072 siccitate
653 1045 709 1081 85
722 1046 872 1073 laboratum
883 1050 936 1080 est,
953 1046 1021 1074 adeo

230 1093 259 1115 ut
269 1097 301 1115 ne
311 1096 354 1116 ros
363 1090 551 1123 quidemullus
561 1098 594 1118 ex
606 1099 668 1118 aere
679 1097 846 1127 suppeteret,
856 1092 1022 1120 subsidenti-

230 1135 281 1162 bus
296 1135 388 1162 adhzec
401 1136 518 1163 fontium
541 1138 631 1171 aquis.
647 1146 700 1172 qua
715 1146 747 1165 ex
774 1146 803 1166 re
819 1138 919 1165 iactum
935 1144 975 1165 est
993 1143 1021 1166 ut

230 1181 371 1208 exhaustis
387 1182 568 1216 receptaculis
585 1183 689 1211 balnea:
704 1184 933 1212 conticescerent.
952 1184 1020 1212 Con-

230 1226 367 1254 stantinus
382 1234 414 1254 ea
442 1234 471 1254 re
495 1228 687 1257 animadversa
714 1229 870 1257 instaurare
895 1230 1024 1264 aqumdu-

231 1275 304 1299 ctum
318 1272 392 1299 illum
404 1273 533 1305 instituit,
546 1282 627 1308 quem
651 1274 857 1302 Valentinianus
877 1275 1025 1309 imperator

231 1317 296 1344 olim
312 1323 500 1351 exslruxerat,
514 1321 561 1347 sed
579 1320 683 1348 Avares
698 1325 792 1355 postea
815 1321 934 1349 Heraclii
955 1327 1024 1348 tem-

231 1363 344 1398 poribus
355 1369 521 1392 everterant.
537 1365 606 1401 Ergo
619 1366 741 1400 pluribus
755 1367 789 1393 ad
808 1366 834 1394 id
847 1367 906 1401 ejus
922 1366 1026 1400 opiﬁeii

231 1409 324 1444 gnaris
336 1417 368 1437 ex
381 1414 436 1438 toto
448 1411 563 1446 imperio
578 1413 737 1445 contractis,
751 1412 896 1447 multisque
910 1421 943 1440 ex
956 1420 1024 1439 aera-

232 1455 274 1481 rio
291 1455 399 1489 publico
431 1456 563 1490 impensis
587 1458 720 1492 pecuniis,
745 1462 821 1485 tanto
846 1458 922 1492 operi
943 1458 1023 1484 linem

233 1500 372 1534 imposuit.
398 1500 451 1528 Sed
469 1510 530 1529 cum
548 1504 607 1529 auri
635 1504 733 1530 mirum
750 1504 777 1530 in
794 1504 904 1530 modum
931 1504 956 1529 in
979 1503 1024 1531 illo

234 1546 335 1573 Christi
353 1546 430 1574 hoste
441 1548 576 1582 cupiditas
584 1548 722 1584 ﬂagraret,
741 1556 838 1575 novum
851 1556 910 1576 sese
926 1548 1023 1576 Midam

234 1591 358 1618 exhibuit
371 1597 398 1619 et
411 1600 506 1619 aurum
523 1601 603 1620 omne
616 1595 641 1620 in
659 1594 800 1621 thesauros
815 1602 879 1622 suos
891 1595 1022 1621 condidit.

235 1636 313 1664 Unde
327 1638 428 1665 coactis
442 1638 475 1665 ad
493 1639 584 1666 tributi
602 1640 811 1675 pensitationem
829 1640 961 1667 violenter
978 1649 1026 1675 po-

1072 1044 1217 1079 αὺχμῶδες
1235 1044 1284 1070 καὶ
1306 1043 1390 1078 ξηρὸν
1410 1042 1508 1077 γέγονε
1523 1042 1554 1069 τὸ
1570 1043 1748 1077 κατάστημα,
1768 1041 1805 1072 ὡς
1821 1041 1871 1067 καὶ

1073 1090 1160 1125 αὐτὴν
1173 1089 1390 1117 ἀπολελοιπέναι
1404 1089 1426 1105 ⁵⁸
1438 1088 1488 1124 τὴν
1501 1088 1595 1124 ἀέριον
1607 1087 1715 1123 δρόσον,
1727 1087 1766 1113 ἔτι
1777 1086 1826 1113 καὶ
1835 1086 1872 1112 τὰ

1074 1137 1180 1170 πηγαῖα
1204 1134 1422 1161 ὑποστέλλεσθαι
1438 1134 1560 1169 νάματα,
1576 1133 1652 1168 ἀργά
1676 1141 1706 1159 τε
1725 1132 1816 1167 μένειν
1831 1132 1872 1158 ἐν-

1073 1181 1169 1208 τεῦθεν
1197 1181 1246 1207 καὶ
1261 1181 1296 1208 τὰ
1318 1180 1420 1215 λουτρὰ
1442 1181 1497 1206 τῶν
1514 1179 1661 1215 ἐκδοχείων
1677 1178 1765 1205 κενῶν
1782 1179 1871 1213 ὑπαρο

1074 1227 1190 1260 ξὰντων.
1213 1227 1261 1254 Ἐκ
1278 1226 1376 1253 τούτου
1397 1225 1558 1260 βουλεύεται
1580 1225 1636 1261 (6θ)
1664 1225 1872 1255 Κωνσταντίνος

1076 1274 1122 1301 τὸν
1137 1274 1185 1300 τοῦ
1200 1273 1295 1304 ὓδατος
1313 1272 1394 1299 ὁλκὸν
1416 1272 1605 1305 ἀνακαινίζειν
1619 1272 1648 1298 ὃν
1663 1269 1872 1302 Βαλεντινιανδς

1074 1321 1088 1346 ὁ
1105 1319 1233 1354 βασιλεὺς
1248 1318 1464 1350 κατεσκεύασεν,
1484 1318 1537 1345 ὑπὸ
1559 1318 1587 1345 δὲ
1614 1317 1738 1352 Ἀϐάρων
1753 1316 1798 1343 ἐπὶ
1816 1316 1872 1342 τῶν

1080 1365 1245 1400 Ἡρακλείου
1270 1365 1376 1400 χρόνων
1395 1365 1443 1392 τοῦ
1466 1364 1601 1400 βασιλέως
1627 1362 1872 1398 καταστραφέντα.

1075 1412 1130 1438 Καὶ
1143 1410 1287 1440 πλείστους
1302 1410 1401 1445 ἄνδρας
1413 1409 1541 1444 τεχνίτας
1556 1409 1596 1440 είς
1609 1408 1757 1444 οἰκοδομὴν
1771 1406 1873 1442 ἐμπεί-

1077 1466 1141 1493 ρους
1166 1457 1198 1483 ὲκ
1223 1456 1274 1490 τῆς
1301 1456 1356 1482 ὑπὸ
1387 1455 1534 1490 Ῥωμαίων
1563 1455 1654 1490 ἀρχῆς
1678 1452 1872 1487 συναθροίσας,

1076 1502 1162 1528 πολλά
1177 1510 1205 1528 τε
1219 1501 1404 1536 δαπανήματα
1420 1500 1513 1530 αὐτοῖς
1528 1500 1560 1525 ἐκ
1577 1498 1632 1525 τῶν
1645 1497 1785 1534 δημοσίων
1801 1505 1874 1532 χρη-

1078 1548 1171 1582 μάτων
1185 1546 1415 1581 προσαναλώσας.
1430 1545 1504 1572 οὓτω
1514 1545 1546 1571 τὸ
1559 1545 1682 1571 τοιοῦτον
1693 1544 1776 1579 ἔργον
1790 1543 1875 1569 διετέ-

1075 1594 1149 1620 λεσε.
1173 1593 1340 1628 Φιλόχρυσος
1355 1592 1384 1618 δὲ
1407 1591 1444 1617 ὢν
1469 1592 1483 1617 ὁ
1508 1590 1686 1626 μισόχριστος
1704 1590 1763 1621 νέος
1785 1589 1874 1621 Μίδας

1076 1640 1284 1669 Κωνσταντῖνος
1301 1637 1504 1667 ἀναδείκνυται,
1522 1637 1568 1663 καὶ
1582 1637 1628 1662 τὸν
1644 1635 1746 1671 χρυσὸν
1762 1635 1874 1662 ἅπαντα

234 1682 313 1716 polis,
330 1690 434 1710 summa
451 1684 558 1718 frugum
573 1692 605 1711 ac
618 1692 745 1719 pecorum
754 1685 844 1712 vilitas
862 1685 922 1717 fuit,
939 1693 1022 1719 usque

1076 1682 1304 1720 ἁποθησαυρίζει.
1328 1683 1372 1709 Ἐν
1387 1680 1428 1714 οἷς
1444 1682 1604 1709 ,συνέϐαινεν
1621 1682 1651 1708 ὲν
1665 1682 1726 1712 ταῖς
1745 1681 1800 1707 τῶν
1825 1681 1874 1715 φό-

234 1734 267 1753 eo
279 1732 308 1753 ut
327 1727 407 1754 tritici
432 1728 516 1755 modii
542 1729 701 1764 sexaginta,
732 1730 825 1757 hordei
855 1731 1024 1765 septuaginta

235 1773 353 1800 nummis
365 1773 479 1808 singulis
492 1775 591 1801 addicti
606 1776 669 1808 sint,
683 1783 713 1802 ac
723 1776 853 1810 pleraque
869 1777 967 1812 exiguo
977 1778 1024 1804 ad-

235 1818 344 1844 modum
374 1819 461 1853 pretio
483 1820 667 1846 constiterint.
686 1821 765 1853 Quod.
794 1821 881 1854 ipsum
897 1823 930 1849 ad
944 1830 1026 1857 agro—

236 1871 296 1889 rum
318 1863 484 1891 fertilitatem
504 1870 530 1891 et
548 1872 637 1892 rerum
659 1866 765 1900 copiam
782 1867 955 1894 trahentibus
979 1868 1026 1894 im-

236 1910 342 1943 peritis,
359 1911 548 1944 prudentiores
568 1910 669 1945 quique
694 1911 813 1939 hominis
839 1913 976 1948 tyrannidi
998 1918 1026 1941 et

237 1956 358 1983 avaritiae
374 1963 405 1983 ac
415 1957 569 1984 crttdclitali
588 1958 763 1984 tribuebant.‘

1077 1740 1132 1766 ρων
1151 1730 1269 1766 πράξεσι
1291 1729 1346 1756 τῶν
1369 1727 1613 1765 φορολογουμένων
1640 1726 1811 1762 βιαζομένων
1827 1727 1872 1752 εὖ-

1077 1776 1158 1807 ῶνως
1172 1776 1205 1802 τὰ
1218 1776 1269 1809 τῆς
1280 1774 1333 1810 γῆς
1348 1775 1521 1810 καρπήματα
1544 1773 1592 1799 καὶ
1605 1773 1767 1807 γεννήματα
1781 1771 1873 1798 διαπι-

1077 1821 1262 1858 πράσκεσθαι,
1285 1821 1323 1852 ὼς
1356 1820 1395 1856 τῷ
1422 1820 1572 1855 νομίσματι
1603 1820 1737 1859 ἐξήκοντα
1764 1817 1874 1852 μοδίους

1077 1871 1153 1897 σίτου
1175 1868 1405 1904 διαγοράζεσθαι,
1436 1868 1535 1903 κριθῆς
1559 1867 1587 1894 δὲ
1610 1867 1808 1902 ἑϐδομήκοντα,
1827 1866 1875 1892 καὶ

1077 1917 1194 1943 πλεῖστα
1201 1917 1269 1950 ἄγαν
1283 1915 1399 1951 βραχείᾳ
1409 1916 1480 1941 πάνυ
1495 1913 1716 1950 ἀπεμπολεῖσθαι
1730 1913 1872 1947 ποσότητι.

1082 1962 1171 1998 Ὅπερ
1187 1963 1244 1993 τοῖς
1269 1962 1319 1996 μὲν
1341 1962 1469 1996 ἀνοήτοις
1492 1960 1607 1995 εὐφορία
1628 1968 1659 1985 τε
1684 1959 1733 1994 τῆς
1756 1958 1807 1992 γῆς
1829 1958 1874 1984 καὶ

236 2002 409 2037 πραγμάτων
422 2003 534 2038 εὐθηνία
555 2004 705 2039 ἐνομίζετο,
728 2006 786 2036 τοῖς
799 2005 828 2032 δὲ
862 2003 894 2033 εὖ
913 2006 1044 2042 φρονοῦσι
1063 2008 1222 2044 τυραννίδος
1237 2007 1284 2034 καὶ
1312 2006 1532 2043 φιλοχρηματίας
1548 2006 1628 2041 ἔργον
1645 2006 1694 2031 καὶ
1726 2003 1875 2038 ἀπανθρω-

237 2049 302 2079 πίας
319 2048 396 2081 νόσος
413 2050 544 2085 ἐκρίνετο.

273 2095 337 2131 [Am
350 2095 428 2133 768.]
444 2098 592 2125 indictione
610 2098 707 2125 deinde
722 2099 835 2134 septima
847 2099 1027 2129 Constantino

239 2142 310 2169 [ilius
327 2143 458 2177 nascitur,
468 2152 548 2178 quetn
565 2145 722 2172 Authimum
737 2147 869 2174 nominat.
884 2146 940 2174 Sub
955 2147 1026 2174 idem

240 2192 346 2221 tempus
354 2186 462 2216 Nicetas
476 2190 631 2224 patriarcha
642 2191 783 2219 catholicae
795 2192 924 2219 Ecclesize
937 2193 1008 2220 :ediii
1018 2209 1026 2212 -

1117 2102 1196 2128 Κατά
1210 2101 1239 2127 δὲ
1265 2100 1457 2135 τὴνέϐδόμην
1485 2100 1640 2126 namnam
1668 2099 1791 2125 τίκτεται
1818 2098 1876 2129 υἱὸς

1083 2146 1293 2181 Κωνπαντίνῳ,
1312 2146 1341 2172 ὃν
1363 2145 1495 2172 ἐκάλεσεν
1513 2145 1658 2180 Ἀνθιμον.
1689 2144 1757 2170 Ὑπὸ
1777 2143 1805 2169 δὲ
1830 2143 1876 2168 τὸν

1082 2193 1163 2220 αὑτὸν
1183 2193 1279 2228 καιρὸν
1296 2192 1351 2228 (til)
1375 2192 1498 2227 Νικήτας
1512 2192 1526 2218 ὁ
1541 2192 1589 2226 τῆς
1615 2190 1719 2222 πόλεως
1744 2189 1876 2225 πρόεδρος

885 2276 1003 2304 VARIE
1024 2275 1227 2304 LECTIONES.

275 2331 298 2347 “
318 2332 440 2369 ὑπήκοον
456 2332 486 2360 P.
525 2333 549 2350 ”
557 2332 631 2368 αὐτῷ
643 2331 682 2360 P:
701 2333 736 2361 cf.
749 2341 777 2368 ι).
795 2334 811 2361 7
825 2334 853 2361 9.
892 2334 915 2350 “
925 2333 1123 2371 διασύραντεςῖ
1138 2343 1172 2361 an
1186 2334 1331 2368 Stadupév?
1368 2334 1389 2349 “‘
1411 2333 1630 2359 ἐπιλελοιπέναιῖ

933 2405 1074 2433 PETAVII
1091 2405 1209 2433 NOTA‘J.

278 2460 335 2494 (57)
352 2459 465 2504 φορείῳ
479 2460 697 2504 ἐποχούζιενρν.
707 2459 778 2504 Δ’Ῐςιιιη
793 2461 864 2504 enim
886 2461 1034 2489 crudeliter
1050 2464 1072 2491 D
1088 2460 1189 2504 μικροῦ
1201 2461 1333 2504 σεκρέτου
1360 2462 1409 2503 τῇς
1423 2464 1558 2504 τροπικῆς
1573 2461 1877 2504 ξξρλογραφίαςιοῦσης

245 2495 420 2531 imperatoris
430 2495 505 2528 jussu
521 2497 676 2529 vapularat,
686 2500 715 2522 ut
728 2496 853 2523 incedere
868 2504 919 2523 non
930 2503 1030 2531 posset.

244 2531 281 2557 De
297 2530 357 2563 ejus
372 2529 532 2565 καθαιρέσει
550 2539 583 2556 ac
597 2531 772 2558 accusatione
788 2529 978 2565 Theophanes.

282 2565 339 2600 (58)
364 2566 405 2598 Τῷ
420 2565 596 2600 καλουμένῳ
616 2566 721 2598 Mcl/(p.
739 2567 789 2593 Adi
814 2566 924 2592 Snidam
938 2571 965 2592 et
981 2566 1034 2594 Cu-

245 2601 386 2634 ropalaten
399 2601 455 2628 sive
471 2601 615 2628 Codinum.
630 2600 785 2627 Ediiicium
801 2601 936 2635 quoddam
954 2602 1032 2635 (ἐμοιί

247 2636 297 2662 fuit
324 2636 409 2670 signis
440 2636 524 2662 variis
552 2642 690 2662 ornatum.
719 2636 794 2669 Quod
822 2641 850 2663 ct
876 2635 1033 2663 Milliarium

247 2679 358 2697 aureum
386 2671 413 2706 in
445 2671 540 2697 notitia
574 2671 685 2702 dicitur,
714 2671 948 2706 regione‘tipol.

283 2706 338 2740 (59)
366 2705 427 2733 Τῶν
437 2705 603 2740 Πελιιγίων.
617 2705 797 2740 Theophanes
809 2709 846 2741 (p.
860 2707 940 2734 3720
952 2711 978 2734 et
994 2707 1036 2741 D).

284 2741 339 2776 (60)
366 2741 418 2768 Ἐκ
441 2742 550 2767 τούτου
572 2741 764 2772 βουλεύεται.
792 2741 903 2769 Factum
934 2743 986 2769 hoc
1013 2750 1038 2768 a.

247 2776 417 2804 Constantini
433 2776 478 2803 ‘27.

285 2811 344 2843 tul)
370 2810 443 2837 Ὑπὸ
468 2810 501 2837 δὲ
523 2811 576 2837 τὸν
595 2811 689 2837 αὐτὸν
718 2812 831 2845 καιρόν.
860 2811 1039 2845 Theophanes

249 2848 286 2878 (p.
307 2846 358 2872 7:75
374 2845 404 2880 li.)
435 2855 441 2873 :
459 2845 498 2882 τῷ
510 2846 536 2872 δὲ
550 2847 623 2882 αὐτῷ
639 2846 694 2873 ἔτει
705 2846 828 2882 Νικήτας
842 2847 1039 2882 ὁψευδώνυμος

249 2881 427 2918 πατριάρχης
451 2881 500 2913 τὰς
519 2882 547 2908 ἐν
572 2882 610 2917 τῷ
643 2881 831 2917 πατριαρχείῳ
857 2883 963 2914 εἰκόνας
991 2881 1038 2909 τοῦ

1087 2500 1268 2531 κατήνεγκεν,
1284 2497 1332 2523 καὶ
1353 2497 1408 2523 τῶν
1437 2497 1541 2525 λοιπῶν
1556 2498 1670 2525 εἰκόνων
1689 2497 1723 2524 τὰ
1739 2497 1877 2532 πρόσωπα

1087 2532 1208 2568 ἔχρισεν.
1226 2531 1276 2568 Hic
1299 2537 1403 2559 secreta
1423 2534 1546 2568 προόδων
1563 2532 1633 2560 οἶκοι
1651 2538 1811 2568 νοειιιιωιιε
1827 2531 1876 2558 Ni-

1087 2567 1218 2601 cephoro,
1247 2567 1299 2594 hoc
1324 2572 1363 2593 est
1395 2567 1581 2601 processuum,
1613 2575 1681 2602 quos
1706 2567 1876 2602 προκένσους

1087 2608 1154 2629 tetas
1172 2603 1216 2638 illa
1235 2602 1387 2629 nominavit
1408 2608 1454 2629 aut
1471 2604 1653 2638 προκέσσους.
1673 2603 1738 2636 Quae
1754 2610 1804 2629 vox
1820 2607 1875 2638 tam

1088 2637 1279 2672 procationem
1297 2637 1382 2670 ipsam
1396 2645 1476 2672 quam
1494 2636 1638 2665 stationem
1659 2637 1803 2672 signiﬁcat.
1820 2636 1876 2663 Ita-

1089 2680 1141 2707 que
1165 2672 1321 2709 πρόκεσσος
1345 2672 1401 2699 τῶν
1428 2673 1592 2709 Βλαχερνῶν
1620 2673 1646 2700 in
1674 2672 1875 2709 nlex._Cltron.

1092 2715 1141 2742 pro
1163 2707 1327 2738 suburbano,
1344 2712 1374 2743 Et
1389 2707 1541 2742 πρόκεσσον
1558 2707 1736 2743 ποιησαοθαι.
1766 2707 1818 2743 hoc
1834 2711 1878 2733 est

1093 2741 1241 2775 procedere,
1257 2743 1327 2776 apud
1344 2741 1536 2778 Theophanem
1556 2749 1583 2772 et
1599 2741 1677 2770 alios.
1696 2742 1878 2776 Cnropalates

1094 2783 1183 2804 ιιι-νιος
1199 2778 1258 2804 dies
1275 2779 1419 2811 quotannis
1434 2784 1568 2812 recenset,
1585 2779 1684 2812 quibus
1698 2778 1879 2811 imperatores

1093 2818 1169 2838 extra
1189 2813 1318 2848 palatium
1339 2814 1521 2844 procedebant
1544 2820 1570 2841 et
1594 2815 1619 2840 in
1638 2812 1804 2848 patriarchio
1815 2819 1880 2845 per-

1094 2848 1237 2874 noctabant
1255 2847 1280 2873 in
1304 2847 1431 2880 κελ).ίοις,
1448 2849 1499 2876 ltoc
1514 2854 1558 2876 est
1578 2849 1683 2877 cellulis
1701 2848 1876 2881 quibusdam.

1094 2883 1139 2909 lla:
1159 2887 1222 2910 sunt
1237 2882 1352 2910 fortasse
1364 2891 1431 2918 quas
1446 2884 1566 2919 προόδων
1582 2885 1674 2916 οἴκους
1693 2882 1877 2918 appellarunt.
