1952 3079
205 162 252 194 991

718 165 748 193 S.
771 163 979 193 NICEPHORI
1001 163 1255 192 ΡΛΤῘΗᾹΒΩΙΙᾸΞ
1273 163 1326 192 CP.

1786 158 1838 189 992

208 219 341 253 religiosis
355 218 508 244 hominibus
522 217 714 245 exsecrabilem
730 219 879 251 exstitisse,
893 226 992 252 nequa~
1009 242 1011 248 ,

1063 219 1102 253 ἀρ
1115 216 1161 245 οὖν
1178 217 1283 244 ἐκείνου
1307 218 1362 244 πᾶν
1378 216 1494 252 αίςχρὺν
1524 217 1631 249 γέγονε,
1647 214 1791 249 βδελυκτός
1809 224 1838 242 τε

208 272 287 298 quam
305 268 345 290 est
356 262 590 290 obscurum.Nam
605 271 665 291 cum
681 265 754 291 omni
771 272 800 291 se
814 265 839 291 iu
855 264 995 291 libidinum

209 316 306 343 genere
316 308 467 341 solut-aret,
492 308 579 343 iisque
603 316 701 342 corpus
724 317 801 335 suum
824 313 850 336 et
875 309 995 336 animum

210 360 404 388 corispurcaret
428 363 488 390 qua:
513 361 566 382 tam
598 356 723 382 barbaris
741 363 822 389 quam
853 355 998 387 gentilibus

211 406 274 428 sunt
290 402 382 433 vetita,
394 402 472 436 longe
486 403 603 436 pecudes
618 402 689 436 ipsas
711 401 833 429 fteditate
850 402 996 436 superavit.

212 448 301 481 Atque
319 448 376 475 haec
392 455 443 474 non
455 448 531 482 pauci
550 449 595 482 qui
608 455 669 474 cum
684 456 715 474 eo
727 448 852 474 vixerunt
865 452 891 475 et
903 448 998 475 hodie—

214 502 267 528 que
277 494 571 528 supersmittcstificari
588 499 732 528 poterunt;
753 502 802 520 nec
821 501 872 520 non
883 497 909 520 et
924 494 998 520 varia

214 541 337 574 corporis
367 539 538 566 incommoda
559 539 657 572 quibus
686 539 756 565 idem
782 538 832 565 fuit
854 539 998 566 obnoxius.

213 585 356 612 Doloribus
376 585 448 611 enim
479 592 511 611 ac
535 585 714 615 cruciatibus,
740 584 783 618 qui
806 584 935 618 explicari
956 585 998 611 di-

213 632 299 660 cendo
311 633 455 664 nequeunt.
472 630 693 663 excarniﬁcatus,
712 629 862 663 cuiusmodi
879 630 1000 657 ulcerosa

214 683 327 709 corpora
344 675 445 708 perpeti
466 679 678 701 consentaneum
690 680 741 706 est,
760 675 876 709 pessime
897 682 927 701 ac
943 676 1001 701 sine

214 721 270 749 ullo
281 721 399 748 remedio
416 726 476 747 erat
497 720 621 747 :Iﬂ‘ectus.
638 720 727 752 Quare
742 720 867 746 nonnulla
881 721 999 747 membra

215 767 352 794 ulceribus
367 767 445 793 adesa
466 773 497 792 ac
511 771 671 799 consumpta
685 774 744 792 cum
767 766 929 792 intolerabili
951 766 1000 792 do-

216 811 273 838 lore
292 810 465 843 ditlluebanl,
481 811 527 837 sed
540 815 566 837 et
586 815 715 844 perpetuo
730 810 898 844 intemperiis
915 811 1001 845 agita—

215 861 260 884 tus
273 857 431 891 plerumque
457 860 551 882 noctes
575 856 714 882 insomnes
736 863 768 882 ac
796 856 1001 882 molestissimas

216 901 342 929 ducebat.
359 901 462 928 Omitto
487 902 575 928 victus
597 901 775 928 acerbitatem
800 909 832 928 ac
860 901 1002 935 turpitudi-
1020 891 1041 917 Β

216 952 303 973 nem:
331 947 387 981 88
417 946 546 982 quidquid
571 947 641 973 enim
666 947 691 973 in
723 947 836 980 prandio
876 947 929 974 eihi
958 955 1004 981 per

217 991 309 1019 fauces
323 993 477 1026 trajecerat,
488 993 512 1019 id
530 993 644 1019 subinde
667 993 813 1020 vomitibus
829 993 1002 1019 excernebat.

218 1037 284 1064 Nam
300 1037 371 1064 illam
388 1038 413 1064 iu
431 1038 547 1065 famulos
560 1038 744 1072 arrogantiam
761 1046 793 1065 ac
810 1038 945 1065 feritatem
962 1043 1004 1065 at-

218 1091 270 1118 que
280 1086 305 1110 in
317 1084 457 1118 exigendis
469 1084 607 1119 obsequiis
622 1085 808 1111 morositatem
822 1084 883 1119 quis
898 1084 1004 1118 assequi

219 1130 332 1157 dicendo
353 1130 455 1165 possit?
476 1129 656 1157 Caedcbantur
667 1130 789 1165 quotidie
816 1130 898 1164 virgis
922 1130 1005 1164 pluri-

219 1174 270 1202 bus
283 1175 460 1209 plurimorum
477 1183 601 1210 corpora.
618 1176 647 1203 In
666 1184 735 1211 quos
749 1176 793 1203 ille
804 1176 900 1211 pugnis
911 1181 936 1202 et
950 1176 1006 1203 cal-

220 1220 296 1248 cibus
309 1221 431 1248 insiliens
447 1221 532 1248 uihilo
546 1229 575 1249 se
591 1222 741 1249 carnivoris
761 1223 854 1250 bestiis
872 1223 1006 1250 mitiorem

220 1266 376 1299 praestabat.
390 1265 451 1297 Jan]
471 1268 653 1295 membrorum
683 1268 877 1301 oculorumque
901 1268 1009 1295 mutila-

220 1312 308 1342 tiones
323 1320 354 1339 ac
369 1313 473 1347 reliqua
491 1313 516 1340 id
533 1321 618 1348 genus
631 1314 730 1340 acerba
745 1313 889 1348 supplicia,
901 1318 955 1340 tum
968 1314 1008 1339 iu-

223 1363 351 1385 noeenlcs
373 1359 498 1385 homines
530 1359 604 1385 ferro
628 1366 660 1385 ae
675 1358 791 1385 flammis
818 1359 1008 1393 interemptos,

224 1404 373 1438 praesertim
391 1403 570 1437 orthodoxos,
583 1404 646 1438 quid
668 1404 766 1431 attinet
778 1404 887 1431 dicere?
903 1405 1008 1431 Etenim

225 1448 324 1476 furoris
338 1448 410 1476 illius
426 1450 558 1476 satellites
567 1457 600 1476 ac
615 1450 732 1476 ministri
747 1458 827 1477 nasos
846 1450 1010 1484 quampluri-

225 1501 284 1520 mos
302 1494 403 1521 sanctis
415 1495 480 1521 viris
495 1495 630 1522 abscissos
650 1495 676 1522 in
693 1496 777 1527 disco.
789 1500 817 1522 nt
833 1496 894 1522 olim
911 1495 1009 1523 Herodi

225 1539 405 1567 Prmcursoris
424 1545 516 1575 caput,
532 1541 571 1568 sic
583 1548 653 1568 novo
668 1540 766 1567 Herodi
782 1541 933 1569 suavissimi
953 1541 1010 1568 loco

226 1586 347 1613 muneris
358 1585 519 1614 offerebant.
533 1588 573 1614 Ad
584 1587 641 1614 hate
650 1587 748 1615 effossa
762 1587 897 1622 plerisque
911 1587 1010 1614 lumina

226 1632 418 1666 ambustasque
430 1639 524 1666 genas,
536 1638 562 1659 et
571 1634 732 1660 exhaustum
745 1635 901 1668 sanguinem
915 1639 1015 1661 testan-

228 1681 272 1703 tur
287 1677 303 1703 ii
315 1677 360 1711 qui
373 1677 400 1703 in
417 1677 577 1704 hodiernum
598 1668 668 1704 diem
682 1685 776 1705 earum
795 1678 912 1705 cladium
930 1679 1013 1705 vesti—

227 1723 269 1756 gia
286 1722 491 1750 circumferunt.
506 1723 634 1750 Inusitata
649 1731 729 1757 porro
746 1729 773 1750 ct
792 1724 926 1751 horrenda
944 1731 1015 1750 mor-

229 1769 265 1796 tis
279 1777 378 1803 gcuera
393 1769 426 1796 ab
439 1769 534 1796 eodem
545 1771 700 1804 excogitata
719 1777 771 1797 non
792 1771 871 1797 modo
884 1770 1015 1804 profunda

229 1819 328 1842 norunt
355 1815 450 1846 maria,
471 1816 518 1842 sed
537 1820 562 1842 et
582 1815 639 1849 ipsa
657 1817 852 1849 propemodum
870 1823 934 1842 saxa
957 1823 1018 1850 per-

230 1865 328 1885 sonare
344 1859 483 1886 videntur.
499 1859 575 1891 Quod
590 1866 656 1885 vero
680 1860 712 1885 ad
735 1866 783 1885 eas
808 1859 937 1885 victorias
958 1866 1018 1893 spe-

230 1897 288 1931 ριιῗι
302 1913 370 1940 quas
387 1905 458 1932 illius
479 1905 601 1933 fautores
620 1905 706 1932 rabidi
721 1913 752 1932 ac
774 1904 870 1931 furiosi
898 1905 1019 1931 homines

232 1952 301 1978 talso
318 1952 380 1978 huic
393 1951 533 1986 aﬂingnnt.
549 1958 578 1979 ut
589 1953 622 1979 de
639 1960 671 1980 ea
691 1952 788 1986 loquar
802 1959 863 1986 quae
879 1952 949 1978 inter
963 1959 1021 1978 om-

234 2005 281 2024 nes
308 1999 442 2032 prtecipua
470 2003 606 2029 censetur,
635 1998 768 2032 ejusmodi
799 2003 872 2024 sunt.
895 1997 964 2025 Cum
987 1999 1019 2024 ad

235 2043 430 2078 propulsandos
456 2044 640 2071 occidentales
668 2043 787 2077 Scythia:
811 2044 922 2078 populos
937 2051 1021 2078 expc-

235 2090 363 2116 ditionem
379 2095 510 2124 parasset,
525 2090 646 2117 collectis
660 2090 785 2117 omnibus
799 2090 883 2124 copiis
893 2091 1022 2117 commis-

236 2143 320 2170 soquc
332 2143 392 2162 cum
410 2136 486 2162 hoste
501 2135 604 2169 prtelio,
620 2135 727 2169 qualem
744 2135 806 2161 inde
819 2135 960 2162 victoriam
978 2143 1022 2163 re—

236 2181 407 2215 tulerit.quaa
430 2182 463 2207 ad
481 2181 532 2208 hoc
549 2186 655 2215 tempus
676 2186 819 2218 supersunt
847 2181 958 2215 vestigia
975 2181 1022 2207 tle-

1047 264 1107 299 Θεῷ
1130 264 1176 291 καὶ
1199 264 1326 298 ἀγγέλοις
1352 262 1397 289 καὶ
1427 262 1582 298 ἀνθρώποις
1611 263 1667 292 τοῖς
1698 262 1840 288 εὐσεϐέσιν

1048 311 1183 345 ὑπῆρχεν,
1200 309 1431 345 οὺκὰσυμιρανές.
1446 309 1502 335 Καὶ
1511 309 1566 344 γὰρ
1579 309 1618 339 εἰς
1632 308 1665 334 τὰ
1676 310 1726 342 τῆς
1739 307 1840 342 σαρκδς

1049 357 1122 392 πάθη
1137 355 1374 390 κατασυρόμενος,
1388 355 1435 381 καὶ
1450 356 1506 385 τοῖς
1517 353 1758 388 ἀπηγορευμένοις
1773 352 1841 386 βαρ-

1049 402 1144 436 6άροις
1176 401 1225 428 καὶ
1257 401 1372 434 Ἕλλησι
1397 400 1475 435 σῶμα
1497 400 1544 426 καὶ
1568 399 1657 433 ψυχὴν
1682 399 1696 424 ὁ
1722 398 1841 429 δείλαιος

1049 448 1285 482 ὲμμολυνόμενος,
1314 447 1362 482 τὴν
1387 446 1441 472 τῶν
1462 445 1568 478 ἀλόγων
1597 444 1676 476 ζώων
1695 443 1841 478 παρήλκε

1050 493 1213 527 κτηνωδίαν.
1226 493 1280 519 Καὶ
1289 493 1374 518 ταῦτα
1389 493 1440 518 οὐκ
1454 491 1541 524 ὀλίγοι
1556 490 1610 516 τῶν
1629 488 1842 524 παραιτησαμέ-

1051 548 1103 565 νων
1114 539 1136 554 ¹⁰
1152 538 1225 573 αὐτῷ
1256 539 1337 573 μέχρι
1362 537 1443 571 δεῦρο
1461 537 1604 572 περιόντες
1631 534 1842 568 ἐπαγγελλέτω-
1871 559 1879 568 ,ξ

1052 594 1110 612 σαν.
1131 585 1200 612 Μεθ’
1217 582 1254 610 ὧν
1268 585 1315 610 καὶ
1339 582 1427 610 τᾶλλα
1442 583 1476 609 δι’
1494 583 1511 609 ἂ
1539 582 1604 617 περὶ
1625 582 1654 607 τὺ
1672 581 1752 615 σῶμα
1768 580 1844 615 αὐτῷ
1869 573 1871 578 ¹

1051 633 1235 666 κατήντησαν.
1255 631 1350 662 Πόνοις
1376 630 1430 667 γαρ
1451 629 1499 655 καὶ
1528 628 1674 662 ἀλγηδόσιν
1698 627 1843 662 ἀρρήτοις,

1051 677 1095 704 οἷα
1111 678 1185 708 εἰκὸς
1212 678 1277 707 τοὺς
1302 676 1479 711 ήλκωμένους
1510 675 1644 709 πάσχειν,
1675 674 1845 708 βαλλόμενος

1052 725 1177 758 πονήρως
1189 723 1260 756 ἄγαν
1276 722 1323 748 καὶ
1335 721 1494 756 ἀνηκέστως
1514 721 1641 750 διέκειτο,
1654 721 1700 746 καί
1715 729 1776 748 τινα
1789 719 1845 745 τῶν

1054 769 1143 804 μελῶν
1159 769 1212 795 ὑπὸ
1228 769 1277 803 τῆς
1291 767 1434 798 ἑλκὼσεως
1451 767 1497 792 καὶ
1513 766 1690 801 διαῦρώσεως
1702 765 1846 799 ἁπξῤῥυη-

1052 816 1139 842 κότων
1153 814 1227 849 αὐτῷ
1253 813 1378 844 ἐλεεινῶς
1397 812 1593 847 κατετρύχετο,
1609 811 1796 845 συνεχέστατα
1815 811 1845 835 ὁὲ

1054 860 1106 886 ὑπὸ
1120 859 1175 886 τῶν
1204 859 1333 894 Ἐρινύων
1347 857 1593 892 ὲκδειματοὺμενος
1620 855 1727 890 πικρῶς
1750 864 1779 881 τε
1797 855 1846 881 καὶ

1055 905 1165 937 ἁῢπνως
1181 905 1313 935 πολλάκις
1338 903 1383 929 τὴν
1413 902 1571 937 νυκτερινὸν
1596 901 1694 935 καιρῖιν
1723 901 1844 935 διήνυσε.

1055 950 1201 985 Παρείσθω
1216 950 1250 976 τὰ
1264 949 1312 975 νῦν
1327 949 1417 982 λέγειν
1431 948 1461 974 τι
1471 948 1521 982 τῆς
1539 948 1647 981 διαίτης
1660 946 1742 980 ἀηδές
1754 955 1783 971 τε
1799 947 1848 972 καὶ

1056 997 1195 1031 αἴσχιστον
1209 1004 1216 1011 ·
1236 995 1305 1030 ὅπερ
1321 995 1375 1029 γὰρ
1390 994 1423 1020 ἂν
1447 994 1517 1028 πρὸς
1540 992 1654 1028 ἄριστον
1669 991 1799 1027 βρώσεως
1811 992 1846 1023 ⁵¹,

1056 1043 1086 1068 οὐ
1104 1042 1204 1073 τελέως
1228 1040 1384 1067 καταποθὲν
1412 1039 1486 1074 παρὰ
1515 1038 1578 1069 τοὺς
1601 1038 1717 1072 ἑμετοὺς
1746 1036 1848 1069 ἔφθανε

1058 1088 1228 1124 κρινόμενον.
1239 1086 1276 1113 Τὸ
1291 1086 1319 1112 δὲ
1333 1086 1397 1120 περὶ
1409 1086 1474 1115 τοὺς
1493 1084 1735 1118 ὑπηρετουμένους
1753 1081 1849 1115 ἰταμὸν

1057 1135 1105 1161 καὶ
1133 1133 1267 1168 θηριῶδες
1296 1132 1343 1159 τοῦ
1368 1132 1469 1167 τρόπου
1490 1131 1537 1157 καὶ
1564 1131 1613 1165 τῆς
1642 1128 1797 1163 ὑπηρεσίας
1817 1127 1850 1153 τὸ

1057 1180 1277 1215 δυσαχθέστατον
1295 1178 1355 1210 πῶς
1372 1178 1405 1204 ἂν
1417 1187 1458 1208 τις
1471 1178 1545 1204 εἴποι
1562 1176 1608 1212 [τὰ
1624 1176 1740 1210 φέροντα
1753 1174 1850 1207 σώμα-

1057 1225 1121 1261 τα];
1139 1225 1258 1256 Μάστιξι
1282 1223 1337 1258 γὰρ
1358 1223 1475 1256 ἑκάστης
1495 1222 1604 1257 ἡμέρας
1619 1220 1729 1250 πολλαῖς
1744 1218 1850 1245 πολλῶν

1059 1271 1251 1302 κατεξαίνοντο
1265 1269 1381 1305 σώματα
1390 1277 1396 1283 ”
1411 1268 1520 1299 καὶτὰς
1535 1267 1610 1301 bal/St;
1624 1266 1711 1292 παίων
1724 1265 1850 1299 πυγμαῖς

1060 1317 1107 1343 καὶ
1124 1316 1173 1349 λὰξ
1186 1315 1362 1349 ὲναλλόμενος
1388 1315 1464 1341 οὐδὲν
1481 1314 1535 1339 τῶν
1553 1312 1730 1348 σαρκοϐόρων
1746 1310 1850 1345 θηρίων

1061 1361 1319 1396 φιλανθρωπότερον
1334 1360 1480 1395 ἔπραττεν.
1506 1359 1554 1385 Ἐκ
1570 1358 1705 1393 στόματος
1716 1357 1744 1383 δὲ
1759 1355 1851 1390 μελῶν

1061 1409 1108 1434 καὶ
1123 1407 1271 1442 ὀφθαλμῶν
1287 1407 1438 1442 πηρώσεις,
1451 1406 1496 1432 καὶ
1511 1405 1547 1432 τὰ
1570 1405 1638 1431 ἄλλα
1651 1405 1700 1431 ὅσα
1718 1402 1792 1429 δεινὰ
1805 1410 1852 1427 κο-

1061 1454 1207 1490 λαστήρια,
1228 1453 1274 1479 καὶ
1296 1453 1402 1487 σφαγὰς
1425 1452 1535 1484 ἀδίκους
1555 1451 1659 1485 ἀνδρῶν
1682 1448 1789 1478 ἁθώων,
1804 1447 1854 1474 καὶ

1061 1500 1125 1530 τοὺς
1141 1499 1184 1525 διὰ
1199 1499 1285 1534 πυρὸς
1311 1499 1492 1533 πικροτάτους
1508 1498 1653 1528 θανάτους,
1685 1495 1803 1529 μάλιστα
1823 1494 1853 1520 δὲ

1025 1555 1049 1585 C
1065 1545 1136 1571 κατὰ
1167 1545 1221 1570 τῶν
1243 1544 1459 1580 όρθοδοξούντων
1483 1542 1734 1577 ἐπιδεικνυμένους,
1752 1541 1777 1566 τί
1802 1540 1856 1575 χρὴ

1063 1593 1110 1619 καὶ
1135 1591 1244 1626 λέγειν;
1267 1589 1298 1617 Οἱ
1324 1591 1379 1625 γὰρ
1396 1591 1445 1624 τῆς
1468 1589 1567 1624 μανίας
1600 1587 1683 1614 αὑτοῦ
1713 1587 1856 1620 δυσμενεῖς

1064 1638 1235 1664 ὑπασπισταὶ
1257 1636 1303 1662 καὶ
1328 1635 1472 1670 δορυφόροι
1491 1636 1567 1669 ῥῖνας
1592 1634 1641 1668 μὲν
1663 1632 1700 1663 ὡς
1724 1630 1857 1660 πλείστας

1046 1685 1051 1690 ”
1065 1683 1218 1718 ἀνθρώπων
1237 1681 1318 1707 ὁσίων
1337 1680 1533 1714 ἀποτεμόντες,
1548 1679 1644 1713 ὥσπερ
1660 1677 1709 1712 τὴν
1724 1675 1772 1702 τοῦ
1790 1684 1858 1710 προ-

1066 1729 1167 1764 δρόμου
1199 1727 1283 1754 πάλαι
1314 1726 1438 1761 κεφαλὴν
1468 1724 1585 1760 Ἡρώδῃ,
1603 1723 1673 1749 οὕτω
1691 1722 1738 1747 καὶ
1763 1721 1802 1755 τῷ
1815 1720 1859 1754 ἐφ’

1067 1774 1147 1809 ⁴ἡμῶν
1173 1772 1281 1809 Ἡρώδη
1307 1770 1362 1798 οἷον
1386 1771 1473 1804 δῶρον
1496 1770 1544 1804 ἡδὺ
1566 1769 1613 1795 καὶ
1628 1768 1781 1803 ἐπέραστον
1799 1766 1861 1792 ἑκό-

1070 1819 1148 1854 μιζον
1176 1818 1223 1844 ἐπὶ
1242 1817 1368 1847 πίνακος.
1398 1815 1565 1851 Ὀφθαλμῶν
1593 1812 1731 1848 ἐξορύξεις
1760 1812 1782 1827 ¹¹
1812 1811 1862 1837 καὶ

1068 1864 1208 1899 γενειάδος
1240 1861 1433 1898 ὲμπυρισμοὺς
1454 1860 1502 1886 καὶ
1525 1860 1651 1894 αἱμάτων
1668 1857 1797 1892 ἐκχύσεις
1813 1856 1863 1882 καὶ

1072 1909 1258 1946 μαρτυροῦσιν
1283 1909 1307 1934 οἱ
1333 1908 1414 1943 μέχρι
1430 1907 1477 1933 καὶ
1494 1906 1542 1932 νῦν
1555 1905 1589 1930 τὰ
1604 1903 1729 1939 σύμὸολα
1744 1902 1862 1937 περιφέ-

1072 1964 1174 1991 ροντες.
1189 1954 1329 1984 Θανάτους
1345 1953 1372 1978 δὲ
1397 1952 1502 1986 βιαίους
1517 1950 1572 1976 τῶν
1589 1949 1718 1976 τοιούτων
1728 1948 1774 1974 καὶ
1785 1947 1863 1980 ἐξαι-

1071 2002 1146 2031 σίους
1165 2001 1179 2026 ὁ
1208 1999 1260 2034 τῆς
1282 1999 1424 2032 θαλάσσης
1457 1997 1538 2032 βυθὸς
1562 1994 1719 2024 ἐπίσταται,
1738 1994 1765 2019 οἱ
1793 1992 1863 2019 λίθοι

1072 2047 1230 2082 κράξουσιν.
1263 2046 1312 2075 ¹¹Ας
1323 2044 1350 2070 δὲ
1381 2043 1614 2076 περιπλάττουσιν
1643 2040 1717 2072 αὺτῷ
1745 2039 1824 2070 νίκας
1838 2038 1864 2064 ol

1072 2092 1252 2128 ἐμϐρόντητοι
1264 2091 1286 2106 ⁸³
1306 2089 1355 2116 καὶ
1377 2087 1527 2118 λυσσὼδεις
1540 2087 1695 2122 ὁμόφρονες
1707 2083 1804 2115 αὑτοῦ,
1821 2083 1866 2109 ἶνα

1075 2139 1139 2173 μιᾶς
1150 2138 1199 2171 τῆς
1214 2135 1364 2171 κρατίστης
1381 2134 1473 2160 αὐτῶν
1494 2131 1722 2167 ὲπιμνησθῶμεν,
1738 2129 1865 2156 τοιαῦταί

1074 2187 1161 2210 εἰσιν·
1191 2182 1300 2217 Ἐπειδὴ
1316 2181 1525 2217 παρεσκεύαστο
1548 2179 1616 2214 πρὸς
1644 2178 1674 2204 τὺ
1701 2179 1730 2203 ἐν
1748 2177 1868 2210 δυσμαῖς

237 2229 352 2255 claraut.
367 2228 447 2262 quue
459 2227 540 2254 etiam
555 2227 634 2253 hodie
658 2233 723 2253 cava
743 2226 787 2252 illa
812 2226 845 2253 ad
876 2226 1011 2254 Acheloun

1077 2229 1273 2266 εἰσῳκισμ.ένον
1291 2227 1424 2254 Σκυθικὸν
1441 2227 1516 2257 ἔθνος
1537 2225 1706 2260 ἀμύνασθαι,
1732 2221 1870 2257 ὑπαθροί-

238 2275 330 2301 urbem
345 2281 377 2300 ae
392 2274 518 2307 depressa
541 2272 668 2307 planities
684 2272 742 2308 89
768 2273 877 2305 indicat,
895 2281 1024 2300 caesorum

239 2321 368 2348 membris
395 2328 428 2347 eo
445 2325 569 2354 tempore
597 2324 736 2346 constrata
761 2328 768 2346 :
790 2327 852 2346 nam
883 2320 1026 2346 universus

238 2375 307 2403 pene
320 2366 502 2393 Romanorum
523 2365 662 2393 exercitus
677 2365 839 2401 Scytliamm
854 2365 950 2400 gladiis
963 2373 1027 2391 con-

240 2414 329 2441 fossus
345 2417 397 2439 est.
416 2411 494 2445 Quod
503 2411 524 2438 si
538 2411 608 2438 forte
627 2412 753 2445 exiguum
768 2412 897 2446 quiddam
919 2417 946 2438 ct
963 2420 1027 2438 eon-

241 2457 413 2486 temneudum
428 2457 462 2483 ab
479 2464 511 2483 eo
528 2461 634 2491 gestum
651 2461 708 2488 est,
724 2456 856 2491 ejusmodi
871 2457 950 2490 ‘istud
968 2456 1028 2482 fuit.

241 2504 422 2539 Posteaquam
447 2503 600 2531 Orientales
623 2503 758 2531 barbaros
782 2511 796 2529 a
826 2503 941 2530 ducibus
972 2503 1028 2530 suis

241 2551 375 2579 dissidere
391 2552 524 2586 comperit
536 2557 563 2578 et
578 2551 650 2579 civili
676 2551 747 2578 bello
761 2549 898 2582 distineri,
915 2550 1028 2576 latronis

242 2605 317 2626 more
340 2598 430 2633 potius
451 2606 533 2633 quam
564 2598 736 2632 imperatoris
762 2597 789 2624 in
814 2597 970 2624 Armeniam
1003 2601 1030 2623 et

245 2644 351 2680 Syriam
367 2645 528 2672 furibundus
548 2644 684 2678 irrumpit,
703 2644 794 2678 ibique
813 2642 960 2669 incolarum
982 2643 1030 2669 de-

1077 2277 1118 2308 ζει
1136 2276 1190 2302 πᾶν
1203 2275 1234 2300 τὺ
1250 2274 1296 2300 ὑπ’
1310 2273 1394 2299 αὑτοῦ
1409 2273 1432 2288 ⁵⁸
1459 2272 1630 2308 στράτευμα,
1655 2271 1703 2296 καὶ
1717 2270 1757 2300 είς
1769 2267 1870 2302 χεῖρας

1077 2330 1106 2348 τε
1119 2323 1174 2352 τοῖς
1190 2320 1330 2354 πολεμίοις
1345 2319 1402 2350 ίὼν,
1416 2318 1509 2344 ὁποῖον
1518 2317 1593 2351 αὐτῷ
1605 2316 1653 2342 τοῦ
1665 2315 1784 2349 πολέμου
1800 2313 1871 2347 κρά-

1078 2376 1122 2398 τος
1136 2365 1327 2400 κατώρθωται,
1342 2364 1477 2399 μαρτυρεῖ
1488 2363 1523 2388 τὰ
1537 2362 1690 2397 φαινόμενα
1702 2369 1707 2376 ·
1722 2360 1803 2394 μέχρι
1816 2358 1872 2393 γὰρ

1079 2412 1126 2437 καὶ
1142 2411 1264 2445 τήμερον
1277 2410 1312 2436 τὰ
1326 2411 1398 2436 κατὰ
1410 2408 1461 2443 τὴν
1478 2407 1596 2442 Ἀχελὼν
1606 2405 1778 2440 καλουμένην
1792 2403 1873 2429 πόλιν

1083 2459 1159 2485 κοῖλα
1189 2457 1235 2484 καὶ
1253 2456 1405 2490 πεδιάσιμα
1429 2455 1527 2490 χωρία,
1560 2453 1577 2480 ἃ
1597 2453 1652 2479 τῶν
1672 2451 1827 2486 εἰρημένων
1849 2451 1873 2465 ⁸⁵

1082 2504 1191 2538 ἐδέξατο
1220 2504 1254 2530 τὰ
1273 2503 1360 2535 κῶλα,
1388 2501 1481 2536 σαφῶς
1510 2499 1743 2527 ὑποδεικνύουσιν.
1770 2497 1875 2531 Ἔργον

1083 2551 1137 2586 γὰρ
1153 2551 1202 2584 τῆς
1215 2549 1351 2583 Σκυθικῆς
1378 2547 1515 2582 μαχαίρας
1531 2547 1606 2573 ἆπαν
1631 2545 1724 2580 σχεδὸν
1738 2543 1768 2569 τό
1789 2543 1876 2576 στρά-

1083 2605 1173 2632 τευμα
1190 2595 1245 2621 τῶν
1271 2593 1415 2629 Ῥωμαίων
1428 2594 1552 2627 γέγονεν.
1574 2592 1604 2618 El
1619 2591 1648 2617 δέ
1670 2599 1695 2616 τι
1712 2588 1810 2624 μικρὸν
1827 2588 1876 2614 καὶ

1085 2642 1116 2668 οὗ
1131 2642 1200 2668 πάνυ
1218 2640 1358 2674 ἀξιόλογον
1387 2639 1512 2674 ἔδρασεν,
1541 2637 1621 2664 τοῦτό
1636 2637 1694 2663 ἐστι
1708 2644 1715 2652 ⁸
1739 2635 1802 2666 τοὺς
1820 2634 1876 2669 γὰρ

901 2730 1014 2758 νΑιιιίΕ
1034 2730 1237 2757 ιλειιτιυΝιςδ.

285 2825 308 2841 "°
326 2823 592 2857 συνδιαιτησαμένων
606 2823 743 2850 Petavius.
782 2822 802 2837 δι
818 2822 981 2856 προσάροιτο
999 2820 1011 2855 β

1097 2821 1117 2835 "-‘
1132 2819 1278 2855 ὀφθαλμῶν
1290 2818 1310 2845 δ’
1324 2818 1461 2854 ἐξορύξας
1472 2837 1478 2848 .
1495 2815 1596 2843 omisso
1607 2814 1653 2841 καὶ
1667 2817 1726 2847 post
1739 2810 1877 2846 ἐκχύσεις.

253 2860 276 2877 "3
286 2860 476 2894 ἐμϐρόντιστοι
493 2859 582 2893 vulgo.

622 2858 644 2874 "‘
662 2858 752 2892 αὐτη-’ἶ
790 2858 811 2871 λλ
828 2857 879 2883 τῶν
892 2856 1090 2892 ἀνῃρημένωνῖ
