1952 3079
246 97 297 128 995
755 97 785 127 S.
806 96 1014 126 NICEPHORI
1033 96 1285 126 PATRIARCHJE
1305 96 1349 126 ΕΡ
1821 94 1877 124 996

574 171 578 176 ,
599 172 606 176 _
609 171 1461 183 ————————-————————————_—
1394 169 1872 185 ----------ν-ψὲ⁸
1875 183 1878 186 λ

401 251 573 310 ΤΟΥ
627 253 734 310 ΕΝ
794 251 1107 309 ΑΓΙΟΙΣ
1161 250 1694 311 ΝΙΚΗΦΟΡΟΥ

539 357 824 384 ΑΡΧΙΕΠΙΣΚΟΠΟΥ
842 357 1253 384 ΚΩΝΣΤΑΝΤΙΝΟΥΠΟΛΕΩΣ
1271 358 1331 384 ΚΑΙ
1356 357 1589 384 ΟΜΟΛΟΓΗΤΟΥ

487 439 1084 508 ΧΡΟΝΟΓΡΑΦΙΑ
1128 419 1619 508 ΣΥΝΤΟΜΟΣ.

712 646 969 702 SANCTI
1021 645 1411 703 NICEPHOBI

488 756 966 788 CONSTANTiNOPOLITANI
988 755 1293 789 ARCHIEPiSCOPI
1314 757 1366 787 ET
1388 757 1654 790 CONFESSORIS

548 851 1222 915 CHRONOGRAPHIA
1270 853 1581 918 BREVIS.

651 979 792 1001 CAROLUS
809 979 884 1001 AUG.
902 979 1048 1000 CREDNER
1061 979 1175 1001 THEOL.
1192 979 1230 1001 ΕΤ
1245 979 1327 1002 PHIL.
1352 980 1483 1002 DOCTOR.

750 1053 852 1084 (Gissze,
870 1051 934 1083 typis
947 1052 1008 1076 Geo.
1021 1052 1088 1076 Frid.
1105 1052 1208 1083 Heyeri.
1226 1054 1392 1085 uncccxxxn.)

913 1224 1225 1270 MONITUM.

293 1405 361 1434 Cum
386 1408 447 1432 ante
465 1402 572 1436 aliquod
601 1400 728 1435 temporis
747 1400 863 1434 spatium
888 1399 915 1425 in
928 1399 1133 1433 perscrutandis
1151 1399 1292 1434 Epiphauii
1311 1401 1421 1435 scriptis
1447 1409 1583 1435 versarer,
1622 1403 1766 1439 aliquoties
1792 1406 1825 1434 de
1846 1407 1886 1433 lc-

261 1450 395 1477 ctionibus
422 1447 592 1483 quibusdam,
624 1452 692 1480 quas
711 1445 771 1471 libri
799 1444 869 1479 typis
893 1444 1018 1478 impressi
1040 1444 1179 1475 exhibent,
1212 1443 1395 1472 dubitationes
1424 1445 1489 1473 mihi
1526 1446 1630 1480 injecta:
1647 1454 1720 1476 sunt.
1738 1448 1885 1484 Epiphnmi

262 1494 352 1527 itaque
380 1493 501 1519 codicem
529 1490 672 1518 eximium.
689 1496 759 1515 anno
785 1488 854 1515 1504
875 1496 900 1522 p.
917 1488 982 1514 Chr.
1000 1496 1027 1514 ιι.
1059 1489 1202 1523 scriptum,
1227 1489 1362 1521 consului,
1382 1491 1427 1524 qui
1451 1490 1514 1518 aliis
1543 1493 1691 1520 rarioribus
1713 1502 1773 1520 cum
1807 1495 1887 1521 libris

264 1538 288 1563 in
306 1536 466 1562 bibliotheca
488 1534 639 1561 Academia:
666 1532 787 1559 leneusis
811 1536 976 1558 asservatur.
992 1531 1049 1559 Una
1061 1532 1186 1559 cumhoc
1216 1533 1310 1559 codice
1336 1533 1363 1560 in
1392 1541 1488 1561 manus
1519 1535 1614 1562 incidit
1643 1545 1717 1564 meas
1740 1537 1886 1572 Nicephori

264 1579 441 1612 Chronologia
459 1577 551 1608 brevis,
566 1583 628 1610 qua:
657 1576 751 1606 nitide,
763 1574 810 1601 sed
872 1574 1024 1601 recentiore
1048 1582 1129 1602 manu
1158 1576 1272 1610 scripta,
1288 1577 1313 1603 in
1339 1576 1392 1604 ﬁne
1416 1577 1537 1612 ejusdem
1560 1580 1663 1607 codicis
1689 1581 1797 1615 legitur.
1813 1581 1887 1608 Inest

265 1623 344 1650 rebus
368 1622 444 1648 novis
469 1626 550 1654 atque
569 1619 725 1654 inopinatis.
742 1618 835 1645 nescio
856 1618 920 1652 quid
948 1618 1019 1651 quod
1052 1618 1176 1645 homines
1205 1619 1305 1646 alliciat
1329 1624 1411 1654 atque
1441 1622 1607 1649 curiosiores
1631 1623 1736 1649 reddat.
1761 1623 1828 1650 Hine
1858 1629 1888 1652 ct

264 1667 322 1700 ipse
345 1664 526 1699 cognoscendi
544 1664 633 1691 studio
647 1670 779 1690 accensus
798 1661 940 1697 Nicephori
954 1661 1100 1688 editionem
1122 1663 1298 1690 novissimam
1327 1671 1390 1692 cum
1417 1665 1511 1692 codice
1537 1665 1642 1693 leueusi
1667 1667 1780 1700 contuli,
1802 1676 1885 1703 quem

265 1717 324 1736 mox
343 1709 427 1735 multo
449 1714 476 1734 et
489 1707 637 1742 pleniorem
652 1711 681 1733 et
698 1707 913 1741 praestantiorem
931 1705 1056 1739 cogitavi.
1073 1704 1267 1739 Saepenumero
1292 1714 1352 1733 cum
1369 1708 1615 1736 animadverterem
1640 1710 1761 1738 codicem
1784 1710 1886 1739 leuen-

267 1761 323 1781 sem
339 1752 464 1779 comitem
480 1751 531 1778 sibi
550 1751 648 1777 habere
667 1750 818 1777 versionem
834 1748 978 1783 Nicephori
1004 1748 1138 1780 Latinam,
1155 1757 1169 1776 a
1191 1749 1346 1777 Camerario
1362 1751 1526 1784 confectam,
1543 1753 1612 1780 hanc
1628 1753 1713 1787 ipsam
1740 1755 1883 1782 admotam

265 1796 419 1824 accuratius
433 1794 535 1828 inspexi
550 1802 556 1826 ;
573 1801 626 1828 quo
643 1793 713 1820 facto
726 1793 873 1819 Callicrarii
887 1792 1002 1819 versioni
1014 1793 1133 1820 codicem
1151 1792 1288 1820 lenenscm
1303 1794 1387 1822 fuisse
1402 1802 1449 1829 pro
1463 1795 1545 1822 fundo
1563 1804 1624 1823 mox
1640 1804 1688 1831 pro
1705 1803 1780 1824 certo
1792 1799 1885 1825 habui.

266 1842 302 1868 ita
321 1841 392 1868 enim
409 1840 544 1873 interpres
564 1839 632 1872 ipse,
652 1839 676 1864 iu
690 1838 821 1872 prommio
835 1837 894 1863 libri
911 1837 953 1864 cui
973 1837 1067 1864 titulus
1085 1844 1092 1862 :
1119 1835 1294 1872 Clironolagia
1319 1840 1462 1864 secundum
1479 1837 1633 1865 Gra‘cornm
1663 1841 1793 1867 rationem
1817 1847 1885 1868 tem—

265 1885 370 1919 poribus
379 1885 515 1919 expositis,
528 1889 633 1909 auctore
648 1882 797 1916 Niccpltoro
808 1882 1001 1916 archiepiscopo
1015 1880 1396 1912 Constantinopolis,conversa
1411 1881 1437 1906 in
1448 1889 1592 1908 sermonem
1606 1882 1730 1909 Latinum
1740 1884 1772 1910 de
1780 1883 1886 1917 (ἒπειτα,

265 1934 288 1955 et
306 1928 437 1961 cmplimta
449 1937 464 1954 α
479 1927 618 1954 Jour/timo
634 1926 785 1953 Camorario
803 1924 1003 1959 Pabepergensi,
1019 1931 1136 1957 numque
1147 1923 1260 1957 primum
1269 1924 1350 1950 edita.
1364 1924 1463 1950 Addita
1478 1929 1528 1955 est.
1545 1931 1597 1952 etc.
1614 1925 1728 1953 [insi/ere
1740 1935 1786 1959 per
1798 1927 1888 1954 Joan-

267 1980 324 1998 nem
341 1971 485 2005 Oporinum
502 1970 539 2006 (in
556 1971 607 1996 line
623 1979 629 1996 :
648 1969 722 1996 Anna
737 1969 830 1995 salutis
845 1969 968 1995 humana:
989 1966 1117 1999 MDLXI,
1129 1975 1214 1994 meme
1228 1967 1384 2003 Januario),
1401 1976 1427 2002 p.
1446 1968 1478 1995 17
1495 1976 1503 1994 :
1521 1978 1530 1994 α
1551 1969 1633 1997 Incidi
1647 1971 1672 1996 iu
1697 1971 1886 2006 χρονολογίαν,

270 2017 312 2042 cui
335 2014 523 2049 praesen-imum
542 2018 614 2040 esset
626 2013 745 2039 auctoris
760 2020 856 2039 nomen
881 2011 1024 2046 Nicephori
1040 2012 1158 2046 episcopi
1170 2012 1431 2046 Constantinopolis.
1459 2017 1599 2040 exaratam
1626 2014 1699 2040 illam
1720 2015 1830 2048 quidem
1858 2017 1885 2042 in

271 2059 364 2093 paucis
376 2058 492 2089 chartis.
511 2065 570 2091 qtne
589 2061 680 2084 essent
692 2057 859 2083 concinnatae
875 2064 935 2083 culti
954 2063 1036 2089 opere
1053 2056 1204 2091 Epiphauii,
1222 2057 1256 2084 de
1273 2064 1326 2090 quo
1341 2057 1457 2084 eximius
1472 2057 1624 2092 Theologus
1639 2057 1756 2085 Joannes
1775 2059 1884 2094 Longus

268 2102 452 2138 typographis,
468 2107 497 2128 ut
512 2101 709 2135 exprimeretur
722 2099 798 2132 illud,
817 2099 930 2134 benigne
949 2101 1171 2127 accommodavit.
1183 2099 1250 2126 Cum
1266 2106 1357 2127 autem
1373 2101 1433 2132 hoc,
1449 2108 1498 2135 pro
1522 2101 1606 2128 veteri
1620 2102 1820 2129 necessitudine
1835 2112 1887 2129 no-

272 2152 340 2178 stra,
354 2152 418 2173 tunc
430 2153 536 2179 quoque
546 2152 674 2179 perquam
697 2143 869 2170 iamiliariter
885 2144 923 2170 uti
940 2145 1142 2177 concederetur,
1160 2145 1218 2171 viro
1234 2153 1286 2172 non
1298 2145 1376 2172 modo
1390 2146 1519 2180 dignitate
1532 2150 1560 2173 et
1571 2147 1704 2176 doctrina.
1725 2148 1772 2174 sed
1785 2147 1886 2173 buma-

269 2193 354 2218 nitate
373 2191 454 2218 etiam
474 2194 636 2224 praestante,
657 2188 821 2220 sumpsimus
835 2188 869 2214 ab
887 2188 945 2222 ipso
959 2193 986 2215 et
1001 2188 1072 2215 hunc
1091 2188 1199 2220 librum,
1211 2193 1238 2215 et
1253 2189 1319 2216 alios
1330 2190 1494 2224 complures,
1512 2197 1627 2224 quorum
1641 2189 1758 2217 lectione
1777 2198 1890 2218 recrea-

269 2244 329 2263 mur
346 2236 372 2263 in
389 2235 433 2262 illo
451 2240 543 2261 nostro
555 2234 620 2260 satis
637 2233 775 2267 negotioso
794 2238 820 2259 et
832 2232 943 2259 minime
959 2233 1050 2266 quieto
1061 2232 1116 2258 otio
1132 2241 1139 2258 :
1154 2237 1181 2258 et
1197 2240 1268 2264 eam,
1282 2240 1362 2266 quam
1370 2233 1424 2259 diti
1447 2233 1631 2267 χρθνολογιαν,
1648 2241 1708 2259 cum
1728 2234 1890 2261 describere

267 2281 348 2306 etiam
369 2279 511 2314 cmpissem
524 2277 619 2304 Latina
633 2277 755 2303 oratione
772 2277 910 2307 vertendo,
930 2276 1092 2310 deprehendi
1113 2275 1193 2302 multa
1211 2281 1237 2302 et
1255 2277 1375 2302 auctoris
1392 2281 1419 2303 et
1434 2276 1537 2303 librarii
1550 2281 1651 2303 errata.
1661 2276 1771 2303 Perrexi
1783 2281 1889 2309 tatnen,

269 2329 296 2349 ιιι
313 2330 459 2356 coeperam.
477 2321 509 2348 Et
534 2326 626 2355 postea
645 2320 736 2346 multis
748 2321 779 2346 de
790 2320 880 2346 causis
903 2320 1054 2346 faciendum
1071 2327 1131 2346 esse
1151 2319 1225 2352 duxi,
1244 2325 1272 2346 ιιι
1295 2320 1351 2346 hinc
1372 2321 1442 2354 ipsa,
1459 2328 1546 2354 neque
1572 2326 1693 2347 correcta
1711 2321 1777 2348 satis
1799 2327 1890 2353 neque

269 2366 400 2402 explicata
420 2366 529 2396 diserte,
547 2363 678 2398 exemplis
697 2368 786 2390 tamen
801 2362 986 2397 compluribus
1000 2370 1138 2396 expressa.
1156 2364 1302 2390 emittenda
1317 2371 1451 2390 curarem.
1475 2373 1484 2389 ι
1503 2364 1693 2398 Acquisiverat
1716 2369 1808 2397 postea
1834 2365 1890 2392 sibi

271 2410 394 2436 eumdem
411 2408 543 2441 codicem,
561 2408 653 2434 nescio
669 2415 719 2441 qua
731 2407 785 2438 via,
805 2406 847 2434 Jo.
860 2406 943 2432 Andr.
961 2406 1038 2438 liose,
1052 2407 1189 2439 professor
1202 2407 1332 2438 leuensis.
1348 2408 1393 2441 qui
1412 2407 1438 2433 in
1454 2407 1569 2441 cpistola
1588 2415 1659 2433 auito
1671 2407 1740 2434 1655
1754 2407 1786 2434 ad
1805 2406 1838 2433 V.
1857 2408 1888 2434 υ.

270 2452 400 2479 Thomam
419 2451 574 2478 Reinesium
591 2451 665 2481 data.
683 2452 715 2478 de
727 2458 760 2476 co
774 2450 831 2476 haec
845 2450 972 2475 disseruit
989 2449 1026 2483 (ι)
1046 2458 1053 2476 :
1074 2458 1082 2474 ι
1105 2449 1208 2477 Palicos
1223 2456 1285 2476 ante
1304 2451 1360 2477 dies
1377 2451 1402 2477 in
1433 2459 1529 2478 manus
1552 2458 1626 2478 meas
1640 2452 1715 2477 venit
1732 2459 1793 2477 cum
1823 2450 1889 2485 Epi-

273 2497 371 2530 phanio
391 2504 441 2522 ms.
459 2495 602 2530 Nicephori
633 2485 861 2529 Chronologia,a
891 2493 1072 2527 Seaiigeriana
1106 2493 1224 2519 editione
1255 2494 1323 2520 baud
1350 2501 1443 2527 parum
1471 2494 1639 2528 discrepans,
1657 2502 1717 2520 cuin
1737 2494 1808 2526 aliis,
1832 2499 1889 2520 tum

272 2540 422 2574 pra-sertim
443 2540 564 2566 muneris
580 2547 721 2566 annorum.
741 2538 864 2572 Supplcri
884 2537 946 2572 hinc
962 2542 987 2563 et
1013 2536 1114 2563 lacuum
1130 2540 1251 2570 possunt,
1264 2544 1323 2569 qua:
1339 2537 1407 2569 apud
1420 2536 1587 2570 Scaligerum
1616 2536 1758 2563 habentur.
1773 2536 1820 2563 Est
1843 2545 1892 2563 au-

273 2591 325 2610 lt'tlt
344 2585 366 2611 is
385 2585 480 2617 codex,
498 2592 551 2618 quo
565 2583 755 2610 lllelanchthou
774 2587 800 2608 ιί
815 2581 989 2608 Caun‘rat'ius
1000 2580 1129 2607 beneﬁcio
1141 2580 1251 2607 Joannis
1277 2580 1370 2614 Langii
1387 2582 1425 2606 usi
1441 2586 1503 2606 sunt
1530 2589 1536 2607 :
1552 2581 1630 2614 cujus
1646 2586 1673 2608 et
1701 2589 1797 2607 thlllell
1819 2589 1890 2614 prte—

273 2629 402 2662 srriptmn
419 2628 510 2654 habet.
529 2637 538 2653 ι
551 2627 601 2660 Qui
621 2627 728 2660 quidem
747 2626 843 2656 codex,
863 2625 1004 2659 Epiphanii
1017 2632 1097 2658 opera
1112 2634 1162 2651 non
1177 2625 1277 2654 omnia,
1294 2625 1341 2650 sed
1357 2624 1536 2658 posteriorem
1552 2629 1655 2652 tantum
1669 2626 1831 2658 scriptorum
1845 2632 1893 2658 ge-

273 2668 416 2698 uuinorum
431 2677 535 2705 partem
553 2671 707 2702 continens,
726 2674 818 2704 postea
831 2676 883 2695 una
902 2676 963 2695 cum
980 2668 1056 2695 libris
1071 2667 1183 2701 Budcri,
1203 2669 1228 2695 in
1243 2668 1433 2695 bibliothecam
1448 2668 1637 2695 Academicam
1661 2668 1768 2695 delatus
1782 2673 1834 2696 cst.

307 2762 343 2794 (l)
360 2760 469 2786 'l‘homre
489 2758 606 2784 Rcincsii
622 2762 647 2783 et
665 2756 705 2794 Jo.
727 2755 1045 2794 Andr;Busii,jit‘nrllm
1065 2754 1302 2782 celeberrimorum
1328 2753 1456 2788 Epistolas
1475 2758 1583 2784 mutuae.
1610 2758 1676 2785 etc.,
1703 2752 1816 2787 publica:
1837 2752 1892 2780 luci

273 2791 317 2822 dat
333 2791 375 2822 Σο.
391 2795 475 2821 Andr.
488 2794 657 2820 Sclintidcns.
677 2793 756 2823 Ienzc,
776 2791 855 2822 1700,
873 2799 897 2826 ιι.
917 2791 964 2817 ὅτι-Ι
979 2798 1002 2817 s.
