1952 3079
83 114 134 145 ὩΪΠ
527 113 855 144 CHRONOGRAPHIA
876 112 1024 143 BREVIS.
1045 124 1080 130 -
1097 111 1291 142 MONITUM.
1669 113 1722 143 998

119 171 331 204 Contparatione
351 170 521 206 diligentiore
537 170 609 197 hunc
626 169 696 196 inter
712 168 856 203 Nicephori
867 169 989 196 codicem
998 173 1026 196 et
1040 169 1189 196 Camerarii
1201 167 1356 196 versionem
1367 165 1494 193 Latinam
1515 166 1637 194 instituta
1655 168 1722 196 cdo-

85 220 145 243 ctus
156 222 229 247 sum,
242 214 277 240 ab
295 214 445 249 interprete
460 214 542 241 tacite
559 213 610 240 alia
624 220 673 248 pro
684 213 810 244 arbitrio,
826 213 989 240 emendandi
1014 213 1114 244 studio,
1129 220 1191 240 esse
1214 217 1329 243 mutata,
1344 211 1398 238 alia
1421 211 1555 238 cxtricatu
1571 211 1722 240 diﬂiciliora

82 266 199 294 prorsus
215 258 336 289 omissa;
352 265 412 284 cum
430 261 456 284 et
473 265 605 284 annorum
621 258 724 283 numeri
749 264 819 291 sa-pe
836 257 930 282 mutati
952 257 1136 288 inveniantur,
1148 262 1174 282 ct
1208 254 1388 282 Valentiniani
1403 253 1559 289 genealogia
1584 261 1666 290 atque
1689 256 1722 283 li-

82 304 196 330 brorum
210 302 360 336 Scriptura;
374 310 458 328 sacrm
474 302 500 328 in
518 302 572 328 [lue
583 301 705 335 opusculi
724 301 910 327 sticbometria
928 300 953 326 in
975 300 1126 328 Camerar-ii
1160 300 1286 326 versione
1311 299 1512 326 desiderentur.
1539 299 1722 328 Nihilominus

84 348 118 373 ad
132 348 214 374 Iidem
231 346 313 379 huius
345 347 414 381 typis
428 346 526 380 stvpitts
544 346 684 380 impressae
705 345 855 375 νυτδίοιιὶεί
868 352 927 378 quae
943 351 980 371 tot
998 345 1071 372 vitiis
1099 345 1216 374 laborat,
1232 344 1404 371 recentiores
1424 345 1569 376 editiones.
1600 345 1721 378 exceptis

81 390 295 426 Scaligerianis.
312 398 408 417 omnes
423 390 593 424 prodierunt,
613 391 684 416 unde
702 389 768 423 ipsis
785 389 898 415 multum
908 394 1017 415 enatum
1034 393 1076 416 est
1093 388 1260 414 detrimenti.

118 435 197 461 Haud
208 435 286 469 parvi
304 441 393 462 autetn
411 434 542 461 momenti
554 438 595 460 est
607 433 756 460 Catncrarii
771 434 871 463 versio,
888 433 993 460 codicis
1017 433 1140 459 Icnensis
1162 433 1268 458 ratione
1297 432 1399 459 habita.
1412 432 1486 459 Folia
1515 433 1587 459 enim
1616 431 1718 463 omnia.

79 480 182 514 quibus
197 479 370 513 Nicephorus
386 479 413 505 in
426 478 477 505 hoc
495 478 588 504 codice
601 478 768 509 continetur,
798 481 925 511 corrupta
941 481 1002 503 sunt
1030 476 1134 510 macula
1154 476 1284 510 quadam,
1301 476 1380 510 cujus
1402 477 1428 502 in
1454 477 1569 507 ambitu,
1584 476 1720 510 juglandis

81 531 190 557 magna:
217 522 332 550 formam
362 523 472 549 circiter
488 526 658 556 exu‘quantc,
674 521 824 548 litterarum
852 523 950 549 ductus
967 521 1065 554 partim
1082 527 1193 555 prorsus
1215 520 1309 552 deleti,
1322 520 1421 554 partim
1450 520 1604 554 pailidiorcs
1622 521 1719 548 redditi

81 573 162 599 sunt;
181 574 233 600 qua
248 567 356 600 quidem
372 566 478 593 macula
493 566 613 593 codicem
629 565 778 592 Camerarii
794 570 915 599 tempore
930 572 1041 592 vacasse
1068 565 1151 591 certis
1166 564 1275 591 indiciis
1295 564 1436 599 probatur.
1452 564 1520 591 Hinc
1549 565 1578 591 lit
1593 570 1624 591 ut
1650 573 1719 592 nono

81 612 164 638 trullis
178 612 204 637 iu
225 610 291 637 locis
312 610 457 645 Nicephori
475 615 564 636 textus
585 609 692 637 nonnisi
719 609 799 643 hujus
818 609 952 636 versionis
965 616 1016 643 ope
1033 614 1106 636 recte
1121 609 1172 644 legi
1186 609 1282 642 possit.

115 656 223 689 Quibus
239 655 366 682 omnibus
377 661 503 683 accurate
523 655 683 689 perspectis,
699 655 814 681 cditoris
829 654 1017 688 (Shronologize
1030 653 1110 687 hujus
1122 659 1213 688 partes
1227 658 1255 680 ut
1270 654 1297 680 in
1315 660 1358 680 me
1374 653 1542 688 susciperem
1559 652 1655 688 triplex
1670 661 1719 689 po-

83 701 222 727 tissimum
242 707 323 726 causa
339 707 380 726 me
399 700 516 733 impulit.
533 698 622 725 Causa
637 699 725 732 prima
744 703 833 725 textus
851 698 876 724 in
893 699 985 724 codice
1009 697 1116 725 lenettsi
1130 706 1145 724 e
1161 698 1330 732 praestantia,
1349 698 1436 725 altera
1451 705 1466 724 c
1479 703 1569 725 textus
1586 699 1718 734 typisitn-

81 745 170 777 pressi
188 743 289 770 misera
303 743 472 774 comlitione,
486 742 565 769 tertia
581 742 697 775 denique
710 750 742 768 cx
761 743 853 777 opetis
867 742 984 768 utilitate
1004 741 1116 776 repetita
1133 747 1184 769 cst.

118 787 157 814 De
173 792 265 814 textus
280 787 306 813 in
324 787 417 813 codice
435 786 542 813 lencnsi
560 785 670 812 latentis
686 786 815 820 singulari
835 787 1003 820 przestantia,
1017 794 1098 821 quam
1116 790 1206 813 textos
1220 786 1283 813 novi
1300 793 1314 812 a
1334 786 1411 813 nobis
1444 786 1583 813 constituti
1613 786 1718 814 indoles

82 832 150 857 satis
161 838 300 864 superque
316 830 494 864 cmnpt'obnre
511 830 607 864 pOSsit,
626 837 679 856 tton
695 835 746 860 est,
765 830 835 863 quod
851 829 974 864 pluribus
991 830 1090 856 dicam.
1109 828 1191 856 Multa
1212 829 1335 863 profecto
1349 829 1376 856 in
1396 831 1490 857 codice
1521 830 1623 857 lenensi
1638 830 1718 857 iuve-

82 877 208 905 niuntttr,
242 881 302 908 quae
331 874 407 907 alibi,
435 878 462 900 et
489 873 641 901 scribarum
669 878 697 900 et
726 874 861 900 editorum
887 873 997 900 levitate
1026 878 1107 908 atque
1135 873 1310 908 negligentia,
1328 879 1376 900 aut
1397 881 1451 900 non
1482 879 1556 901 recte
1580 874 1652 901 dicta
1671 880 1719 902 aut

81 920 182 946 omissa
203 923 275 945 sunt.

115 974 220 1002 Tenus
236 975 306 1010 typis
318 974 442 1007 impressi
460 974 573 1001 historia
594 979 704 1008 propter
715 974 850 1001 editorum
867 973 1000 1001 incuriam
1019 973 1092 1000 haud
1110 973 1204 1008 paucis
1227 972 1431 1001 dimcultatibtts
1445 979 1488 1002 est
1501 974 1643 1009 implicita.
1656 975 1715 1002 .lam

80 1020 154 1045 circa
173 1027 274 1045 annum
286 1017 340 1045 872
351 1019 509 1044 Anastasius
529 1019 649 1052 quidam,
663 1018 806 1053 presbyter
821 1017 916 1045 Romae
931 1024 957 1045 et
970 1017 1204 1049 biltliotltccaritts,
1220 1016 1367 1052 Nicephori
1397 1017 1620 1053 Chronologiatn,
1633 1027 1715 1054 quam

81 1063 208 1089 Latinam
225 1067 356 1094 verterat,
375 1062 500 1090 Historiae
516 1070 572 1090 suae
589 1063 732 1097 tripartitaa
747 1063 872 1090 inseruit.
889 1061 976 1096 Hujus
987 1062 1123 1088 Anastasii
1141 1061 1224 1088 libelli
1247 1061 1379 1094 codicem,
1397 1062 1470 1089 haud
1483 1063 1568 1090 multo
1582 1069 1643 1098 post
1659 1065 1717 1091 edi-

82 1112 137 1134 tam
156 1114 171 1134 a
185 1106 346 1134 Camerario
360 1106 505 1140 Nicephori
518 1106 682 1137 versionem,
695 1112 792 1133 nactus
803 1111 845 1133 est
856 1105 991 1133 Antonius
1015 1105 1139 1132 Contius.
1155 1103 1224 1132 Hinc
1240 1105 1266 1131 itt
1286 1105 1374 1132 lucem
1393 1106 1494 1140 prodiit
1509 1115 1516 1134 :
1538 1106 1716 1142 Chronologia

79 1151 216 1182 tripartito
231 1158 264 1177 ea:
280 1150 356 1177 beato
371 1150 521 1184 Nicephoro
535 1149 840 1185 Constantinopolitano,
856 1150 884 1177 in
899 1149 1022 1176 Latinum
1032 1149 1095 1176 olim
1113 1157 1237 1175 conversa
1252 1157 1299 1182 per
1317 1149 1489 1176 Anastasiunt
1518 1151 1588 1177 redis
1609 1158 1716 1185 aposto-

80 1196 138 1221 licrz
166 1194 406 1227 bibliothecarium,
422 1199 445 1220 et
468 1198 530 1220 ante
555 1194 655 1229 aliquot
681 1202 765 1220 annos
783 1202 830 1228 per
856 1193 1026 1220 Joachiutum
1054 1193 1248 1226 Camerarium,
1269 1201 1337 1219 nunc
1352 1201 1410 1220 vero
1430 1194 1464 1220 ad
1483 1194 1563 1228 [idem
1578 1195 1715 1222 Anastasii

79 1239 240 1272 exemplaris
254 1239 392 1265 emendata
405 1243 428 1265 et
446 1239 515 1265 notia
533 1239 668 1265 illustrala
680 1247 726 1272 per
743 1238 887 1265 Antonium
907 1236 1041 1266 Cantium.
1062 1235 1151 1263 Paris.
1174 1237 1254 1269 1575,
1269 1237 1296 1264 4.
1324 1237 1415 1264 Conlii
1434 1237 1478 1264 hic
1495 1238 1602 1266 libellus
1618 1240 1715 1267 deinde

80 1284 182 1316 sa-pius
197 1283 341 1318 repetitus,
360 1283 386 1309 itt
402 1282 582 1310 bibliothecas
610 1290 730 1316 quoque,
746 1290 815 1317 quas
831 1282 923 1310 dicttnt
948 1280 1070 1312 Patrum,
1090 1285 1216 1316 reccpttts
1240 1283 1292 1308 est.
1313 1280 1368 1308 IIac
1391 1280 1537 1316 Nicephori
1555 1283 1640 1309 nostri
1657 1285 1714 1309 ctlt—
1753 1313 1756 1316 ⁴

79 1327 154 1353 tione
170 1325 326 1353 accuratius
340 1325 506 1358 examinata,
522 1325 658 1353 Anastasii
676 1326 829 1353 versionem
855 1325 964 1352 nonnisi
996 1332 1081 1359 usque
1100 1325 1133 1352 ad
1158 1326 1352 1360 imperatorem
1378 1324 1519 1352 Constant.
1542 1325 1712 1359 Michaelcm,

79 1369 230 1397 Theodore
245 1369 340 1401 tilium,
359 1369 539 1397 aCatnerario
557 1369 703 1401 seclusum,
717 1369 882 1404 pertinuisse
899 1369 1029 1396 intellexi.
1040 1368 1265 1405 Qttmsequuntur
1279 1369 1370 1397 omnia
1385 1369 1534 1398 Camerarii
1557 1379 1572 1398 e
1588 1372 1714 1400 versione
1759 1377 1765 1381 ‘

78 1421 92 1439 a
106 1413 205 1440 Contio
218 1412 354 1447 descripta
372 1418 454 1447 atque
474 1413 518 1440 hic
539 1413 594 1440 illic
618 1421 667 1448 pro
680 1413 794 1440 arbitrio
807 1417 921 1445 mutata,
938 1413 1005 1444 sive,
1018 1417 1047 1439 ut
1062 1415 1168 1443 volunt,
1185 1413 1326 1439 emendata
1353 1419 1427 1440 sunt.
1442 1413 1545 1440 Desunt
1575 1415 1659 1450 igitur
1688 1417 1713 1443 itt

78 1456 166 1484 Contii
188 1457 320 1489 editione,
334 1457 561 1489 quemadmodum
577 1457 646 1491 apud
662 1455 1051 1489 Camerarium,Valentiniani
1071 1456 1244 1491 chronologia
1257 1461 1284 1483 et
1299 1456 1430 1484 librorutn
1446 1458 1606 1486 hihlicorum
1623 1460 1649 1487 in
1663 1460 1714 1488 line

77 1501 169 1536 operis
177 1501 378 1534 stichometria,
387 1501 704 1536 necpostimperatorem
712 1502 868 1529 Michaelem
879 1502 948 1537 apud
955 1501 1080 1529 Contium
1090 1501 1193 1529 codicis
1201 1501 1337 1529 Anastasii
1349 1503 1450 1529 mentio
1461 1504 1575 1538 amplius
1583 1503 1652 1531 facta
1662 1510 1713 1532 est.

110 1544 223 1572 Lustris
235 1548 296 1579 post
310 1544 399 1572 Contii
415 1545 529 1579 primam
541 1545 685 1573 editionem
703 1546 884 1581 praeterlapsis
905 1546 990 1573 ferme
1005 1553 1063 1578 scx,
1080 1545 1205 1572 Gr:ccum
1238 1545 1383 1580 Nicephori
1406 1552 1509 1574 textmn
1535 1548 1623 1583 primo
1643 1550 1714 1584 typis

78 1590 292 1625 imprimendutn
308 1589 412 1616 curavit
423 1588 560 1623 Josephus
592 1589 724 1625 Scaliger,
747 1590 772 1616 in
788 1589 923 1617 Thesauro
940 1595 1098 1624 temporum.
1119 1589 1202 1626 Lugd.
1221 1590 1374 1618 Bat.1606.
1387 1591 1439 1618 Sed
1457 1600 1521 1619 usus
1534 1598 1575 1619 est
1592 1593 1714 1627 Scaliger

78 1634 181 1668 pejoris
194 1640 267 1661 nota:
277 1634 380 1667 codice,
397 1634 431 1661 ad
448 1635 520 1668 qttod
533 1634 639 1661 accedit
656 1634 706 1661 viri
725 1633 884 1667 cjusdemiu
897 1633 1010 1662 edendis
1024 1639 1144 1661 veterum
1160 1640 1302 1662 auctorum
1318 1635 1428 1669 scriptis
1442 1636 1588 1663 festinatio.
1603 1637 1631 1663 In
1648 1637 1714 1665 Sca-

78 1678 156 1714 ligeri
171 1678 295 1706 editione
309 1685 383 1706 nunc
414 1678 525 1712 integra:
539 1678 619 1705 linea:
634 1679 836 1713 praetermissae,
858 1686 930 1706 nunc
961 1678 1065 1706 codicis
1076 1678 1182 1705 lacuna:
1199 1686 1249 1713 pro
1265 1678 1379 1707 arbitrio
1392 1679 1518 1714 expletat,
1536 1688 1607 1708 nunc
1624 1685 1714 1709 textus

79 1723 137 1758 ipse
156 1730 230 1750 vano
244 1723 408 1750 emendandi
422 1722 511 1750 studio
526 1722 637 1749 omnino
657 1727 802 1758 corruptus
813 1727 864 1750 est.

114 1780 155 1808 Ex
172 1780 216 1808 bis
231 1779 330 1807 talibus
344 1779 512 1807 editionibus
525 1778 688 1812 Camerarii,
701 1778 801 1811 Conlii,
815 1778 1065 1813 Scaligeri,novum
1081 1783 1185 1806 textum
1203 1778 1329 1806 Graecum
1344 1779 1512 1806 constituere
1535 1785 1651 1807 conatus
1673 1787 1714 1808 cst

80 1823 200 1851 Jacoims
210 1823 296 1855 Goar,
310 1823 343 1850 ad
358 1823 461 1850 calcem
476 1822 585 1857 Georgii
602 1821 733 1858 Syncelii,
747 1823 772 1849 itt
784 1822 853 1850 libro
864 1823 996 1856 inscripto
1010 1829 1017 1848 :
1031 1821 1273 1857 Georgiimonachi
1285 1828 1308 1850 et
1324 1822 1355 1850 S.
1374 1822 1406 1849 P.
1421 1822 1457 1849 Ν.
1475 1821 1579 1850 Tarusii
1594 1826 1714 1859 patriar-

79 1867 138 1895 ιω
161 1865 221 1894 CP.
242 1866 377 1900 quondam
401 1866 519 1902 Syncelli
549 1865 780 1901 Chronographia,
804 1867 837 1892 ab
864 1866 967 1894 Adamo
989 1866 1118 1901 usquead
1146 1866 1349 1894 Diocletianum.
1372 1866 1405 1893 El
1428 1867 1574 1901 Niceti/tori
1594 1870 1713 1902 patriar-

81 1911 138 1937 chtz
161 1908 219 1937 GP.
237 1909 402 1937 Breviarium
429 1910 694 1945 chronographicum,
707 1910 740 1936 ab
763 1910 866 1937 Adamo
893 1910 928 1936 ad
946 1910 1085 1937 Michaelis
1105 1916 1129 1938 et
1154 1911 1212 1945 ejus
1232 1909 1264 1936 F.
1280 1910 1415 1942 Theophili
1430 1917 1560 1946 lettrpora.
1572 1927 1607 1932 -—
1634 1912 1714 1940 Nice-

80 1953 158 1988 phori
176 1953 345 1980 Breviarium
367 1953 402 1980 ad
415 1953 503 1980 varias
518 1954 644 1980 editiones
667 1954 835 1980 recentitum.
855 1968 891 1974 -—
908 1967 943 1974 -—
959 1953 1031 1981 Cura
1047 1958 1070 1980 et
1089 1953 1177 1980 studio
1191 1953 1324 1980 P.Jacobi
1353 1952 1425 1980 Goar
1437 1954 1538 1981 ordinis
1551 1954 1714 1983 Prwdicuto-

81 2004 140 2023 rum
152 1996 364 2031 congregationis
373 1995 534 2031 Refornmtte
543 1996 637 2024 Sancti
648 1995 918 2028 Ludovici.Parisiis,
930 1996 1060 2025 MDCLII.
1079 1997 1313 2030 Quemadmodum
1327 1998 1352 2024 iu
1366 1998 1446 2024 titulo
1456 1998 1528 2032 ipso,
1544 1999 1580 2025 ita
1597 2000 1677 2026 etiam
1687 2001 1714 2026 itt

80 2041 319 2068 emendationibus
332 2045 360 2068 et
372 2041 594 2069 adnotationibus
617 2041 655 2077 (2)
671 2040 810 2075 professus
825 2046 866 2068 est
880 2040 963 2072 Goar,
978 2040 1122 2074 Nicnphori
1141 2045 1242 2067 textum
1256 2041 1363 2067 nonnisi
1379 2042 1412 2067 ad
1425 2041 1561 2069 editiones
1575 2050 1588 2069 a
1601 2050 1631 2069 se
1653 2051 1715 2070 esse

82 2084 257 2111 recensitum.
284 2084 423 2119 Ejusmodi
454 2084 637 2112 subsidiorum
671 2085 772 2112 auxilio
797 2085 861 2119 quid
890 2085 1016 2120 praestari
1041 2085 1148 2120 possit,
1180 2085 1294 2112 lectores
1319 2085 1441 2112 benevoli
1472 2086 1521 2120 ipsi
1556 2091 1586 2113 ut
1619 2094 1714 2114 secum

83 2133 208 2163 reputent
224 2129 317 2160 velim.

117 2175 223 2203 Sacqu
235 2175 340 2202 decimo
351 2179 447 2202 octavo
466 2174 612 2203 Ansehnns
627 2174 792 2208 Bandurius,
808 2174 973 2210 Ragusinns,
988 2175 1130 2210 presbyter
1145 2179 1172 2202 et
1184 2175 1335 2202 manachus
1349 2175 1458 2203 Ordinis
1478 2174 1507 2203 S.
1537 2175 1675 2204 Benedicti
1700 2185 1716 2206 e

79 2220 294 2254 congregatione
310 2218 456 2252 Melitensi,
481 2218 628 2254 Nicephori
650 2226 774 2254 operum,
789 2226 904 2253 quorutn
924 2219 1000 2253 plura
1015 2219 1114 2247 inedita
1144 2218 1172 2245 in
1201 2218 1429 2245 bibliothecarum
1442 2220 1552 2247 scriniis
1569 2221 1659 2248 adhuc
1672 2222 1714 2248 la-

80 2267 151 2296 tent,
168 2268 348 2297 conspectum
362 2263 457 2295 edidit,
475 2263 518 2289 cui
532 2263 626 2290 titulus
645 2262 827 2297 :Cottspeclus
851 2270 958 2297 operum
977 2262 1008 2290 S.
1024 2261 1178 2296 Nicephori,
1205 2263 1364 2296 patriarcha
1389 2262 1460 2295 CP.,
1479 2272 1538 2298 qua:
1565 2265 1716 2299 propediem

77 2307 183 2334 duobus
196 2307 275 2333 tomis
298 2307 400 2333 edendo
425 2313 497 2339 sunt,
512 2312 536 2334 et
550 2315 662 2341 quarunt
679 2315 765 2342 pauca
781 2307 907 2334 hactenus
925 2308 996 2334 etlita
1012 2306 1128 2341 fuerunt,
1145 2312 1197 2334 etc.
1210 2306 1332 2338 Paristis,
1345 2307 1426 2339 1705,
1441 2307 1475 2334 12
1499 2308 1548 2343 (3).
1565 2308 1619 2335 Sex
1637 2309 1716 2336 annis

78 2354 140 2384 post
152 2350 255 2384 prodiit
271 2349 391 2384 ejusdem
410 2349 545 2376 Bandurii
560 2349 706 2383 Imperium
723 2349 860 2382 arienlale,
876 2351 930 2378 sive
948 2352 1123 2384 Antiquitales
1147 2350 1487 2386 Constantinopolitauwin
1498 2358 1614 2388 quatuor
1626 2358 1715 2388 partes

77 2393 241 2424 diuribulat,
251 2392 373 2423 Parisiis.
384 2393 463 2420 1711.
480 2393 595 2420 Inseruit
607 2398 702 2420 auctor
716 2393 844 2432 volumini
862 2395 949 2427 primo
959 2395 997 2431 (ὦ)
1013 2395 1366 2431 Calalogum:episcoporum
1379 2405 1410 2423 ac
1427 2397 1642 2432 patriarcharum
1656 2397 1713 2424 Cl’.

78 2440 231 2473 decerptum
257 2446 291 2465 ea:
303 2438 521 2473 Chronographia
532 2439 730 2473 compendiaria
742 2438 772 2465 S.
790 2427 945 2473 Nicepltori,
1026 2447 1080 2474 qtto
1094 2427 1217 2474 catalogo
1237 2441 1262 2466 itt
1274 2427 1432 2468 volumine
1446 2442 1565 2469 secundo
1592 2442 1714 2475 ejusdem

77 2484 170 2518 operis
183 2483 222 2518 (5)
250 2489 396 2510 monentur
422 2484 479 2511 haec
501 2492 508 2511 :
530 2493 539 2510 ι
563 2484 721 2518 Catalogum
749 2484 823 2511 hunc
836 2485 1027 2518 episcoporum
1046 2492 1079 2511 ac
1109 2485 1326 2518 patriarcharum
1351 2486 1714 2521 Onustautiuopolitanorutn

79 2528 270 2562 excerpsimus
286 2535 318 2555 ex
335 2528 559 2563 Chrouographia
575 2529 777 2563 compendiaria
801 2529 888 2556 sancti
907 2527 1051 2562 Nicephori
1064 2528 1226 2562 patriarcha
1251 2529 1318 2559 ΟΡ..
1342 2537 1403 2563 qua:
1434 2530 1552 2557 habetur
1567 2531 1593 2557 itt
1621 2530 1716 2558 codice

78 2572 166 2607 Regio
195 2572 316 2605 tt.9.508,
334 2572 441 2600 diversa
459 2572 493 2599 ab
510 2572 553 2600 illa
571 2579 663 2607 quam,
684 2581 736 2600 una
762 2581 824 2599 cum
849 2572 956 2606 Georgii
974 2573 1094 2608 Syttcelli
1123 2573 1358 2609 Chronographia,
1375 2573 1460 2602 edidit
1479 2575 1652 2602 doctissimus
1675 2574 1718 2601 vir

116 2650 157 2684 (2)
169 2650 200 2677 Ρ.
214 2650 260 2678 86.
279 2659 289 2676 t
306 2650 383 2678 Dedit
395 2666 431 2672 --
446 2657 541 2679 auctor
552 2651 695 2679 Misccllat:
709 2652 868 2679 Joachimus
918 2652 1059 2685 subjuugo.
1074 2661 1083 2676 ι

78 2686 274 2725 (ὶδιμυιίιρυεη
287 2691 312 2712 et
329 2688 555 2725 commentarium
570 2688 687 2725 addidit.
706 2688 868 2725 l’arettrAu-
956 2687 1000 2725 (5)_
1011 2688 1108 2725 Totum
1122 2687 1194 2715 hunc
1209 2687 1554 2725 Battdurii"conspoctumﬁ
1572 2688 1644 2725 typis
1663 2689 1715 2716 ite-

79 2721 639 2756 mninnsCtttttittsrirt-tiopusculumidcm
654 2723 867 2748 accommodavit
919 2730 977 2748 rum
995 2722 1204 2754 itnpritnetulttm
1222 2725 1327 2751 curavit
1344 2721 1487 2753 Fabricius
1503 2726 1527 2751 in
1539 2721 1608 2751 Bib'l:
1620 2722 1715 2751 Grtrca

79 2765 172 2794 curam
187 2761 213 2782 et
232 2757 351 2783 laborem
373 2757 488 2794 :_Gr:ece
501 2758 647 2790 divttlgavit
660 2757 792 2792 Josephus
806 2759 850 2784 Sc:

593 2759 647 2784 avit
660 2757 792 2792 Josephus
806 2759 868 2784 δυθ-
919 2756 1097 2794 malignius."
1108 2758 1160 2790 VII,
1177 2766 1204 2792 p.
1217 2759 1269 2786 010
1287 2768 1361 2794 sum.

80 2795 146 2824 μετ-ν
163 2792 190 2817 in
206 2797 357 2826 temporum
376 2792 532 2824 Thesauro;
551 2794 585 2819 ad
607 2801 718 2827 quorum
743 2794 868 2819 editionrs
955 2792 991 2826 (Ill
1004 2792 1032 2818 Ρ.
1052 2793 1101 2819 187
1119 2801 1196 2828 seqq.

78 2830 148 2852 [mur
172 2835 186 2851 ll
213 2835 252 2852 me
262 2834 451 2860 romparatmn,
465 2834 488 2854 ct
509 2832 542 2855 ad
555 2830 688 2855 cumulum
705 2830 867 2855 accedentem
955 2829 991 2862 (ii)
1003 2829 1032 2854 Ρ.
1045 2828 1105 2855 875.
