  <div class='ocr_page' id='page_1' title='image "/cluster/home/n/w/nwhite01/storage/ocr_20150623/100/njp.32101077772869/539.png"; bbox 0 0 1952 3079; ppageno 0'>
   <div class='ocr_carea' id='block_1_1' title="bbox 236 99 1007 135">
    <p class='ocr_par' dir='ltr' id='par_1_1' title="bbox 236 103 1007 135">
     <span class='ocr_line' id='line_1_1' title="bbox 236 103 1007 135; baseline -0.001 -1"><span class='ocrx_word' id='word_1_1' title='bbox 236 103 289 135; x_wconf 82' lang='grc'><strong>999</strong></span> <span class='ocrx_word' id='word_1_2' title='bbox 755 105 786 133; x_wconf 90' lang='lat' dir='ltr'><strong>S.</strong></span> <span class='ocrx_word' id='word_1_3' title='bbox 807 104 1007 134; x_wconf 76' lang='lat' dir='ltr'><strong>NICEPHOR]</strong></span> 
     </span>
    </p>
   </div>
   <div class='ocr_carea' id='block_1_2' title="bbox 1101 99 1872 135">
    <p class='ocr_par' dir='ltr' id='par_1_2' title="bbox 1101 99 1872 132">
     <span class='ocr_line' id='line_1_2' title="bbox 1101 99 1872 132; baseline 0.001 -1"><span class='ocrx_word' id='word_1_4' title='bbox 1101 101 1291 131; x_wconf 72' lang='lat' dir='ltr'><strong>‘RlARCH/E</strong></span> <span class='ocrx_word' id='word_1_5' title='bbox 1312 101 1366 130; x_wconf 72' lang='grc' dir='ltr'><strong>(ΣΡ.</strong></span> <span class='ocrx_word' id='word_1_6' title='bbox 1804 99 1872 132; x_wconf 82' lang='grc'><strong>1000</strong></span> 
     </span>
    </p>
   </div>
   <div class='ocr_carea' id='block_1_3' title="bbox 236 155 1873 196">
    <p class='ocr_par' dir='ltr' id='par_1_3' title="bbox 236 155 1873 196">
     <span class='ocr_line' id='line_1_3' title="bbox 236 155 1873 196; baseline -0.002 -8"><span class='ocrx_word' id='word_1_7' title='bbox 236 161 268 188; x_wconf 80' lang='grc' dir='ltr'><strong>Ρ.</strong></span> <span class='ocrx_word' id='word_1_8' title='bbox 286 160 404 188; x_wconf 86' lang='lat' dir='ltr'><strong>Jacohus</strong></span> <span class='ocrx_word' id='word_1_9' title='bbox 434 159 516 186; x_wconf 82' lang='lat' dir='ltr'><strong>Goar.</strong></span> <span class='ocrx_word' id='word_1_10' title='bbox 534 159 587 187; x_wconf 86' lang='lat' dir='ltr'><strong>Sed</strong></span> <span class='ocrx_word' id='word_1_11' title='bbox 606 160 639 188; x_wconf 89' lang='lat' dir='ltr'><strong>de</strong></span> <span class='ocrx_word' id='word_1_12' title='bbox 653 160 703 188; x_wconf 85' lang='lat' dir='ltr'><strong>hac</strong></span> <span class='ocrx_word' id='word_1_13' title='bbox 719 159 1100 196; x_wconf 79' lang='lat' dir='ltr'><strong>NicephoriChronographia</strong></span> <span class='ocrx_word' id='word_1_14' title='bbox 1125 158 1247 193; x_wconf 84' lang='lat' dir='ltr'><strong>pluribus</strong></span> <span class='ocrx_word' id='word_1_15' title='bbox 1268 158 1411 192; x_wconf 84' lang='lat' dir='ltr'><strong>loquemur</strong></span> <span class='ocrx_word' id='word_1_16' title='bbox 1440 157 1467 185; x_wconf 93' lang='lat' dir='ltr'><strong>in</strong></span> <span class='ocrx_word' id='word_1_17' title='bbox 1496 156 1616 186; x_wconf 85' lang='lat' dir='ltr'><strong>editione</strong></span> <span class='ocrx_word' id='word_1_18' title='bbox 1641 155 1758 192; x_wconf 89' lang='lat' dir='ltr'><strong>Operum</strong></span> <span class='ocrx_word' id='word_1_19' title='bbox 1786 159 1873 185; x_wconf 90' lang='lat' dir='ltr'><strong>sancti</strong></span> 
     </span>
    </p>
   </div>
   <div class='ocr_carea' id='block_1_4' title="bbox 237 201 1875 239">
    <p class='ocr_par' dir='ltr' id='par_1_4' title="bbox 237 201 1875 239">
     <span class='ocr_line' id='line_1_4' title="bbox 237 201 1875 239; baseline -0.001 -7"><span class='ocrx_word' id='word_1_20' title='bbox 237 204 382 239; x_wconf 82' lang='lat' dir='ltr'><strong>Nicepltori</strong></span> <span class='ocrx_word' id='word_1_21' title='bbox 398 203 464 234; x_wconf 88' lang='lat' dir='ltr'><strong>CP.,</strong></span> <span class='ocrx_word' id='word_1_22' title='bbox 476 203 519 230; x_wconf 85' lang='lat' dir='ltr'><strong>cui</strong></span> <span class='ocrx_word' id='word_1_23' title='bbox 547 205 700 238; x_wconf 84' lang='lat' dir='ltr'><strong>propediem</strong></span> <span class='ocrx_word' id='word_1_24' title='bbox 719 212 828 231; x_wconf 86' lang='lat' dir='ltr'><strong>manum</strong></span> <span class='ocrx_word' id='word_1_25' title='bbox 853 204 1066 231; x_wconf 76' lang='lat' dir='ltr'><strong>admovebimus.</strong></span> <span class='ocrx_word' id='word_1_26' title='bbox 1088 213 1098 229; x_wconf 75' lang='grc' dir='ltr'><strong><em>ι</em></strong></span> <span class='ocrx_word' id='word_1_27' title='bbox 1116 203 1244 230; x_wconf 77' lang='lat' dir='ltr'><strong>Attamen</strong></span> <span class='ocrx_word' id='word_1_28' title='bbox 1260 201 1424 234; x_wconf 87' lang='lat' dir='ltr'><strong>Bandurius,</strong></span> <span class='ocrx_word' id='word_1_29' title='bbox 1441 202 1589 237; x_wconf 87' lang='lat' dir='ltr'><strong>quominus</strong></span> <span class='ocrx_word' id='word_1_30' title='bbox 1606 201 1750 235; x_wconf 84' lang='lat' dir='ltr'><strong>promissis</strong></span> <span class='ocrx_word' id='word_1_31' title='bbox 1763 201 1820 229; x_wconf 85' lang='lat' dir='ltr'><strong>suis</strong></span> <span class='ocrx_word' id='word_1_32' title='bbox 1833 202 1875 230; x_wconf 76' lang='lat' dir='ltr'><strong>bis</strong></span> 
     </span>
    </p>
   </div>
   <div class='ocr_carea' id='block_1_5' title="bbox 239 247 1124 283">
    <p class='ocr_par' dir='ltr' id='par_1_5' title="bbox 239 247 1124 283">
     <span class='ocr_line' id='line_1_5' title="bbox 239 247 1124 283; baseline -0.002 -7"><span class='ocrx_word' id='word_1_33' title='bbox 239 248 363 283; x_wconf 77' lang='lat' dir='ltr'><strong>repetitis</strong></span> <span class='ocrx_word' id='word_1_34' title='bbox 378 252 472 279; x_wconf 86' lang='lat' dir='ltr'><strong>staret,</strong></span> <span class='ocrx_word' id='word_1_35' title='bbox 490 247 583 274; x_wconf 88' lang='lat' dir='ltr'><strong>nescio</strong></span> <span class='ocrx_word' id='word_1_36' title='bbox 598 247 695 281; x_wconf 90' lang='lat' dir='ltr'><strong>quibus</strong></span> <span class='ocrx_word' id='word_1_37' title='bbox 708 247 907 281; x_wconf 81' lang='lat' dir='ltr'><strong>impedimentis</strong></span> <span class='ocrx_word' id='word_1_38' title='bbox 925 247 1058 274; x_wconf 77' lang='lat' dir='ltr'><strong>cohibitus</strong></span> <span class='ocrx_word' id='word_1_39' title='bbox 1072 252 1124 274; x_wconf 85' lang='lat' dir='ltr'><strong>est.</strong></span> 
     </span>
    </p>
   </div>
   <div class='ocr_carea' id='block_1_6' title="bbox 275 288 1874 325">
    <p class='ocr_par' dir='ltr' id='par_1_6' title="bbox 275 288 1874 325">
     <span class='ocr_line' id='line_1_6' title="bbox 275 288 1874 325; baseline -0.003 -6"><span class='ocrx_word' id='word_1_40' title='bbox 275 291 421 320; x_wconf 73' lang='lat' dir='ltr'><strong>liberiores</strong></span> <span class='ocrx_word' id='word_1_41' title='bbox 443 295 542 325; x_wconf 74' lang='lat' dir='ltr'><strong>praeter</strong></span> <span class='ocrx_word' id='word_1_42' title='bbox 568 289 737 318; x_wconf 88' lang='lat' dir='ltr'><strong>Bandoriutn</strong></span> <span class='ocrx_word' id='word_1_43' title='bbox 750 292 861 318; x_wconf 79' lang='lat' dir='ltr'><strong>notitias</strong></span> <span class='ocrx_word' id='word_1_44' title='bbox 874 292 906 318; x_wconf 91' lang='lat' dir='ltr'><strong>de</strong></span> <span class='ocrx_word' id='word_1_45' title='bbox 921 291 1060 318; x_wconf 82' lang='lat' dir='ltr'><strong>codicibus</strong></span> <span class='ocrx_word' id='word_1_46' title='bbox 1076 297 1141 317; x_wconf 89' lang='lat' dir='ltr'><strong>mss.</strong></span> <span class='ocrx_word' id='word_1_47' title='bbox 1154 289 1299 325; x_wconf 82' lang='lat' dir='ltr'><strong>Nicephori</strong></span> <span class='ocrx_word' id='word_1_48' title='bbox 1313 289 1401 324; x_wconf 83' lang='lat' dir='ltr'><strong>palam</strong></span> <span class='ocrx_word' id='word_1_49' title='bbox 1426 293 1629 324; x_wconf 88' lang='lat' dir='ltr'><strong>proposuerunt</strong></span> <span class='ocrx_word' id='word_1_50' title='bbox 1645 289 1696 316; x_wconf 91' lang='lat' dir='ltr'><strong>viri</strong></span> <span class='ocrx_word' id='word_1_51' title='bbox 1721 288 1874 316; x_wconf 85' lang='lat' dir='ltr'><strong>doctissimi</strong></span> 
     </span>
    </p>
   </div>
   <div class='ocr_carea' id='block_1_7' title="bbox 239 331 1874 368">
    <p class='ocr_par' dir='ltr' id='par_1_7' title="bbox 239 331 1874 368">
     <span class='ocr_line' id='line_1_7' title="bbox 239 331 1874 368; baseline -0.001 -6"><span class='ocrx_word' id='word_1_52' title='bbox 239 336 413 366; x_wconf 83' lang='lat' dir='ltr'><strong>Lambecius,</strong></span> <span class='ocrx_word' id='word_1_53' title='bbox 427 334 601 362; x_wconf 81' lang='lat' dir='ltr'><strong>Montfaucon</strong></span> <span class='ocrx_word' id='word_1_54' title='bbox 618 342 645 362; x_wconf 90' lang='lat' dir='ltr'><strong>et</strong></span> <span class='ocrx_word' id='word_1_55' title='bbox 666 335 784 367; x_wconf 76' lang='lat' dir='ltr'><strong>Yriarle,</strong></span> <span class='ocrx_word' id='word_1_56' title='bbox 796 335 828 361; x_wconf 91' lang='lat' dir='ltr'><strong>de</strong></span> <span class='ocrx_word' id='word_1_57' title='bbox 840 335 937 368; x_wconf 90' lang='lat' dir='ltr'><strong>quibus</strong></span> <span class='ocrx_word' id='word_1_58' title='bbox 950 333 1106 360; x_wconf 78' lang='lat' dir='ltr'><strong>consulatur</strong></span> <span class='ocrx_word' id='word_1_59' title='bbox 1120 333 1237 361; x_wconf 83' lang='lat' dir='ltr'><strong>Fabricii</strong></span> <span class='ocrx_word' id='word_1_60' title='bbox 1258 333 1329 361; x_wconf 88' lang='lat' dir='ltr'><strong>Bibl.</strong></span> <span class='ocrx_word' id='word_1_61' title='bbox 1346 332 1393 360; x_wconf 77' lang='lat' dir='ltr'><strong>Gr.</strong></span> <span class='ocrx_word' id='word_1_62' title='bbox 1409 334 1453 361; x_wconf 89' lang='lat' dir='ltr'><strong>ed.</strong></span> <span class='ocrx_word' id='word_1_63' title='bbox 1471 332 1574 360; x_wconf 80' lang='lat' dir='ltr'><strong>Harles.</strong></span> <span class='ocrx_word' id='word_1_64' title='bbox 1594 332 1648 365; x_wconf 89' lang='lat' dir='ltr'><strong>VII,</strong></span> <span class='ocrx_word' id='word_1_65' title='bbox 1668 339 1696 367; x_wconf 89' lang='lat' dir='ltr'><strong>p.</strong></span> <span class='ocrx_word' id='word_1_66' title='bbox 1720 331 1774 359; x_wconf 73' lang='grc'><strong>462</strong></span> <span class='ocrx_word' id='word_1_67' title='bbox 1794 340 1819 360; x_wconf 86' lang='lat' dir='ltr'><strong>s.</strong></span> <span class='ocrx_word' id='word_1_68' title='bbox 1846 336 1874 360; x_wconf 76' lang='lat' dir='ltr'><strong>et</strong></span> 
     </span>
    </p>
   </div>
   <div class='ocr_carea' id='block_1_8' title="bbox 239 377 1550 415">
    <p class='ocr_par' dir='ltr' id='par_1_8' title="bbox 239 377 1550 415">
     <span class='ocr_line' id='line_1_8' title="bbox 239 377 1550 415; baseline -0.002 -10"><span class='ocrx_word' id='word_1_69' title='bbox 239 388 266 415; x_wconf 85' lang='lat' dir='ltr'><strong>p.</strong></span> <span class='ocrx_word' id='word_1_70' title='bbox 280 379 342 410; x_wconf 71' lang='lat'><strong>602,</strong></span> <span class='ocrx_word' id='word_1_71' title='bbox 359 379 446 413; x_wconf 89' lang='lat' dir='ltr'><strong>qttoin</strong></span> <span class='ocrx_word' id='word_1_72' title='bbox 461 379 530 405; x_wconf 89' lang='lat' dir='ltr'><strong>libro</strong></span> <span class='ocrx_word' id='word_1_73' title='bbox 540 379 621 405; x_wconf 87' lang='lat' dir='ltr'><strong>etiam</strong></span> <span class='ocrx_word' id='word_1_74' title='bbox 634 379 736 406; x_wconf 87' lang='lat' dir='ltr'><strong>codicis</strong></span> <span class='ocrx_word' id='word_1_75' title='bbox 747 377 956 413; x_wconf 75' lang='lat' dir='ltr'><strong>Nicepltori,qni</strong></span> <span class='ocrx_word' id='word_1_76' title='bbox 969 377 1037 404; x_wconf 67' lang='lat' dir='ltr'><strong>lena:</strong></span> <span class='ocrx_word' id='word_1_77' title='bbox 1053 383 1221 410; x_wconf 85' lang='lat' dir='ltr'><strong>asservatur,</strong></span> <span class='ocrx_word' id='word_1_78' title='bbox 1236 378 1380 413; x_wconf 86' lang='lat' dir='ltr'><strong>aliquoties</strong></span> <span class='ocrx_word' id='word_1_79' title='bbox 1393 377 1493 404; x_wconf 83' lang='lat' dir='ltr'><strong>mentio</strong></span> <span class='ocrx_word' id='word_1_80' title='bbox 1510 377 1550 404; x_wconf 81' lang='lat' dir='ltr'><strong>fit.</strong></span> 
     </span>
    </p>
   </div>
   <div class='ocr_carea' id='block_1_9' title="bbox 272 420 1874 457">
    <p class='ocr_par' dir='ltr' id='par_1_9' title="bbox 272 420 1874 457">
     <span class='ocr_line' id='line_1_9' title="bbox 272 420 1874 457; baseline -0.002 -7"><span class='ocrx_word' id='word_1_81' title='bbox 272 423 332 450; x_wconf 81' lang='lat' dir='ltr'><strong>Jatn</strong></span> <span class='ocrx_word' id='word_1_82' title='bbox 348 423 439 457; x_wconf 81' lang='lat' dir='ltr'><strong>igitur,</strong></span> <span class='ocrx_word' id='word_1_83' title='bbox 454 422 637 449; x_wconf 87' lang='lat' dir='ltr'><strong>snbsidiorum</strong></span> <span class='ocrx_word' id='word_1_84' title='bbox 657 423 816 449; x_wconf 85' lang='lat' dir='ltr'><strong>criticorum</strong></span> <span class='ocrx_word' id='word_1_85' title='bbox 835 429 948 448; x_wconf 90' lang='lat' dir='ltr'><strong>numero</strong></span> <span class='ocrx_word' id='word_1_86' title='bbox 963 427 1052 448; x_wconf 88' lang='lat' dir='ltr'><strong>ttostra</strong></span> <span class='ocrx_word' id='word_1_87' title='bbox 1067 425 1145 447; x_wconf 75' lang='lat' dir='ltr'><strong>:ctate</strong></span> <span class='ocrx_word' id='word_1_88' title='bbox 1161 426 1303 454; x_wconf 83' lang='lat' dir='ltr'><strong>tantopere</strong></span> <span class='ocrx_word' id='word_1_89' title='bbox 1319 421 1446 451; x_wconf 80' lang='lat' dir='ltr'><strong>adauctu,</strong></span> <span class='ocrx_word' id='word_1_90' title='bbox 1464 428 1517 447; x_wconf 88' lang='lat' dir='ltr'><strong>tton</strong></span> <span class='ocrx_word' id='word_1_91' title='bbox 1539 425 1609 452; x_wconf 83' lang='lat' dir='ltr'><strong>erat,</strong></span> <span class='ocrx_word' id='word_1_92' title='bbox 1623 421 1694 455; x_wconf 87' lang='lat' dir='ltr'><strong>quod</strong></span> <span class='ocrx_word' id='word_1_93' title='bbox 1717 420 1807 448; x_wconf 87' lang='lat' dir='ltr'><strong>editor</strong></span> <span class='ocrx_word' id='word_1_94' title='bbox 1821 427 1874 447; x_wconf 82' lang='lat' dir='ltr'><strong>no—</strong></span> 
     </span>
    </p>
   </div>
   <div class='ocr_carea' id='block_1_10' title="bbox 240 458 1872 500">
    <p class='ocr_par' dir='ltr' id='par_1_10' title="bbox 240 458 1872 500">
     <span class='ocr_line' id='line_1_10' title="bbox 240 458 1872 500; baseline -0.002 -7"><span class='ocrx_word' id='word_1_95' title='bbox 240 468 366 494; x_wconf 78' lang='lat' dir='ltr'><strong>vissimus</strong></span> <span class='ocrx_word' id='word_1_96' title='bbox 383 466 460 499; x_wconf 84' lang='lat' dir='ltr'><strong>hujus</strong></span> <span class='ocrx_word' id='word_1_97' title='bbox 473 465 616 500; x_wconf 85' lang='lat' dir='ltr'><strong>Nicephori</strong></span> <span class='ocrx_word' id='word_1_98' title='bbox 630 466 724 497; x_wconf 78' lang='lat' dir='ltr'><strong>libelli.</strong></span> <span class='ocrx_word' id='word_1_99' title='bbox 741 467 767 493; x_wconf 89' lang='lat' dir='ltr'><strong>itt</strong></span> <span class='ocrx_word' id='word_1_100' title='bbox 791 465 904 499; x_wconf 87' lang='lat' dir='ltr'><strong>Corpore</strong></span> <span class='ocrx_word' id='word_1_101' title='bbox 932 458 1091 500; x_wconf 80' lang='lat' dir='ltr'><strong>scripiorum</strong></span> <span class='ocrx_word' id='word_1_102' title='bbox 1105 464 1231 491; x_wconf 76' lang='lat' dir='ltr'><strong>Ilistoriw</strong></span> <span class='ocrx_word' id='word_1_103' title='bbox 1242 463 1410 499; x_wconf 58' lang='lat' dir='ltr'><strong>Byzantina,</strong></span> <span class='ocrx_word' id='word_1_104' title='bbox 1424 466 1496 498; x_wconf 87' lang='lat' dir='ltr'><strong>quod</strong></span> <span class='ocrx_word' id='word_1_105' title='bbox 1512 464 1682 492; x_wconf 77' lang='lat' dir='ltr'><strong>celeberrimi</strong></span> <span class='ocrx_word' id='word_1_106' title='bbox 1717 464 1872 497; x_wconf 77' lang='lat' dir='ltr'><strong>Niebuhrii,</strong></span> 
     </span>
    </p>
   </div>
   <div class='ocr_carea' id='block_1_11' title="bbox 236 507 1872 544">
    <p class='ocr_par' dir='ltr' id='par_1_11' title="bbox 236 507 1872 544">
     <span class='ocr_line' id='line_1_11' title="bbox 236 507 1872 544; baseline 0 -10"><span class='ocrx_word' id='word_1_107' title='bbox 236 509 291 544; x_wconf 89' lang='lat' dir='ltr'><strong>jant</strong></span> <span class='ocrx_word' id='word_1_108' title='bbox 305 508 437 540; x_wconf 79' lang='lat' dir='ltr'><strong>defuncti,</strong></span> <span class='ocrx_word' id='word_1_109' title='bbox 455 508 504 534; x_wconf 86' lang='lat' dir='ltr'><strong>sub</strong></span> <span class='ocrx_word' id='word_1_110' title='bbox 516 507 644 541; x_wconf 87' lang='lat' dir='ltr'><strong>auspiciis</strong></span> <span class='ocrx_word' id='word_1_111' title='bbox 659 508 770 542; x_wconf 82' lang='lat' dir='ltr'><strong>prodiit.</strong></span> <span class='ocrx_word' id='word_1_112' title='bbox 782 513 808 535; x_wconf 89' lang='lat' dir='ltr'><strong>et</strong></span> <span class='ocrx_word' id='word_1_113' title='bbox 822 508 951 535; x_wconf 84' lang='lat' dir='ltr'><strong>editionis</strong></span> <span class='ocrx_word' id='word_1_114' title='bbox 964 508 1153 536; x_wconf 72' lang='lat' dir='ltr'><strong>emendatioris</strong></span> <span class='ocrx_word' id='word_1_115' title='bbox 1167 513 1191 535; x_wconf 82' lang='lat' dir='ltr'><strong>et</strong></span> <span class='ocrx_word' id='word_1_116' title='bbox 1219 509 1374 542; x_wconf 78' lang='lat' dir='ltr'><strong>copiosioris</strong></span> <span class='ocrx_word' id='word_1_117' title='bbox 1397 516 1452 542; x_wconf 78' lang='lat' dir='ltr'><strong>pra:</strong></span> <span class='ocrx_word' id='word_1_118' title='bbox 1479 515 1508 534; x_wconf 88' lang='lat' dir='ltr'><strong>se</strong></span> <span class='ocrx_word' id='word_1_119' title='bbox 1524 507 1577 534; x_wconf 83' lang='lat' dir='ltr'><strong>fert</strong></span> <span class='ocrx_word' id='word_1_120' title='bbox 1590 508 1708 539; x_wconf 86' lang='lat' dir='ltr'><strong>titulum.</strong></span> <span class='ocrx_word' id='word_1_121' title='bbox 1720 507 1802 535; x_wconf 88' lang='lat' dir='ltr'><strong>Goari</strong></span> <span class='ocrx_word' id='word_1_122' title='bbox 1817 513 1872 535; x_wconf 89' lang='lat' dir='ltr'><strong>tattt</strong></span> 
     </span>
    </p>
   </div>
   <div class='ocr_carea' id='block_1_12' title="bbox 240 551 1872 587">
    <p class='ocr_par' dir='ltr' id='par_1_12' title="bbox 240 551 1872 587">
     <span class='ocr_line' id='line_1_12' title="bbox 240 551 1872 587; baseline 0 -8"><span class='ocrx_word' id='word_1_123' title='bbox 240 558 342 579; x_wconf 84' lang='lat' dir='ltr'><strong>textum</strong></span> <span class='ocrx_word' id='word_1_124' title='bbox 359 559 440 584; x_wconf 88' lang='lat' dir='ltr'><strong>qttattt</strong></span> <span class='ocrx_word' id='word_1_125' title='bbox 454 551 658 582; x_wconf 86' lang='lat' dir='ltr'><strong>adnotationes,</strong></span> <span class='ocrx_word' id='word_1_126' title='bbox 675 556 820 585; x_wconf 89' lang='lat' dir='ltr'><strong>tttrumque</strong></span> <span class='ocrx_word' id='word_1_127' title='bbox 834 551 904 578; x_wconf 88' lang='lat' dir='ltr'><strong>male</strong></span> <span class='ocrx_word' id='word_1_128' title='bbox 915 551 1104 585; x_wconf 85' lang='lat' dir='ltr'><strong>compositum,</strong></span> <span class='ocrx_word' id='word_1_129' title='bbox 1118 557 1261 587; x_wconf 87' lang='lat' dir='ltr'><strong>repeteret.</strong></span> <span class='ocrx_word' id='word_1_130' title='bbox 1273 553 1418 579; x_wconf 78' lang='lat' dir='ltr'><strong>Adhibitus</strong></span> <span class='ocrx_word' id='word_1_131' title='bbox 1429 552 1548 585; x_wconf 80' lang='lat' dir='ltr'><strong>quidem</strong></span> <span class='ocrx_word' id='word_1_132' title='bbox 1564 556 1605 578; x_wconf 87' lang='lat' dir='ltr'><strong>est</strong></span> <span class='ocrx_word' id='word_1_133' title='bbox 1619 559 1635 578; x_wconf 85' lang='lat' dir='ltr'><strong>a</strong></span> <span class='ocrx_word' id='word_1_134' title='bbox 1664 551 1804 579; x_wconf 86' lang='lat' dir='ltr'><strong>Dindorfio</strong></span> <span class='ocrx_word' id='word_1_135' title='bbox 1823 560 1872 579; x_wconf 76' lang='grc' dir='ltr'><strong>εο-</strong></span> 
     </span>
    </p>
   </div>
   <div class='ocr_carea' id='block_1_13' title="bbox 238 594 1872 630">
    <p class='ocr_par' dir='ltr' id='par_1_13' title="bbox 238 594 1872 630">
     <span class='ocr_line' id='line_1_13' title="bbox 238 594 1872 630; baseline 0 -8"><span class='ocrx_word' id='word_1_136' title='bbox 238 597 288 623; x_wconf 79' lang='lat' dir='ltr'><strong>dex</strong></span> <span class='ocrx_word' id='word_1_137' title='bbox 302 603 370 621; x_wconf 87' lang='lat' dir='ltr'><strong>unus</strong></span> <span class='ocrx_word' id='word_1_138' title='bbox 383 594 534 626; x_wconf 79' lang='lat' dir='ltr'><strong>Parisinus,</strong></span> <span class='ocrx_word' id='word_1_139' title='bbox 550 594 596 621; x_wconf 88' lang='lat' dir='ltr'><strong>sed</strong></span> <span class='ocrx_word' id='word_1_140' title='bbox 615 595 788 629; x_wconf 87' lang='lat' dir='ltr'><strong>parvipretii,</strong></span> <span class='ocrx_word' id='word_1_141' title='bbox 803 595 858 622; x_wconf 87' lang='lat' dir='ltr'><strong>imo</strong></span> <span class='ocrx_word' id='word_1_142' title='bbox 871 595 991 622; x_wconf 74' lang='lat' dir='ltr'><strong>fortasse</strong></span> <span class='ocrx_word' id='word_1_143' title='bbox 1004 603 1056 622; x_wconf 93' lang='lat' dir='ltr'><strong>non</strong></span> <span class='ocrx_word' id='word_1_144' title='bbox 1071 596 1195 623; x_wconf 83' lang='lat' dir='ltr'><strong>diversus</strong></span> <span class='ocrx_word' id='word_1_145' title='bbox 1212 597 1245 623; x_wconf 87' lang='lat' dir='ltr'><strong>ah</strong></span> <span class='ocrx_word' id='word_1_146' title='bbox 1267 604 1300 623; x_wconf 81' lang='lat' dir='ltr'><strong>co</strong></span> <span class='ocrx_word' id='word_1_147' title='bbox 1315 603 1369 630; x_wconf 90' lang='lat' dir='ltr'><strong>quo</strong></span> <span class='ocrx_word' id='word_1_148' title='bbox 1380 595 1503 630; x_wconf 73' lang='lat' dir='ltr'><strong>Scaliger</strong></span> <span class='ocrx_word' id='word_1_149' title='bbox 1518 603 1583 622; x_wconf 87' lang='lat' dir='ltr'><strong>ttstts</strong></span> <span class='ocrx_word' id='word_1_150' title='bbox 1597 599 1659 628; x_wconf 85' lang='lat' dir='ltr'><strong>est;</strong></span> <span class='ocrx_word' id='word_1_151' title='bbox 1673 595 1777 622; x_wconf 67' lang='lat' dir='ltr'><strong>lacunas</strong></span> <span class='ocrx_word' id='word_1_152' title='bbox 1797 596 1872 622; x_wconf 88' lang='lat' dir='ltr'><strong>enim</strong></span> 
     </span>
    </p>
   </div>
   <div class='ocr_carea' id='block_1_14' title="bbox 238 639 1874 675">
    <p class='ocr_par' dir='ltr' id='par_1_14' title="bbox 238 639 1874 675">
     <span class='ocr_line' id='line_1_14' title="bbox 238 639 1874 675; baseline 0 -9"><span class='ocrx_word' id='word_1_153' title='bbox 238 640 375 675; x_wconf 77' lang='lat' dir='ltr'><strong>graviores</strong></span> <span class='ocrx_word' id='word_1_154' title='bbox 392 639 418 666; x_wconf 92' lang='lat' dir='ltr'><strong>in</strong></span> <span class='ocrx_word' id='word_1_155' title='bbox 435 640 668 674; x_wconf 63' lang='lat' dir='ltr'><strong>utroqueeatdem.</strong></span> <span class='ocrx_word' id='word_1_156' title='bbox 683 640 723 666; x_wconf 86' lang='lat' dir='ltr'><strong>Ad</strong></span> <span class='ocrx_word' id='word_1_157' title='bbox 749 640 799 667; x_wconf 87' lang='lat' dir='ltr'><strong>hoc</strong></span> <span class='ocrx_word' id='word_1_158' title='bbox 826 641 958 668; x_wconf 88' lang='lat' dir='ltr'><strong>accedunt</strong></span> <span class='ocrx_word' id='word_1_159' title='bbox 972 639 1054 667; x_wconf 87' lang='lat' dir='ltr'><strong>Goari</strong></span> <span class='ocrx_word' id='word_1_160' title='bbox 1067 639 1093 665; x_wconf 95' lang='lat' dir='ltr'><strong>in</strong></span> <span class='ocrx_word' id='word_1_161' title='bbox 1109 639 1331 666; x_wconf 87' lang='lat' dir='ltr'><strong>adnotationibus</strong></span> <span class='ocrx_word' id='word_1_162' title='bbox 1345 646 1464 671; x_wconf 83' lang='lat' dir='ltr'><strong>errores,</strong></span> <span class='ocrx_word' id='word_1_163' title='bbox 1482 639 1508 665; x_wconf 87' lang='lat' dir='ltr'><strong>itt</strong></span> <span class='ocrx_word' id='word_1_164' title='bbox 1534 639 1587 665; x_wconf 88' lang='lat' dir='ltr'><strong>hac</strong></span> <span class='ocrx_word' id='word_1_165' title='bbox 1616 639 1762 666; x_wconf 72' lang='lat' dir='ltr'><strong>novissima</strong></span> <span class='ocrx_word' id='word_1_166' title='bbox 1788 644 1874 674; x_wconf 86' lang='lat' dir='ltr'><strong>atque</strong></span> 
     </span>
    </p>
   </div>
   <div class='ocr_carea' id='block_1_15' title="bbox 237 682 1874 718">
    <p class='ocr_par' dir='ltr' id='par_1_15' title="bbox 237 682 1874 718">
     <span class='ocr_line' id='line_1_15' title="bbox 237 682 1874 718; baseline 0 -8"><span class='ocrx_word' id='word_1_167' title='bbox 237 685 379 710; x_wconf 86' lang='lat' dir='ltr'><strong>emendata</strong></span> <span class='ocrx_word' id='word_1_168' title='bbox 390 683 510 710; x_wconf 87' lang='lat' dir='ltr'><strong>editione</strong></span> <span class='ocrx_word' id='word_1_169' title='bbox 540 683 656 716; x_wconf 86' lang='lat' dir='ltr'><strong>repetiti.</strong></span> <span class='ocrx_word' id='word_1_170' title='bbox 678 683 757 716; x_wconf 84' lang='lat' dir='ltr'><strong>Quid,</strong></span> <span class='ocrx_word' id='word_1_171' title='bbox 774 685 846 718; x_wconf 90' lang='lat' dir='ltr'><strong>quod</strong></span> <span class='ocrx_word' id='word_1_172' title='bbox 863 685 953 711; x_wconf 87' lang='lat' dir='ltr'><strong>editor</strong></span> <span class='ocrx_word' id='word_1_173' title='bbox 976 691 1010 711; x_wconf 86' lang='lat' dir='ltr'><strong>ne</strong></span> <span class='ocrx_word' id='word_1_174' title='bbox 1042 684 1194 710; x_wconf 86' lang='lat' dir='ltr'><strong>versionem</strong></span> <span class='ocrx_word' id='word_1_175' title='bbox 1214 683 1324 716; x_wconf 84' lang='lat' dir='ltr'><strong>quidem</strong></span> <span class='ocrx_word' id='word_1_176' title='bbox 1344 682 1468 709; x_wconf 85' lang='lat' dir='ltr'><strong>Latinam</strong></span> <span class='ocrx_word' id='word_1_177' title='bbox 1483 683 1568 709; x_wconf 77' lang='lat' dir='ltr'><strong>textui</strong></span> <span class='ocrx_word' id='word_1_178' title='bbox 1585 682 1679 710; x_wconf 69' lang='lat' dir='ltr'><strong>Graeco</strong></span> <span class='ocrx_word' id='word_1_179' title='bbox 1696 683 1739 710; x_wconf 87' lang='lat' dir='ltr'><strong>hic</strong></span> <span class='ocrx_word' id='word_1_180' title='bbox 1756 683 1821 714; x_wconf 86' lang='lat' dir='ltr'><strong>illic.</strong></span> <span class='ocrx_word' id='word_1_181' title='bbox 1839 690 1874 710; x_wconf 91' lang='lat' dir='ltr'><strong>ne</strong></span> 
     </span>
    </p>
   </div>
   <div class='ocr_carea' id='block_1_16' title="bbox 238 726 1873 761">
    <p class='ocr_par' dir='ltr' id='par_1_16' title="bbox 238 726 1873 761">
     <span class='ocr_line' id='line_1_16' title="bbox 238 726 1873 761; baseline 0 -7"><span class='ocrx_word' id='word_1_182' title='bbox 238 728 324 754; x_wconf 87' lang='lat' dir='ltr'><strong>dicam</strong></span> <span class='ocrx_word' id='word_1_183' title='bbox 340 727 494 758; x_wconf 84' lang='lat' dir='ltr'><strong>emendato,</strong></span> <span class='ocrx_word' id='word_1_184' title='bbox 510 731 612 753; x_wconf 82' lang='lat' dir='ltr'><strong>mutato</strong></span> <span class='ocrx_word' id='word_1_185' title='bbox 626 731 715 753; x_wconf 88' lang='lat' dir='ltr'><strong>tatttett</strong></span> <span class='ocrx_word' id='word_1_186' title='bbox 734 728 999 755; x_wconf 83' lang='lat' dir='ltr'><strong>accomtnodaverit?</strong></span> <span class='ocrx_word' id='word_1_187' title='bbox 1014 727 1069 754; x_wconf 89' lang='lat' dir='ltr'><strong>Cur</strong></span> <span class='ocrx_word' id='word_1_188' title='bbox 1085 727 1192 754; x_wconf 80' lang='lat' dir='ltr'><strong>tandem</strong></span> <span class='ocrx_word' id='word_1_189' title='bbox 1216 726 1399 753; x_wconf 83' lang='lat' dir='ltr'><strong>Valentiniani</strong></span> <span class='ocrx_word' id='word_1_190' title='bbox 1429 733 1540 760; x_wconf 83' lang='lat' dir='ltr'><strong>prorsus</strong></span> <span class='ocrx_word' id='word_1_191' title='bbox 1557 731 1684 760; x_wconf 89' lang='lat' dir='ltr'><strong>corrupta</strong></span> <span class='ocrx_word' id='word_1_192' title='bbox 1712 726 1873 761; x_wconf 74' lang='lat' dir='ltr'><strong>genealogia</strong></span> 
     </span>
    </p>
   </div>
   <div class='ocr_carea' id='block_1_17' title="bbox 238 769 1871 805">
    <p class='ocr_par' dir='ltr' id='par_1_17' title="bbox 238 769 1871 805">
     <span class='ocr_line' id='line_1_17' title="bbox 238 769 1871 805; baseline 0 -7"><span class='ocrx_word' id='word_1_193' title='bbox 238 771 352 805; x_wconf 85' lang='lat' dir='ltr'><strong>repetita</strong></span> <span class='ocrx_word' id='word_1_194' title='bbox 365 775 416 802; x_wconf 80' lang='lat' dir='ltr'><strong>est,</strong></span> <span class='ocrx_word' id='word_1_195' title='bbox 430 778 481 796; x_wconf 88' lang='lat' dir='ltr'><strong>una</strong></span> <span class='ocrx_word' id='word_1_196' title='bbox 495 769 643 798; x_wconf 88' lang='lat' dir='ltr'><strong>eumGoari</strong></span> <span class='ocrx_word' id='word_1_197' title='bbox 655 771 829 799; x_wconf 85' lang='lat' dir='ltr'><strong>adnotatione</strong></span> <span class='ocrx_word' id='word_1_198' title='bbox 840 781 846 787; x_wconf 85' lang='lat'>&#39;</span> <span class='ocrx_word' id='word_1_199' title='bbox 861 771 894 798; x_wconf 85' lang='lat' dir='ltr'><strong>Ut</strong></span> <span class='ocrx_word' id='word_1_200' title='bbox 911 773 953 798; x_wconf 84' lang='lat' dir='ltr'><strong>hic</strong></span> <span class='ocrx_word' id='word_1_201' title='bbox 968 771 1069 802; x_wconf 70' lang='lat' dir='ltr'><strong>Graa&#39;ce,</strong></span> <span class='ocrx_word' id='word_1_202' title='bbox 1079 772 1115 796; x_wconf 84' lang='lat' dir='ltr'><strong>ita</strong></span> <span class='ocrx_word' id='word_1_203' title='bbox 1132 769 1225 796; x_wconf 83' lang='lat' dir='ltr'><strong>Latine</strong></span> <span class='ocrx_word' id='word_1_204' title='bbox 1236 774 1387 803; x_wconf 82' lang='lat' dir='ltr'><strong>corruptam</strong></span> <span class='ocrx_word' id='word_1_205' title='bbox 1400 769 1502 796; x_wconf 67' lang='lat' dir='ltr'><strong>eazhibet</strong></span> <span class='ocrx_word' id='word_1_206' title='bbox 1520 770 1677 797; x_wconf 70' lang='lat' dir='ltr'><strong>Anastasius</strong></span> <span class='ocrx_word' id='word_1_207' title='bbox 1688 769 1794 805; x_wconf 73' lang='lat' dir='ltr'><strong>Regius,</strong></span> <span class='ocrx_word' id='word_1_208' title='bbox 1804 775 1871 803; x_wconf 86' lang='lat' dir='ltr'><strong>etc.;</strong></span> 
     </span>
    </p>
   </div>
   <div class='ocr_carea' id='block_1_18' title="bbox 237 806 1870 850">
    <p class='ocr_par' dir='ltr' id='par_1_18' title="bbox 237 806 1870 850">
     <span class='ocr_line' id='line_1_18' title="bbox 237 806 1870 850; baseline 0.001 -11"><span class='ocrx_word' id='word_1_209' title='bbox 237 821 298 840; x_wconf 88' lang='lat' dir='ltr'><strong>cum</strong></span> <span class='ocrx_word' id='word_1_210' title='bbox 312 812 472 841; x_wconf 88' lang='lat' dir='ltr'><strong>Lambecius</strong></span> <span class='ocrx_word' id='word_1_211' title='bbox 488 814 525 849; x_wconf 89' lang='grc'><strong>(6)</strong></span> <span class='ocrx_word' id='word_1_212' title='bbox 538 813 593 847; x_wconf 83' lang='lat' dir='ltr'><strong>jam</strong></span> <span class='ocrx_word' id='word_1_213' title='bbox 610 814 714 848; x_wconf 84' lang='lat' dir='ltr'><strong>pridem</strong></span> <span class='ocrx_word' id='word_1_214' title='bbox 731 806 942 842; x_wconf 69' lang='lat' dir='ltr'><strong>emendatiorem</strong></span> <span class='ocrx_word' id='word_1_215' title='bbox 958 814 1149 850; x_wconf 86' lang='lat' dir='ltr'><strong>proposuerit?</strong></span> <span class='ocrx_word' id='word_1_216' title='bbox 1177 813 1232 841; x_wconf 87' lang='lat' dir='ltr'><strong>Cur</strong></span> <span class='ocrx_word' id='word_1_217' title='bbox 1261 814 1354 840; x_wconf 87' lang='lat' dir='ltr'><strong>mutila</strong></span> <span class='ocrx_word' id='word_1_218' title='bbox 1381 813 1407 840; x_wconf 87' lang='lat' dir='ltr'><strong>iit</strong></span> <span class='ocrx_word' id='word_1_219' title='bbox 1433 814 1485 840; x_wconf 87' lang='lat' dir='ltr'><strong>litte</strong></span> <span class='ocrx_word' id='word_1_220' title='bbox 1501 813 1561 840; x_wconf 88' lang='lat' dir='ltr'><strong>libri</strong></span> <span class='ocrx_word' id='word_1_221' title='bbox 1572 813 1769 844; x_wconf 87' lang='lat' dir='ltr'><strong>stichometria,</strong></span> <span class='ocrx_word' id='word_1_222' title='bbox 1785 821 1870 847; x_wconf 87' lang='lat' dir='ltr'><strong>quam</strong></span> 
     </span>
    </p>
   </div>
   <div class='ocr_carea' id='block_1_19' title="bbox 238 856 1873 892">
    <p class='ocr_par' dir='ltr' id='par_1_19' title="bbox 238 856 1873 892">
     <span class='ocr_line' id='line_1_19' title="bbox 238 856 1873 892; baseline 0.001 -8"><span class='ocrx_word' id='word_1_223' title='bbox 238 857 412 891; x_wconf 76' lang='lat' dir='ltr'><strong>integriorem</strong></span> <span class='ocrx_word' id='word_1_224' title='bbox 440 856 612 884; x_wconf 84' lang='lat' dir='ltr'><strong>Montfaucon</strong></span> <span class='ocrx_word' id='word_1_225' title='bbox 642 857 680 891; x_wconf 93' lang='lat'><strong>(7)</strong></span> <span class='ocrx_word' id='word_1_226' title='bbox 707 857 762 892; x_wconf 89' lang='lat' dir='ltr'><strong>jam</strong></span> <span class='ocrx_word' id='word_1_227' title='bbox 778 858 881 892; x_wconf 85' lang='lat' dir='ltr'><strong>pridem</strong></span> <span class='ocrx_word' id='word_1_228' title='bbox 897 857 1095 892; x_wconf 76' lang='lat' dir='ltr'><strong>divulgaverit?</strong></span> <span class='ocrx_word' id='word_1_229' title='bbox 1109 858 1161 885; x_wconf 89' lang='lat' dir='ltr'><strong>Sed</strong></span> <span class='ocrx_word' id='word_1_230' title='bbox 1180 857 1240 885; x_wconf 61' lang='lat' dir='ltr'><strong>hate</strong></span> <span class='ocrx_word' id='word_1_231' title='bbox 1254 858 1396 884; x_wconf 83' lang='lat' dir='ltr'><strong>hactenus.</strong></span> <span class='ocrx_word' id='word_1_232' title='bbox 1414 857 1529 884; x_wconf 76' lang='lat' dir='ltr'><strong>Textum</strong></span> <span class='ocrx_word' id='word_1_233' title='bbox 1546 858 1618 884; x_wconf 91' lang='lat' dir='ltr'><strong>enim</strong></span> <span class='ocrx_word' id='word_1_234' title='bbox 1632 857 1775 892; x_wconf 74' lang='lat' dir='ltr'><strong>Nicepltori</strong></span> <span class='ocrx_word' id='word_1_235' title='bbox 1794 857 1873 886; x_wconf 64' lang='lat' dir='ltr'><strong>Gran-</strong></span> 
     </span>
    </p>
   </div>
   <div class='ocr_carea' id='block_1_20' title="bbox 237 901 1768 936">
    <p class='ocr_par' dir='ltr' id='par_1_20' title="bbox 237 901 1768 936">
     <span class='ocr_line' id='line_1_20' title="bbox 237 901 1768 936; baseline -0.001 -8"><span class='ocrx_word' id='word_1_236' title='bbox 237 909 309 932; x_wconf 83' lang='lat' dir='ltr'><strong>cum,</strong></span> <span class='ocrx_word' id='word_1_237' title='bbox 329 901 397 936; x_wconf 90' lang='lat' dir='ltr'><strong>typis</strong></span> <span class='ocrx_word' id='word_1_238' title='bbox 411 901 499 927; x_wconf 88' lang='lat' dir='ltr'><strong>adhuc</strong></span> <span class='ocrx_word' id='word_1_239' title='bbox 513 901 687 935; x_wconf 88' lang='lat' dir='ltr'><strong>impresstnn,</strong></span> <span class='ocrx_word' id='word_1_240' title='bbox 708 901 752 927; x_wconf 89' lang='lat' dir='ltr'><strong>vix</strong></span> <span class='ocrx_word' id='word_1_241' title='bbox 769 901 850 929; x_wconf 91' lang='lat' dir='ltr'><strong>ullius</strong></span> <span class='ocrx_word' id='word_1_242' title='bbox 866 909 927 929; x_wconf 87' lang='lat' dir='ltr'><strong>esse</strong></span> <span class='ocrx_word' id='word_1_243' title='bbox 941 902 1032 936; x_wconf 88' lang='lat' dir='ltr'><strong>pretii,</strong></span> <span class='ocrx_word' id='word_1_244' title='bbox 1043 909 1077 929; x_wconf 84' lang='lat' dir='ltr'><strong>ex</strong></span> <span class='ocrx_word' id='word_1_245' title='bbox 1093 903 1135 929; x_wconf 90' lang='lat' dir='ltr'><strong>his</strong></span> <span class='ocrx_word' id='word_1_246' title='bbox 1149 910 1209 936; x_wconf 80' lang='lat' dir='ltr'><strong>quae</strong></span> <span class='ocrx_word' id='word_1_247' title='bbox 1225 902 1319 936; x_wconf 88' lang='lat' dir='ltr'><strong>paucis</strong></span> <span class='ocrx_word' id='word_1_248' title='bbox 1331 902 1541 935; x_wconf 81' lang='lat' dir='ltr'><strong>disputavimus,</strong></span> <span class='ocrx_word' id='word_1_249' title='bbox 1561 906 1638 929; x_wconf 90' lang='lat' dir='ltr'><strong>certo</strong></span> <span class='ocrx_word' id='word_1_250' title='bbox 1651 906 1768 929; x_wconf 87' lang='lat' dir='ltr'><strong>constat.</strong></span> 
     </span>
    </p>
   </div>
   <div class='ocr_carea' id='block_1_21' title="bbox 273 945 1872 981">
    <p class='ocr_par' dir='ltr' id='par_1_21' title="bbox 273 945 1872 981">
     <span class='ocr_line' id='line_1_21' title="bbox 273 945 1872 981; baseline 0.002 -10"><span class='ocrx_word' id='word_1_251' title='bbox 273 945 349 978; x_wconf 84' lang='lat' dir='ltr'><strong>Quod</strong></span> <span class='ocrx_word' id='word_1_252' title='bbox 363 950 452 971; x_wconf 85' lang='lat' dir='ltr'><strong>autem</strong></span> <span class='ocrx_word' id='word_1_253' title='bbox 470 945 503 971; x_wconf 90' lang='lat' dir='ltr'><strong>ad</strong></span> <span class='ocrx_word' id='word_1_254' title='bbox 517 945 598 979; x_wconf 82' lang='lat' dir='ltr'><strong>hujus</strong></span> <span class='ocrx_word' id='word_1_255' title='bbox 614 945 806 979; x_wconf 74' lang='lat' dir='ltr'><strong>Chronologiae</strong></span> <span class='ocrx_word' id='word_1_256' title='bbox 821 946 964 973; x_wconf 88' lang='lat' dir='ltr'><strong>utilitatem</strong></span> <span class='ocrx_word' id='word_1_257' title='bbox 982 946 1090 977; x_wconf 84' lang='lat' dir='ltr'><strong>attinet,</strong></span> <span class='ocrx_word' id='word_1_258' title='bbox 1103 946 1180 981; x_wconf 88' lang='lat' dir='ltr'><strong>plttra</strong></span> <span class='ocrx_word' id='word_1_259' title='bbox 1210 946 1302 973; x_wconf 89' lang='lat' dir='ltr'><strong>insunt</strong></span> <span class='ocrx_word' id='word_1_260' title='bbox 1317 954 1378 981; x_wconf 65' lang='lat' dir='ltr'><strong>qua:</strong></span> <span class='ocrx_word' id='word_1_261' title='bbox 1400 946 1441 974; x_wconf 90' lang='lat' dir='ltr'><strong>vel</strong></span> <span class='ocrx_word' id='word_1_262' title='bbox 1458 947 1578 973; x_wconf 87' lang='lat' dir='ltr'><strong>novitate</strong></span> <span class='ocrx_word' id='word_1_263' title='bbox 1600 954 1648 973; x_wconf 91' lang='lat' dir='ltr'><strong>stta</strong></span> <span class='ocrx_word' id='word_1_264' title='bbox 1679 947 1722 973; x_wconf 87' lang='lat' dir='ltr'><strong>vel</strong></span> <span class='ocrx_word' id='word_1_265' title='bbox 1747 946 1816 974; x_wconf 88' lang='lat' dir='ltr'><strong>alias</strong></span> <span class='ocrx_word' id='word_1_266' title='bbox 1835 948 1872 974; x_wconf 88' lang='lat' dir='ltr'><strong>ob</strong></span> 
     </span>
    </p>
   </div>
   <div class='ocr_carea' id='block_1_22' title="bbox 238 987 1873 1025">
    <p class='ocr_par' dir='ltr' id='par_1_22' title="bbox 238 987 1873 1025">
     <span class='ocr_line' id='line_1_22' title="bbox 238 987 1873 1025; baseline 0.001 -9"><span class='ocrx_word' id='word_1_267' title='bbox 238 997 334 1016; x_wconf 81' lang='lat' dir='ltr'><strong>causas</strong></span> <span class='ocrx_word' id='word_1_268' title='bbox 351 997 380 1016; x_wconf 85' lang='lat' dir='ltr'><strong>se</strong></span> <span class='ocrx_word' id='word_1_269' title='bbox 398 989 603 1016; x_wconf 87' lang='lat' dir='ltr'><strong>commendent.</strong></span> <span class='ocrx_word' id='word_1_270' title='bbox 619 987 670 1015; x_wconf 80' lang='lat' dir='ltr'><strong>Vix</strong></span> <span class='ocrx_word' id='word_1_271' title='bbox 685 990 898 1016; x_wconf 85' lang='lat' dir='ltr'><strong>commodiorem</strong></span> <span class='ocrx_word' id='word_1_272' title='bbox 923 998 1009 1017; x_wconf 89' lang='lat' dir='ltr'><strong>annos</strong></span> <span class='ocrx_word' id='word_1_273' title='bbox 1022 991 1114 1017; x_wconf 90' lang='lat' dir='ltr'><strong>muttdi</strong></span> <span class='ocrx_word' id='word_1_274' title='bbox 1140 991 1312 1025; x_wconf 89' lang='lat' dir='ltr'><strong>eomptttandi</strong></span> <span class='ocrx_word' id='word_1_275' title='bbox 1331 990 1466 1017; x_wconf 82' lang='lat' dir='ltr'><strong>rationem</strong></span> <span class='ocrx_word' id='word_1_276' title='bbox 1481 991 1629 1023; x_wconf 81' lang='lat' dir='ltr'><strong>inveneris,</strong></span> <span class='ocrx_word' id='word_1_277' title='bbox 1648 998 1730 1025; x_wconf 90' lang='lat' dir='ltr'><strong>quam</strong></span> <span class='ocrx_word' id='word_1_278' title='bbox 1754 998 1768 1017; x_wconf 91' lang='lat' dir='ltr'><strong>a</strong></span> <span class='ocrx_word' id='word_1_279' title='bbox 1791 990 1873 1018; x_wconf 86' lang='lat' dir='ltr'><strong>Nice—</strong></span> 
     </span>
    </p>
   </div>
   <div class='ocr_carea' id='block_1_23' title="bbox 238 1035 1869 1072">
    <p class='ocr_par' dir='ltr' id='par_1_23' title="bbox 238 1035 1869 1072">
     <span class='ocr_line' id='line_1_23' title="bbox 238 1035 1869 1072; baseline 0 -9"><span class='ocrx_word' id='word_1_280' title='bbox 238 1038 322 1071; x_wconf 87' lang='lat' dir='ltr'><strong>phoro</strong></span> <span class='ocrx_word' id='word_1_281' title='bbox 337 1036 515 1070; x_wconf 85' lang='lat' dir='ltr'><strong>propositam.</strong></span> <span class='ocrx_word' id='word_1_282' title='bbox 530 1035 667 1063; x_wconf 75' lang='lat' dir='ltr'><strong>Reeensus</strong></span> <span class='ocrx_word' id='word_1_283' title='bbox 680 1037 862 1070; x_wconf 78' lang='lat' dir='ltr'><strong>Augustarum</strong></span> <span class='ocrx_word' id='word_1_284' title='bbox 879 1037 936 1063; x_wconf 89' lang='lat' dir='ltr'><strong>sive</strong></span> <span class='ocrx_word' id='word_1_285' title='bbox 954 1044 1067 1063; x_wconf 82' lang='lat' dir='ltr'><strong>uxorum</strong></span> <span class='ocrx_word' id='word_1_286' title='bbox 1092 1036 1287 1071; x_wconf 89' lang='lat' dir='ltr'><strong>imperatorqu</strong></span> <span class='ocrx_word' id='word_1_287' title='bbox 1303 1037 1358 1072; x_wconf 83' lang='lat' dir='ltr'><strong>jam</strong></span> <span class='ocrx_word' id='word_1_288' title='bbox 1365 1035 1561 1064; x_wconf 61' lang='lat' dir='ltr'><strong>&#39;Catnerariuut</strong></span> <span class='ocrx_word' id='word_1_289' title='bbox 1573 1036 1676 1070; x_wconf 89' lang='lat' dir='ltr'><strong>justutn</strong></span> <span class='ocrx_word' id='word_1_290' title='bbox 1690 1036 1869 1071; x_wconf 54' lang='lat' dir='ltr'><strong>glaudatorem</strong></span> 
     </span>
    </p>
   </div>
   <div class='ocr_carea' id='block_1_24' title="bbox 237 1079 1873 1114">
    <p class='ocr_par' dir='ltr' id='par_1_24' title="bbox 237 1079 1873 1114">
     <span class='ocr_line' id='line_1_24' title="bbox 237 1079 1873 1114; baseline 0 -6"><span class='ocrx_word' id='word_1_291' title='bbox 237 1081 342 1108; x_wconf 87' lang='lat' dir='ltr'><strong>habuit.</strong></span> <span class='ocrx_word' id='word_1_292' title='bbox 362 1080 553 1107; x_wconf 86' lang='lat' dir='ltr'><strong>Stichometria</strong></span> <span class='ocrx_word' id='word_1_293' title='bbox 570 1080 701 1107; x_wconf 87' lang='lat' dir='ltr'><strong>librorum</strong></span> <span class='ocrx_word' id='word_1_294' title='bbox 720 1079 889 1112; x_wconf 85' lang='lat' dir='ltr'><strong>biblicorum,</strong></span> <span class='ocrx_word' id='word_1_295' title='bbox 909 1080 966 1107; x_wconf 90' lang='lat' dir='ltr'><strong>sola</strong></span> <span class='ocrx_word' id='word_1_296' title='bbox 981 1080 1051 1114; x_wconf 91' lang='lat' dir='ltr'><strong>apud</strong></span> <span class='ocrx_word' id='word_1_297' title='bbox 1081 1079 1210 1106; x_wconf 86' lang='lat' dir='ltr'><strong>Nostrum</strong></span> <span class='ocrx_word' id='word_1_298' title='bbox 1229 1080 1317 1112; x_wconf 83' lang='lat' dir='ltr'><strong>obvia,</strong></span> <span class='ocrx_word' id='word_1_299' title='bbox 1337 1081 1457 1108; x_wconf 73' lang='lat' dir='ltr'><strong>historiae</strong></span> <span class='ocrx_word' id='word_1_300' title='bbox 1483 1080 1541 1107; x_wconf 88' lang='lat' dir='ltr'><strong>sive</strong></span> <span class='ocrx_word' id='word_1_301' title='bbox 1570 1081 1685 1108; x_wconf 86' lang='lat' dir='ltr'><strong>canonis</strong></span> <span class='ocrx_word' id='word_1_302' title='bbox 1706 1080 1765 1107; x_wconf 86' lang='lat' dir='ltr'><strong>sive</strong></span> <span class='ocrx_word' id='word_1_303' title='bbox 1780 1086 1873 1108; x_wconf 84' lang='lat' dir='ltr'><strong>textus</strong></span> 
     </span>
    </p>
   </div>
   <div class='ocr_carea' id='block_1_25' title="bbox 239 1123 1873 1158">
    <p class='ocr_par' dir='ltr' id='par_1_25' title="bbox 239 1123 1873 1158">
     <span class='ocr_line' id='line_1_25' title="bbox 239 1123 1873 1158; baseline 0.001 -8"><span class='ocrx_word' id='word_1_304' title='bbox 239 1125 343 1151; x_wconf 81' lang='lat' dir='ltr'><strong>ratione</strong></span> <span class='ocrx_word' id='word_1_305' title='bbox 356 1124 458 1156; x_wconf 85' lang='lat' dir='ltr'><strong>habita,</strong></span> <span class='ocrx_word' id='word_1_306' title='bbox 475 1123 585 1150; x_wconf 87' lang='lat' dir='ltr'><strong>maximi</strong></span> <span class='ocrx_word' id='word_1_307' title='bbox 602 1128 645 1150; x_wconf 90' lang='lat' dir='ltr'><strong>est</strong></span> <span class='ocrx_word' id='word_1_308' title='bbox 662 1123 804 1150; x_wconf 86' lang='lat' dir='ltr'><strong>momenti.</strong></span> <span class='ocrx_word' id='word_1_309' title='bbox 823 1123 972 1155; x_wconf 59' lang='lat' dir='ltr'><strong>Prelerea,</strong></span> <span class='ocrx_word' id='word_1_310' title='bbox 989 1131 1100 1158; x_wconf 89' lang='lat' dir='ltr'><strong>parvum</strong></span> <span class='ocrx_word' id='word_1_311' title='bbox 1125 1123 1230 1150; x_wconf 87' lang='lat' dir='ltr'><strong>huncce</strong></span> <span class='ocrx_word' id='word_1_312' title='bbox 1251 1123 1368 1150; x_wconf 84' lang='lat' dir='ltr'><strong>libellum</strong></span> <span class='ocrx_word' id='word_1_313' title='bbox 1394 1124 1419 1150; x_wconf 91' lang='lat' dir='ltr'><strong>itt</strong></span> <span class='ocrx_word' id='word_1_314' title='bbox 1452 1123 1551 1158; x_wconf 86' lang='lat' dir='ltr'><strong>primis</strong></span> <span class='ocrx_word' id='word_1_315' title='bbox 1568 1123 1697 1156; x_wconf 89' lang='lat' dir='ltr'><strong>juvenum</strong></span> <span class='ocrx_word' id='word_1_316' title='bbox 1714 1125 1873 1151; x_wconf 78' lang='lat' dir='ltr'><strong>seminariis</strong></span> 
     </span>
    </p>
   </div>
   <div class='ocr_carea' id='block_1_26' title="bbox 238 1166 1872 1202">
    <p class='ocr_par' dir='ltr' id='par_1_26' title="bbox 238 1166 1872 1202">
     <span class='ocr_line' id='line_1_26' title="bbox 238 1166 1872 1202; baseline 0.001 -8"><span class='ocrx_word' id='word_1_317' title='bbox 238 1168 396 1202; x_wconf 80' lang='lat' dir='ltr'><strong>theologicis</strong></span> <span class='ocrx_word' id='word_1_318' title='bbox 420 1168 601 1200; x_wconf 86' lang='lat' dir='ltr'><strong>ascriptorum</strong></span> <span class='ocrx_word' id='word_1_319' title='bbox 620 1167 719 1194; x_wconf 87' lang='lat' dir='ltr'><strong>stmliis</strong></span> <span class='ocrx_word' id='word_1_320' title='bbox 733 1167 889 1194; x_wconf 87' lang='lat' dir='ltr'><strong>conducere</strong></span> <span class='ocrx_word' id='word_1_321' title='bbox 901 1174 981 1201; x_wconf 86' lang='lat' dir='ltr'><strong>posse</strong></span> <span class='ocrx_word' id='word_1_322' title='bbox 996 1167 1114 1194; x_wconf 80' lang='lat' dir='ltr'><strong>confido.</strong></span> <span class='ocrx_word' id='word_1_323' title='bbox 1132 1166 1292 1201; x_wconf 86' lang='lat' dir='ltr'><strong>Suppeditat</strong></span> <span class='ocrx_word' id='word_1_324' title='bbox 1308 1168 1379 1193; x_wconf 86' lang='lat' dir='ltr'><strong>enim</strong></span> <span class='ocrx_word' id='word_1_325' title='bbox 1403 1167 1445 1194; x_wconf 89' lang='lat' dir='ltr'><strong>hic</strong></span> <span class='ocrx_word' id='word_1_326' title='bbox 1469 1167 1587 1200; x_wconf 87' lang='lat' dir='ltr'><strong>libellus,</strong></span> <span class='ocrx_word' id='word_1_327' title='bbox 1605 1168 1651 1202; x_wconf 86' lang='lat' dir='ltr'><strong>qui</strong></span> <span class='ocrx_word' id='word_1_328' title='bbox 1677 1172 1716 1195; x_wconf 90' lang='lat' dir='ltr'><strong>tot</strong></span> <span class='ocrx_word' id='word_1_329' title='bbox 1732 1175 1800 1202; x_wconf 86' lang='lat' dir='ltr'><strong>pene</strong></span> <span class='ocrx_word' id='word_1_330' title='bbox 1825 1169 1872 1195; x_wconf 89' lang='lat' dir='ltr'><strong>Iti-</strong></span> 
     </span>
    </p>
   </div>
   <div class='ocr_carea' id='block_1_27' title="bbox 237 1210 1870 1246">
    <p class='ocr_par' dir='ltr' id='par_1_27' title="bbox 237 1210 1870 1246">
     <span class='ocr_line' id='line_1_27' title="bbox 237 1210 1870 1246; baseline 0 -8"><span class='ocrx_word' id='word_1_331' title='bbox 237 1213 363 1242; x_wconf 86' lang='lat' dir='ltr'><strong>storicas,</strong></span> <span class='ocrx_word' id='word_1_332' title='bbox 379 1213 543 1245; x_wconf 75' lang='lat' dir='ltr'><strong>cxegeticas,</strong></span> <span class='ocrx_word' id='word_1_333' title='bbox 556 1211 665 1238; x_wconf 87' lang='lat' dir='ltr'><strong>criticas</strong></span> <span class='ocrx_word' id='word_1_334' title='bbox 684 1211 862 1245; x_wconf 74' lang='lat' dir='ltr'><strong>qua-stiones,</strong></span> <span class='ocrx_word' id='word_1_335' title='bbox 879 1216 945 1245; x_wconf 91' lang='lat' dir='ltr'><strong>quot</strong></span> <span class='ocrx_word' id='word_1_336' title='bbox 960 1211 1042 1237; x_wconf 84' lang='lat' dir='ltr'><strong>verba</strong></span> <span class='ocrx_word' id='word_1_337' title='bbox 1059 1210 1192 1241; x_wconf 90' lang='lat' dir='ltr'><strong>continet,</strong></span> <span class='ocrx_word' id='word_1_338' title='bbox 1222 1211 1324 1245; x_wconf 79' lang='lat' dir='ltr'><strong>largam</strong></span> <span class='ocrx_word' id='word_1_339' title='bbox 1353 1211 1453 1238; x_wconf 78' lang='lat' dir='ltr'><strong>diversi</strong></span> <span class='ocrx_word' id='word_1_340' title='bbox 1487 1211 1596 1246; x_wconf 75' lang='lat' dir='ltr'><strong>generis</strong></span> <span class='ocrx_word' id='word_1_341' title='bbox 1618 1211 1735 1245; x_wconf 83' lang='lat' dir='ltr'><strong>copiam.</strong></span> <span class='ocrx_word' id='word_1_342' title='bbox 1752 1212 1791 1238; x_wconf 85' lang='lat' dir='ltr'><strong>.in</strong></span> <span class='ocrx_word' id='word_1_343' title='bbox 1815 1220 1870 1246; x_wconf 90' lang='lat' dir='ltr'><strong>qtta</strong></span> 
     </span>
    </p>
   </div>
   <div class='ocr_carea' id='block_1_28' title="bbox 237 1254 1869 1289">
    <p class='ocr_par' dir='ltr' id='par_1_28' title="bbox 237 1254 1869 1289">
     <span class='ocr_line' id='line_1_28' title="bbox 237 1254 1869 1289; baseline 0 -7"><span class='ocrx_word' id='word_1_344' title='bbox 237 1256 395 1289; x_wconf 81' lang='lat' dir='ltr'><strong>exponenda</strong></span> <span class='ocrx_word' id='word_1_345' title='bbox 412 1261 493 1289; x_wconf 84' lang='lat' dir='ltr'><strong>atque</strong></span> <span class='ocrx_word' id='word_1_346' title='bbox 509 1255 684 1288; x_wconf 87' lang='lat' dir='ltr'><strong>dijmlicanda</strong></span> <span class='ocrx_word' id='word_1_347' title='bbox 704 1255 768 1289; x_wconf 89' lang='lat' dir='ltr'><strong>quid</strong></span> <span class='ocrx_word' id='word_1_348' title='bbox 786 1260 916 1288; x_wconf 75' lang='lat' dir='ltr'><strong>prazstare</strong></span> <span class='ocrx_word' id='word_1_349' title='bbox 927 1254 1032 1288; x_wconf 89' lang='lat' dir='ltr'><strong>possint</strong></span> <span class='ocrx_word' id='word_1_350' title='bbox 1047 1254 1119 1282; x_wconf 87' lang='lat' dir='ltr'><strong>vires</strong></span> <span class='ocrx_word' id='word_1_351' title='bbox 1133 1254 1266 1288; x_wconf 86' lang='lat' dir='ltr'><strong>juvenilcs</strong></span> <span class='ocrx_word' id='word_1_352' title='bbox 1279 1254 1531 1288; x_wconf 81' lang='lat' dir='ltr'><strong>experiantur..iam</strong></span> <span class='ocrx_word' id='word_1_353' title='bbox 1549 1255 1614 1281; x_wconf 83' lang='lat' dir='ltr'><strong>inibi</strong></span> <span class='ocrx_word' id='word_1_354' title='bbox 1630 1255 1680 1289; x_wconf 89' lang='lat' dir='ltr'><strong>ipsi</strong></span> <span class='ocrx_word' id='word_1_355' title='bbox 1695 1260 1735 1283; x_wconf 90' lang='lat' dir='ltr'><strong>est</strong></span> <span class='ocrx_word' id='word_1_356' title='bbox 1750 1256 1869 1289; x_wconf 79' lang='lat' dir='ltr'><strong>animus,</strong></span> 
     </span>
    </p>
   </div>
   <div class='ocr_carea' id='block_1_29' title="bbox 238 1297 1870 1333">
    <p class='ocr_par' dir='ltr' id='par_1_29' title="bbox 238 1297 1870 1333">
     <span class='ocr_line' id='line_1_29' title="bbox 238 1297 1870 1333; baseline -0.001 -7"><span class='ocrx_word' id='word_1_357' title='bbox 238 1300 300 1326; x_wconf 87' lang='lat' dir='ltr'><strong>data</strong></span> <span class='ocrx_word' id='word_1_358' title='bbox 320 1299 474 1331; x_wconf 79' lang='lat' dir='ltr'><strong>occasione,</strong></span> <span class='ocrx_word' id='word_1_359' title='bbox 485 1298 600 1333; x_wconf 72' lang='lat' dir='ltr'><strong>singulis</strong></span> <span class='ocrx_word' id='word_1_360' title='bbox 614 1297 892 1326; x_wconf 86' lang='lat' dir='ltr'><strong>commentationibus</strong></span> <span class='ocrx_word' id='word_1_361' title='bbox 920 1298 1040 1333; x_wconf 65' lang='lat' dir='ltr'><strong>singulas</strong></span> <span class='ocrx_word' id='word_1_362' title='bbox 1056 1298 1135 1332; x_wconf 83' lang='lat' dir='ltr'><strong>hujus</strong></span> <span class='ocrx_word' id='word_1_363' title='bbox 1152 1297 1235 1325; x_wconf 84' lang='lat' dir='ltr'><strong>libelli</strong></span> <span class='ocrx_word' id='word_1_364' title='bbox 1252 1303 1342 1333; x_wconf 87' lang='lat' dir='ltr'><strong>partes</strong></span> <span class='ocrx_word' id='word_1_365' title='bbox 1373 1299 1542 1333; x_wconf 85' lang='lat' dir='ltr'><strong>disquireudi</strong></span> <span class='ocrx_word' id='word_1_366' title='bbox 1561 1305 1643 1332; x_wconf 88' lang='lat' dir='ltr'><strong>atque</strong></span> <span class='ocrx_word' id='word_1_367' title='bbox 1670 1299 1844 1326; x_wconf 81' lang='lat' dir='ltr'><strong>examinandi</strong></span> <span class='ocrx_word' id='word_1_368' title='bbox 1860 1307 1870 1332; x_wconf 88' lang='lat'><strong>;</strong></span> 
     </span>
    </p>
   </div>
   <div class='ocr_carea' id='block_1_30' title="bbox 238 1341 1872 1378">
    <p class='ocr_par' dir='ltr' id='par_1_30' title="bbox 238 1341 1872 1378">
     <span class='ocr_line' id='line_1_30' title="bbox 238 1341 1872 1378; baseline 0 -8"><span class='ocrx_word' id='word_1_369' title='bbox 238 1349 404 1378; x_wconf 82' lang='lat' dir='ltr'><strong>quapropter</strong></span> <span class='ocrx_word' id='word_1_370' title='bbox 417 1350 569 1377; x_wconf 71' lang='lat' dir='ltr'><strong>nunc,qum</strong></span> <span class='ocrx_word' id='word_1_371' title='bbox 583 1343 616 1369; x_wconf 92' lang='lat' dir='ltr'><strong>de</strong></span> <span class='ocrx_word' id='word_1_372' title='bbox 628 1349 749 1374; x_wconf 81' lang='lat' dir='ltr'><strong>auctore,</strong></span> <span class='ocrx_word' id='word_1_373' title='bbox 762 1343 819 1369; x_wconf 89' lang='lat' dir='ltr'><strong>sive</strong></span> <span class='ocrx_word' id='word_1_374' title='bbox 836 1343 926 1377; x_wconf 90' lang='lat' dir='ltr'><strong>potius</strong></span> <span class='ocrx_word' id='word_1_375' title='bbox 941 1342 1096 1370; x_wconf 90' lang='lat' dir='ltr'><strong>auctoribus</strong></span> <span class='ocrx_word' id='word_1_376' title='bbox 1110 1341 1192 1376; x_wconf 85' lang='lat' dir='ltr'><strong>hujus</strong></span> <span class='ocrx_word' id='word_1_377' title='bbox 1204 1342 1285 1369; x_wconf 89' lang='lat' dir='ltr'><strong>libelli</strong></span> <span class='ocrx_word' id='word_1_378' title='bbox 1302 1343 1413 1369; x_wconf 84' lang='lat' dir='ltr'><strong>dicenda</strong></span> <span class='ocrx_word' id='word_1_379' title='bbox 1430 1342 1559 1369; x_wconf 90' lang='lat' dir='ltr'><strong>haberetn</strong></span> <span class='ocrx_word' id='word_1_380' title='bbox 1571 1343 1746 1377; x_wconf 71' lang='lat' dir='ltr'><strong>praetermisi;</strong></span> <span class='ocrx_word' id='word_1_381' title='bbox 1765 1343 1820 1370; x_wconf 85' lang='lat' dir='ltr'><strong>imo</strong></span> <span class='ocrx_word' id='word_1_382' title='bbox 1835 1351 1872 1370; x_wconf 85' lang='lat' dir='ltr'><strong>tte</strong></span> 
     </span>
    </p>
   </div>
   <div class='ocr_carea' id='block_1_31' title="bbox 239 1385 1873 1421">
    <p class='ocr_par' dir='ltr' id='par_1_31' title="bbox 239 1385 1873 1421">
     <span class='ocr_line' id='line_1_31' title="bbox 239 1385 1873 1421; baseline -0.001 -7"><span class='ocrx_word' id='word_1_383' title='bbox 239 1388 321 1415; x_wconf 81' lang='lat' dir='ltr'><strong>totius</strong></span> <span class='ocrx_word' id='word_1_384' title='bbox 337 1387 444 1421; x_wconf 86' lang='lat' dir='ltr'><strong>quidem</strong></span> <span class='ocrx_word' id='word_1_385' title='bbox 458 1386 581 1421; x_wconf 83' lang='lat' dir='ltr'><strong>opusculi</strong></span> <span class='ocrx_word' id='word_1_386' title='bbox 595 1391 696 1413; x_wconf 76' lang='lat' dir='ltr'><strong>textum</strong></span> <span class='ocrx_word' id='word_1_387' title='bbox 712 1386 849 1419; x_wconf 65' lang='lat' dir='ltr'><strong>Graecum,</strong></span> <span class='ocrx_word' id='word_1_388' title='bbox 871 1387 1098 1421; x_wconf 89' lang='lat' dir='ltr'><strong>quemadmodum</strong></span> <span class='ocrx_word' id='word_1_389' title='bbox 1122 1385 1148 1412; x_wconf 91' lang='lat' dir='ltr'><strong>in</strong></span> <span class='ocrx_word' id='word_1_390' title='bbox 1178 1386 1247 1412; x_wconf 88' lang='lat' dir='ltr'><strong>votis</strong></span> <span class='ocrx_word' id='word_1_391' title='bbox 1264 1386 1424 1418; x_wconf 82' lang='lat' dir='ltr'><strong>imbuerant,</strong></span> <span class='ocrx_word' id='word_1_392' title='bbox 1446 1388 1584 1420; x_wconf 82' lang='lat' dir='ltr'><strong>proposui,</strong></span> <span class='ocrx_word' id='word_1_393' title='bbox 1603 1386 1650 1413; x_wconf 89' lang='lat' dir='ltr'><strong>sed</strong></span> <span class='ocrx_word' id='word_1_394' title='bbox 1678 1387 1792 1421; x_wconf 90' lang='lat' dir='ltr'><strong>prituattt</strong></span> <span class='ocrx_word' id='word_1_395' title='bbox 1809 1392 1873 1413; x_wconf 85' lang='lat' dir='ltr'><strong>latt-</strong></span> 
     </span>
    </p>
   </div>
   <div class='ocr_carea' id='block_1_32' title="bbox 241 1428 1865 1466">
    <p class='ocr_par' dir='ltr' id='par_1_32' title="bbox 241 1428 1865 1466">
     <span class='ocr_line' id='line_1_32' title="bbox 241 1428 1865 1466; baseline 0.001 -9"><span class='ocrx_word' id='word_1_396' title='bbox 241 1436 297 1458; x_wconf 90' lang='lat' dir='ltr'><strong>tutn</strong></span> <span class='ocrx_word' id='word_1_397' title='bbox 313 1432 372 1464; x_wconf 79' lang='lat' dir='ltr'><strong>ejus</strong></span> <span class='ocrx_word' id='word_1_398' title='bbox 386 1435 500 1465; x_wconf 87' lang='lat' dir='ltr'><strong>partem,</strong></span> <span class='ocrx_word' id='word_1_399' title='bbox 520 1439 579 1465; x_wconf 77' lang='lat' dir='ltr'><strong>qua:</strong></span> <span class='ocrx_word' id='word_1_400' title='bbox 594 1438 651 1456; x_wconf 88' lang='lat' dir='ltr'><strong>mea</strong></span> <span class='ocrx_word' id='word_1_401' title='bbox 667 1439 699 1457; x_wconf 79' lang='lat' dir='ltr'><strong>ex</strong></span> <span class='ocrx_word' id='word_1_402' title='bbox 715 1431 850 1458; x_wconf 87' lang='lat' dir='ltr'><strong>sententia</strong></span> <span class='ocrx_word' id='word_1_403' title='bbox 867 1437 965 1466; x_wconf 59' lang='lat' dir='ltr'><strong>praeter</strong></span> <span class='ocrx_word' id='word_1_404' title='bbox 978 1432 1063 1465; x_wconf 87' lang='lat' dir='ltr'><strong>ipsam</strong></span> <span class='ocrx_word' id='word_1_405' title='bbox 1087 1428 1234 1464; x_wconf 87' lang='lat' dir='ltr'><strong>Nicepltori</strong></span> <span class='ocrx_word' id='word_1_406' title='bbox 1258 1429 1523 1464; x_wconf 76' lang='lat' dir='ltr'><strong>Chronograpbiam,</strong></span> <span class='ocrx_word' id='word_1_407' title='bbox 1538 1430 1722 1458; x_wconf 85' lang='lat' dir='ltr'><strong>additamenta</strong></span> <span class='ocrx_word' id='word_1_408' title='bbox 1739 1431 1865 1465; x_wconf 60' lang='lat' dir='ltr'><strong>quaedam</strong></span> 
     </span>
    </p>
   </div>
   <div class='ocr_carea' id='block_1_33' title="bbox 241 1475 1210 1509">
    <p class='ocr_par' dir='ltr' id='par_1_33' title="bbox 241 1475 1210 1509">
     <span class='ocr_line' id='line_1_33' title="bbox 241 1475 1210 1509; baseline 0 -8"><span class='ocrx_word' id='word_1_409' title='bbox 241 1476 336 1502; x_wconf 75' lang='lat' dir='ltr'><strong>incerti</strong></span> <span class='ocrx_word' id='word_1_410' title='bbox 353 1475 473 1501; x_wconf 72' lang='lat' dir='ltr'><strong>aut-loris</strong></span> <span class='ocrx_word' id='word_1_411' title='bbox 487 1475 704 1508; x_wconf 77' lang='lat' dir='ltr'><strong>comprehendit,</strong></span> <span class='ocrx_word' id='word_1_412' title='bbox 724 1479 753 1501; x_wconf 91' lang='lat' dir='ltr'><strong>ttt</strong></span> <span class='ocrx_word' id='word_1_413' title='bbox 766 1476 854 1502; x_wconf 80' lang='lat' dir='ltr'><strong>serius</strong></span> <span class='ocrx_word' id='word_1_414' title='bbox 864 1475 987 1509; x_wconf 89' lang='lat' dir='ltr'><strong>pluribus</strong></span> <span class='ocrx_word' id='word_1_415' title='bbox 1004 1475 1210 1502; x_wconf 87' lang='lat' dir='ltr'><strong>demonstrabo.</strong></span> 
     </span>
    </p>
   </div>
   <div class='ocr_carea' id='block_1_34' title="bbox 277 1517 1871 1553">
    <p class='ocr_par' dir='ltr' id='par_1_34' title="bbox 277 1517 1871 1553">
     <span class='ocr_line' id='line_1_34' title="bbox 277 1517 1871 1553; baseline 0.003 -8"><span class='ocrx_word' id='word_1_416' title='bbox 277 1519 304 1545; x_wconf 90' lang='lat' dir='ltr'><strong>In</strong></span> <span class='ocrx_word' id='word_1_417' title='bbox 320 1519 477 1545; x_wconf 81' lang='lat' dir='ltr'><strong>adornanda</strong></span> <span class='ocrx_word' id='word_1_418' title='bbox 494 1524 583 1544; x_wconf 86' lang='lat' dir='ltr'><strong>autem</strong></span> <span class='ocrx_word' id='word_1_419' title='bbox 603 1523 676 1544; x_wconf 77' lang='lat' dir='ltr'><strong>textui</strong></span> <span class='ocrx_word' id='word_1_420' title='bbox 701 1517 807 1549; x_wconf 67' lang='lat' dir='ltr'><strong>Graeco,</strong></span> <span class='ocrx_word' id='word_1_421' title='bbox 829 1526 890 1545; x_wconf 92' lang='lat' dir='ltr'><strong>cum</strong></span> <span class='ocrx_word' id='word_1_422' title='bbox 912 1520 944 1544; x_wconf 85' lang='lat' dir='ltr'><strong>ad</strong></span> <span class='ocrx_word' id='word_1_423' title='bbox 964 1518 1142 1548; x_wconf 78' lang='lat' dir='ltr'><strong>bibliothecas</strong></span> <span class='ocrx_word' id='word_1_424' title='bbox 1160 1517 1336 1553; x_wconf 68' lang='lat' dir='ltr'><strong>Vindobonrc,</strong></span> <span class='ocrx_word' id='word_1_425' title='bbox 1354 1520 1478 1552; x_wconf 85' lang='lat' dir='ltr'><strong>Parisiis,</strong></span> <span class='ocrx_word' id='word_1_426' title='bbox 1500 1519 1716 1548; x_wconf 84' lang='lat' dir='ltr'><strong>Madridiaditus</strong></span> <span class='ocrx_word' id='word_1_427' title='bbox 1735 1521 1799 1548; x_wconf 91' lang='lat' dir='ltr'><strong>mihi</strong></span> <span class='ocrx_word' id='word_1_428' title='bbox 1815 1529 1871 1549; x_wconf 87' lang='lat' dir='ltr'><strong>non</strong></span> 
     </span>
    </p>
   </div>
   <div class='ocr_carea' id='block_1_35' title="bbox 241 1562 1873 1599">
    <p class='ocr_par' dir='ltr' id='par_1_35' title="bbox 241 1562 1873 1599">
     <span class='ocr_line' id='line_1_35' title="bbox 241 1562 1873 1599; baseline 0.003 -11"><span class='ocrx_word' id='word_1_429' title='bbox 241 1568 358 1597; x_wconf 78' lang='lat' dir='ltr'><strong>pateret,</strong></span> <span class='ocrx_word' id='word_1_430' title='bbox 374 1563 408 1588; x_wconf 89' lang='lat' dir='ltr'><strong>ita</strong></span> <span class='ocrx_word' id='word_1_431' title='bbox 422 1567 545 1589; x_wconf 85' lang='lat' dir='ltr'><strong>versatus</strong></span> <span class='ocrx_word' id='word_1_432' title='bbox 563 1570 633 1592; x_wconf 84' lang='lat' dir='ltr'><strong>sum,</strong></span> <span class='ocrx_word' id='word_1_433' title='bbox 650 1567 678 1588; x_wconf 91' lang='lat' dir='ltr'><strong>ttt</strong></span> <span class='ocrx_word' id='word_1_434' title='bbox 694 1563 815 1589; x_wconf 77' lang='lat' dir='ltr'><strong>endit-em</strong></span> <span class='ocrx_word' id='word_1_435' title='bbox 829 1562 967 1589; x_wconf 83' lang='lat' dir='ltr'><strong>lenensem</strong></span> <span class='ocrx_word' id='word_1_436' title='bbox 984 1570 1045 1588; x_wconf 89' lang='lat' dir='ltr'><strong>cum</strong></span> <span class='ocrx_word' id='word_1_437' title='bbox 1064 1567 1137 1589; x_wconf 85' lang='lat' dir='ltr'><strong>textu</strong></span> <span class='ocrx_word' id='word_1_438' title='bbox 1154 1563 1304 1590; x_wconf 84' lang='lat' dir='ltr'><strong>editionum</strong></span> <span class='ocrx_word' id='word_1_439' title='bbox 1329 1564 1471 1599; x_wconf 75' lang='lat' dir='ltr'><strong>diligenter</strong></span> <span class='ocrx_word' id='word_1_440' title='bbox 1483 1564 1637 1592; x_wconf 88' lang='lat' dir='ltr'><strong>conferrem</strong></span> <span class='ocrx_word' id='word_1_441' title='bbox 1653 1569 1678 1592; x_wconf 88' lang='lat' dir='ltr'><strong>et</strong></span> <span class='ocrx_word' id='word_1_442' title='bbox 1702 1565 1803 1592; x_wconf 66' lang='lat' dir='ltr'><strong>codicis</strong></span> <span class='ocrx_word' id='word_1_443' title='bbox 1828 1566 1873 1593; x_wconf 88' lang='lat' dir='ltr'><strong>le—</strong></span> 
     </span>
    </p>
   </div>
   <div class='ocr_carea' id='block_1_36' title="bbox 242 1606 1873 1643">
    <p class='ocr_par' dir='ltr' id='par_1_36' title="bbox 242 1606 1873 1643">
     <span class='ocr_line' id='line_1_36' title="bbox 242 1606 1873 1643; baseline 0.003 -11"><span class='ocrx_word' id='word_1_444' title='bbox 242 1607 346 1633; x_wconf 83' lang='lat' dir='ltr'><strong>ctiones</strong></span> <span class='ocrx_word' id='word_1_445' title='bbox 364 1613 457 1633; x_wconf 87' lang='lat' dir='ltr'><strong>omnes</strong></span> <span class='ocrx_word' id='word_1_446' title='bbox 484 1606 549 1632; x_wconf 88' lang='lat' dir='ltr'><strong>tttilti</strong></span> <span class='ocrx_word' id='word_1_447' title='bbox 581 1613 632 1632; x_wconf 90' lang='lat' dir='ltr'><strong>non</strong></span> <span class='ocrx_word' id='word_1_448' title='bbox 649 1606 1078 1640; x_wconf 83' lang='lat' dir='ltr'><strong>probatas-auimadversmnibus</strong></span> <span class='ocrx_word' id='word_1_449' title='bbox 1089 1606 1192 1633; x_wconf 80' lang='lat' dir='ltr'><strong>criticis</strong></span> <span class='ocrx_word' id='word_1_450' title='bbox 1206 1607 1367 1641; x_wconf 81' lang='lat' dir='ltr'><strong>insererem,</strong></span> <span class='ocrx_word' id='word_1_451' title='bbox 1381 1609 1472 1635; x_wconf 89' lang='lat' dir='ltr'><strong>addito</strong></span> <span class='ocrx_word' id='word_1_452' title='bbox 1494 1608 1571 1643; x_wconf 76' lang='lat' dir='ltr'><strong>signo</strong></span> <span class='ocrx_word' id='word_1_453' title='bbox 1592 1608 1722 1636; x_wconf 86' lang='lat' dir='ltr'><strong>lectiones</strong></span> <span class='ocrx_word' id='word_1_454' title='bbox 1741 1609 1873 1637; x_wconf 86' lang='lat' dir='ltr'><strong>editionis</strong></span> 
     </span>
    </p>
   </div>
   <div class='ocr_carea' id='block_1_37' title="bbox 242 1648 1872 1684">
    <p class='ocr_par' dir='ltr' id='par_1_37' title="bbox 242 1648 1872 1684">
     <span class='ocr_line' id='line_1_37' title="bbox 242 1648 1872 1684; baseline 0.002 -8"><span class='ocrx_word' id='word_1_455' title='bbox 242 1650 299 1677; x_wconf 78' lang='lat' dir='ltr'><strong>sive</strong></span> <span class='ocrx_word' id='word_1_456' title='bbox 313 1649 393 1677; x_wconf 84' lang='lat' dir='ltr'><strong>Goari</strong></span> <span class='ocrx_word' id='word_1_457' title='bbox 409 1650 466 1676; x_wconf 88' lang='lat' dir='ltr'><strong>sive</strong></span> <span class='ocrx_word' id='word_1_458' title='bbox 480 1649 609 1676; x_wconf 88' lang='lat' dir='ltr'><strong>Dindorlii</strong></span> <span class='ocrx_word' id='word_1_459' title='bbox 627 1650 703 1682; x_wconf 75' lang='lat' dir='ltr'><strong>signo</strong></span> <span class='ocrx_word' id='word_1_460' title='bbox 719 1649 750 1676; x_wconf 87' lang='lat'><strong>\&#39;.</strong></span> <span class='ocrx_word' id='word_1_461' title='bbox 767 1650 806 1676; x_wconf 89' lang='lat' dir='ltr'><strong>vel</strong></span> <span class='ocrx_word' id='word_1_462' title='bbox 821 1648 899 1684; x_wconf 77' lang='lat' dir='ltr'><strong>Vulg.</strong></span> <span class='ocrx_word' id='word_1_463' title='bbox 920 1650 1036 1676; x_wconf 86' lang='lat' dir='ltr'><strong>iudicavi</strong></span> <span class='ocrx_word' id='word_1_464' title='bbox 1050 1658 1057 1682; x_wconf 87' lang='lat'><strong>;</strong></span> <span class='ocrx_word' id='word_1_465' title='bbox 1074 1650 1203 1676; x_wconf 68' lang='lat' dir='ltr'><strong>lectiones</strong></span> <span class='ocrx_word' id='word_1_466' title='bbox 1216 1655 1306 1677; x_wconf 90' lang='lat' dir='ltr'><strong>autem</strong></span> <span class='ocrx_word' id='word_1_467' title='bbox 1320 1652 1424 1678; x_wconf 79' lang='lat' dir='ltr'><strong>codicis</strong></span> <span class='ocrx_word' id='word_1_468' title='bbox 1436 1651 1551 1678; x_wconf 68' lang='lat' dir='ltr'><strong>Paris-ini</strong></span> <span class='ocrx_word' id='word_1_469' title='bbox 1568 1659 1582 1678; x_wconf 91' lang='lat' dir='ltr'><strong>a</strong></span> <span class='ocrx_word' id='word_1_470' title='bbox 1597 1652 1733 1678; x_wconf 88' lang='lat' dir='ltr'><strong>Dindorlio</strong></span> <span class='ocrx_word' id='word_1_471' title='bbox 1752 1653 1872 1680; x_wconf 86' lang='lat' dir='ltr'><strong>adhibiti</strong></span> 
     </span>
    </p>
   </div>
   <div class='ocr_carea' id='block_1_38' title="bbox 244 1692 1870 1732">
    <p class='ocr_par' dir='ltr' id='par_1_38' title="bbox 244 1692 1870 1732">
     <span class='ocr_line' id='line_1_38' title="bbox 244 1692 1870 1732; baseline 0.004 -12"><span class='ocrx_word' id='word_1_472' title='bbox 244 1695 332 1720; x_wconf 85' lang='lat' dir='ltr'><strong>littera</strong></span> <span class='ocrx_word' id='word_1_473' title='bbox 348 1693 380 1719; x_wconf 63' lang='lat' dir='ltr'><strong>li.</strong></span> <span class='ocrx_word' id='word_1_474' title='bbox 409 1694 542 1728; x_wconf 76' lang='lat' dir='ltr'><strong>(Regius).</strong></span> <span class='ocrx_word' id='word_1_475' title='bbox 563 1692 783 1727; x_wconf 84' lang='lat' dir='ltr'><strong>Quotiescunque</strong></span> <span class='ocrx_word' id='word_1_476' title='bbox 799 1693 927 1720; x_wconf 88' lang='lat' dir='ltr'><strong>Dindorlii</strong></span> <span class='ocrx_word' id='word_1_477' title='bbox 942 1699 1031 1720; x_wconf 87' lang='lat' dir='ltr'><strong>textus</strong></span> <span class='ocrx_word' id='word_1_478' title='bbox 1043 1701 1056 1719; x_wconf 88' lang='lat' dir='ltr'><strong>a</strong></span> <span class='ocrx_word' id='word_1_479' title='bbox 1069 1698 1142 1720; x_wconf 81' lang='lat' dir='ltr'><strong>textu</strong></span> <span class='ocrx_word' id='word_1_480' title='bbox 1173 1694 1254 1722; x_wconf 86' lang='lat' dir='ltr'><strong>Goari</strong></span> <span class='ocrx_word' id='word_1_481' title='bbox 1271 1696 1431 1728; x_wconf 82' lang='lat' dir='ltr'><strong>recederet,</strong></span> <span class='ocrx_word' id='word_1_482' title='bbox 1453 1696 1585 1724; x_wconf 84' lang='lat' dir='ltr'><strong>Dindoriii</strong></span> <span class='ocrx_word' id='word_1_483' title='bbox 1615 1704 1712 1724; x_wconf 88' lang='lat' dir='ltr'><strong>nomen</strong></span> <span class='ocrx_word' id='word_1_484' title='bbox 1739 1698 1870 1732; x_wconf 84' lang='lat' dir='ltr'><strong>ascripsi.</strong></span> 
     </span>
    </p>
   </div>
   <div class='ocr_carea' id='block_1_39' title="bbox 244 1737 1872 1777">
    <p class='ocr_par' dir='ltr' id='par_1_39' title="bbox 244 1737 1872 1777">
     <span class='ocr_line' id='line_1_39' title="bbox 244 1737 1872 1777; baseline 0.004 -12"><span class='ocrx_word' id='word_1_485' title='bbox 244 1738 372 1773; x_wconf 80' lang='lat' dir='ltr'><strong>Scaligeri</strong></span> <span class='ocrx_word' id='word_1_486' title='bbox 394 1739 540 1765; x_wconf 89' lang='lat' dir='ltr'><strong>editionem</strong></span> <span class='ocrx_word' id='word_1_487' title='bbox 558 1738 715 1770; x_wconf 80' lang='lat' dir='ltr'><strong>Secundam,</strong></span> <span class='ocrx_word' id='word_1_488' title='bbox 736 1739 761 1764; x_wconf 88' lang='lat' dir='ltr'><strong>itt</strong></span> <span class='ocrx_word' id='word_1_489' title='bbox 788 1737 929 1765; x_wconf 86' lang='lat' dir='ltr'><strong>Thesauro</strong></span> <span class='ocrx_word' id='word_1_490' title='bbox 942 1743 1106 1773; x_wconf 84' lang='lat' dir='ltr'><strong>temporum,</strong></span> <span class='ocrx_word' id='word_1_491' title='bbox 1123 1739 1333 1774; x_wconf 74' lang='lat' dir='ltr'><strong>Attistelodami,</strong></span> <span class='ocrx_word' id='word_1_492' title='bbox 1352 1742 1422 1769; x_wconf 79' lang='grc'><strong>1658</strong></span> <span class='ocrx_word' id='word_1_493' title='bbox 1438 1743 1565 1777; x_wconf 88' lang='lat' dir='ltr'><strong>(primam</strong></span> <span class='ocrx_word' id='word_1_494' title='bbox 1590 1751 1642 1770; x_wconf 91' lang='lat' dir='ltr'><strong>non</strong></span> <span class='ocrx_word' id='word_1_495' title='bbox 1659 1743 1763 1776; x_wconf 79' lang='lat' dir='ltr'><strong>habiti),</strong></span> <span class='ocrx_word' id='word_1_496' title='bbox 1779 1745 1872 1772; x_wconf 84' lang='lat' dir='ltr'><strong>denuo</strong></span> 
     </span>
    </p>
   </div>
   <div class='ocr_carea' id='block_1_40' title="bbox 243 1781 1872 1818">
    <p class='ocr_par' dir='ltr' id='par_1_40' title="bbox 243 1781 1872 1818">
     <span class='ocr_line' id='line_1_40' title="bbox 243 1781 1872 1818; baseline 0.006 -11"><span class='ocrx_word' id='word_1_497' title='bbox 243 1782 355 1814; x_wconf 87' lang='lat' dir='ltr'><strong>cotttttli,</strong></span> <span class='ocrx_word' id='word_1_498' title='bbox 371 1783 416 1808; x_wconf 84' lang='lat' dir='ltr'><strong>scd</strong></span> <span class='ocrx_word' id='word_1_499' title='bbox 439 1782 546 1808; x_wconf 77' lang='lat' dir='ltr'><strong>nonnisi</strong></span> <span class='ocrx_word' id='word_1_500' title='bbox 565 1789 650 1815; x_wconf 87' lang='lat' dir='ltr'><strong>usque</strong></span> <span class='ocrx_word' id='word_1_501' title='bbox 663 1782 696 1807; x_wconf 90' lang='lat' dir='ltr'><strong>ad</strong></span> <span class='ocrx_word' id='word_1_502' title='bbox 721 1782 904 1808; x_wconf 66' lang='lat' dir='ltr'><strong>Alexandrum</strong></span> <span class='ocrx_word' id='word_1_503' title='bbox 922 1781 1059 1816; x_wconf 72' lang='lat' dir='ltr'><strong>Magnum,</strong></span> <span class='ocrx_word' id='word_1_504' title='bbox 1077 1785 1206 1818; x_wconf 87' lang='lat' dir='ltr'><strong>quoniam</strong></span> <span class='ocrx_word' id='word_1_505' title='bbox 1237 1793 1270 1813; x_wconf 88' lang='lat' dir='ltr'><strong>ex</strong></span> <span class='ocrx_word' id='word_1_506' title='bbox 1290 1787 1451 1814; x_wconf 83' lang='lat' dir='ltr'><strong>lectionibus</strong></span> <span class='ocrx_word' id='word_1_507' title='bbox 1478 1788 1648 1816; x_wconf 83' lang='lat' dir='ltr'><strong>variantibus</strong></span> <span class='ocrx_word' id='word_1_508' title='bbox 1679 1789 1745 1816; x_wconf 91' lang='lat' dir='ltr'><strong>nihil</strong></span> <span class='ocrx_word' id='word_1_509' title='bbox 1763 1789 1872 1816; x_wconf 86' lang='lat' dir='ltr'><strong>fructus</strong></span> 
     </span>
    </p>
   </div>
   <div class='ocr_carea' id='block_1_41' title="bbox 241 1825 1871 1864">
    <p class='ocr_par' dir='ltr' id='par_1_41' title="bbox 241 1825 1871 1864">
     <span class='ocr_line' id='line_1_41' title="bbox 241 1825 1871 1864; baseline 0.004 -12"><span class='ocrx_word' id='word_1_510' title='bbox 241 1827 300 1860; x_wconf 81' lang='lat' dir='ltr'><strong>capi</strong></span> <span class='ocrx_word' id='word_1_511' title='bbox 315 1833 393 1860; x_wconf 87' lang='lat' dir='ltr'><strong>posse</strong></span> <span class='ocrx_word' id='word_1_512' title='bbox 407 1826 535 1852; x_wconf 77' lang='lat' dir='ltr'><strong>intellexi.</strong></span> <span class='ocrx_word' id='word_1_513' title='bbox 551 1825 694 1852; x_wconf 76' lang='lat' dir='ltr'><strong>Lectiones</strong></span> <span class='ocrx_word' id='word_1_514' title='bbox 709 1826 748 1852; x_wconf 73' lang='lat' dir='ltr'><strong>ita:</strong></span> <span class='ocrx_word' id='word_1_515' title='bbox 761 1826 840 1859; x_wconf 77' lang='lat' dir='ltr'><strong>signo</strong></span> <span class='ocrx_word' id='word_1_516' title='bbox 855 1825 927 1852; x_wconf 84' lang='lat' dir='ltr'><strong>Scal.</strong></span> <span class='ocrx_word' id='word_1_517' title='bbox 943 1826 972 1852; x_wconf 89' lang='lat' dir='ltr'><strong>ll</strong></span> <span class='ocrx_word' id='word_1_518' title='bbox 993 1827 1208 1862; x_wconf 78' lang='lat' dir='ltr'><strong>distinguuntur.</strong></span> <span class='ocrx_word' id='word_1_519' title='bbox 1224 1829 1308 1857; x_wconf 81' lang='lat' dir='ltr'><strong>Porro</strong></span> <span class='ocrx_word' id='word_1_520' title='bbox 1327 1831 1418 1857; x_wconf 70' lang='lat' dir='ltr'><strong>Contii</strong></span> <span class='ocrx_word' id='word_1_521' title='bbox 1434 1836 1548 1864; x_wconf 75' lang='lat' dir='ltr'><strong>textum,</strong></span> <span class='ocrx_word' id='word_1_522' title='bbox 1568 1840 1600 1859; x_wconf 80' lang='lat' dir='ltr'><strong>ex</strong></span> <span class='ocrx_word' id='word_1_523' title='bbox 1618 1832 1780 1859; x_wconf 81' lang='lat' dir='ltr'><strong>Bibliotheca</strong></span> <span class='ocrx_word' id='word_1_524' title='bbox 1797 1831 1871 1860; x_wconf 83' lang='lat' dir='ltr'><strong>Sun-</strong></span> 
     </span>
    </p>
   </div>
   <div class='ocr_carea' id='block_1_42' title="bbox 239 1868 1870 1910">
    <p class='ocr_par' dir='ltr' id='par_1_42' title="bbox 239 1868 1870 1910">
     <span class='ocr_line' id='line_1_42' title="bbox 239 1868 1870 1910; baseline 0.005 -15"><span class='ocrx_word' id='word_1_525' title='bbox 239 1875 342 1896; x_wconf 83' lang='lat' dir='ltr'><strong>ctorum</strong></span> <span class='ocrx_word' id='word_1_526' title='bbox 356 1868 480 1898; x_wconf 84' lang='lat' dir='ltr'><strong>Patrum.</strong></span> <span class='ocrx_word' id='word_1_527' title='bbox 489 1877 534 1902; x_wconf 85' lang='lat' dir='ltr'><strong>per</strong></span> <span class='ocrx_word' id='word_1_528' title='bbox 543 1868 727 1903; x_wconf 83' lang='lat' dir='ltr'><strong>Margarinum</strong></span> <span class='ocrx_word' id='word_1_529' title='bbox 737 1869 769 1895; x_wconf 83' lang='lat' dir='ltr'><strong>de</strong></span> <span class='ocrx_word' id='word_1_530' title='bbox 782 1869 819 1895; x_wconf 89' lang='lat' dir='ltr'><strong>La</strong></span> <span class='ocrx_word' id='word_1_531' title='bbox 831 1869 922 1903; x_wconf 79' lang='lat' dir='ltr'><strong>Bigne.</strong></span> <span class='ocrx_word' id='word_1_532' title='bbox 934 1877 1000 1897; x_wconf 80' lang='lat' dir='ltr'><strong>tom.</strong></span> <span class='ocrx_word' id='word_1_533' title='bbox 1011 1869 1066 1904; x_wconf 88' lang='lat' dir='ltr'><strong>VII,</strong></span> <span class='ocrx_word' id='word_1_534' title='bbox 1076 1873 1116 1900; x_wconf 77' lang='lat' dir='ltr'><strong>ed,</strong></span> <span class='ocrx_word' id='word_1_535' title='bbox 1127 1874 1144 1899; x_wconf 75' lang='grc'><strong>2</strong></span> <span class='ocrx_word' id='word_1_536' title='bbox 1160 1873 1371 1907; x_wconf 71' lang='grc' dir='ltr'><strong>Ρίιγὶδὶἱε,1589,</strong></span> <span class='ocrx_word' id='word_1_537' title='bbox 1382 1883 1408 1910; x_wconf 92' lang='lat' dir='ltr'><strong>p.</strong></span> <span class='ocrx_word' id='word_1_538' title='bbox 1419 1876 1471 1902; x_wconf 75' lang='grc'><strong>974</strong></span> <span class='ocrx_word' id='word_1_539' title='bbox 1482 1883 1571 1910; x_wconf 83' lang='lat' dir='ltr'><strong>seqq.,</strong></span> <span class='ocrx_word' id='word_1_540' title='bbox 1582 1876 1704 1908; x_wconf 88' lang='lat' dir='ltr'><strong>adhibui;</strong></span> <span class='ocrx_word' id='word_1_541' title='bbox 1713 1878 1759 1903; x_wconf 86' lang='lat' dir='ltr'><strong>sed</strong></span> <span class='ocrx_word' id='word_1_542' title='bbox 1773 1877 1870 1903; x_wconf 85' lang='lat' dir='ltr'><strong>setlnio</strong></span> 
     </span>
    </p>
   </div>
   <div class='ocr_carea' id='block_1_43' title="bbox 241 1911 1870 1954">
    <p class='ocr_par' dir='ltr' id='par_1_43' title="bbox 241 1911 1870 1954">
     <span class='ocr_line' id='line_1_43' title="bbox 241 1911 1870 1954; baseline 0.006 -15"><span class='ocrx_word' id='word_1_543' title='bbox 241 1913 306 1939; x_wconf 88' lang='lat' dir='ltr'><strong>tnilti</strong></span> <span class='ocrx_word' id='word_1_544' title='bbox 328 1913 388 1939; x_wconf 89' lang='lat' dir='ltr'><strong>cavi</strong></span> <span class='ocrx_word' id='word_1_545' title='bbox 411 1921 445 1939; x_wconf 84' lang='lat' dir='ltr'><strong>ne</strong></span> <span class='ocrx_word' id='word_1_546' title='bbox 469 1913 538 1939; x_wconf 81' lang='lat' dir='ltr'><strong>ultra</strong></span> <span class='ocrx_word' id='word_1_547' title='bbox 555 1912 713 1939; x_wconf 80' lang='lat' dir='ltr'><strong>Michaeleut</strong></span> <span class='ocrx_word' id='word_1_548' title='bbox 732 1919 758 1939; x_wconf 90' lang='lat' dir='ltr'><strong>et</strong></span> <span class='ocrx_word' id='word_1_549' title='bbox 778 1913 957 1948; x_wconf 88' lang='lat' dir='ltr'><strong>Theopltilmn</strong></span> <span class='ocrx_word' id='word_1_550' title='bbox 976 1915 1155 1950; x_wconf 85' lang='lat' dir='ltr'><strong>imperatores</strong></span> <span class='ocrx_word' id='word_1_551' title='bbox 1169 1917 1222 1944; x_wconf 71' lang='grc' dir='ltr'><strong>(ΣΡ.</strong></span> <span class='ocrx_word' id='word_1_552' title='bbox 1249 1911 1406 1953; x_wconf 78' lang='lat' dir='ltr'><strong>pergerem;</strong></span> <span class='ocrx_word' id='word_1_553' title='bbox 1422 1925 1551 1954; x_wconf 69' lang='lat' dir='ltr'><strong>prmlerea</strong></span> <span class='ocrx_word' id='word_1_554' title='bbox 1578 1922 1700 1947; x_wconf 85' lang='lat' dir='ltr'><strong>consului</strong></span> <span class='ocrx_word' id='word_1_555' title='bbox 1732 1922 1870 1948; x_wconf 73' lang='lat' dir='ltr'><strong>Anastasii</strong></span> 
     </span>
    </p>
   </div>
   <div class='ocr_carea' id='block_1_44' title="bbox 240 1957 1869 1999">
    <p class='ocr_par' dir='ltr' id='par_1_44' title="bbox 240 1957 1869 1999">
     <span class='ocr_line' id='line_1_44' title="bbox 240 1957 1869 1999; baseline 0.005 -16"><span class='ocrx_word' id='word_1_556' title='bbox 240 1957 396 1989; x_wconf 83' lang='lat' dir='ltr'><strong>Historiam,</strong></span> <span class='ocrx_word' id='word_1_557' title='bbox 415 1964 448 1984; x_wconf 89' lang='lat' dir='ltr'><strong>ex</strong></span> <span class='ocrx_word' id='word_1_558' title='bbox 480 1957 599 1983; x_wconf 86' lang='lat' dir='ltr'><strong>editione</strong></span> <span class='ocrx_word' id='word_1_559' title='bbox 627 1957 748 1988; x_wconf 86' lang='lat' dir='ltr'><strong>Fabroti,</strong></span> <span class='ocrx_word' id='word_1_560' title='bbox 767 1964 828 1991; x_wconf 73' lang='lat' dir='ltr'><strong>qua:</strong></span> <span class='ocrx_word' id='word_1_561' title='bbox 845 1958 933 1991; x_wconf 88' lang='lat' dir='ltr'><strong>ptimo</strong></span> <span class='ocrx_word' id='word_1_562' title='bbox 952 1959 1051 1992; x_wconf 82' lang='lat' dir='ltr'><strong>prodiit</strong></span> <span class='ocrx_word' id='word_1_563' title='bbox 1071 1959 1184 1988; x_wconf 82' lang='lat' dir='ltr'><strong>Parisiis</strong></span> <span class='ocrx_word' id='word_1_564' title='bbox 1199 1962 1266 1989; x_wconf 68' lang='grc'><strong>1659</strong></span> <span class='ocrx_word' id='word_1_565' title='bbox 1293 1963 1364 1989; x_wconf 87' lang='lat' dir='ltr'><strong>ittter</strong></span> <span class='ocrx_word' id='word_1_566' title='bbox 1380 1964 1529 1997; x_wconf 86' lang='lat' dir='ltr'><strong>scriptores</strong></span> <span class='ocrx_word' id='word_1_567' title='bbox 1548 1963 1675 1990; x_wconf 74' lang='lat' dir='ltr'><strong>Ilisloria:</strong></span> <span class='ocrx_word' id='word_1_568' title='bbox 1700 1964 1869 1999; x_wconf 64' lang='lat' dir='ltr'><strong>Byzantina},</strong></span> 
     </span>
    </p>
   </div>
   <div class='ocr_carea' id='block_1_45' title="bbox 239 2001 1872 2042">
    <p class='ocr_par' dir='ltr' id='par_1_45' title="bbox 239 2001 1872 2042">
     <span class='ocr_line' id='line_1_45' title="bbox 239 2001 1872 2042; baseline 0.005 -15"><span class='ocrx_word' id='word_1_569' title='bbox 239 2002 254 2027; x_wconf 91' lang='lat' dir='ltr'><strong>d</strong></span> <span class='ocrx_word' id='word_1_570' title='bbox 275 2002 346 2033; x_wconf 80' lang='lat' dir='ltr'><strong>itide,</strong></span> <span class='ocrx_word' id='word_1_571' title='bbox 362 2001 421 2028; x_wconf 92' lang='lat' dir='ltr'><strong>sine</strong></span> <span class='ocrx_word' id='word_1_572' title='bbox 441 2001 493 2028; x_wconf 89' lang='lat' dir='ltr'><strong>ttlla</strong></span> <span class='ocrx_word' id='word_1_573' title='bbox 509 2005 597 2028; x_wconf 87' lang='lat' dir='ltr'><strong>textus</strong></span> <span class='ocrx_word' id='word_1_574' title='bbox 608 2001 752 2032; x_wconf 79' lang='lat' dir='ltr'><strong>varietate,</strong></span> <span class='ocrx_word' id='word_1_575' title='bbox 772 2002 890 2028; x_wconf 83' lang='lat' dir='ltr'><strong>Vettetiis</strong></span> <span class='ocrx_word' id='word_1_576' title='bbox 908 2003 987 2029; x_wconf 64' lang='lat'><strong>1729.</strong></span> <span class='ocrx_word' id='word_1_577' title='bbox 1007 2003 1045 2030; x_wconf 80' lang='lat' dir='ltr'><strong>Ad</strong></span> <span class='ocrx_word' id='word_1_578' title='bbox 1066 2005 1115 2031; x_wconf 87' lang='lat' dir='ltr'><strong>bas</strong></span> <span class='ocrx_word' id='word_1_579' title='bbox 1128 2005 1262 2033; x_wconf 85' lang='lat' dir='ltr'><strong>editiones</strong></span> <span class='ocrx_word' id='word_1_580' title='bbox 1281 2007 1420 2034; x_wconf 83' lang='lat' dir='ltr'><strong>referenda</strong></span> <span class='ocrx_word' id='word_1_581' title='bbox 1438 2013 1513 2041; x_wconf 87' lang='lat' dir='ltr'><strong>sunt,</strong></span> <span class='ocrx_word' id='word_1_582' title='bbox 1531 2017 1591 2042; x_wconf 63' lang='lat' dir='ltr'><strong>qua:</strong></span> <span class='ocrx_word' id='word_1_583' title='bbox 1604 2009 1739 2035; x_wconf 83' lang='lat' dir='ltr'><strong>Anastasii</strong></span> <span class='ocrx_word' id='word_1_584' title='bbox 1757 2010 1872 2036; x_wconf 83' lang='lat' dir='ltr'><strong>nomine</strong></span> 
     </span>
    </p>
   </div>
   <div class='ocr_carea' id='block_1_46' title="bbox 238 2045 1871 2086">
    <p class='ocr_par' dir='ltr' id='par_1_46' title="bbox 238 2045 1871 2086">
     <span class='ocr_line' id='line_1_46' title="bbox 238 2045 1871 2086; baseline 0.006 -15"><span class='ocrx_word' id='word_1_585' title='bbox 238 2045 576 2079; x_wconf 51' lang='lat' dir='ltr'><strong>signavhnusﬁamerarii</strong></span> <span class='ocrx_word' id='word_1_586' title='bbox 598 2045 730 2071; x_wconf 86' lang='lat' dir='ltr'><strong>lectiones</strong></span> <span class='ocrx_word' id='word_1_587' title='bbox 744 2046 881 2072; x_wconf 78' lang='lat' dir='ltr'><strong>variantes</strong></span> <span class='ocrx_word' id='word_1_588' title='bbox 899 2045 955 2073; x_wconf 80' lang='lat' dir='ltr'><strong>fere</strong></span> <span class='ocrx_word' id='word_1_589' title='bbox 980 2055 1074 2074; x_wconf 88' lang='lat' dir='ltr'><strong>omnes</strong></span> <span class='ocrx_word' id='word_1_590' title='bbox 1095 2053 1122 2075; x_wconf 81' lang='lat' dir='ltr'><strong>et</strong></span> <span class='ocrx_word' id='word_1_591' title='bbox 1138 2049 1229 2076; x_wconf 87' lang='lat' dir='ltr'><strong>Contii</strong></span> <span class='ocrx_word' id='word_1_592' title='bbox 1247 2050 1272 2076; x_wconf 87' lang='lat' dir='ltr'><strong>itt</strong></span> <span class='ocrx_word' id='word_1_593' title='bbox 1288 2052 1440 2084; x_wconf 84' lang='lat' dir='ltr'><strong>posteriore</strong></span> <span class='ocrx_word' id='word_1_594' title='bbox 1466 2052 1550 2079; x_wconf 84' lang='lat' dir='ltr'><strong>libelli</strong></span> <span class='ocrx_word' id='word_1_595' title='bbox 1579 2057 1655 2086; x_wconf 89' lang='lat' dir='ltr'><strong>parte</strong></span> <span class='ocrx_word' id='word_1_596' title='bbox 1683 2053 1808 2079; x_wconf 82' lang='lat' dir='ltr'><strong>consuilo</strong></span> <span class='ocrx_word' id='word_1_597' title='bbox 1823 2061 1871 2080; x_wconf 80' lang='lat' dir='ltr'><strong>se-</strong></span> 
     </span>
    </p>
   </div>
   <div class='ocr_carea' id='block_1_47' title="bbox 238 2089 1872 2130">
    <p class='ocr_par' dir='ltr' id='par_1_47' title="bbox 238 2089 1872 2130">
     <span class='ocr_line' id='line_1_47' title="bbox 238 2089 1872 2130; baseline 0.004 -14"><span class='ocrx_word' id='word_1_598' title='bbox 238 2090 316 2116; x_wconf 89' lang='lat' dir='ltr'><strong>clusi.</strong></span> <span class='ocrx_word' id='word_1_599' title='bbox 329 2090 447 2124; x_wconf 87' lang='lat' dir='ltr'><strong>Denique</strong></span> <span class='ocrx_word' id='word_1_600' title='bbox 464 2089 606 2123; x_wconf 81' lang='lat' dir='ltr'><strong>Nicephori</strong></span> <span class='ocrx_word' id='word_1_601' title='bbox 627 2089 784 2123; x_wconf 78' lang='lat' dir='ltr'><strong>particulas,</strong></span> <span class='ocrx_word' id='word_1_602' title='bbox 802 2097 817 2115; x_wconf 87' lang='lat' dir='ltr'><strong>a</strong></span> <span class='ocrx_word' id='word_1_603' title='bbox 839 2090 993 2121; x_wconf 87' lang='lat' dir='ltr'><strong>Lantbecio,</strong></span> <span class='ocrx_word' id='word_1_604' title='bbox 1005 2091 1142 2119; x_wconf 85' lang='lat' dir='ltr'><strong>Baudntio</strong></span> <span class='ocrx_word' id='word_1_605' title='bbox 1159 2098 1186 2120; x_wconf 90' lang='lat' dir='ltr'><strong>ct</strong></span> <span class='ocrx_word' id='word_1_606' title='bbox 1201 2093 1412 2121; x_wconf 75' lang='lat' dir='ltr'><strong>Montel‘alconio</strong></span> <span class='ocrx_word' id='word_1_607' title='bbox 1427 2096 1453 2122; x_wconf 91' lang='lat' dir='ltr'><strong>in</strong></span> <span class='ocrx_word' id='word_1_608' title='bbox 1487 2095 1564 2123; x_wconf 87' lang='lat' dir='ltr'><strong>libris</strong></span> <span class='ocrx_word' id='word_1_609' title='bbox 1580 2104 1662 2130; x_wconf 87' lang='lat' dir='ltr'><strong>supra</strong></span> <span class='ocrx_word' id='word_1_610' title='bbox 1679 2096 1796 2124; x_wconf 83' lang='lat' dir='ltr'><strong>laudatis</strong></span> <span class='ocrx_word' id='word_1_611' title='bbox 1810 2097 1872 2123; x_wconf 85' lang='lat' dir='ltr'><strong>edi-</strong></span> 
     </span>
    </p>
   </div>
   <div class='ocr_carea' id='block_1_48' title="bbox 238 2132 1741 2167">
    <p class='ocr_par' dir='ltr' id='par_1_48' title="bbox 238 2132 1741 2167">
     <span class='ocr_line' id='line_1_48' title="bbox 238 2132 1741 2167; baseline 0.004 -7"><span class='ocrx_word' id='word_1_612' title='bbox 238 2139 289 2164; x_wconf 87' lang='lat' dir='ltr'><strong>tas,</strong></span> <span class='ocrx_word' id='word_1_613' title='bbox 304 2133 329 2160; x_wconf 88' lang='lat' dir='ltr'><strong>itt</strong></span> <span class='ocrx_word' id='word_1_614' title='bbox 342 2134 472 2160; x_wconf 75' lang='lat' dir='ltr'><strong>auxilium</strong></span> <span class='ocrx_word' id='word_1_615' title='bbox 485 2132 605 2159; x_wconf 89' lang='lat' dir='ltr'><strong>adhibui.</strong></span> <span class='ocrx_word' id='word_1_616' title='bbox 618 2132 772 2167; x_wconf 75' lang='lat' dir='ltr'><strong>(Iatalogum</strong></span> <span class='ocrx_word' id='word_1_617' title='bbox 790 2135 912 2161; x_wconf 88' lang='lat' dir='ltr'><strong>codicum</strong></span> <span class='ocrx_word' id='word_1_618' title='bbox 928 2143 992 2161; x_wconf 87' lang='lat' dir='ltr'><strong>mss.</strong></span> <span class='ocrx_word' id='word_1_619' title='bbox 1007 2135 1111 2161; x_wconf 80' lang='lat' dir='ltr'><strong>Madriti</strong></span> <span class='ocrx_word' id='word_1_620' title='bbox 1126 2138 1159 2162; x_wconf 90' lang='lat' dir='ltr'><strong>ab</strong></span> <span class='ocrx_word' id='word_1_621' title='bbox 1184 2136 1287 2164; x_wconf 76' lang='lat' dir='ltr'><strong>Yrtarte</strong></span> <span class='ocrx_word' id='word_1_622' title='bbox 1302 2139 1403 2165; x_wconf 89' lang='lat' dir='ltr'><strong>editutn</strong></span> <span class='ocrx_word' id='word_1_623' title='bbox 1419 2139 1493 2166; x_wconf 88' lang='lat' dir='ltr'><strong>adire</strong></span> <span class='ocrx_word' id='word_1_624' title='bbox 1505 2140 1569 2166; x_wconf 93' lang='lat' dir='ltr'><strong>mibi</strong></span> <span class='ocrx_word' id='word_1_625' title='bbox 1587 2148 1639 2166; x_wconf 81' lang='lat' dir='ltr'><strong>non</strong></span> <span class='ocrx_word' id='word_1_626' title='bbox 1655 2139 1741 2167; x_wconf 87' lang='lat' dir='ltr'><strong>licttil.</strong></span> 
     </span>
    </p>
   </div>
   <div class='ocr_carea' id='block_1_49' title="bbox 273 2177 1870 2214">
    <p class='ocr_par' dir='ltr' id='par_1_49' title="bbox 273 2177 1870 2214">
     <span class='ocr_line' id='line_1_49' title="bbox 273 2177 1870 2214; baseline 0.004 -10"><span class='ocrx_word' id='word_1_627' title='bbox 273 2178 335 2205; x_wconf 68' lang='lat' dir='ltr'><strong>ilice</strong></span> <span class='ocrx_word' id='word_1_628' title='bbox 346 2178 389 2204; x_wconf 88' lang='lat' dir='ltr'><strong>ubi</strong></span> <span class='ocrx_word' id='word_1_629' title='bbox 407 2178 524 2204; x_wconf 85' lang='lat' dir='ltr'><strong>subsidia</strong></span> <span class='ocrx_word' id='word_1_630' title='bbox 543 2177 576 2203; x_wconf 85' lang='lat' dir='ltr'><strong>ad</strong></span> <span class='ocrx_word' id='word_1_631' title='bbox 590 2182 692 2202; x_wconf 84' lang='lat' dir='ltr'><strong>textum</strong></span> <span class='ocrx_word' id='word_1_632' title='bbox 707 2178 924 2204; x_wconf 75' lang='lat' dir='ltr'><strong>constituendum</strong></span> <span class='ocrx_word' id='word_1_633' title='bbox 941 2187 992 2205; x_wconf 91' lang='lat' dir='ltr'><strong>non</strong></span> <span class='ocrx_word' id='word_1_634' title='bbox 1004 2179 1188 2210; x_wconf 84' lang='lat' dir='ltr'><strong>sutlicicbaut.</strong></span> <span class='ocrx_word' id='word_1_635' title='bbox 1203 2187 1237 2206; x_wconf 81' lang='lat' dir='ltr'><strong>ex</strong></span> <span class='ocrx_word' id='word_1_636' title='bbox 1254 2181 1309 2214; x_wconf 88' lang='lat' dir='ltr'><strong>ipsa</strong></span> <span class='ocrx_word' id='word_1_637' title='bbox 1326 2182 1386 2209; x_wconf 91' lang='lat' dir='ltr'><strong>libri</strong></span> <span class='ocrx_word' id='word_1_638' title='bbox 1399 2182 1490 2210; x_wconf 88' lang='lat' dir='ltr'><strong>indole</strong></span> <span class='ocrx_word' id='word_1_639' title='bbox 1507 2185 1628 2210; x_wconf 85' lang='lat' dir='ltr'><strong>auctoris</strong></span> <span class='ocrx_word' id='word_1_640' title='bbox 1645 2191 1735 2210; x_wconf 83' lang='lat' dir='ltr'><strong>verant</strong></span> <span class='ocrx_word' id='word_1_641' title='bbox 1753 2187 1870 2210; x_wconf 81' lang='lat' dir='ltr'><strong>senten-</strong></span> 
     </span>
    </p>
   </div>
   <div class='ocr_carea' id='block_1_50' title="bbox 236 2221 1870 2258">
    <p class='ocr_par' dir='ltr' id='par_1_50' title="bbox 236 2221 1870 2258">
     <span class='ocr_line' id='line_1_50' title="bbox 236 2221 1870 2258; baseline 0.004 -10"><span class='ocrx_word' id='word_1_642' title='bbox 236 2223 301 2248; x_wconf 83' lang='lat' dir='ltr'><strong>tiam</strong></span> <span class='ocrx_word' id='word_1_643' title='bbox 321 2222 476 2256; x_wconf 81' lang='lat' dir='ltr'><strong>conjectura</strong></span> <span class='ocrx_word' id='word_1_644' title='bbox 490 2222 598 2255; x_wconf 75' lang='lat' dir='ltr'><strong>assequi</strong></span> <span class='ocrx_word' id='word_1_645' title='bbox 618 2221 706 2246; x_wconf 76' lang='lat' dir='ltr'><strong>studui</strong></span> <span class='ocrx_word' id='word_1_646' title='bbox 722 2229 728 2253; x_wconf 87' lang='lat'>;</span> <span class='ocrx_word' id='word_1_647' title='bbox 745 2223 814 2255; x_wconf 85' lang='lat' dir='ltr'><strong>quod</strong></span> <span class='ocrx_word' id='word_1_648' title='bbox 831 2222 1096 2257; x_wconf 82' lang='lat' dir='ltr'><strong>qttoticscnnqtte,et</strong></span> <span class='ocrx_word' id='word_1_649' title='bbox 1123 2228 1205 2250; x_wconf 83' lang='lat' dir='ltr'><strong>cattle</strong></span> <span class='ocrx_word' id='word_1_650' title='bbox 1231 2225 1351 2258; x_wconf 78' lang='lat' dir='ltr'><strong>quidem,</strong></span> <span class='ocrx_word' id='word_1_651' title='bbox 1368 2225 1470 2253; x_wconf 82' lang='lat' dir='ltr'><strong>factum</strong></span> <span class='ocrx_word' id='word_1_652' title='bbox 1489 2233 1541 2258; x_wconf 75' lang='lat' dir='ltr'><strong>est,</strong></span> <span class='ocrx_word' id='word_1_653' title='bbox 1554 2228 1635 2255; x_wconf 84' lang='lat' dir='ltr'><strong>verba</strong></span> <span class='ocrx_word' id='word_1_654' title='bbox 1659 2227 1735 2254; x_wconf 89' lang='lat' dir='ltr'><strong>uncis</strong></span> <span class='ocrx_word' id='word_1_655' title='bbox 1761 2228 1870 2255; x_wconf 83' lang='lat' dir='ltr'><strong>inclusa</strong></span> 
     </span>
    </p>
   </div>
   <div class='ocr_carea' id='block_1_51' title="bbox 236 2264 1869 2307">
    <p class='ocr_par' dir='ltr' id='par_1_51' title="bbox 236 2264 1869 2307">
     <span class='ocr_line' id='line_1_51' title="bbox 236 2264 1869 2307; baseline 0.004 -15"><span class='ocrx_word' id='word_1_656' title='bbox 236 2267 344 2292; x_wconf 84' lang='lat' dir='ltr'><strong>docent.</strong></span> <span class='ocrx_word' id='word_1_657' title='bbox 363 2265 495 2292; x_wconf 76' lang='lat' dir='ltr'><strong>Numerus</strong></span> <span class='ocrx_word' id='word_1_658' title='bbox 511 2264 623 2299; x_wconf 76' lang='lat' dir='ltr'><strong>singulis</strong></span> <span class='ocrx_word' id='word_1_659' title='bbox 638 2264 678 2290; x_wconf 89' lang='lat' dir='ltr'><strong>vel</strong></span> <span class='ocrx_word' id='word_1_660' title='bbox 698 2265 817 2298; x_wconf 77' lang='lat' dir='ltr'><strong>regibus,</strong></span> <span class='ocrx_word' id='word_1_661' title='bbox 835 2266 875 2292; x_wconf 89' lang='lat' dir='ltr'><strong>vel</strong></span> <span class='ocrx_word' id='word_1_662' title='bbox 902 2267 1047 2301; x_wconf 78' lang='lat' dir='ltr'><strong>episcopis,</strong></span> <span class='ocrx_word' id='word_1_663' title='bbox 1065 2272 1131 2298; x_wconf 82' lang='lat' dir='ltr'><strong>etc.,</strong></span> <span class='ocrx_word' id='word_1_664' title='bbox 1150 2267 1228 2303; x_wconf 80' lang='lat' dir='ltr'><strong>vulgo</strong></span> <span class='ocrx_word' id='word_1_665' title='bbox 1251 2270 1410 2303; x_wconf 68' lang='lat' dir='ltr'><strong>praepositos</strong></span> <span class='ocrx_word' id='word_1_666' title='bbox 1426 2279 1439 2297; x_wconf 90' lang='lat' dir='ltr'><strong>a</strong></span> <span class='ocrx_word' id='word_1_667' title='bbox 1454 2276 1528 2298; x_wconf 75' lang='lat' dir='ltr'><strong>textu</strong></span> <span class='ocrx_word' id='word_1_668' title='bbox 1548 2273 1642 2298; x_wconf 69' lang='lat' dir='ltr'><strong>abesse</strong></span> <span class='ocrx_word' id='word_1_669' title='bbox 1668 2271 1756 2304; x_wconf 87' lang='lat' dir='ltr'><strong>volui;</strong></span> <span class='ocrx_word' id='word_1_670' title='bbox 1769 2279 1869 2307; x_wconf 78' lang='lat' dir='ltr'><strong>magna</strong></span> 
     </span>
    </p>
   </div>
   <div class='ocr_carea' id='block_1_52' title="bbox 235 2308 1873 2350">
    <p class='ocr_par' dir='ltr' id='par_1_52' title="bbox 235 2308 1873 2350">
     <span class='ocr_line' id='line_1_52' title="bbox 235 2308 1873 2350; baseline 0.005 -15"><span class='ocrx_word' id='word_1_671' title='bbox 235 2309 307 2336; x_wconf 86' lang='lat' dir='ltr'><strong>enim</strong></span> <span class='ocrx_word' id='word_1_672' title='bbox 322 2314 349 2335; x_wconf 89' lang='lat' dir='ltr'><strong>ct</strong></span> <span class='ocrx_word' id='word_1_673' title='bbox 365 2310 489 2335; x_wconf 79' lang='lat' dir='ltr'><strong>codicum</strong></span> <span class='ocrx_word' id='word_1_674' title='bbox 506 2314 531 2334; x_wconf 88' lang='lat' dir='ltr'><strong>ct</strong></span> <span class='ocrx_word' id='word_1_675' title='bbox 547 2308 693 2334; x_wconf 84' lang='lat' dir='ltr'><strong>editionum</strong></span> <span class='ocrx_word' id='word_1_676' title='bbox 709 2308 734 2334; x_wconf 89' lang='lat' dir='ltr'><strong>itt</strong></span> <span class='ocrx_word' id='word_1_677' title='bbox 751 2309 782 2334; x_wconf 83' lang='lat' dir='ltr'><strong>iis</strong></span> <span class='ocrx_word' id='word_1_678' title='bbox 795 2309 927 2343; x_wconf 86' lang='lat' dir='ltr'><strong>ponendis</strong></span> <span class='ocrx_word' id='word_1_679' title='bbox 941 2311 1070 2342; x_wconf 87' lang='lat' dir='ltr'><strong>varietas,</strong></span> <span class='ocrx_word' id='word_1_680' title='bbox 1085 2312 1155 2338; x_wconf 87' lang='lat' dir='ltr'><strong>ttttde</strong></span> <span class='ocrx_word' id='word_1_681' title='bbox 1170 2312 1239 2338; x_wconf 89' lang='lat' dir='ltr'><strong>haud</strong></span> <span class='ocrx_word' id='word_1_682' title='bbox 1257 2314 1334 2346; x_wconf 86' lang='lat' dir='ltr'><strong>pauci</strong></span> <span class='ocrx_word' id='word_1_683' title='bbox 1347 2321 1454 2342; x_wconf 85' lang='lat' dir='ltr'><strong>errores</strong></span> <span class='ocrx_word' id='word_1_684' title='bbox 1468 2315 1493 2342; x_wconf 90' lang='lat' dir='ltr'><strong>itt</strong></span> <span class='ocrx_word' id='word_1_685' title='bbox 1512 2321 1613 2342; x_wconf 72' lang='lat' dir='ltr'><strong>textum</strong></span> <span class='ocrx_word' id='word_1_686' title='bbox 1632 2316 1809 2350; x_wconf 83' lang='lat' dir='ltr'><strong>irrepserunt,</strong></span> <span class='ocrx_word' id='word_1_687' title='bbox 1825 2323 1873 2343; x_wconf 73' lang='lat' dir='ltr'><strong>me</strong></span> 
     </span>
    </p>
   </div>
   <div class='ocr_carea' id='block_1_53' title="bbox 235 2351 1114 2387">
    <p class='ocr_par' dir='ltr' id='par_1_53' title="bbox 235 2351 1114 2387">
     <span class='ocr_line' id='line_1_53' title="bbox 235 2351 1114 2387; baseline 0.003 -9"><span class='ocrx_word' id='word_1_688' title='bbox 235 2352 355 2383; x_wconf 80' lang='lat' dir='ltr'><strong>edocuit,</strong></span> <span class='ocrx_word' id='word_1_689' title='bbox 373 2351 422 2377; x_wconf 88' lang='lat' dir='ltr'><strong>hos</strong></span> <span class='ocrx_word' id='word_1_690' title='bbox 435 2359 562 2377; x_wconf 79' lang='lat' dir='ltr'><strong>numeros</strong></span> <span class='ocrx_word' id='word_1_691' title='bbox 578 2351 611 2377; x_wconf 89' lang='lat' dir='ltr'><strong>ab</strong></span> <span class='ocrx_word' id='word_1_692' title='bbox 627 2355 737 2377; x_wconf 77' lang='lat' dir='ltr'><strong>aut-tore</strong></span> <span class='ocrx_word' id='word_1_693' title='bbox 751 2352 810 2386; x_wconf 79' lang='lat' dir='ltr'><strong>ipso</strong></span> <span class='ocrx_word' id='word_1_694' title='bbox 823 2359 875 2377; x_wconf 91' lang='lat' dir='ltr'><strong>non</strong></span> <span class='ocrx_word' id='word_1_695' title='bbox 888 2360 948 2379; x_wconf 76' lang='lat' dir='ltr'><strong>esse</strong></span> <span class='ocrx_word' id='word_1_696' title='bbox 968 2354 1114 2387; x_wconf 82' lang='lat' dir='ltr'><strong>profectos.</strong></span> 
     </span>
    </p>
   </div>
   <div class='ocr_carea' id='block_1_54' title="bbox 272 2393 1043 2437">
    <p class='ocr_par' dir='ltr' id='par_1_54' title="bbox 272 2393 1043 2431">
     <span class='ocr_line' id='line_1_54' title="bbox 272 2393 1043 2431; baseline 0.003 -9"><span class='ocrx_word' id='word_1_697' title='bbox 272 2396 354 2422; x_wconf 67' lang='lat' dir='ltr'><strong>(it-ari</strong></span> <span class='ocrx_word' id='word_1_698' title='bbox 371 2396 522 2420; x_wconf 66' lang='lat' dir='ltr'><strong>\‘t&#39;t&#39;hiOlti&#39;lll</strong></span> <span class='ocrx_word' id='word_1_699' title='bbox 538 2393 673 2425; x_wconf 77' lang='lat' dir='ltr'><strong>Latinam,</strong></span> <span class='ocrx_word' id='word_1_700' title='bbox 692 2395 817 2428; x_wconf 81' lang='lat' dir='ltr'><strong>quamvis</strong></span> <span class='ocrx_word' id='word_1_701' title='bbox 834 2396 933 2429; x_wconf 66' lang='lat' dir='ltr'><strong>sacpius</strong></span> <span class='ocrx_word' id='word_1_702' title='bbox 958 2398 1043 2431; x_wconf 82' lang='lat' dir='ltr'><strong>rcprel</strong></span> 
     </span>
    </p>
   </div>
   <div class='ocr_carea' id='block_1_55' title="bbox 1101 2393 1872 2437">
    <p class='ocr_par' dir='ltr' id='par_1_55' title="bbox 1101 2399 1872 2437">
     <span class='ocr_line' id='line_1_55' title="bbox 1101 2399 1872 2437; baseline 0.008 -13"><span class='ocrx_word' id='word_1_703' title='bbox 1101 2399 1220 2431; x_wconf 88' lang='lat' dir='ltr'><strong>lendam,</strong></span> <span class='ocrx_word' id='word_1_704' title='bbox 1240 2401 1528 2436; x_wconf 79' lang='lat' dir='ltr'><strong>retinuiquidem,sed</strong></span> <span class='ocrx_word' id='word_1_705' title='bbox 1558 2403 1640 2430; x_wconf 72' lang='lat' dir='ltr'><strong>textui</strong></span> <span class='ocrx_word' id='word_1_706' title='bbox 1659 2407 1751 2430; x_wconf 82' lang='lat' dir='ltr'><strong>nostro</strong></span> <span class='ocrx_word' id='word_1_707' title='bbox 1768 2402 1872 2437; x_wconf 81' lang='lat' dir='ltr'><strong>ubique</strong></span> 
     </span>
    </p>
   </div>
   <div class='ocr_carea' id='block_1_56' title="bbox 237 2440 527 2474">
    <p class='ocr_par' dir='ltr' id='par_1_56' title="bbox 237 2440 527 2474">
     <span class='ocr_line' id='line_1_56' title="bbox 237 2440 527 2474; baseline -0.007 -8"><span class='ocrx_word' id='word_1_708' title='bbox 237 2447 386 2474; x_wconf 68' lang='lat' dir='ltr'><strong>congruant</strong></span> <span class='ocrx_word' id='word_1_709' title='bbox 411 2440 527 2465; x_wconf 47' lang='lat' dir='ltr'><strong>rcddint.</strong></span> 
     </span>
    </p>
   </div>
   <div class='ocr_carea' id='block_1_57' title="bbox 283 2529 1289 2568">
    <p class='ocr_par' dir='ltr' id='par_1_57' title="bbox 283 2529 1289 2568">
     <span class='ocr_line' id='line_1_57' title="bbox 283 2529 1289 2568; baseline 0.004 -14"><span class='ocrx_word' id='word_1_710' title='bbox 283 2529 310 2564; x_wconf 75' lang='lat' dir='ltr'><strong>ti)</strong></span> <span class='ocrx_word' id='word_1_711' title='bbox 330 2529 465 2568; x_wconf 61' lang='lat' dir='ltr'><strong>haunit-acii</strong></span> <span class='ocrx_word' id='word_1_712' title='bbox 484 2534 632 2568; x_wconf 65' lang='lat' dir='ltr'><strong>comment.</strong></span> <span class='ocrx_word' id='word_1_713' title='bbox 657 2530 698 2568; x_wconf 75' lang='lat' dir='ltr'><strong>de</strong></span> <span class='ocrx_word' id='word_1_714' title='bbox 713 2530 904 2568; x_wconf 65' lang='lat' dir='ltr'><strong>augustissima</strong></span> <span class='ocrx_word' id='word_1_715' title='bbox 927 2530 1028 2568; x_wconf 79' lang='lat' dir='ltr'><strong>Biblio-</strong></span> <span class='ocrx_word' id='word_1_716' title='bbox 1085 2540 1111 2567; x_wconf 86' lang='lat' dir='ltr'><strong>p.</strong></span> <span class='ocrx_word' id='word_1_717' title='bbox 1131 2533 1186 2559; x_wconf 73' lang='grc'><strong>581)</strong></span> <span class='ocrx_word' id='word_1_718' title='bbox 1215 2541 1289 2568; x_wconf 73' lang='lat' dir='ltr'><strong>seqq.</strong></span> 
     </span>
    </p>
   </div>
   <div class='ocr_carea' id='block_1_58' title="bbox 237 2564 1689 2607">
    <p class='ocr_par' dir='ltr' id='par_1_58' title="bbox 237 2564 1689 2607">
     <span class='ocr_line' id='line_1_58' title="bbox 237 2564 1689 2607; baseline 0.005 -16"><span class='ocrx_word' id='word_1_719' title='bbox 237 2565 312 2592; x_wconf 69' lang='lat' dir='ltr'><strong>theca</strong></span> <span class='ocrx_word' id='word_1_720' title='bbox 343 2565 467 2592; x_wconf 64' lang='lat' dir='ltr'><strong>(lat-sarem</strong></span> <span class='ocrx_word' id='word_1_721' title='bbox 498 2564 711 2591; x_wconf 81' lang='lat' dir='ltr'><strong>Vinduboneusi.</strong></span> <span class='ocrx_word' id='word_1_722' title='bbox 743 2564 774 2591; x_wconf 89' lang='lat' dir='ltr'><strong>li.</strong></span> <span class='ocrx_word' id='word_1_723' title='bbox 805 2565 917 2591; x_wconf 44' lang='lat' dir='ltr'><strong>\‘ittdob.</strong></span> <span class='ocrx_word' id='word_1_724' title='bbox 943 2566 1020 2592; x_wconf 76' lang='grc'>1669.</span> <span class='ocrx_word' id='word_1_725' title='bbox 1085 2564 1092 2567; x_wconf 69' lang='grc'><em>”</em></span> <span class='ocrx_word' id='word_1_726' title='bbox 1115 2568 1153 2602; x_wconf 75' lang='lat'><strong>(7)</strong></span> <span class='ocrx_word' id='word_1_727' title='bbox 1171 2564 1335 2597; x_wconf 71' lang='lat' dir='ltr'><strong>Bibliotheca</strong></span> <span class='ocrx_word' id='word_1_728' title='bbox 1353 2571 1530 2603; x_wconf 69' lang='lat' dir='ltr'><strong>Coisliniana,</strong></span> <span class='ocrx_word' id='word_1_729' title='bbox 1548 2581 1574 2607; x_wconf 84' lang='lat' dir='ltr'><strong>p.</strong></span> <span class='ocrx_word' id='word_1_730' title='bbox 1591 2573 1644 2600; x_wconf 72' lang='lat'><strong>205</strong></span> <span class='ocrx_word' id='word_1_731' title='bbox 1665 2580 1689 2600; x_wconf 63' lang='grc' dir='ltr'><strong>ε,</strong></span> 
     </span>
    </p>
   </div>
  </div>
