1952 3079
211 121 280 154 1067

810 122 1000 152 STEPHANI
1024 120 1178 151 DIACONI
1199 121 1252 151 (ΣΡ.

1779 119 1846 151 1068

211 183 306 205 omnes
321 176 463 211 oportebat
477 175 511 203 ad
527 175 598 210 ipsus
618 176 762 211 pontiﬁces
778 177 918 208 accedere,
939 185 1001 203 sua-
1017 184 1036 211 Α
1053 176 1310 210 suscipicniliimque
1335 175 1505 209 dijudicarit,
1523 175 1545 202 is
1561 175 1576 201 l.
1589 182 1662 210 psos,
1677 177 1802 209 quamvis
1819 182 1846 203 et

212 231 265 257 qtte
290 223 342 249 illis
366 222 471 249 occulta
493 222 630 256 prodere;
649 228 675 249 et
694 223 733 250 sic
758 223 798 249 vel
822 223 1003 249 renuntiatio-

214 275 275 295 neiii
293 269 333 294 vel
353 269 492 301 repudium
508 267 589 294 ferre.
612 267 709 303 Ignoro
727 274 817 295 autem
838 269 884 303 qui
903 268 1002 295 factum

213 319 258 346 stt,
275 319 304 340 ttl
319 314 374 340 litec
388 313 476 340 minus
489 314 685 351 observentur;
700 315 825 348 quamvis
851 315 1002 341 existimem

214 360 364 395 pontiﬁces.
383 360 482 394 negotii
501 361 579 386 Lcdio
605 360 795 394 fieqiientique
822 360 1003 391 multitudinis

213 406 379 434 turbuleiitia
415 406 594 440 defatigatus.
622 407 646 433 id
675 414 763 440 operm
793 406 826 432 ad
856 407 1004 433 monachos

213 453 399 480 transmisisse
417 461 422 478 :
439 453 470 478 ad
487 460 533 478 eos
546 453 650 479 scilicet
667 453 711 486 qui
729 460 791 478 vere
808 452 913 484 probati
938 453 1001 484 sitit,

212 501 328 536 aliisque
346 499 520 525 raleautcsse
534 498 633 525 utiles:
649 498 712 524 nihil
728 498 800 525 eniin
811 498 864 525 tale
880 498 1005 532 inexper-

213 547 247 573 tis
272 552 299 572 ct
317 545 434 571 indoctis
461 544 654 578 permiserunt.
682 543 811 578 Equidem
839 544 865 570 in
891 545 1002 570 adversa

212 592 335 627 corporis
360 591 514 617 vah-tudine
537 590 610 616 illum
634 590 806 624 inquirimus,
834 590 1004 624 diciiiiusque

214 639 361 669 ini-dicunt,
375 637 418 671 qui
436 641 488 662 tain
507 636 593 670 reipsa
607 644 686 670 quam
702 637 804 667 verbis,
820 635 888 662 male
902 636 1004 662 haben-

214 689 268 710 tem
286 692 384 711 curare
409 688 500 717 queat.
519 682 611 716 Itaque
627 690 679 708 non
694 682 872 715 respiciemus
890 682 915 708 in
932 682 1004 708 hunc

215 733 255 759 vel
281 730 365 763 illuni,
391 730 435 763 qui
456 733 553 763 prteter
578 728 674 754 medici
701 736 796 755 nomen
821 729 886 755 nihil
906 728 1005 755 habeat

217 775 331 808 medici;
354 773 399 801 sed
424 775 448 800 iii
467 781 528 800 eum
553 773 597 807 qui
625 774 695 800 sicut
723 774 844 805 expedit,
867 774 1001 800 medicum

214 825 342 855 prmstarc
356 819 464 854 poterit.
482 819 564 846 Porro
580 819 602 846 si
616 819 676 853 quis
690 825 819 852 expertus
835 819 871 846 sit
884 824 910 846 et
922 819 1002 854 frugi,

213 871 240 892 et
254 874 315 893 cum
334 866 394 897 hoc,
409 864 562 892 sacerdotio
575 856 712 898 fungatur,
728 865 761 891 ad
777 865 851 891 illiilli
866 865 891 891 iu
909 865 1003 899 primis
1021 859 1041 888 Β

213 913 393 939 accedendum
412 921 419 940 :
436 920 497 939 nam
515 911 613 946 poterit
638 912 727 948 indigo
751 913 890 947 prodesse,
921 920 1001 939 acce-

213 958 320 984 dentem
335 965 364 985 sc
379 958 534 992 diligentius
558 965 671 990 curare,
701 958 878 985 reconciliare
896 958 959 984 item
976 962 1003 985 et

213 1003 360 1037 torrigere.
389 1003 457 1031 Puto
482 1008 571 1030 autent
600 1003 701 1029 nullum
725 1003 769 1037 qui
799 1003 842 1038 pie
868 1008 895 1029 et
924 1008 1003 1030 cattle

214 1050 293 1084 hujus
317 1049 423 1076 molesti
441 1050 572 1084 temporis
595 1050 677 1075 vitam
694 1055 767 1083 agat,
782 1058 814 1076 ex
832 1050 883 1076 hoc
907 1050 1004 1077 ordine

213 1096 456 1124 exattctoranduin.
474 1096 619 1129 Czeteruin,
636 1096 681 1130 qui
699 1097 778 1122 talem
805 1097 925 1127 accedit,
941 1103 1000 1123 Otii-

214 1140 278 1166 niiio
303 1140 389 1173 ipsum
407 1139 506 1174 dirigat
521 1144 548 1166 et
564 1140 693 1172 instruat,
713 1146 740 1166 ut
758 1145 833 1168 recte
858 1141 1003 1176 dirigatur.

215 1185 245 1211 Et
262 1185 294 1217 is,
311 1191 412 1219 quanto
429 1186 581 1212 divinorum
599 1193 794 1220 sacrorumque
811 1195 944 1213 canonum
961 1195 1005 1221 pe-

214 1231 292 1257 ritior
319 1231 418 1263 fuerit,
449 1231 500 1258 hoc
524 1231 640 1265 amplius
669 1232 795 1258 instruet.
823 1233 934 1265 Contra,
957 1233 1004 1267 qui

214 1285 348 1304 canonum
376 1278 495 1312 vigorem
521 1283 547 1305 et
569 1286 645 1305 suam
673 1279 802 1314 cujusque
827 1280 916 1307 delicti
934 1280 1004 1306 mul-

217 1327 270 1348 tam
297 1322 448 1353 ignorarit;
467 1323 488 1349 is
502 1323 566 1349 nulli
581 1324 633 1350 ulla
649 1324 675 1350 in
693 1332 721 1351 re
738 1333 854 1358 linquam
871 1326 929 1351 usui
944 1333 1004 1352 esse

216 1369 324 1402 poterit.
346 1368 504 1401 Propterea,
521 1370 566 1403 qui
587 1369 697 1396 fratrem
713 1371 737 1396 iii
764 1379 804 1402 se,
820 1380 873 1397 uno
896 1372 1004 1398 codem-

215 1421 268 1447 que
297 1413 340 1440 die
366 1414 468 1447 septies
494 1420 662 1448 peccantem,
689 1416 765 1442 venia
794 1416 1002 1443 cuudoeandinn

219 1488 864 1507 mni-2'

1054 229 1125 256 saepe
1138 226 1166 248 et
1182 223 1295 248 multum
1321 221 1499 261 deliqug'iiit,
1517 229 1570 256 quo
1586 226 1665 255 pacto
1689 221 1802 256 repellet
1815 227 1843 249 et

1054 268 1181 301 alijicict;
1199 268 1252 294 into
1264 268 1450 302 spiritualibus
1466 268 1698 302 increpationibus
1714 269 1844 296 admoue-

1055 315 1110 346 bit,
1139 315 1242 341 itliliter
1268 319 1400 341 consonet
1426 314 1508 340 vitam
1535 313 1666 346 futuram,
1691 319 1717 341 et
1744 320 1844 341 aeterna

1054 361 1184 395 supplicia
1201 360 1227 387 in
1247 360 1405 392 memoriam
1431 361 1561 387 reducet?
1581 369 1662 387 unum
1679 361 1795 390 cavebit.
1813 369 1847 388 tie

1055 406 1237 441 indulgentius
1253 413 1280 433 et
1296 404 1363 434 citra
1387 414 1495 433 onmem
1512 407 1728 441 objurgationeui
1753 406 1846 432 absol-

1055 458 1111 485 vat,
1129 453 1231 487 fiatque
1246 454 1397 480 alienorum
1412 453 1556 480 criminum
1570 453 1716 487 particeps.
1731 452 1802 484 Jain,
1822 453 1845 480 si

1055 500 1099 534 qui
1115 503 1304 532 peccaverant,
1323 499 1451 534 lacryetis
1468 499 1634 533 liquescant,
1652 507 1683 525 ac
1700 499 1844 526 continen<

1057 551 1097 574 ter
1113 547 1244 572 malorum
1269 553 1380 572 suorum
1407 545 1634 571 aballcttatioiiem
1660 545 1845 579 mediteiitur;

1056 592 1120 620 licet
1136 591 1162 618 in
1179 593 1273 618 eadem
1303 591 1471 622 reincidant,
1500 591 1689 624 suscipiendos
1707 597 1796 617 tamen
1813 599 1847 618 eo

1056 636 1175 668 duxeris,
1194 643 1398 670 congruumque
1414 636 1586 669 deputaveris
1600 635 1701 662 locum.
1718 635 1805 662 Penes
1822 641 1848 662 le

1056 682 1127 708 enim
1145 682 1258 708 facultas
1272 685 1324 713 est,
1343 685 1371 708 ut
1386 681 1468 712 nosti,
1484 688 1639 708 mensuram
1657 682 1847 715 castigationis

1056 728 1195 755 adhibeas.
1218 728 1270 755 Eos
1285 733 1374 754 autem
1390 729 1436 762 qui
1449 729 1512 755 hinc
1525 728 1669 762 einigrant,
1686 727 1710 754 in
1725 736 1849 763 quocun-

1056 782 1107 809 que
1123 774 1222 801 fuerint
1240 780 1352 806 peccato
1368 775 1482 806 detenti,
1497 782 1531 801 ne
1547 774 1673 808 ligaveris
1687 783 1693 806 ;
1712 775 1758 800 sed
1777 775 1848 800 divi-

1057 827 1152 846 norum
1172 827 1357 854 purorumque
1383 825 1615 847 saeraiucutorum
1635 819 1716 846 facito
1732 820 1847 854 partici-

1056 874 1113 901 pes.
1140 865 1192 898 Qui
1215 866 1282 893 citra
1309 870 1419 900 pactum
1439 866 1543 898 polluti,
1562 867 1662 900 gratias
1678 871 1762 900 agant
1791 866 1847 892 Deo

1057 917 1163 946 nostro,
1192 913 1263 947 qitod
1290 912 1322 940 de
1345 913 1469 940 faucibus
1505 913 1605 940 diaboli
1634 913 1743 940 liberati
1771 918 1846 940 sunt.

1055 958 1154 990 Parum
1171 959 1197 985 in
1214 959 1309 985 horum
1334 959 1540 993 castigationem
1563 959 1741 993 prmscribere
1757 966 1848 993 operte

1056 1006 1186 1040 pretium.
1214 1005 1271 1032 Non
1288 1006 1361 1031 enim
1379 1010 1502 1032 nostrum
1523 1010 1566 1032 est
1582 1005 1706 1037 definire,
1725 1005 1771 1032 sed
1797 1012 1847 1031 vo-

1057 1051 1168 1078 luntatis
1184 1059 1278 1078 eorum
1301 1051 1346 1085 qui
1368 1051 1503 1077 mandatis
1523 1055 1621 1086 parcnt
1641 1061 1647 1077 :
1665 1056 1771 1085 tempus
1795 1051 1848 1078 etsi

1055 1099 1164 1133 longum
1181 1099 1226 1131 sit,
1244 1107 1297 1125 non
1315 1104 1404 1125 tamen
1421 1099 1537 1133 amplius
1554 1103 1594 1125 est
1616 1106 1698 1132 quam
1713 1098 1846 1125 correctio

1058 1146 1196 1180 requirat;
1224 1145 1293 1172 forte
1318 1145 1384 1172 nihil
1411 1145 1521 1172 omnino
1549 1144 1684 1171 commodi
1713 1145 1849 1171 correctio

1059 1191 1178 1218 afferret.
1198 1190 1323 1218 Vidimus
1345 1196 1448 1224 autem,
1464 1196 1491 1217 et
1507 1190 1581 1217 brevi
1605 1195 1727 1223 tempore
1750 1191 1849 1218 multos

1059 1237 1143 1264 inulta
1174 1237 1337 1264 tibslersisse
1371 1244 1403 1263 ac
1439 1237 1609 1264 emendasse.
1637 1237 1764 1271 Alioquin
1796 1237 1848 1263 etsi

1059 1290 1184 1309 mensura
1201 1283 1329 1316 temporis
1343 1284 1385 1310 cui
1398 1283 1566 1318 injungatur,
1597 1284 1618 1310 is
1631 1288 1720 1310 tamen
1739 1283 1849 1309 tandem

1058 1328 1218 1361 declarabit,
1235 1336 1268 1356 an
1281 1329 1362 1363 digne
1377 1330 1514 1357 admissus
1528 1330 1568 1356 vel
1584 1329 1741 1363 repudiatus
1753 1328 1850 1361 fuerit,

1057 1374 1103 1407 qui
1120 1375 1255 1401 mandatis
1269 1374 1510 1409 obtemperaverit.

1087 1531 1109 1543 θ

852 1565 937 1588 ANNO
960 1565 1072 1589 DOMINX
1091 1565 1233 1588 DCCCVIII.

721 1655 1224 1746 STEPHAN
1229 1657 1362 1747 US

468 1804 1244 1860 CONSTANTINOPOLITANUS
1282 1814 1600 1862 DIACONUS.

942 1946 1125 1977 NOTITIA.

663 2029 773 2060 (Fannia.
793 2026 910 2052 Bibliotlt.
928 2029 1006 2052 Gra'c.
1024 2030 1042 2053 t.
1055 2027 1122 2059 Vill,
1135 2035 1160 2060 p.
1178 2028 1232 2059 549,
1245 2029 1285 2053 ed.
1301 2028 1410 2060 Harles.)
1456 2025 1458 2027 ’

255 2105 453 2144 Stephanus,
491 2103 645 2144 diaconus
665 2102 829 2144 Ecclesia}
855 2101 1242 2144 Constantinopolitanaa,
1275 2101 1467 2144 un._(l_1hristi
1491 2102 1553 2144 808_
1589 2101 1716 2140 scripsit
1732 2102 1854 2144 iVitam

216 2141 366 2183 Stepti'zini
384 2143 529 2174 .lunioris
542 2166 549 2180 ,
568 2151 619 2183 an.
639 2143 698 2172 766
721 2142 782 2171 sub
804 2141 1013 2183 Constantino
1031 2143 1255 2183 _C_0pt‘0»nynt0»
1274 2141 1393 2183 occisi:
1408 2150 1513 2183 quam»
1532 2142 1700 2183 Griecenet
1731 2143 1852 2183 Latine.

217 2180 522 2218 .l’iir'i's.169‘2iu-lt°,
553 2182 682 2212 edidere
710 2181 854 2211 monachi
875 2180 1075 2210 Benedictini
1108 2181 1352 2212 celebratissimi
1375 2181 1557 2212 Bernardus
1583 2181 1622 2211 de
1647 2180 1853 2212 Montfaucon

218 2229 247 2254 ct
262 2223 400 2254 Jacobiis
419 2223 584 2262 Loppinus
599 2223 662 2259 (an.
682 2221 770 2252 1603.
784 2220 823 2250 29
841 2221 915 2250 Dec.
933 2220 1096 2257 denatus).

571 2368 1117 2415 BENEDICTINORUM
1158 2359 1498 2414 PRZEFATIO.

814 2457 941 2489 (Analecta
958 2459 1052 2488 (ἔνατα,
1071 2461 1088 2483 t.
1108 2458 1126 2488 l,
1143 2465 1166 2489 p.
1185 2456 1252 2488 396.)

254 2526 383 2554 Ultimum
401 2525 490 2551 locum
507 2523 611 2550 obtinet
639 2522 697 2549 Vita
716 2522 804 2548 sancti
828 2522 958 2556 Stephani
975 2522 1107 2554 Junioris,
1123 2523 1166 2550 oui
1190 2527 1311 2553 tempore
1333 2520 1502 2547 Constantini
1518 2519 1683 2554 Copronyiui
1699 2519 1734 2546 ob
1749 2519 1855 2547 cultum

214 2575 373 2599 sanctarum
401 2568 548 2603 imaginum
568 2566 784 2593 crudelissimam
803 2572 918 2593 mortem
937 2567 1042 2594 subiit:
1059 2575 1118 2600 qum
1139 2567 1197 2593 Vita
1215 2575 1229 2592 a
1248 2566 1387 2599 Stephano
1404 2565 1530 2591 Ecclesiae
1545 2564 1857 2598 Cotistanliuopolitaum

214 2617 331 2641 diacono
360 2610 571 2647 quadragesittio
588 2609 707 2636 secundo
726 2613 786 2642 post
801 2609 889 2635 sancti
909 2609 1041 2644 Stephani
1055 2610 1158 2637 obitum
1177 2617 1247 2636 anno
1263 2609 1415 2643 conscripta
1432 2613 1482 2640 cst,
1497 2614 1526 2634 ut
1539 2613 1634 2635 auctor
1651 2608 1706 2642 ipse
1726 2613 1854 2635 testatur.

217 2657 300 2691 Ilujus
326 2657 434 2690 quidem
460 2653 547 2681 sancti
571 2651 661 2679 Vitam
676 2659 690 2677 a
706 2650 888 2686 Metaphraste
911 2654 1089 2686 compositam
1106 2662 1120 2679 (ι
1133 2653 1226 2680 Crit-ca
1254 2653 1341 2687 lingua
1360 2653 1385 2678 iu
1401 2651 1524 2678 Latinam
1544 2652 1609 2679 olim
1626 2656 1743 2678 verterat
1759 2656 1785 2678 et
1804 2659 1857 2686 pu-

217 2702 278 2729 I-lici
300 2701 366 2735 juris
391 2700 493 2727 fecerat
518 2696 693 2724 doctissimus
720 2696 803 2723 abbas
828 2695 945 2724 Jacobus
972 2697 1073 2724 Dillius.
1095 2696 1195 2724 Verum
1219 2704 1250 2724 ea
1272 2705 1353 2732 quam
1377 2697 1525 2728 tradimus,
1554 2703 1588 2723 ex
1612 2703 1664 2730 qua
1692 2703 1769 2722 suam
1798 2696 1857 2730 ipae

217 2747 414 2779 ldetaphrastes
450 2741 568 2774 collegit.
600 2740 731 2767 hactenus
758 2740 829 2767 nulla
859 2741 884 2767 in
907 2741 996 2776 lingua
1025 2743 1131 2776 vulgata
1152 2747 1201 2768 est.
1229 2741 1283 2768 Nos
1309 2741 1381 2767 iliam
1406 2749 1466 2766 i-iiin
1486 2746 1603 2775 quatuor
1628 2748 1694 2767 mss.
1725 2747 1858 2767 accurate

214 2790 390 2817 contulimus,
413 2794 466 2812 uno
483 2785 588 2813 scilicet
616 2785 696 2818 regite
722 2783 895 2811 Bibliotheca:
910 2785 992 2816 “2028,
1022 2787 1108 2811 tribus
1122 2787 1181 2811 aliis
1205 2786 1378 2812 Bibliothec-r
1403 2786 1565 2811 (Itilliertiiui
1584 2784 1666 2815 239.5,
1688 2783 1765 2816 l.‘i'.‘:7,
1787 2783 1853 2814 :‘L'dfi,

214 2840 330 2867 quorum
353 2831 464 2857 ultimus
484 2828 570 2855 inedia
589 2833 666 2862 parte
688 2827 810 2859 mutilus,
828 2827 873 2854 alii
888 2833 944 2855 tres
963 2830 1058 2864 iiitcgii
1083 2835 1146 2856 situt
1165 2839 1170 2856 :
1188 2838 1282 2856 uiitiics
1297 2837 1360 2856 icio
1375 2830 1478 2863 antiqui
1497 2835 1520 2855 ct
1540 2830 1648 2863 optione
1665 2833 1743 2855 notm.
1760 2827 1854 2862 Neque
