1952 3079
213 127 281 161 1067

812 128 1002 158 STEPHANL
1025 126 1179 157 DIACONI
1201 127 1252 157 Ci‘.

1781 124 1848 156 1008

212 190 307 212 omnes
322 182 465 217 oportebat
479 182 512 209 ad
528 182 599 217 ipsos
620 182 763 217 pontitlces
780 184 919 215 accedere,
941 191 1002 209 sua-
1018 190 1038 217 Α
1055 182 1311 215 suscipiendumque
1336 180 1506 214 dijudicarit,
1524 181 1547 208 is
1563 181 1578 207 l.
1590 188 1663 215 psos.
1679 182 1804 214 quamvis
1821 187 1847 208 et

213 237 267 264 que
291 229 343 255 illis
367 228 472 255 occulta
495 228 632 262 prodere;
651 234 677 255 et
695 229 734 256 sic
759 229 799 255 vel
823 229 1004 255 renuntiatio-

215 282 276 312 uein
295 275 334 300 vel
354 275 493 307 repudium
510 273 590 300 ferre.
613 273 710 309 Ignoro
728 281 818 301 autem
840 275 885 309 qui
904 274 1003 301 factum

215 325 260 353 Sit,
277 325 306 346 ut
320 321 376 346 lucc
389 320 477 346 minus
491 321 687 358 observentur;
701 321 826 354 quamvis
852 320 1003 347 existimem

215 367 366 401 pontifices.
385 367 484 401 negotii
503 366 581 393 Lcdio
606 366 797 401 frequentique
823 366 1005 398 multitudinis

215 413 381 440 turbulentia
417 413 596 446 defatigatus.
623 413 648 440 id
676 420 764 446 operte
794 413 827 438 ad
857 413 1005 439 monachos

215 459 401 487 transmisisse
418 467 424 485 :
440 459 472 485 ad
488 466 535 485 eos
548 458 651 485 scilicet
669 459 712 492 qui
731 466 792 484 vere
810 458 915 490 probati
940 458 1003 490 sint,

214 508 330 542 aliisque
347 505 521 531 valeaiitcsse
536 504 635 531 utiles:
650 504 714 530 nihil
730 504 801 531 enini
813 505 865 531 tale
882 505 1007 538 inexper-

215 554 248 579 iis
274 558 301 578 ei
319 551 436 578 indoctis
462 550 655 584 permiserunt.
683 549 812 584 Equidem
841 550 867 576 in
893 551 1004 576 adversa

214 599 337 633 corporis
361 597 516 623 valetudine
539 596 611 622 illtiiii
636 596 808 630 inquirimus,
835 596 1005 630 diciiiiusque

216 646 363 676 iui-dicunt,
376 643 420 677 qui
437 648 490 669 tam
508 643 595 676 reipsa
609 650 688 676 quain
703 643 806 674 verbis,
822 642 890 669 male
904 642 1006 668 haben-

216 695 270 716 tem
288 698 386 717 curare.
410 694 501 723 queat.
520 688 613 722 Itaque
629 697 681 715 nou
697 689 875 722 respicicmus
892 689 917 714 in
934 688 1006 714 hunc

217 739 257 766 vel
282 736 367 769 illum,
393 736 437 769 qui
457 739 555 769 prmtcr
580 734 676 761 medici
702 742 797 761 nomen
823 734 888 761 nihil
908 734 1007 761 habeat

219 781 333 814 medici;
356 778 401 808 sed
425 781 450 806 in
469 787 529 806 eum
555 779 599 813 qui
627 780 697 806 sicut
725 780 846 811 expedit,
869 780 1003 806 medicum

216 831 344 861 praestare
357 826 466 861 poterit.
484 825 566 852 l’oi'ro
583 825 604 852 si
618 825 678 859 quis
693 831 821 858 expertus
837 825 872 852 sit
886 830 912 852 et
924 825 1004 860 frugi,

215 877 242 899 et
257 880 317 899 cum
336 872 396 904 hoc,
411 871 563 898 sacerdotio
578 862 713 904 fungatur.
730 872 763 897 ad
779 871 853 897 illum
867 871 893 897 iu
910 871 1005 905 primis
1023 865 1043 894 Β

215 919 395 946 accedendum
415 928 421 946 :
438 926 500 945 nam
517 917 616 952 poterit
640 918 729 954 indigo
753 918 892 953 prodesse,
923 926 1003 945 acce-

215 965 322 991 dentem
337 972 366 991 se
382 964 536 998 diligentius
560 971 673 995 curare,
703 964 880 991 reconciliare
898 964 961 991 item
978 968 1005 991 et

215 1009 362 1044 torrigei-c.
391 1010 460 1037 Puto
484 1014 573 1036 autem
602 1009 703 1035 nullum
727 1009 771 1043 qui
801 1009 844 1044 pie
870 1014 897 1035 et
926 1014 1005 1036 caute

217 1056 296 1090 hujus
319 1055 426 1082 molesti
443 1055 574 1090 temporis
598 1056 679 1082 vitam
696 1061 769 1090 agat,
784 1064 816 1082 ex
833 1056 885 1083 hoc
909 1056 1005 1083 ordine

215 1102 458 1130 exauctoraudiim.
476 1103 621 1135 Cirtcrum,
638 1102 683 1136 qui
701 1103 780 1129 talcui
808 1103 927 1133 accedit.
943 1109 1003 1129 omv

217 1146 280 1172 nino
305 1146 392 1179 ipsum
410 1145 509 1180 dirigat
523 1151 550 1172 et
566 1147 695 1178 instruat,
715 1152 742 1172 ut
760 1151 835 1174 recte
860 1147 1005 1182 dirigatur.

216 1191 247 1218 Et
264 1192 297 1223 is,
313 1197 414 1226 quanto
432 1192 583 1218 divinorum
601 1200 796 1226 sacrorumth
813 1200 946 1220 canonum
964 1201 1007 1227 pc.-

217 1237 294 1264 ritior
321 1237 420 1269 fuerit,
451 1238 502 1264 hoc
527 1237 642 1271 amplius
671 1237 797 1265 instruet.
824 1239 936 1271 Contra,
960 1239 1006 1273 qui

217 1291 350 1310 canonum
377 1285 497 1319 vigorem
523 1290 549 1311 et
571 1292 648 1311 suam
675 1285 805 1320 cujusque
829 1285 919 1312 delicti
936 1286 1006 1312 lltlll-

219 1334 272 1354 tam
300 1329 450 1360 ignorarit;
469 1329 491 1356 is
505 1329 568 1355 nulli
583 1330 636 1356 tilla
651 1330 678 1356 in
696 1338 724 1356 re
740 1339 856 1364 unquam
874 1332 931 1358 usui
947 1339 1006 1358 esse

219 1375 327 1408 poterit.
348 1374 506 1407 Propterea,
523 1376 568 1409 qui
589 1375 699 1402 fratrem
715 1377 740 1402 in
766 1385 806 1408 se,
823 1385 876 1403 uno
899 1377 1006 1404 codem-

219 1427 271 1453 que
299 1419 343 1446 die
369 1420 470 1454 septies
496 1426 664 1454 peccantem,
691 1422 768 1448 venia
796 1422 1005 1449 cuinloiiandniu

222 1494 868 1514 Bm

1055 235 1126 262 saepe
1140 232 1168 254 et
1183 229 1296 254 multum
1323 227 1500 267 deliquerint,
1518 234 1572 262 quo
1588 231 1666 261 pacto
1690 226 1804 261 repellet
1817 232 1844 254 et

1056 274 1182 307 alqicict;
1201 274 1254 300 imo
1266 273 1451 308 spiritualibus
1467 273 1699 308 increpationibus
1716 274 1845 301 admoue-

1057 321 1111 352 bit,
1141 320 1244 347 utiliter
1269 325 1401 346 consonet
1428 320 1510 346 vitam
1536 319 1667 351 futuram,
1692 325 1718 346 et
1745 325 1846 346 :eterna

1056 367 1185 401 supplicia
1203 366 1228 393 in
1247 366 1406 398 memoriam
1432 367 1563 393 reducet?
1582 374 1664 392 unum
1681 367 1798 395 cavebit.
1815 374 1849 393 ue

1057 412 1239 447 indulgentius
1255 419 1282 439 et
1298 409 1365 439 citra
1389 420 1496 439 omnem
1513 412 1729 446 obiurgationem
1755 412 1847 438 absol-

1057 463 1113 491 vat,
1131 459 1232 493 fiatque
1248 459 1398 485 alienorum
1414 459 1557 486 criminum
1571 458 1718 492 particeps.
1733 457 1805 490 Jam,
1824 459 1846 485 si

1057 505 1101 540 qui
1117 509 1306 539 peccaverant,
1324 505 1452 539 lacryinis
1469 504 1636 538 liquescant,
1653 512 1684 530 ac
1702 504 1846 531 continen-

1059 557 1099 579 ter
1115 553 1246 578 maloruui
1271 558 1381 577 suorum
1408 550 1635 577 abalienatioucm
1662 550 1846 584 uiediteutur;

1058 598 1122 625 licet
1138 597 1164 624 iu
1182 598 1275 624 eadem
1304 597 1473 627 reiiiciilaut,
1502 596 1690 629 suscipiendos
1709 602 1798 623 tamen
1815 604 1848 622 eo

1057 642 1177 673 duxeris,
1196 648 1399 676 congruumque
1415 641 1588 674 deputaveris
1602 640 1703 667 locum.
1720 641 1808 667 Penes
1823 646 1850 668 te

1057 688 1129 714 enim
1146 687 1260 714 facultas
1274 691 1326 718 est,
1345 691 1373 713 ut
1388 687 1470 718 nosti,
1485 693 1641 713 mensuram
1658 687 1849 721 castigationis

1058 734 1197 761 adhibeas.
1220 734 1272 760 Eos
1287 739 1375 760 autem
1392 733 1437 767 qui
1451 734 1514 760 hinc
1527 733 1670 768 euiigraut.
1687 733 1712 760 iu
1727 742 1851 768 quocun-

1058 788 1109 815 que
1125 780 1223 807 ftierint
1242 785 1354 812 peccato
1369 780 1483 811 detenti,
1498 788 1533 806 ne
1549 780 1696 813 ligaveris;
1714 780 1760 806 sed
1779 780 1850 805 divi-

1059 833 1154 852 norum
1174 833 1359 859 puroruiiique
1385 831 1618 852 sacramentorum
1636 825 1719 852 facito
1735 826 1849 860 partici-

1058 880 1115 906 pes.
1141 871 1193 904 Qui
1217 871 1284 898 citra
1312 876 1421 906 pactum
1441 872 1545 904 polluti,
1563 872 1664 906 gratias
1681 876 1764 905 agant
1793 871 1849 898 Deo

1059 924 1165 951 nostro,
1194 918 1264 953 quod
1292 918 1324 945 de
1347 919 1471 945 faucibus
1507 919 1607 946 diaboli
1637 919 1745 946 liberati
1773 923 1848 945 sunt.

1057 963 1158 997 Parant
1173 964 1199 991 iu
1216 964 1311 990 horum
1337 965 1542 998 castigationem
1566 964 1743 998 praescribere
1760 971 1850 998 operae

1059 1011 1188 1046 pretium.
1215 1010 1273 1037 Non
1290 1011 1363 1037 enim
1382 1016 1504 1038 nostrum
1525 1015 1568 1037 est.
1583 1010 1708 1042 delinire,
1727 1011 1774 1037 sed
1799 1017 1850 1037 vo-

1059 1057 1170 1084 luntatis
1186 1064 1279 1084 eorum
1303 1057 1348 1091 qui
1370 1057 1505 1083 mandatis
1525 1061 1623 1091 parent
1643 1066 1649 1083 :
1667 1062 1773 1090 tempus
1798 1056 1850 1084 etsi

1057 1105 1166 1139 longum
1183 1105 1228 1136 sit,
1246 1112 1298 1131 nou
1317 1109 1406 1131 tamen
1423 1104 1539 1138 amplius
1556 1109 1596 1131 est
1617 1111 1700 1138 quam
1715 1103 1848 1130 correciio

1061 1152 1197 1185 requirat;
1227 1151 1295 1178 forte
1320 1151 1386 1177 nihil
1413 1151 1523 1177 omnino
1551 1149 1686 1177 commodi
1715 1150 1851 1176 correctio

1061 1196 1180 1224 afferret.
1200 1196 1325 1223 Vidimus
1348 1202 1450 1229 autem,
1466 1201 1493 1223 et
1510 1196 1583 1223 brevi
1607 1201 1730 1229 tempore
1752 1196 1851 1223 multos

1061 1243 1145 1269 multa
1176 1243 1339 1269 abstersisse
1373 1250 1405 1269 ac
1441 1243 1611 1270 emendasse.
1639 1242 1767 1276 Alioquin
1799 1242 1850 1269 etsi

1061 1296 1186 1315 mensiira
1203 1289 1332 1322 temporis
1346 1289 1388 1316 cui
1400 1289 1569 1324 injungatur,
1599 1289 1620 1315 is
1633 1294 1723 1315 tamen
1741 1289 1852 1314 tandem

1060 1334 1220 1366 declarabit,
1237 1342 1270 1361 an
1284 1335 1364 1369 digne
1379 1335 1516 1362 admissus
1529 1335 1571 1362 vel
1586 1335 1744 1369 repudiatus
1756 1333 1852 1366 fuerit,

1060 1379 1106 1413 qui
1122 1380 1256 1406 mandatis
1271 1379 1513 1414 obtemperaverit.

1010 1509 1052 1512 __.
1063 1509 1134 1513 __..

1089 1536 1111 1548 ο

854 1571 895 1593 ΑΝ
901 1572 940 1593 NO
962 1571 1075 1595 DOMINI
1094 1571 1236 1594 DCCCVIII.

724 1660 1226 1752 STEPHAN
1232 1662 1364 1753 US

471 1810 1168 1865 CONSTANTINOPOLITAN
1181 1821 1247 1865 US
1285 1819 1504 1868 DIACON
1515 1822 1603 1867 US.

945 1952 1128 1982 NOTITIA.

666 2035 775 2066 (Fannio.
796 2033 913 2058 Bibliolli.
931 2034 1008 2058 (ἔτ-ατ.
1026 2036 1045 2058 t.
1058 2033 1125 2064 Vltl,
1139 2041 1163 2065 p.
1180 2034 1235 2065 διε),
1248 2034 1288 2059 ed.
1303 2033 1413 2066 Ilarlcs.)

258 2111 456 2150 Stephanus.
494 2110 648 2140 diaconus
669 2107 832 2150 Ecclesia}
857 2107 1245 2150 _Constantinoi'iolitariaa,
1278 2107 1470 2150 un._Qhristi
1494 2108 1556 2150 8οξ
1592 2107 1719 2145 scripsit
1735 2108 1857 2150 >Vitam

219 2146 369 2189 Stephani
387 2150 532 2181 Juiiioris
545 2173 552 2186 ,
571 2157 622 2189 an.
642 2149 700 2178 766
724 2147 785 2178 sub
807 2146 1016 2189 Cotistautiiio
1034 2149 1257 2189 _Copronyuio
1277 2146 1397 2189 occisiL
1411 2156 1516 2189 quam»
1535 2148 1703 2189 Graeceuet
1734 2148 1855 2189 Latine.

220 2185 316 2222 .l'ar'is.
336 2190 414 2220 1692
430 2189 525 2224 iii-lt“,
546 2185 685 2218 edidere
712 2186 857 2216 monachi
878 2185 1077 2216 Beuedictini
1110 2186 1355 2217 Celebratissimi
1378 2185 1560 2217 Bernardus
1586 2187 1625 2218 de
1649 2186 1856 2217 Montfaucon

221 2235 250 2260 et
266 2229 403 2260 Jacobus
422 2229 586 2267 Loppinus
602 2229 665 2265 (an.
685 2227 773 2258 1603.
787 2226 826 2255 29
844 2227 918 2256 Dec.
936 2225 1099 2262 (leuatus).

574 2374 1120 2420 BENEDICTINOBUM
1161 2365 1501 2419 PBAEFATIO.

817 2463 944 2495 (Analecta
961 2465 1055 2494 Gram,
1073 2467 1091 2488 t.
1110 2464 1129 2493 1,
1146 2471 1169 2494 p.
1189 2462 1255 2493 596.)

257 2533 386 2560 Ultimum
405 2530 492 2557 locum
509 2529 614 2556 obtinet
642 2528 700 2555 Vita
719 2527 807 2554 sancti
832 2528 962 2562 Stephani
978 2527 1110 2559 Junioris,
1126 2528 1170 2557 qui
1193 2533 1314 2558 tempore
1336 2525 1505 2552 Constantini
1521 2525 1685 2559 Coprouyuii
1702 2525 1736 2551 ob
1752 2525 1858 2552 cultum

217 2582 376 2605 sanctarum
405 2574 551 2608 imaginum
571 2572 787 2599 crudelissimam
807 2578 921 2598 mortem
940 2573 1045 2600 subiit:
1062 2580 1122 2606 qum
1142 2572 1200 2599 Vita
1219 2580 1232 2598 a
1251 2571 1391 2605 Stephano
1407 2570 1533 2597 Ecclesia:
1549 2570 1860 2603 Constantinopolitauze

217 2623 334 2647 diacono
363 2617 574 2653 quadragesimo
591 2615 710 2642 seciindo
729 2619 790 2648 post
805 2615 892 2641 sancti
912 2615 1044 2649 Stephani
1058 2615 1161 2643 obitum
1181 2623 1251 2642 anno
1266 2614 1419 2648 conscripta
1435 2619 1485 2646 est,
1501 2620 1529 2640 ut
1542 2618 1637 2640 auctor
1654 2614 1709 2647 ipse
1728 2619 1857 2640 testatur.

219 2663 303 2697 llujiis
329 2662 437 2696 quidem
463 2659 550 2687 sancti
575 2658 664 2684 Vitam
679 2665 693 2683 a
708 2656 891 2692 Metaphraste
914 2659 1092 2692 compositam
1109 2668 1123 2684 ι·
1137 2659 1229 2686 Crit-ca
1257 2659 1344 2692 lingua
1364 2658 1388 2684 iu
1405 2657 1528 2684 Latinam
1547 2658 1612 2684 oliui
1629 2661 1747 2684 verterat
1762 2662 1789 2683 et
1808 2665 1860 2692 pii-

220 2708 281 2735 Iitici
303 2707 370 2742 iuris
395 2706 496 2733 fecerat
522 2702 696 2730 doctissimus
723 2702 807 2729 abbas
831 2701 948 2730 Jacobus
975 2703 1076 2730 Dillius.
1098 2702 1198 2730 Verum
1223 2710 1254 2729 ea
1275 2711 1356 2737 quam
1380 2702 1528 2733 tradimus.
1557 2709 1590 2729 ex
1616 2709 1667 2735 qua
1695 2708 1772 2727 suam
1801 2702 1860 2735 ipse

221 2753 417 2784 Mclaphrastes
453 2747 570 2780 collegit.
603 2746 734 2773 hactenus
762 2746 833 2772 nulla
862 2746 887 2772 iii
910 2747 1000 2782 lingua
1028 2748 1135 2782 vulgata
1156 2753 1205 2773 est.
1232 2746 1286 2774 Nos
1313 2747 1385 2772 iliaiu
1410 2755 1469 2772 cum
1489 2751 1606 2780 quatuor
1631 2754 1696 2772 mss.
1727 2752 1860 2772 necui‘uir:

217 2796 394 2823 contulimus.
416 2800 468 2818 uno
486 2791 591 2818 scilicet
619 2790 699 2824 regiae
726 2789 898 2817 Bibliotheca:
914 2791 995 2822 2023',
1025 2792 1112 2817 tribus
1126 2792 1184 2817 aliis
1209 2792 1381 2817 liibliotlmyv-
1406 2791 1569 2816 (liillicrtiiu:
1587 2790 1670 2821 23:25,
1692 2789 1768 2822 1527,
1790 2789 1855 2819 Ξὶὓδ,

217 2846 333 2873 quorum
356 2837 467 2863 ultimus
487 2834 573 2861 inedia
592 2839 669 2868 parte
691 2833 814 2865 mutilus,
832 2833 876 2860 alii
892 2839 947 2861 tres
967 2836 1061 2870 ilil('gli
1087 2841 1150 2862 Sunt
1169 2845 1173 2862 :
1191 2844 1285 2862 omnes
1300 2843 1363 2862 \cio
1379 2835 1481 2868 antiqui
1501 2841 1524 2861 ct
1543 2835 1652 2868 optima:
1668 2838 1746 2860 uotae.
1763 2833 1856 2868 Νυψιρ
