1952 3079
127 166 195 199 lll‘l

126 273 211 307 vqu
232 281 280 299 σου
306 273 440 308 ποίμνιον,
462 275 662 310 είδωλολάτρας
684 277 759 312 ἡμᾶς
783 277 917 304 ἀποκαλέ-

127 326 242 351 σαντες,
268 319 314 345 καὶ
345 320 394 354 τὴν
419 319 568 356 ἐκκλησίαν
593 329 641 348 σου
671 322 806 349 είδωλεῖον
830 321 916 350 εἷπον.

132 363 213 390 Ἀλλὰ
229 364 403 391 ἀνακαίνισον
427 365 501 401 ἡμᾶς
523 366 561 398 ὡς
583 366 680 403 ὄρθρον
695 368 823 403 πρωῐνόν.
845 369 917 404 Πλη-

126 409 251 444 θυνθήτω
266 411 283 445 ή
307 410 399 443 πίστις
422 420 470 438 σου
489 412 528 443 είς
553 413 603 444 τὰς
624 414 748 448 πρωῖας,
765 414 806 440 ὅτι
826 414 917 441 πολλοί

125 456 196 481 είσιν
221 456 246 482 οἱ
261 458 411 492 στεναγμοὶ
424 456 515 493 ὴμῶν,
533 459 580 485 καὶ
594 460 611 494 ἡ
626 460 724 494 καρδία
739 460 819 495 ήμῶν
834 460 918 493 ἐξέλι-

126 508 186 526 πεν
202 501 244 527 ὅτι
264 501 389 535 καθεῖλες
404 503 451 529 τὸν
469 504 596 539 φραγμὸν
610 505 698 540 ἡμῶν,
717 506 764 533 καὶ
779 505 925 541 τρυγῶσιν.

126 548 201 582 ἡμᾶς
216 549 317 581 πάντες
330 550 355 576 οι
390 551 646 586 παραπορευόμενοι
669 551 719 586 τὴν
733 551 804 578 ὀδόν.
840 552 916 578 Ἐλυ-

128 595 232 628 μήνατο
254 595 328 629 ἡμᾶς
340 594 373 627 ὗς
398 597 429 623 ὲκ
444 597 561 633 δρυμοῦ.
584 597 616 624 ’0
630 598 815 630 λεοντότεκνος
840 594 918 630 οὗτος

126 640 258 674 σκύμνος,
275 641 322 667 καὶ
339 641 377 673 ὡς
393 643 484 677 μονιδς
504 643 599 678 ἄγριος
613 645 819 679 κατενεμήσατο
832 644 916 679 ἡμᾶς.

126 684 212 719 Κύριε
225 705 232 715 ,
247 685 262 711 ὁ
283 685 350 718 Θεὸς
368 687 424 714 τῶν
444 687 597 723 δυνάμεων,
623 688 789 724 ἐπίστρεψον
811 689 843 724 δὴ
869 688 917 715 καὶ

124 728 271 763 ἐπίσκεψαι
302 730 352 766 τὴν
386 732 508 767 ἄμπελον
537 733 650 768 ταύτην,
679 734 726 760 καὶ
753 734 916 768 κατάρτισαι

124 773 212 807 αὐτὴν
237 773 270 809 ἢν
291 775 441 809 ἐφύτευσεν
468 777 484 811 ἡ
513 777 588 809 δεξιά
616 786 680 810 σου,
707 778 755 804 καὶ
780 778 826 804 ἐπὶ
853 778 916 804 Υἰὺν

124 818 271 853 ἀνθρώπου
295 820 324 846 ὃν
341 821 532 856 ὲκραταίωσας
556 823 672 858 σεαυτῷ.
698 823 779 850 Ἀλλὰ
794 823 848 859 γὰρ
869 823 916 850 δα-

125 864 218 899 κρύων
234 865 280 891 καὶ
299 866 500 901 ὀλοφυρόμενος
523 867 570 894 καὶ
589 867 772 903 ποτνιώμενος
799 868 842 894 διὰ
867 869 915 902 τὴν

666 174 753 204 VITA
775 175 805 204 S.
825 175 1014 206 STEPHANI
1033 177 1222 207 JUNIURIS.

130 234 182 257 act;
193 226 519 263 Χριστιανοκατηγόροις.
533 228 723 264 Ἐλοιδόρησαν
736 231 790 266 γὰρ
802 232 831 257 τὸ
844 231 916 266 qua
933 238 953 262 Α
970 233 1006 259 cit
1033 240 1040 258 :

1076 234 1136 267 quia
1153 233 1309 260 destruxisti
1329 233 1476 260 maceriam
1498 238 1635 266 nostram,
1654 241 1680 261 et
1699 243 1754 262 un-

970 278 1089 304 demiant
1117 286 1182 311 nos,
1203 286 1297 306 omnes
1322 279 1366 313 qui
1391 280 1650 314 prsetergrediuntur
1673 275 1755 309 viam.

969 321 1167 349 Exterminavit
1182 330 1230 349 nos
1247 330 1311 357 aper
1325 323 1357 350 de
1377 323 1461 358 sylva,
1479 323 1585 352 catulus
1599 324 1650 351 is‘te
1666 324 1753 352 leonis

968 366 1067 400 fretus,
1096 372 1122 394 et
1152 373 1181 394 nt
1206 368 1354 402 singularis
1378 368 1448 396 ferus
1476 369 1603 403 depastus
1625 373 1666 396 est
1694 376 1753 396 nos.

968 413 1092 445 Domine,
1104 413 1175 440 Deus
1187 413 1327 445 virtutum,
1338 419 1507 446 convertere,
1521 419 1546 440 ct
1555 414 1633 441 visita
1647 415 1753 441 vineam

969 459 1059 491 istam,
1083 463 1110 486 et
1124 459 1223 494 perﬁce
1237 466 1296 486 eam
1312 466 1391 494 quam
1408 459 1537 493 plantavit
1555 460 1665 486 dextera
1687 465 1729 486 tua
1744 479 1751 490 ,

969 508 996 530 et
1027 511 1108 538 super
1134 502 1231 530 Filium
1249 504 1375 536 hominis,
1397 511 1475 538 quem
1503 504 1760 532 conﬁrmastitibi".

969 549 1085 582 Verum,
1107 548 1170 576 dum
1193 549 1327 584 lacrymor
1345 554 1372 576 et
1389 555 1549 584 conqueror,
1578 549 1753 584 divinumque

969 599 1046 628 opem
1061 592 1191 626 imploro,
1206 593 1240 620 ob
1253 592 1455 620 incumbentem
1470 593 1625 627 pastoribus
1638 597 1665 620 et
1677 593 1753 628 gregi-

968 638 1124 673 caliginem,
1140 645 1188 672 per
1200 646 1279 672 quam
1297 638 1366 672 lupis
1377 643 1404 665 et
1418 637 1522 665 furibus
1535 639 1668 665 securitas
1684 646 1752 673 prte-

968 685 1029 712 stita
1047 688 1109 711 est:
1130 685 1193 711 dum
1212 684 1293 712 Deum
1313 691 1400 711 meum
1415 691 1463 711 oro
1478 689 1507 711 ut
1524 685 1649 712 tenebras
1671 685 1752 712 dissi-

968 733 1026 765 pet,
1054 734 1080 757 et
1105 730 1223 764 priorem
1249 729 1407 756 orthodoxae
1435 729 1494 756 tidei
1527 730 1630 756 radiant
1659 729 1752 765 451,

967 781 1160 809 sacrarumque
1181 779 1207 801 et
1233 774 1448 801 venerandarum
1484 774 1631 809 imaginum
1657 775 1754 802 adora-

969 821 1082 853 tionem,
1100 828 1159 855 quze
1177 824 1266 847 urente
1289 820 1327 851 ﬁt,
1344 819 1486 853 restituat;
1504 820 1628 855 promissi
1642 820 1752 852 oblitus,

968 867 1069 894 luctum
1079 867 1204 900 produxi.
1221 866 1297 893 Nunc
1309 873 1373 892 vero
1389 867 1432 892 vix
1443 866 1550 893 tandem
1566 867 1749 900 commemini,

124 909 304 944 ἐπικειμένην
327 911 374 937 καὶ
395 911 506 944 ποιμέσι
532 912 579 939 καὶ
606 912 706 949 ποίμνῃ
730 913 856 947 ὀμίχλην,
884 913 917 938 δι’

971 913 1013 940 ubi
1030 913 1055 940 in
1074 913 1197 940 oratione
1215 913 1301 947 reperi
1317 911 1418 938 Filium
1433 912 1545 939 hominis
1566 920 1641 947 quem
1656 913 1755 946 conﬁr-

125 955 157 989 ἦν
174 955 251 982 ἄδεια
266 956 313 982 καὶ
334 956 428 988 λύκοις
449 957 495 983 καὶ
518 958 648 990 κλέπταις
665 959 783 992 ἐγένετο·
798 959 845 984 καὶ
867 959 913 984 τοῦ

125 1000 193 1026 Ε)εοῦ
215 1009 266 1036 μου
283 1001 408 1037 δεόμενος
431 1001 512 1029 λῦσαι
536 1004 581 1030 τὸν
601 1003 692 1038 ζόφον,
718 1003 763 1029 καὶ
781 1003 830 1038 τὴν
847 1012 913 1037 προ-

126 1046 205 1080 τὲραν
220 1047 316 1073 ἀκτῖνα
327 1047 335 1066 ί
348 1048 397 1082 τῆς
405 1047 561 1083 ὸρθοδοξίας
574 1049 621 1075 καὶ
635 1049 685 1083 τὴν
699 1049 795 1083 νοερὰν
807 1047 812 1072 i
831 1055 914 1081 προσ-

127 1091 240 1126 κύνησιν
264 1093 317 1119 τῶν
339 1094 424 1127 ἁγίων
442 1096 489 1120 καὶ
512 1094 619 1120 σεπτῶν
636 1096 750 1121 εἰκόνων
775 1095 915 1121 ἀποκατα-

127 1137 235 1171 στῆσαι·
251 1138 424 1174 ἐπελαθόμην
434 1139 484 1174 τῆς
498 1140 681 1175 ὑποσχέσεως,
698 1140 801 1166 καὶτὸν
816 1140 915 1174 θρῆνον

127 1182 261 1214 ἐξέτεινα·
285 1183 362 1218 μόλις
387 1185 415 1210 δὲ
433 1185 480 1211 νῦν
505 1185 690 1220 ἀνεμνήσθην,
714 1185 801 1220 εὑρὼν
827 1185 856 1212 ἐν
882 1186 914 1220 τῇ

127 1229 264 1263 προσευχῇ
282 1228 328 1255 τὸν
353 1229 422 1256 Υίὸν
440 1230 492 1256 τοῦ
511 1230 678 1264 ἀνθρώπου,
704 1229 740 1256 ὃν
758 1230 915 1263 ὲκραταίω-

967 959 1044 984 ηιηειί
1059 957 1104 984 tibi
1117 957 1158 984 ⁸⁸ε
1176 956 1300 985 Nostram
1319 957 1431 983 salutem
1451 964 1496 991 per
1511 956 1584 983 illiilli
1599 957 1750 991 negotiatus

967 1010 1010 1035 es,
1030 1010 1045 1029 ο
1073 1010 1161 1029 rerum
1177 1002 1297 1030 omnium
1318 1001 1425 1033 Factor,
1441 1002 1517 1035 cujus
1533 1001 1650 1027 divinam
1664 1002 1754 1028 carnis

967 1048 1081 1084 clligiem
1098 1049 1141 1075 isti
1158 1055 1319 1075 susurrones
1343 1048 1457 1074 llatttmis
1474 1052 1500 1074 et
1515 1047 1648 1074 eversioni
1674 1047 1755 1073 dede-

969 1098 1040 1120 runt.
1057 1092 1250 1120 Verumtamen
1264 1093 1325 1126 igne
1340 1097 1480 1119 consumat
1498 1099 1544 1118 eos
1559 1091 1689 1118 Dominus
1701 1111 1708 1122 ,
1727 1096 1754 1118 et

968 1137 1101 1171 dispereat
1117 1137 1150 1163 de
1167 1142 1237 1163 terra
1251 1137 1380 1163 memoria
1391 1143 1486 1170 corum
1504 1136 1539 1169 ",
1554 1144 1615 1163 cum
1630 1136 1755 1163 onmihns

967 1182 1012 1217 qui
1041 1182 1181 1209 conlidnnt
1207 1182 1232 1208 in
1257 1182 1320 1213 illis,
1346 1182 1407 1216 quia
1433 1182 1503 1209 Deus
1526 1182 1658 1208 ultiouum
1680 1187 1720 1208 est
1732 1182 1754 1198 ³³

967 1234 1053 1261 neque
1068 1235 1122 1254 sure
1138 1226 1264 1253 Ecclesia!
1278 1227 1412 1253 excidium
1431 1227 1539 1254 silentio
1554 1227 1713 1260 praiteribit.

128 1280 185 1305 σας
196 1272 301 1306 ἐαυτῷ.
318 1274 374 1301 Καὶ
391 1273 441 1310 τὴν
458 1275 595 1310 ἡμετέραν
629 1274 766 1310 σωτηρίαν
786 1273 1007 1311 ὲπραγματεύσω
1023 1273 1056 1298 δι’
1089 1271 1182 1303 αὐτοῦ,
1197 1272 1210 1297 ὁ
1222 1271 1267 1298 τοῦ
1300 1272 1402 1313 τἰιντῦς
1434 1272 1569 1307 Ποιητὴς,
1586 1269 1670 1307 οὗπερ
1683 1268 1755 1298 οὗτοι

126 1321 150 1346 οἱ
175 1319 369 1355 θρυλλολὲκται
394 1322 461 1356 πυρὶ
486 1322 534 1348 καὶ
557 1321 683 1357 ἀνορύξει
705 1322 753 1357 τὴν
792 1323 866 1349 Θείαν
890 1321 938 1356 τῆς
977 1319 1079 1354 σαρκὸς
1111 1319 1182 1345 ἰδέαν
1213 1318 1372 1353 παρέδοσαν.
1405 1318 1475 1344 Ἀλλ’
1506 1320 1534 1346 ἑν
1567 1319 1632 1353 πυρὶ
1659 1328 1756 1345 καταν-

127 1366 232 1393 αλῶσαι
250 1367 263 1386 κ
292 1367 392 1399 αὐτοὺς
421 1367 524 1402 Κύριος
536 1389 543 1400 ,
570 1369 618 1394 καὶ
645 1367 805 1404 ὲξορυχθείη
831 1369 863 1394 ἐκ
889 1367 940 1401 γῆς
957 1365 1047 1392 αὐτῶν
1077 1365 1107 1391 τὸ
1125 1365 1296 1399 μνημόσυνον
1317 1365 1365 1391 σὺν
1382 1365 1448 1391 πᾶσι
1466 1366 1523 1396 τοῖς
1539 1364 1698 1391 πεποιθόσιν
1712 1364 1754 1391 ἐπ’

129 1413 220 1444 αὐτοῖς
230 1433 236 1445 ,
250 1414 293 1440 ὅτι
308 1414 374 1445 Θεὸς
385 1414 552 1449 ὲκδικήσεὼν
567 1416 652 1448 ἔστιν,
665 1416 713 1442 καὶ
727 1416 757 1441 οὐ
772 1415 984 1450 παρασιωπήσει
1001 1414 1050 1448 τῆς
1067 1412 1150 1439 αὑτοῦ
1172 1411 1336 1447 Ἐκκλησίας
1352 1411 1401 1446 τὴν
1417 1411 1526 1439 ἅλωσιν.

158 1451 256 1484 Ταῦτα
271 1457 308 1493 τῷ
323 1458 388 1493 ἱερῷ
402 1458 500 1493 ἐκείνῳ
519 1460 574 1485 τῶν
604 1459 745 1494 μοναστῶν
763 1459 917 1494 συστήματι

129 1504 317 1538 καθομιλήσας
332 1505 346 1530 ὁ
368 1503 524 1540 παμμάκαρ
549 1505 643 1541 Πατὴρ
667 1506 745 1541 ἡμῶν
766 1505 916 1540 Στέφανος,

1005 1458 1079 1484 ilunc
1098 1464 1252 1484 sermonun
1275 1457 1448 1484 beatissimus
1472 1456 1554 1484 Pater
1579 1463 1671 1484 noster
1699 1459 1757 1486 Ste-

968 1503 1072 1538 phanus
1097 1502 1166 1537 apud
1185 1509 1290 1528 sacram
1313 1502 1385 1528 illam
1415 1503 1607 1529 monachorum
1635 1508 1753 1530 turmam

130 1550 178 1577 καὶ
201 1549 557 1586 πάντωνδακρυρῥοούντων
580 1552 627 1578 καὶ
653 1549 918 1586 στερνοτυπτούντων

971 1549 1077 1581 habuit,
1100 1549 1145 1582 qni
1162 1556 1224 1575 curn
1247 1548 1363 1575 universi
1391 1548 1524 1582 lacrymas
1542 1548 1754 1583 prolnmlcrent,

130 1598 162 1622 ἐκ
186 1596 286 1631 βάθους
304 1596 433 1628 στενάξας
457 1597 471 1622 ὸ
494 1596 589 1632 Πατὴρ
611 1593 697 1623 εἶπεν·
729 1597 817 1633 Τριῶν
835 1597 918 1623 ὄντων

130 1642 183 1667 τῶν
197 1640 259 1668 καθ’
274 1641 348 1676 ἡμᾶς
366 1641 457 1677 μερῶν
471 1641 526 1669 τῶν
541 1642 578 1678 μὴ
591 1643 817 1678 κοινωνησάντων
834 1642 919 1676 ταύτῃ

130 1690 163 1723 τῇ
191 1688 278 1723 μιαρᾷ
301 1687 423 1722 αἱρέσει,
443 1687 548 1720 τούτοις
567 1688 746 1724 προστρέχειν
765 1688 828 1723 ὑμῖν
852 1696 920 1721 συμε-

131 1733 262 1760 ῦουλεύω.
279 1733 316 1760 οι.
332 1733 386 1768 γὰρ
398 1733 589 1760 ὑπολέλειπται
599 1733 678 1764 ἄλλος
689 1733 831 1767 τιςξτόπος,
848 1732 919 1764 ὅστις

131 1780 206 1805 ἐστὶν
224 1778 277 1805 ὑπὸ
292 1778 341 1813 τὴν
361 1778 486 1810 ἐξουσίαν
505 1778 553 1806 τοῦ
569 1778 733 1814 δράκοντος,
753 1778 790 1813 μὴ
806 1777 920 1812 πειθαρ-

131 1826 220 1860 χήσας
234 1824 318 1851 αὑτοῦ
336 1825 370 1860 τῇ
386 1824 547 1860 κενοφωνίᾳ.
557 1825 620 1852 Τῶν
640 1825 668 1851 δὲ
692 1825 852 1860 φησάντων
866 1823 921 1850 Καὶ

132 1868 241 1905 ποῖᾶρα
253 1869 340 1897 ταῦτα
362 1869 396 1896 τὰ
422 1870 504 1906 μέρη,
521 1870 629 1905 Πάτερ;
645 1870 747 1901 εὐθέως
769 1869 849 1900 αὑτός
861 1877 867 1884 ·
881 1869 921 1894 Τὰ

133 1916 203 1952 πρὸς
220 1915 251 1942 τὸ
263 1916 376 1947 ἄναντες
391 1915 438 1942 τοῦ
454 1915 581 1949 Εὐξείνου
605 1915 704 1945 Πόντου
717 1935 724 1947 ,
741 1915 787 1942 ἐπὶ
807 1915 855 1950 τὴν
873 1916 921 1950 τῆς

134 1959 254 1995 Ζηκχίας
278 1959 414 1995 ἐπαρχίαν
436 1960 614 1994 συγκείμενα,
629 1959 683 1986 ἀπό
710 1967 739 1986 τε
762 1959 920 1993 Βοσπόρου,

133 2005 289 2040 Χερσῶνος,
305 2004 459 2039 Νικόψεως,
483 2004 530 2031 καὶ
543 2004 578 2031 τὰ
594 2003 663 2039 πρδς
675 2004 725 2039 τὴν
741 2003 849 2030 Γότοιον
863 2003 922 2030 Κοί-

133 2051 184 2086 λην
201 2049 211 2069 ι
230 2050 405 2077 ἀπαντῶντα·
421 2048 473 2076 εἴθ’
492 2049 579 2082 οὓτως
596 2049 643 2076 καὶ
661 2049 696 2076 τὰ
715 2049 783 2083 πρὸς
801 2048 831 2075 τὸ
848 2049 921 2084 Παρ-

134 2096 240 2124 θενικὺν
257 2096 423 2131 συγκείμενα
442 2096 569 2130 πέλαγος,
589 2095 619 2122 ὲν
635 2092 676 2126 οἷς
689 2103 718 2121 τε
735 2095 890 2122 διαπλέεται
909 2096 922 2121 ὀ

135 2142 221 2174 νότιος
238 2141 353 2176 κόλπος,
373 2142 412 2173 ὡς
427 2141 473 2168 ἐπὶ
492 2141 541 2176 τῆς
560 2140 750 2176 πρεσϐυτέρας
770 2139 878 2175 Ῥώμης
894 2141 922 2166 τδ

137 2187 286 2220 κάταντες,
309 2188 326 2223 ἥ
341 2195 372 2213 τε
389 2186 576 2214 Νικοπολιτῶν
588 2191 608 2205 ιιι
627 2186 793 2221 μητρόπολις
806 2206 813 2218 ,
836 2186 882 2212 κει.)¹
906 2187 921 2220 ἠ

138 2232 271 2264 Νεάπολις
290 2233 337 2260 καὶ
351 2233 385 2260 τὰ
397 2233 450 2264 ἕως
468 2232 514 2260 τοῦ
532 2232 654 2268 ποταμοῦ
669 2232 793 2267 Τιϐερίου
816 2231 919 2267 Ῥώμης

977 2230 1009 2257 ad
1039 2230 1129 2257 Roma:
1158 2230 1266 2257 ﬂuvium
1293 2230 1410 2257 Tiberim
1439 2231 1613 2258 continentur

139 2279 322 2313 συγκείμενα,
343 2279 399 2305 ἔσθ’
423 2279 467 2305 ὅτε
482 2278 530 2305 καὶ
549 2279 583 2305 τὰ
597 2277 725 2304 κατιόντα
747 2277 795 2312 τῆς
818 2277 924 2304 Λυκίων

139 2324 287 2360 ἐπαρχίας,
304 2325 358 2351 ἀπό
380 2333 410 2350 τε
435 2323 532 2350 Συλέου
546 2328 571 2356 ’³,
596 2323 705 2358 Συκῆς,
731 2323 779 2350 καὶ
805 2322 840 2349 τὰ
863 2323 924 2349 κατ’

140 2370 223 2405 αὐτὴν
247 2370 298 2405 τὴν
324 2370 493 2405 Προποντίδα
519 2369 677 2404 πλεόμενα,
703 2369 720 2403 ἥ
739 2376 769 2394 τε
792 2367 923 2403 Κυπρίων

141 2414 238 2449 νῆσος,
260 2416 308 2442 καὶ
330 2415 370 2450 cdt;
385 2415 453 2451 πρὸς
469 2414 601 2450 ἀντικρὺ,
628 2414 679 2445 ἓως
697 2413 853 2449 Τριπόλεως
876 2413 923 2439 κα)¹

141 2460 228 2496 Τύρου
243 2461 290 2488 καὶ
309 2460 419 2496 Ἰὠπης.
435 2460 467 2487 Τί
481 2461 509 2487 δὲ
524 2460 577 2496 χρὴ
588 2460 679 2493 λέγειν
696 2459 760 2494 περὶ
775 2458 828 2485 τῶν
858 2467 923 2493 προ-

144 2505 230 2540 έδρων
243 2505 290 2532 τοῦ
308 2514 336 2533 τε
359 2506 469 2541 Ῥώμης
482 2506 529 2532 καὶ
546 2505 723 2540 Ἀντιοχείας,
734 2503 925 2539 Ἱεροσολύμων

143 2552 189 2577 καὶ
213 2551 429 2588 Ἀλεξανδρείας,
457 2552 555 2583 οἵτινες
570 2551 600 2578 οὺ
617 2552 696 2586 μόνον
711 2550 925 2581 ἀπεσδελύξαντο

145 2596 191 2623 καὶ
209 2598 410 2633 ἀνεθεμάτισαν
426 2598 458 2625 τὸ
482 2597 604 2633 μυσαρὸν
623 2597 676 2624 τῶν
700 2595 924 2623 Εἰκονοκαυστῶν

143 2642 245 2678 δόγμα,
271 2644 338 2671 ἀλλὰ
371 2644 417 2671 καὶ
450 2643 604 2675 ἐπιστολαῖς
632 2642 849 2678 στηλιτευτικαῖς
877 2641 925 2667 οὐκ

178 2723 202 2739 ³⁸
221 2722 292 2750 Psal.
309 2731 402 2756 Lxxtx,
416 2723 499 2751 15-16
538 2723 560 2739 '°
599 2723 667 2752 ibid.

738 2722 779 2750 16.
817 2722 838 2737 ⁸⁷
861 2721 930 2748 Psal.
947 2729 1022 2753 cvm,
1040 2721 1084 2748 15.

973 1594 1076 1629 sibique
1089 1599 1182 1628 pectus
1197 1598 1383 1627 percuterent,
1399 1602 1430 1620 ex
1449 1594 1502 1621 imo
1515 1595 1656 1627 suspirans
1675 1594 1758 1622 Pater

973 1639 1029 1665 ait:
1045 1638 1156 1671 Quando
1180 1638 1286 1672 quidem
1310 1642 1364 1665 tres
1382 1639 1451 1673 apud
1468 1647 1516 1665 nos
1531 1644 1676 1673 supersunt
1693 1647 1756 1674 par-

955 1688 1013 1719 ‘tes
1033 1691 1138 1714 eorum,
1167 1684 1210 1717 qui
1231 1690 1293 1710 cum
1316 1683 1420 1710 nefaria
1441 1684 1489 1710 hac
1517 1685 1612 1711 incresi
1637 1692 1759 1711 commu-

974 1728 1080 1755 nionem
1104 1735 1155 1754 non
1178 1729 1294 1760 habent,
1318 1729 1393 1754 vobis
1410 1733 1505 1755 auctor
1519 1737 1576 1756 sum
1594 1734 1623 1755 ut
1649 1730 1674 1756 in
1698 1729 1758 1757 illas

951 1773 1133 1800 ‘accurratis.
1162 1772 1255 1800 Nullus
1283 1774 1355 1800 enim
1380 1773 1448 1800 alius
1474 1774 1548 1801 locus
1576 1779 1617 1801 cst
1645 1774 1757 1802 draconi

973 1819 1121 1854 subjectus,
1135 1820 1180 1855 qui
1190 1818 1247 1852 ejus
1260 1819 1466 1854 vaniloquentiae
1479 1827 1579 1847 moreut
1599 1827 1649 1847 non
1671 1825 1756 1855 gerat.

974 1866 1028 1892 lllis
1044 1871 1133 1892 autem
1158 1866 1396 1900 interrogantibus,
1415 1866 1543 1899 Qumnam
1570 1867 1622 1893 illa:
1649 1872 1757 1902 partes,

975 1911 1071 1938 Pater?
1086 1911 1176 1938 statim
1203 1911 1258 1945 ipse
1278 1911 1383 1946 pergit:
1409 1912 1473 1945 Quae
1498 1912 1531 1938 ad
1562 1913 1664 1940 acclive
1682 1913 1758 1940 Ponti

974 1958 1069 1984 Euxini
1086 1964 1178 1984 versus
1204 1956 1321 1992 Scythia:
1335 1957 1502 1991 provinciam
1516 1957 1624 1991 jaceat,
1639 1957 1759 1992 Bospho-

976 2011 1037 2036 rus,
1051 2002 1132 2038 [‘52
1150 2003 1282 2036 Cherson,
1300 2002 1423 2038 Nicopsis
1435 2023 1442 2034 ,
1457 2006 1484 2029 et
1504 2010 1563 2037 quae
1579 2003 1606 2030 in
1620 2003 1759 2030 Gotthiam

974 2048 1066 2075 Ccelen
1098 2048 1273 2082 porriguntur
1293 2055 1302 2074 :
1327 2055 1386 2083 quae
1402 2048 1483 2076 etiam
1507 2048 1539 2075 ad
1567 2048 1759 2076 Parthenieum

976 2101 1050 2121 mare
1065 2094 1115 2121 sita
1131 2098 1208 2126 sunt,
1225 2093 1269 2120 ubi
1287 2093 1414 2121 australis
1429 2094 1505 2122 sinus
1522 2094 1657 2129 trajicitur
1671 2103 1677 2121 :
1694 2094 1759 2121 item

977 2141 1049 2175 regio
1062 2147 1123 2174 quae
1138 2140 1164 2167 in
1184 2139 1280 2167 declivi
1297 2140 1412 2167 senioris
1435 2139 1524 2168 Romae
1541 2140 1628 2175 jacet,
1643 2138 1760 2174 Nicopo-

975 2187 1139 2220 litarmnquc
1151 2185 1316 2220 metropolis,
1332 2190 1412 2219 atque
1425 2185 1560 2218 Neapolis,
1571 2190 1597 2212 et
1609 2185 1761 2220 qurejusque

1639 2239 1646 2258 :
1672 2235 1761 2264 partes

977 2283 1083 2311 quoque
1110 2276 1251 2304 inferiores
1275 2276 1363 2311 Lycia:
1386 2277 1550 2310 provinciae,
1575 2280 1654 2311 atque
1680 2277 1761 2303 etiam

978 2321 1100 2354 Sileum,
1124 2321 1212 2357 Syce,
1238 2327 1265 2348 et
1289 2329 1348 2355 (piae
1366 2323 1392 2348 in
1417 2321 1580 2356 Propontide
1602 2321 1761 2356 navigabilia

977 2371 1054 2399 sunt,
1075 2367 1232 2402 Cyprttsqne
1260 2368 1344 2394 insula
1360 2388 1367 2400 ,
1395 2373 1421 2394 et
1447 2375 1506 2402 qute
1523 2374 1538 2395 e
1556 2367 1666 2401 regione
1689 2367 1762 2394 illius

977 2418 1039 2439 sunt
1052 2414 1084 2440 ad
1101 2413 1229 2447 Tripolim
1247 2420 1330 2447 usque
1349 2417 1375 2439 et
1394 2412 1495 2448 Tyrum
1513 2417 1540 2439 et
1555 2411 1670 2446 Joppen.
1692 2411 1763 2445 Quid
1788 2432 1789 2437 η

978 2465 1041 2485 vero
1061 2465 1275 2486 commemorare
1296 2466 1363 2492 opus
1377 2464 1419 2485 est
1437 2459 1539 2491 Romae,
1567 2458 1718 2485 Antiochia:
1737 2462 1763 2485 et
1786 2462 1788 2475 ί

977 2504 1148 2531 Alexandria:
1171 2505 1317 2536 antistites,
1334 2505 1378 2538 qui
1401 2504 1549 2531 nefandum
1574 2504 1763 2531 lconocausta~
1787 2511 1788 2530 ξ

978 2557 1037 2576 rum
1053 2550 1151 2585 dogma
1166 2557 1218 2577 non
1232 2550 1318 2577 solum
1331 2550 1460 2577 exsecrati
1473 2554 1535 2577 sunt
1548 2554 1575 2577 et
1591 2550 1764 2577 anathemate
1790 2575 1795 2585 ι

978 2600 1193 2630 percusserunt,
1210 2596 1256 2623 sed
1267 2596 1348 2623 etiam
1362 2595 1460 2623 litteris
1475 2596 1501 2623 in
1516 2596 1626 2631 impium
1645 2596 1762 2630 impera-
1799 2628 1801 2633 Ι

979 2646 1064 2669 torem
1086 2641 1157 2669 illius
1179 2641 1380 2676 astipulatorem
1408 2641 1498 2669 invehi
1523 2649 1575 2669 nou
1600 2645 1765 2671 cessarunt,

1122 2721 1144 2737 ³³
1159 2720 1229 2748 Psal.
1248 2728 1325 2753 xcul,
1344 2720 1369 2748 i.

775 2779 889 2806 νΑιιιλς
907 2779 1107 2807 LECTIONES.

186 2837 303 2874 ιῗςιιδάξ.
343 2838 350 2863 i
375 2839 510 2874 ιι1.ἱεράν.
560 2837 573 2857 ¹⁶
588 2839 622 2865 al.
642 2838 838 2865 καταναλώσει,

151 2873 185 2899 al.
202 2873 324 2900 Συλλέου.

893 2838 898 2856 ¹
917 2839 950 2864 al.
966 2839 1076 2864 Γοῖτῖῖν
1093 2838 1202 2872 Κνίλην.

1255 2844 1274 2857 ἠ
1292 2837 1325 2864 al.
1342 2835 1512 2863 Νικοπολιῗν).
1559 2841 1571 2854 η
1589 2836 1622 2862 al.
1641 2835 1763 2865 Συὶαίοιν.
