1952 3079
122 133 187 166 1121

120 191 309 222 κοιλιοδδύλοις
320 190 479 221 ἐπισκόποις
492 198 506 217 ιι
516 189 564 225 τὴν
579 189 707 225 μυσαρὰν
722 190 769 215 καὶ
785 189 908 224 ὲχθρώδη

963 189 1053 215 randu:
1066 189 1196 223 imagines
1213 189 1356 217 simulacra
1373 190 1468 218 idolica
1483 191 1615 226 appellata

119 237 165 263 τοῦ
177 236 247 263 Θεοῦ
262 235 416 263 ἐπιτελοῦσι
429 236 550 269 σύνοδον,
564 235 739 270 ἀγαλμάτικὰ
754 235 849 262 εῐδωλα
860 235 909 266 τὰς

122 282 224 313 οεπτὰς
237 282 345 313 εἰκόνας
358 281 533 312 καλέσαντες.
551 281 694 316 Φρίττουσί
709 289 760 316 μου
776 280 810 307 τὰ
826 281 907 313 ὀστᾶ,

120 329 167 354 καὶ
182 328 277 363 νεφροὶ
302 327 623 362 καρδίαςαίσθάνονται,
649 327 687 358 ὥς
710 335 792 362 φησιν
806 328 819 353 ὸ
841 326 910 353 Ἐλι-

120 373 176 407 ei:
190 394 197 406 ,
213 370 235 407 ᾧ
260 373 371 400 συνετὸν
398 372 444 399 καὶ
460 372 557 399 πιστὸν
575 373 769 408 ἀκροατήριον,
793 373 836 399 ὅτε
863 373 910 399 καὶ

122 420 204 454 μόνον
217 420 257 450 εἰς
281 420 392 455 μνήμην
406 420 440 446 τὰ
455 420 516 446 τότε
531 419 689 455 πραχθέντα
704 419 825 454 λάϐοιμι.
842 418 910 447 Εἶτα

120 465 261 499 Γερμανδν
283 465 330 492 τὸν
352 465 423 492 θεῖον
439 465 486 492 καὶ
508 465 655 501 ὁρθοτόμον
669 465 720 500 τῆς
746 465 909 501 Ἐκκλησίας

122 510 254 545 πρόεδρον
273 511 298 536 οἱ
313 511 346 536 ὲκ
360 510 429 537 Θεοῦ
446 510 674 546 ἀλλοτριωθέντες
689 510 908 545 ἀναθεματίσαν-

120 563 178 587 τες,
192 554 359 590 ξυλολάτρην
375 555 600 582 ἀπεκάλεσαν.Ὣ
614 555 663 590 τῆς
679 555 725 582 τοῦ
739 555 837 591 ἐχθροῦ
850 564 909 582 πω-

122 600 246 634 ρώσεωςί
264 599 286 626 ὼ
311 600 361 634 τῆς
378 600 572 635 βλασφημίαςι
598 599 621 626 ὣ
634 600 685 635 τῆς
706 601 906 636 παρατροπῆςῐ

121 646 183 677 Πῶς
200 646 319 680 ἐννοήσω
337 654 395 679 σου,
414 647 517 681 Χριστέ
531 655 594 681 μου,
609 646 659 682 τὴν
674 646 736 673 τότε
754 647 909 682 ἀπέραντον

120 691 299 722 ἀνεξικακίαν
310 700 317 724 ;
336 691 484 726 πάμπολλα
495 692 524 718 δὲ
538 692 629 719 αὐτῶν
641 692 907 728 βλασφημησάντων,

120 737 170 762 καὶ
191 736 262 763 κατὰ
278 736 333 762 τῶν
356 737 442 771 ἁγίων
467 737 516 764 καὶ
539 737 590 772 τῆς
614 738 751 772 ἁχράντου
775 738 908 765 Θεοτόκου

121 781 212 807 αὐτῶν
234 781 429 816 χωρησάντων,
447 781 486 811 ὡς
507 780 616 816 βοηθεῖν
638 781 707 816 μετὰ
731 781 846 808 θάνατον

120 824 291 860 δυναμένης·
310 825 340 851 τὸ
363 825 520 852 τελευταῖον
537 825 584 852 καὶ
606 825 715 862 πρῶτον
731 826 778 852 καὶ
799 827 908 853 πάντων

121 871 223 904 χεῖρον,
238 871 263 896 οἰ
279 871 374 905 μιαροὶ
389 871 489 897 ἐκεῖνοι
510 870 558 897 καὶ
574 871 692 906 ὰνῐεροι,
708 872 734 898 οἱ
755 871 802 897 τδν
818 872 908 906 ἀμπε-

120 915 194 942 λῶνα
220 916 340 950 Χριστοῦ
370 916 578 951 διαφθείραντες
602 916 698 952 ἄνομοι
721 916 906 950 Βαϐυλώνιοι,

120 962 186 997 περὶ
209 958 246 988 ὦν
268 961 441 996 γέγραπται·
471 961 620 996 Ἐξῆλθεν
637 962 746 996 ἀνομία
762 963 791 995 ἐξ
811 963 907 998 ἱερέων

120 1006 312 1039 Βαϐυλῶνος,
328 1007 376 1034 καὶ
390 1007 534 1042 Ποιμένες
546 1008 656 1034 πολλοὶ
671 1007 842 1042 διέφθειραν
856 1009 909 1035 τὸν

120 1053 283 1087 ἀμπελῶνά
296 1061 368 1088 μου,
384 1053 433 1079 καὶ
449 1053 576 1087 ἐμίαναν
596 1053 654 1087 τὴν
675 1053 780 1088 μερίδα
798 1062 869 1088 μου·
884 1055 908 1080 oi

121 1099 184 1130 τοὺς
200 1098 296 1131 ἄξονας
312 1098 360 1125 τοῦ
382 1098 449 1125 ἰδίου
464 1099 600 1134 γεωργίου
625 1099 819 1134 πιροιμιακῶς
836 1100 906 1126 πλα-

121 1144 262 1178 νηθέντες,
280 1144 327 1171 καὶ
349 1144 511 1176 συνάξαντες
524 1145 583 1176 ταῖς
600 1145 693 1179 χερσὶν
714 1145 865 1180 ἀκαρπίαν.
883 1146 908 1172 οἱ

121 1190 259 1225 ἀναμέσον
269 1189 349 1223 ἁγίου
364 1191 411 1217 καὶ
427 1190 541 1226 βεϐήλου
559 1190 596 1226 μὴ
615 1184 825 1223 διαστείλαντες,
841 1191 909 1218 ἀλλὰ

121 1237 259 1271 ἀναμέσον
273 1236 321 1262 τοῦ
336 1236 532 1272 θυσιαστηρίου
548 1237 594 1263 τὸν
621 1237 718 1272 θρῆνον
739 1237 787 1264 καί
803 1237 833 1263 τὸ
847 1237 909 1264 οὐαὶ

121 1283 378 1320 κατεργασάμενοι·
404 1280 477 1310 οὗτοι
500 1283 564 1310 ἔνθα
587 1284 714 1319 ὑπῆρχον
737 1284 906 1319 ἐφεζόμενοι,

122 1329 290 1360 ἀναστάντες
310 1329 369 1364 ἅμα
393 1329 476 1356 παντὶ
489 1329 527 1364 τῷ
541 1329 608 1364 λαῷ,
624 1330 673 1360 τὰς
685 1330 779 1365 χεῖράς
794 1339 823 1356 τε
839 1330 908 1364 πρὸς

123 1374 190 1408 ὕψος
216 1374 331 1409 ἄραντες
358 1374 493 1408 ἠλάλαξαν
518 1374 567 1410 τὴν
590 1374 710 1409 ἐλεεινὴν
734 1374 837 1410 φωνὴν,
862 1374 908 1401 καὶ

121 1417 210 1445 εἷπονθ
237 1420 360 1454 Σήμερον
378 1421 506 1455 σωτηρία
520 1420 557 1455 τῷ
585 1420 695 1456 κόσμῳ,
709 1421 750 1447 ὅτι
768 1421 811 1453 σὺ,
831 1421 908 1455 βασι-

122 1463 180 1495 λεῦ,
198 1464 345 1499 ἐλυτρώσω
379 1465 452 1499 ἡμᾶς
479 1466 511 1491 ἐκ
533 1466 585 1492 τῶν
607 1465 732 1493 εἰδώλων.
759 1467 790 1492 Ὢ
815 1467 907 1501 φωνῆς

121 1508 254 1543 ὀδυνηρᾶς
265 1528 272 1539 ,
291 1509 351 1543 ἣτις
368 1509 571 1544 ὲκὸομϐηθεῖσει
586 1515 610 1541 ιι,
626 1510 739 1544 οὐρανὸν
753 1511 908 1545 καίτεζόᾳω-
922 1523 942 1551 C

123 1562 179 1582 σεν,
204 1554 250 1579 καὶ
273 1554 324 1588 γῆν
348 1555 512 1585 συνέσεισεν,
534 1554 631 1589 αἰθέρα
656 1563 685 1581 τε
713 1555 835 1589 ὲμῖανεν,
861 1556 908 1582 καὶ

122 1599 228 1627 πάντας
260 1599 323 1631 τοὺς
350 1599 435 1634 αὐτὴν
463 1600 634 1635 κεκραγότας
659 1600 725 1626 Θεοῦ
752 1601 908 1636 ἀλλοτρίους

122 1644 251 1678 ὲπείησεν
267 1644 273 1670 i
292 1645 340 1671 καὶ
355 1644 408 1680 γάρ
425 1646 449 1671 εἰ
471 1646 485 1671 ὁ
505 1645 554 1680 τῆς
575 1645 703 1677 ἀσεϐείας
718 1646 879 1682 πρώταρχος
896 1651 907 1665 τ

121 1688 198 1721 οὗτος
214 1690 302 1721 αἴτιος
315 1690 364 1725 τῆς
387 1690 440 1717 τῶν
461 1690 579 1717 είδώλων
596 1691 784 1726 καθαιρέσεως
795 1711 803 1724 ,
820 1692 908 1727 μάτην

121 1735 177 1769 ἀρα
191 1735 208 1768 ἡ
225 1733 273 1760 τοῦ
289 1734 409 1768 Χριστοῦ
420 1735 628 1770 ὲνανθρώπησις
642 1735 764 1770 γέγονεν,
781 1737 827 1762 καὶ
843 1737 908 1771 κενὴ

121 1781 138 1815 ἡ
154 1781 209 1807 τῶν
224 1781 380 1808 ἀποστόλων
392 1781 562 1808 διδασκαλία.
573 1782 628 1808 Καὶ
639 1782 674 1814 εὶ,
688 1782 726 1813 ὡς
736 1782 814 1817 ὑμεῖς
829 1791 907 1816 φατε,

121 1827 202 1858 αὑτός
218 1827 292 1852 ἐστιν
306 1826 445 1861 λυτρωτὴς
459 1827 509 1862 τῆς
530 1827 790 1862 κτισματολατρείας
803 1828 847 1854 καὶ
861 1828 908 1862 τῆς

121 1869 176 1896 τῶν
193 1870 312 1897 εἰδώλων
335 1871 458 1906 κατάρας
470 1891 478 1904 ,
500 1872 514 1898 ὁ
531 1871 579 1898 καὶ
595 1872 660 1906 παρ’
676 1872 740 1907 ὑμῖν
754 1872 908 1907 τρισκαιδέ-

122 1924 204 1947 κατος
235 1916 382 1948 ἀπόστολος
397 1916 616 1952 ὀνομαζόμενος,
631 1918 678 1944 καὶ
697 1918 758 1952 οὐχὶ
780 1918 907 1953 Χριστὸς,

122 1962 194 1988 κατὰ
216 1962 266 1997 τὴν
289 1961 335 1989 τοῦ
350 1962 516 1998 θεοκήρυκος
538 1962 645 1990 Παύλου
663 1964 753 1999 φωνήν
765 1971 772 1979 ·
787 1965 853 1999 μηδὲ
869 1966 909 1996 εἰς

121 2008 226 2042 Τριάδα
243 2007 420 2042 βαπτίζεσθε,
436 2008 494 2035 ἀλλ’
513 2009 565 2043 (ἶν’
581 2009 650 2035 εἴπω
670 2018 696 2035 τι
722 2010 769 2036 καὶ
795 2010 908 2044 γελοίως

123 2054 189 2088 πρὸς
213 2054 262 2088 τὴν
286 2054 363 2088 ὑμῶν
381 2054 485 2089 αὐθάδη
510 2054 682 2090 ἀφροσύνην)
695 2056 734 2086 είς
758 2056 906 2088 Παστιλᾶν,

122 2099 295 2134 Τρικάχαϐον
311 2100 357 2127 καὶ
374 2100 500 2127 Κάόαλον
514 2101 576 2133 τοὺς
591 2101 674 2127 αὐτοῦ
688 2101 846 2136 καθηγητὰς
861 2102 909 2128 καὶ

123 2143 211 2176 ὑμῶν,
240 2140 331 2180 ὧνπερ
356 2143 440 2179 τριῶν
465 2145 481 2179 ἠ
507 2144 668 2180 ὑπέρφωτος
695 2145 742 2173 καὶ
772 2145 908 2179 σεϐασμία

669 134 755 164 VlTA
774 134 803 164 S.
817 134 1006 164 STEPHANI
1027 135 1219 166 IUNIORIS.

1670 200 1745 221 SUlll.

961 230 1092 258 Tremunt
1106 240 1166 259 ossa
1184 241 1241 259 inea
1253 253 1260 265 ,
1276 239 1303 260 et
1323 241 1400 261 renes
1416 235 1505 262 cordis
1520 236 1650 268 sentiunt,
1666 243 1694 264 ut
1710 239 1748 264 ait

960 275 1322 313 Eliphas",cuiintelligens
1340 284 1367 306 et
1383 279 1460 307 ﬁdele
1481 285 1539 307 erat
1565 282 1726 310 auditorium
1739 303 1747 314 ,

959 321 1040 356 455
1056 329 1115 349 cum
1138 322 1179 349 vel
1195 323 1290 350 'solum
1315 324 1341 351 in
1364 325 1523 352 memoriam
1550 334 1663 359 remeo,
1689 335 1749 362 qua:

960 373 1023 396 tunc
1036 369 1163 403 temporis
1176 374 1235 396 acta
1245 375 1318 398 sunt.
1335 370 1430 397 Postea
1447 371 1612 400 Germanum
1625 374 1747 401 divinum

960 419 986 441 et
1014 415 1192 442 orthodoxam
1220 415 1347 443 Ecclesia:
1369 417 1510 450 przesulem
1535 419 1571 450 ii,
1597 419 1643 453 qui
1663 427 1675 446 ιι
1695 419 1748 446 Duo

959 459 1104 487 abalienati
1120 464 1197 488 erant
1210 480 1217 492 ,
1232 461 1406 488 anathemate
1423 468 1628 496 purcnsscrunt,
1640 469 1667 491 et
1683 465 1746 499 ligni

959 504 1090 531 cultorem
1119 504 1333 538 appellaverunt.
1360 504 1382 532 Ο
1413 506 1514 533 inimici
1539 507 1704 535 ctecitalem!
1732 518 1747 535 υ

960 549 1170 583 blasphemiaml
1189 557 1204 577 ο
1220 551 1425 583 perversitatem
1439 552 1445 578 l
1462 552 1510 584 Qui
1529 556 1600 580 tuam
1613 554 1745 582 inﬁnitam

960 593 1183 627 clementiam,mi
1195 594 1312 628 Christe,
1321 596 1484 631 intelligant?
1496 597 1591 630 Porro,
1604 604 1744 634 postquam

959 641 1111 675 complures
1127 641 1308 676 blasphemias
1326 643 1509 674 evomuissent
1520 665 1527 678 ,
1544 650 1625 679 atque
1640 645 1665 672 in
1683 654 1746 673 eau-

959 690 1018 713 ctos
1031 691 1056 714 et
1069 686 1254 714 intemeratum
1268 688 1409 723 Deiparam
1423 689 1557 717 hostiliter
1572 692 1746 725 prodiissent,

959 732 1036 766 quasi
1058 737 1117 767 post
1140 738 1254 760 mortem
1279 734 1336 768 ipsa
1354 742 1432 769 opem
1458 734 1529 762 ferre
1554 743 1606 763 non
1630 737 1744 764 valeret:

958 782 1113 811 postremo,
1131 778 1185 806 imo
1205 781 1275 814 quod
1291 780 1406 814 primunt
1419 785 1446 807 el.
1460 782 1585 809 omnibus
1601 782 1676 817 pejus
1694 788 1744 816 est,

959 823 1056 850 nefarii
1071 824 1107 851 illi
1119 829 1146 851 et
1158 825 1271 862 profani,
1289 825 1362 860 impii
1376 825 1531 860 Babylonici
1546 828 1631 855 vinea:
1646 829 1745 856 Christi

960 873 1143 902 corruptores,
1164 869 1198 896 de
1214 870 1312 904 quibus
1327 871 1458 904 scriptum
1481 876 1522 900 est
1543 880 1550 899 :
1574 867 1689 907 Egrest
1706 879 1745 900 est

959 913 1083 948 iniquitas
1102 922 1116 941 a
1144 916 1329 943 sacerdotibus
1354 916 1499 952 Babylonis
1522 917 1559 950 ⁶³;
1580 923 1605 945 et
1627 925 1745 952 pus/orre

959 959 1036 986 multi
1050 959 1166 986 demoliti
1181 966 1241 988 sunt
1267 963 1368 989 vineam
1386 971 1472 989 meam
1486 968 1510 989 et
1525 964 1744 990 rauca/caverunt

958 1011 1056 1039 partem
1074 1014 1157 1033 meum
1169 1007 1191 1026 ιδ
1208 1016 1215 1034 :
1232 1008 1276 1042 qui
1294 1013 1370 1036 extra
1396 1016 1460 1036 axes
1478 1009 1578 1044 proprii
1596 1010 1652 1044 agri
1668 1019 1743 1036 erra-

960 1058 1036 1083 vere,
1055 1057 1083 1078 ut
1098 1053 1240 1085 proverbio
1256 1052 1353 1086 fertur,
1378 1059 1404 1081 et
1430 1055 1554 1081 manibus
1573 1055 1743 1082 sterilitatem

959 1095 1110 1130 collegere:
1129 1097 1173 1130 qui
1197 1098 1267 1124 inter
1283 1103 1405 1125 sanctum
1423 1103 1450 1125 et
1469 1099 1612 1133 profanum
1638 1108 1689 1126 non
1706 1101 1745 1126 di-

960 1142 1061 1175 visere,
1077 1143 1124 1168 scd
1140 1142 1208 1169 intra
1224 1143 1311 1170 altare
1333 1143 1432 1170 luctum
1456 1150 1483 1172 et
1506 1153 1546 1172 vae
1562 1147 1713 1180 produxere
1735 1168 1742 1173 .

961 1187 996 1218 hi,
1014 1186 1133 1220 inquam,
1149 1194 1165 1214 e
1190 1187 1247 1214 loco
1265 1188 1309 1216 ubi
1325 1189 1463 1220 sedebant.
1477 1190 1556 1217 simul
1569 1198 1629 1217 cum
1648 1192 1744 1225 populi)

959 1237 1113 1267 surgentes,
1139 1233 1262 1261 manibus
1278 1234 1303 1260 iu
1330 1234 1429 1261 caelum
1446 1236 1544 1263 creetis
1561 1237 1742 1264 miserabili-ni

959 1277 1030 1304 illam
1045 1285 1135 1305 vocem
1148 1279 1290 1305 ediderunt
1304 1286 1310 1305 :
1329 1288 1338 1304 ι
1356 1279 1440 1307 Ilodie
1456 1281 1527 1308 salus
1541 1283 1641 1308 mundo
1652 1304 1658 1315 ,
1680 1283 1741 1317 quia

960 1329 1004 1355 tu,
1020 1323 1176 1357 Imperator,
1199 1332 1246 1351 nos
1261 1331 1292 1351 ex
1314 1325 1390 1352 idolis
1407 1326 1554 1353 redemisti.
1572 1337 1580 1352 ι
1602 1327 1623 1354 Ο
1641 1328 1742 1354 luctuu-

959 1376 1015 1396 sam
1030 1375 1121 1395 vorem
1136 1376 1195 1403 qua:
1207 1388 1214 1400 ,
1231 1374 1258 1394 ut
1283 1369 1385 1403 prolata
1399 1369 1482 1405 456
1498 1376 1536 1398 est
1552 1391 1559 1403 ,
1581 1373 1679 1399 ccelum
1695 1374 1742 1399 ob-

958 1414 1087 1447 scuravit,
1104 1419 1202 1440 terram
1218 1415 1364 1447 concussit,
1382 1423 1470 1443 acrem
1487 1417 1592 1451 polluit,
1608 1422 1634 1444 ct
1649 1426 1743 1446 omnes

959 1459 1003 1492 qui
1023 1458 1094 1486 illam
1116 1459 1273 1491 emiserunt,
1300 1460 1345 1486 Dei
1369 1461 1471 1489 alienos
1494 1461 1578 1489 fecit?
1600 1463 1744 1491 Enimvero

960 1505 981 1531 si
1006 1504 1050 1532 ille
1076 1506 1220 1539 impietatis
1243 1506 1391 1541 princeps,
1420 1507 1490 1535 idem
1512 1509 1569 1543 ipse
1593 1511 1743 1537 eversionis

960 1551 1092 1578 idolortuu
1114 1555 1209 1578 auctor
1229 1556 1270 1579 est
1283 1572 1291 1585 ,
1316 1559 1380 1587 ergo
1403 1553 1504 1580 frustra
1525 1555 1648 1583 Christus
1665 1557 1744 1584 homo

960 1597 1046 1624 factus
1059 1601 1098 1624 est
1113 1618 1121 1630 ,
1139 1605 1202 1632 ergo
1216 1606 1284 1625 vana
1300 1604 1341 1626 est
1356 1600 1538 1634 apostolorum
1553 1601 1684 1628 doctrina.
1703 1603 1742 1635 Si,

960 1647 989 1670 ut
1002 1651 1050 1670 vos
1065 1644 1197 1676 asseritis,
1225 1645 1268 1671 ille
1282 1650 1324 1672 est
1348 1646 1511 1680 redemptor,
1528 1647 1573 1682 qui
1588 1655 1634 1675 vos
1651 1656 1743 1676 rerutn

959 1694 1111 1716 creatarum
1134 1690 1205 1715 cultu
1224 1694 1250 1716 et
1272 1689 1402 1717 idolorum
1418 1692 1606 1719 exsecratione
1621 1693 1744 1720 liberavit

960 1738 1060 1770 (quem
1085 1734 1165 1761 etiam
1182 1734 1315 1761 decimum
1339 1736 1447 1763 tertium
1471 1737 1621 1770 apostolum
1643 1740 1745 1765 vocita-

961 1780 1028 1814 tis),
1044 1787 1095 1807 non
1115 1786 1178 1807 vero
1192 1780 1316 1808 Chrisms
1330 1780 1406 1814 juxta
1423 1782 1504 1809 divini
1525 1783 1656 1816 prwcmiis
1669 1783 1743 1810 Pauli

960 1833 1069 1858 vocem;
1085 1832 1171 1860 neque
1183 1826 1264 1860 igitur
1278 1826 1303 1853 in
1320 1826 1478 1854 Trinitatem
1495 1828 1679 1863 baptizemini,
1697 1831 1744 1856 sed

959 1871 1006 1905 (ut
1022 1871 1122 1905 aliquid
1145 1871 1287 1898 ridiculum
1303 1876 1400 1899 vestra:
1418 1874 1555 1908 arroganti
1584 1875 1745 1908 iusipicniue

959 1916 1073 1952 loquar)
1087 1916 1112 1943 in
1131 1915 1269 1948 Pastilam,
1289 1916 1466 1944 ‘l‘ricacabum
1483 1922 1509 1945 et
1522 1918 1650 1945 Gabalum
1674 1920 1745 1947 illius

960 1967 986 1989 et
1004 1968 1122 1989 vestrum
1147 1962 1310 1996 magistros,
1325 1970 1439 1996 (piorum
1461 1964 1540 1990 trium
1561 1965 1719 1998 memoriam
1734 1985 1743 1998 ,

959 2009 1054 2042 dogma
1068 2013 1094 2034 et
1116 2007 1225 2034 nomina
1239 2012 1265 2034 et
1285 2015 1334 2034 sua
1352 2007 1470 2035 Ecclesia
1488 2008 1587 2035 delevit
1603 2009 1742 2044 fulgentis-

959 2053 1025 2080 sima
1043 2057 1070 2079 et
1083 2053 1273 2087 augustissima
1285 2045 1414 2089 Trinitas.
1431 2052 1530 2080 Verum
1549 2054 1590 2081 his
1606 2055 1744 2082 inutilibus

959 2099 1131 2126 sermonibus
1146 2098 1265 2124 dimissis
1276 2117 1283 2130 ,
1300 2099 1511 2132 opportunejam
1528 2107 1702 2134 erumpamus
1718 2106 1745 2126 et

960 2145 1174 2180 progrediamur.
1193 2144 1347 2171 Redeamus
1369 2145 1451 2179 igitur
1470 2145 1502 2172 ad
1520 2147 1697 2180 propositum,
1717 2151 1745 2173 et

123 2189 218 2223 Tpt‘z;,
234 2189 281 2214 καὶ
290 2189 338 2224 τὴν
357 2190 467 2224 μνήμην
479 2189 565 2216 καὶτὸ
579 2190 666 2224 δόγμα
681 2190 728 2216 καὶ
742 2190 776 2216 τὰ
788 2190 908 2225 ὀνόματα

960 2191 992 2218 de
1009 2190 1165 2217 beatissimo
1181 2190 1317 2225 Stephano
1333 2190 1484 2224 loquamur.

123 2234 283 2269 Eiqgo'wtoev
299 2241 309 2253 ι
328 2235 377 2270 τῆς
392 2235 476 2270 αὐτῆς
503 2235 676 2270 Ἐκκλησίας,
702 2236 809 2267 Ταύτας
833 2236 861 2262 δὲ
886 2235 936 2267 τὰς
955 2236 1110 2271 φληναφῑας
1127 2237 1242 2271 ἀφέντες
1254 2256 1261 2269 ,
1277 2236 1373 2272 καιροῦ
1391 2236 1496 2269 δέοντος
1510 2258 1517 2269 ,
1531 2238 1716 2274 ὲφορμώμεθα
1734 2240 1742 2257 ι

123 2281 173 2316 ἥδη
187 2281 234 2307 καὶ
255 2280 430 2315 βαδιούμεθα,
446 2281 493 2308 καὶ
510 2281 578 2316 πρὸς
597 2281 628 2307 τὸ
642 2281 823 2317 προκείμενον
839 2282 1005 2314 ὲπανιέντες,
1015 2282 1060 2308 τὸν
1074 2282 1306 2317 παμμακάριστην
1317 2282 1450 2316 Στέφανον
1464 2283 1672 2319 καταλάϐωμεν.

157 2327 267 2353 Τούτων
280 2327 308 2352 δὲ
320 2326 406 2358 οὕτως
422 2327 643 2361 ἐκτελεσθέντων,
653 2328 700 2354 καὶ
713 2328 802 2363 πάσης
815 2328 905 2364 χειρὸς

123 2375 168 2400 καὶ
188 2373 321 2408 στόματος
337 2372 535 2408 ὑπογραψάσης
556 2373 602 2400 καὶ
620 2373 836 2408 ὁμολογήσαντος
850 2393 858 2406 ,
870 2375 904 2401 τὰ

123 2419 193 2445 κατὰ
209 2418 256 2444 τὸν
272 2418 349 2451 ἆγιον
360 2417 454 2444 τοῦτον
468 2418 577 2453 Πατέρα
591 2418 669 2454 ἡμῶν
684 2419 819 2452 Στέφανον
832 2420 845 2445 ὁ
858 2418 904 2444 τύ-

124 2473 217 2499 ραννος
246 2463 356 2499 μαθὼν,
379 2463 638 2499 προσκαλεσάμενος
664 2465 711 2490 ἕνα
738 2465 792 2491 τῶν
822 2464 905 2491 αὑτοῦ

123 2509 269 2545 περιδόξων
293 2510 462 2543 μεγιστάνων
477 2509 652 2543 λογιώτατον,
677 2510 723 2536 καὶ
738 2511 805 2546 πρὸς
820 2510 850 2536 τὸ
863 2510 906 2536 λέ-

123 2563 180 2587 γειν
193 2555 240 2580 καὶ
255 2553 365 2580 ἀκούειν
384 2555 536 2590 ἐπιτήδειον
547 2575 554 2588 ,
576 2555 726 2582 Κάλλιστον
740 2561 752 2574 ιι
773 2556 903 2591 τοῦνομα,

123 2598 167 2623 καὶ
189 2599 223 2632 τῇ
237 2597 286 2624 τοῦ
311 2598 456 2634 πατρικίου
478 2598 542 2634 ἀξίᾳ
566 2601 765 2635 τετιμημένον,
789 2602 820 2627 οὺ
850 2601 903 2636 μὴν

159 2677 180 2692 ⁸¹
199 2677 249 2705 Job
275 2685 312 2710 ιν,
327 2677 371 2705 14.
410 2678 432 2694 ⁸⁸
452 2677 519 2706 Dan.
535 2687 595 2712 xui,
618 2679 643 2706 5.
682 2680 702 2695 ⁶¹
719 2679 818 2707 .lerem.
834 2689 883 2712 λιι,
904 2681 943 2707 l0.

993 2328 1138 2362 Postquam
1165 2328 1221 2355 haec
1249 2328 1285 2354 ita
1310 2333 1369 2355 acta
1393 2334 1471 2362 sunt,
1498 2330 1641 2364 cunctique
1664 2339 1744 2357 manu

959 2374 1177 2408 subscripserunt
1195 2377 1221 2400 et
1235 2381 1282 2400 ore
1306 2373 1423 2401 caufessi
1448 2378 1520 2406 sunt,
1549 2380 1692 2409 tyrannus,
1710 2378 1741 2401 ad
1788 2370 1796 2377 ’

960 2428 1038 2454 quem
1060 2419 1145 2446 sancti
1163 2419 1251 2446 Patris
1276 2420 1360 2446 nostri
1379 2419 1449 2446 fama
1472 2425 1641 2454 pervenerat,
1661 2429 1743 2448 unum

960 2474 974 2493 c
989 2466 1130 2500 praecipuis
1145 2467 1201 2493 suis
1217 2467 1383 2500 proceribus,
1402 2465 1483 2502 457
1497 2467 1582 2493 virum
1597 2468 1744 2495 disertissi-

959 2519 1033 2538 mum
1058 2516 1137 2545 atque
1161 2511 1194 2537 ad
1220 2511 1361 2538 dicendum
1376 2517 1402 2539 et
1416 2512 1578 2539 audiendum
1605 2514 1738 2547 idoneunr

958 2556 1096 2583 Callistum
1113 2556 1232 2587 nomine,
1251 2558 1356 2591 patricii
1372 2558 1502 2592 dignitate
1518 2564 1654 2592 ornatum,
1669 2568 1742 2586 eain-

959 2603 1073 2636 demque
1099 2603 1224 2629 limresim
1246 2603 1366 2638 apprime
1385 2602 1509 2631 edoctum
1525 2606 1678 2638 accersivit,
1699 2605 1742 2632 cui

752 2730 868 2774 vinus
888 2748 1090 2775 LECTIONES.

158 2801 219 2842 Ital.
235 2802 401 2835 ὲπισκότοις,
439 2808 453 2827 (ί
466 2802 500 2830 ai.
520 2804 718 2839 ὲκφωνηθεῖσα.
761 2809 770 2822 ι·
787 2805 821 2832 al.
841 2805 992 2840 πρόμαχος.
1033 2809 1042 2822 ⁵
1059 2805 1094 2832 al.
1112 2805 1309 2840 iézpavisszev.
1352 2807 1360 2825 ⁸
1379 2807 1635 2842 οἱῖέφορμῠὺμεθα.
1676 2811 1690 2826 ιι
1704 2808 1740 2835 al.

125 2836 269 2864 Κάλιστον.

1727 2891 1740 2904 ’ἱ
