  <div class='ocr_page' id='page_1' title='image "/cluster/home/n/w/nwhite01/storage/ocr_20150623/100/njp.32101077772869/611.png"; bbox 0 0 1952 3079; ppageno 0'>
   <div class='ocr_carea' id='block_1_1' title="bbox 217 132 285 165">
    <p class='ocr_par' dir='ltr' id='par_1_1' title="bbox 217 132 285 165">
     <span class='ocr_line' id='line_1_1' title="bbox 217 132 285 165; baseline -0.029 0"><span class='ocrx_word' id='word_1_1' title='bbox 217 132 285 165; x_wconf 78' lang='grc'><strong>1123</strong></span> 
     </span>
    </p>
   </div>
   <div class='ocr_carea' id='block_1_2' title="bbox 815 129 1254 160">
    <p class='ocr_par' dir='ltr' id='par_1_2' title="bbox 815 129 1254 160">
     <span class='ocr_line' id='line_1_2' title="bbox 815 129 1254 160; baseline -0.005 0"><span class='ocrx_word' id='word_1_2' title='bbox 815 130 1003 160; x_wconf 76' lang='lat' dir='ltr'><strong>STEPHANI</strong></span> <span class='ocrx_word' id='word_1_3' title='bbox 1025 129 1179 159; x_wconf 63' lang='lat' dir='ltr'><strong>DIACONI</strong></span> <span class='ocrx_word' id='word_1_4' title='bbox 1199 129 1254 158; x_wconf 76' lang='grc' dir='ltr'><strong>ΟΡ.</strong></span> 
     </span>
    </p>
   </div>
   <div class='ocr_carea' id='block_1_3' title="bbox 1773 129 1842 161">
    <p class='ocr_par' dir='ltr' id='par_1_3' title="bbox 1773 129 1842 161">
     <span class='ocr_line' id='line_1_3' title="bbox 1773 129 1842 161; baseline -0.014 0"><span class='ocrx_word' id='word_1_5' title='bbox 1773 129 1842 161; x_wconf 69' lang='grc' dir='ltr'><strong>ῙῙΞί</strong></span> 
     </span>
    </p>
   </div>
   <div class='ocr_carea' id='block_1_4' title="bbox 220 183 1002 224">
    <p class='ocr_par' dir='ltr' id='par_1_4' title="bbox 220 185 1002 220">
     <span class='ocr_line' id='line_1_4' title="bbox 220 185 1002 220; baseline -0.006 -4"><span class='ocrx_word' id='word_1_6' title='bbox 220 190 276 217; x_wconf 58' lang='lat' dir='ltr'><strong>bare</strong></span> <span class='ocrx_word' id='word_1_7' title='bbox 302 188 426 215; x_wconf 87' lang='lat' dir='ltr'><strong>mandata</strong></span> <span class='ocrx_word' id='word_1_8' title='bbox 456 187 528 214; x_wconf 72' lang='lat' dir='ltr'><strong>dedit</strong></span> <span class='ocrx_word' id='word_1_9' title='bbox 543 197 548 214; x_wconf 91' lang='lat'><strong>:</strong></span> <span class='ocrx_word' id='word_1_10' title='bbox 566 187 628 214; x_wconf 77' lang='lat' dir='ltr'><strong>Pete</strong></span> <span class='ocrx_word' id='word_1_11' title='bbox 652 186 776 213; x_wconf 75' lang='lat' dir='ltr'><strong>Auxentii</strong></span> <span class='ocrx_word' id='word_1_12' title='bbox 793 185 900 216; x_wconf 72' lang='lat' dir='ltr'><strong>collem,</strong></span> <span class='ocrx_word' id='word_1_13' title='bbox 915 186 1002 220; x_wconf 87' lang='lat' dir='ltr'><strong>ibique</strong></span> 
     </span>
    </p>
   </div>
   <div class='ocr_carea' id='block_1_5' title="bbox 1055 183 1843 224">
    <p class='ocr_par' dir='ltr' id='par_1_5' title="bbox 1055 183 1843 224">
     <span class='ocr_line' id='line_1_5' title="bbox 1055 183 1843 224; baseline 0.006 -13"><span class='ocrx_word' id='word_1_14' title='bbox 1055 185 1123 211; x_wconf 74' lang='grc' dir='ltr'>ἀλλὰ</span> <span class='ocrx_word' id='word_1_15' title='bbox 1140 185 1187 211; x_wconf 76' lang='grc' dir='ltr'><strong>καὶ</strong></span> <span class='ocrx_word' id='word_1_16' title='bbox 1200 185 1251 220; x_wconf 82' lang='grc' dir='ltr'>τὴν</span> <span class='ocrx_word' id='word_1_17' title='bbox 1269 183 1352 211; x_wconf 71' lang='grc' dir='ltr'>αὐτοῦ</span> <span class='ocrx_word' id='word_1_18' title='bbox 1377 184 1483 220; x_wconf 82' lang='grc' dir='ltr'>αἵρεσιν</span> <span class='ocrx_word' id='word_1_19' title='bbox 1498 185 1537 217; x_wconf 85' lang='grc' dir='ltr'>εἰς</span> <span class='ocrx_word' id='word_1_20' title='bbox 1555 185 1640 220; x_wconf 76' lang='grc' dir='ltr'>ἄκρον</span> <span class='ocrx_word' id='word_1_21' title='bbox 1654 188 1843 224; x_wconf 78' lang='grc' dir='ltr'>πεπαιδευμέ-</span> 
     </span>
    </p>
   </div>
   <div class='ocr_carea' id='block_1_6' title="bbox 219 231 1004 268">
    <p class='ocr_par' dir='ltr' id='par_1_6' title="bbox 219 231 1004 268">
     <span class='ocr_line' id='line_1_6' title="bbox 219 231 1004 268; baseline -0.005 -8"><span class='ocrx_word' id='word_1_22' title='bbox 219 233 386 261; x_wconf 79' lang='lat' dir='ltr'><strong>tlclilescenti</strong></span> <span class='ocrx_word' id='word_1_23' title='bbox 412 233 548 268; x_wconf 86' lang='lat' dir='ltr'><strong>Stephano</strong></span> <span class='ocrx_word' id='word_1_24' title='bbox 569 240 601 260; x_wconf 76' lang='lat' dir='ltr'><strong>ex</strong></span> <span class='ocrx_word' id='word_1_25' title='bbox 624 231 800 258; x_wconf 88' lang='lat' dir='ltr'><strong>nefattdorum</strong></span> <span class='ocrx_word' id='word_1_26' title='bbox 817 236 926 257; x_wconf 74' lang='lat' dir='ltr'><strong>caterva</strong></span> <span class='ocrx_word' id='word_1_27' title='bbox 943 238 1004 264; x_wconf 87' lang='lat' dir='ltr'><strong>per-</strong></span> 
     </span>
    </p>
   </div>
   <div class='ocr_carea' id='block_1_7' title="bbox 220 277 1005 314">
    <p class='ocr_par' dir='ltr' id='par_1_7' title="bbox 220 277 1005 314">
     <span class='ocr_line' id='line_1_7' title="bbox 220 277 1005 314; baseline -0.006 -8"><span class='ocrx_word' id='word_1_28' title='bbox 220 280 303 308; x_wconf 83' lang='lat' dir='ltr'><strong>suade</strong></span> <span class='ocrx_word' id='word_1_29' title='bbox 317 284 343 305; x_wconf 90' lang='lat' dir='ltr'><strong>Ill</strong></span> <span class='ocrx_word' id='word_1_30' title='bbox 357 279 459 314; x_wconf 77' lang='lat' dir='ltr'><strong>synodo</strong></span> <span class='ocrx_word' id='word_1_31' title='bbox 473 278 636 305; x_wconf 84' lang='lat' dir='ltr'><strong>subscribat.</strong></span> <span class='ocrx_word' id='word_1_32' title='bbox 651 277 808 311; x_wconf 86' lang='lat' dir='ltr'><strong>Ilujusmodi</strong></span> <span class='ocrx_word' id='word_1_33' title='bbox 823 284 900 310; x_wconf 88' lang='lat' dir='ltr'><strong>porro</strong></span> <span class='ocrx_word' id='word_1_34' title='bbox 916 277 1005 304; x_wconf 85' lang='lat' dir='ltr'><strong>verbis</strong></span> 
     </span>
    </p>
   </div>
   <div class='ocr_carea' id='block_1_8' title="bbox 220 323 1005 357">
    <p class='ocr_par' dir='ltr' id='par_1_8' title="bbox 220 323 1005 357">
     <span class='ocr_line' id='line_1_8' title="bbox 220 323 1005 357; baseline -0.004 -5"><span class='ocrx_word' id='word_1_35' title='bbox 220 326 305 353; x_wconf 80' lang='lat' dir='ltr'><strong>uteris</strong></span> <span class='ocrx_word' id='word_1_36' title='bbox 322 334 328 351; x_wconf 89' lang='lat'>:</span> <span class='ocrx_word' id='word_1_37' title='bbox 346 325 385 351; x_wconf 84' lang='lat' dir='ltr'><strong>Pii</strong></span> <span class='ocrx_word' id='word_1_38' title='bbox 409 329 435 352; x_wconf 85' lang='lat' dir='ltr'><strong>ct</strong></span> <span class='ocrx_word' id='word_1_39' title='bbox 453 324 594 352; x_wconf 82' lang='lat' dir='ltr'><strong>orthodoxi</strong></span> <span class='ocrx_word' id='word_1_40' title='bbox 619 325 704 350; x_wconf 89' lang='lat' dir='ltr'><strong>nostri</strong></span> <span class='ocrx_word' id='word_1_41' title='bbox 734 324 910 357; x_wconf 77' lang='lat' dir='ltr'><strong>imperatores</strong></span> <span class='ocrx_word' id='word_1_42' title='bbox 936 323 1005 350; x_wconf 82' lang='lat' dir='ltr'><strong>Con-</strong></span> 
     </span>
    </p>
   </div>
   <div class='ocr_carea' id='block_1_9' title="bbox 220 368 1005 403">
    <p class='ocr_par' dir='ltr' id='par_1_9' title="bbox 220 368 1005 403">
     <span class='ocr_line' id='line_1_9' title="bbox 220 368 1005 403; baseline -0.005 -5"><span class='ocrx_word' id='word_1_43' title='bbox 220 372 354 398; x_wconf 87' lang='lat' dir='ltr'><strong>stantinus</strong></span> <span class='ocrx_word' id='word_1_44' title='bbox 369 375 396 397; x_wconf 89' lang='lat' dir='ltr'><strong>et</strong></span> <span class='ocrx_word' id='word_1_45' title='bbox 418 370 481 402; x_wconf 79' lang='lat' dir='ltr'><strong>Leo,</strong></span> <span class='ocrx_word' id='word_1_46' title='bbox 506 377 611 396; x_wconf 87' lang='lat' dir='ltr'><strong>sutnma</strong></span> <span class='ocrx_word' id='word_1_47' title='bbox 636 377 699 403; x_wconf 80' lang='lat' dir='ltr'><strong>erga</strong></span> <span class='ocrx_word' id='word_1_48' title='bbox 718 373 743 395; x_wconf 86' lang='lat' dir='ltr'><strong>te</strong></span> <span class='ocrx_word' id='word_1_49' title='bbox 758 368 944 395; x_wconf 79' lang='lat' dir='ltr'><strong>benevolentia</strong></span> <span class='ocrx_word' id='word_1_50' title='bbox 971 368 1005 394; x_wconf 88' lang='lat' dir='ltr'><strong>ob</strong></span> 
     </span>
    </p>
   </div>
   <div class='ocr_carea' id='block_1_10' title="bbox 220 413 1004 451">
    <p class='ocr_par' dir='ltr' id='par_1_10' title="bbox 220 413 1004 451">
     <span class='ocr_line' id='line_1_10' title="bbox 220 413 1004 451; baseline -0.004 -9"><span class='ocrx_word' id='word_1_51' title='bbox 220 422 291 443; x_wconf 83' lang='lat' dir='ltr'><strong>tuam</strong></span> <span class='ocrx_word' id='word_1_52' title='bbox 306 417 432 451; x_wconf 84' lang='lat' dir='ltr'><strong>pietatem</strong></span> <span class='ocrx_word' id='word_1_53' title='bbox 460 415 559 447; x_wconf 79' lang='lat' dir='ltr'><strong>allecti,</strong></span> <span class='ocrx_word' id='word_1_54' title='bbox 579 414 625 441; x_wconf 82' lang='lat' dir='ltr'><strong>tibi</strong></span> <span class='ocrx_word' id='word_1_55' title='bbox 649 415 783 448; x_wconf 83' lang='lat' dir='ltr'><strong>imperant</strong></span> <span class='ocrx_word' id='word_1_56' title='bbox 803 419 831 440; x_wconf 87' lang='lat' dir='ltr'><strong>ut</strong></span> <span class='ocrx_word' id='word_1_57' title='bbox 848 413 1004 440; x_wconf 77' lang='lat' dir='ltr'><strong>orthodoxa:</strong></span> 
     </span>
    </p>
   </div>
   <div class='ocr_carea' id='block_1_11' title="bbox 219 459 1005 497">
    <p class='ocr_par' dir='ltr' id='par_1_11' title="bbox 219 459 1005 497">
     <span class='ocr_line' id='line_1_11' title="bbox 219 459 1005 497; baseline -0.005 -8"><span class='ocrx_word' id='word_1_58' title='bbox 219 467 340 489; x_wconf 86' lang='lat' dir='ltr'><strong>nostrum</strong></span> <span class='ocrx_word' id='word_1_59' title='bbox 370 461 465 497; x_wconf 77' lang='lat' dir='ltr'><strong>synodi</strong></span> <span class='ocrx_word' id='word_1_60' title='bbox 501 461 651 488; x_wconf 85' lang='lat' dir='ltr'><strong>definitioni</strong></span> <span class='ocrx_word' id='word_1_61' title='bbox 689 459 854 487; x_wconf 82' lang='lat' dir='ltr'><strong>subscribas.</strong></span> <span class='ocrx_word' id='word_1_62' title='bbox 899 459 1005 486; x_wconf 85' lang='lat' dir='ltr'><strong>Paltnas</strong></span> 
     </span>
    </p>
   </div>
   <div class='ocr_carea' id='block_1_12' title="bbox 219 505 1003 540">
    <p class='ocr_par' dir='ltr' id='par_1_12' title="bbox 219 505 1003 540">
     <span class='ocr_line' id='line_1_12' title="bbox 219 505 1003 540; baseline -0.004 -6"><span class='ocrx_word' id='word_1_63' title='bbox 219 508 299 534; x_wconf 87' lang='lat' dir='ltr'><strong>etiam</strong></span> <span class='ocrx_word' id='word_1_64' title='bbox 320 513 347 534; x_wconf 85' lang='lat' dir='ltr'><strong>et</strong></span> <span class='ocrx_word' id='word_1_65' title='bbox 372 508 476 535; x_wconf 80' lang='lat' dir='ltr'><strong>caricas</strong></span> <span class='ocrx_word' id='word_1_66' title='bbox 501 507 585 533; x_wconf 86' lang='lat' dir='ltr'><strong>aliave</strong></span> <span class='ocrx_word' id='word_1_67' title='bbox 605 507 628 533; x_wconf 92' lang='lat' dir='ltr'><strong>ei</strong></span> <span class='ocrx_word' id='word_1_68' title='bbox 655 506 753 533; x_wconf 82' lang='lat' dir='ltr'><strong>offeres</strong></span> <span class='ocrx_word' id='word_1_69' title='bbox 779 513 839 540; x_wconf 73' lang='lat' dir='ltr'><strong>quat</strong></span> <span class='ocrx_word' id='word_1_70' title='bbox 864 506 889 532; x_wconf 91' lang='lat' dir='ltr'><strong>in</strong></span> <span class='ocrx_word' id='word_1_71' title='bbox 915 505 1003 532; x_wconf 82' lang='lat' dir='ltr'><strong>cibum</strong></span> 
     </span>
    </p>
   </div>
   <div class='ocr_carea' id='block_1_13' title="bbox 219 545 1009 586">
    <p class='ocr_par' dir='ltr' id='par_1_13' title="bbox 219 545 1009 586">
     <span class='ocr_line' id='line_1_13' title="bbox 219 545 1009 586; baseline -0.005 -6"><span class='ocrx_word' id='word_1_72' title='bbox 219 558 316 580; x_wconf 75' lang='lat' dir='ltr'><strong>ascette</strong></span> <span class='ocrx_word' id='word_1_73' title='bbox 340 560 400 580; x_wconf 88' lang='lat' dir='ltr'><strong>esse</strong></span> <span class='ocrx_word' id='word_1_74' title='bbox 436 552 534 579; x_wconf 85' lang='lat' dir='ltr'><strong>solent.</strong></span> <span class='ocrx_word' id='word_1_75' title='bbox 560 551 660 586; x_wconf 80' lang='lat' dir='ltr'><strong>Nempe</strong></span> <span class='ocrx_word' id='word_1_76' title='bbox 690 551 738 585; x_wconf 85' lang='lat' dir='ltr'><strong>ipsi</strong></span> <span class='ocrx_word' id='word_1_77' title='bbox 781 551 861 578; x_wconf 90' lang='lat' dir='ltr'><strong>etiam</strong></span> <span class='ocrx_word' id='word_1_78' title='bbox 891 545 1009 586; x_wconf 71' lang='lat' dir='ltr'><strong>tyranno</strong></span> 
     </span>
    </p>
   </div>
   <div class='ocr_carea' id='block_1_14' title="bbox 219 595 1003 631">
    <p class='ocr_par' dir='ltr' id='par_1_14' title="bbox 219 595 1003 631">
     <span class='ocr_line' id='line_1_14' title="bbox 219 595 1003 631; baseline -0.003 -7"><span class='ocrx_word' id='word_1_79' title='bbox 219 603 311 625; x_wconf 90' lang='lat' dir='ltr'><strong>notum</strong></span> <span class='ocrx_word' id='word_1_80' title='bbox 332 602 391 625; x_wconf 89' lang='lat' dir='ltr'><strong>crat</strong></span> <span class='ocrx_word' id='word_1_81' title='bbox 405 597 464 631; x_wconf 86' lang='lat' dir='ltr'><strong>ejus</strong></span> <span class='ocrx_word' id='word_1_82' title='bbox 485 597 610 624; x_wconf 86' lang='lat' dir='ltr'><strong>strictum</strong></span> <span class='ocrx_word' id='word_1_83' title='bbox 627 601 653 622; x_wconf 94' lang='lat' dir='ltr'><strong>et</strong></span> <span class='ocrx_word' id='word_1_84' title='bbox 667 596 712 623; x_wconf 84' lang='lat' dir='ltr'><strong>Dei</strong></span> <span class='ocrx_word' id='word_1_85' title='bbox 729 595 882 631; x_wconf 87' lang='lat' dir='ltr'><strong>proximum</strong></span> <span class='ocrx_word' id='word_1_86' title='bbox 898 596 1003 622; x_wconf 84' lang='lat' dir='ltr'><strong>vivendi</strong></span> 
     </span>
    </p>
   </div>
   <div class='ocr_carea' id='block_1_15' title="bbox 219 640 1002 676">
    <p class='ocr_par' dir='ltr' id='par_1_15' title="bbox 219 640 1002 676">
     <span class='ocr_line' id='line_1_15' title="bbox 219 640 1002 676; baseline -0.004 -8"><span class='ocrx_word' id='word_1_87' title='bbox 219 649 313 676; x_wconf 78' lang='lat' dir='ltr'><strong>genus.</strong></span> <span class='ocrx_word' id='word_1_88' title='bbox 331 641 424 675; x_wconf 87' lang='lat' dir='ltr'><strong>Itaque</strong></span> <span class='ocrx_word' id='word_1_89' title='bbox 437 641 481 668; x_wconf 90' lang='lat' dir='ltr'><strong>ille</strong></span> <span class='ocrx_word' id='word_1_90' title='bbox 500 640 641 668; x_wconf 86' lang='lat' dir='ltr'><strong>confestim</strong></span> <span class='ocrx_word' id='word_1_91' title='bbox 657 641 682 667; x_wconf 91' lang='lat' dir='ltr'><strong>in</strong></span> <span class='ocrx_word' id='word_1_92' title='bbox 697 645 814 667; x_wconf 87' lang='lat' dir='ltr'><strong>montem</strong></span> <span class='ocrx_word' id='word_1_93' title='bbox 831 647 862 666; x_wconf 89' lang='lat' dir='ltr'><strong>se</strong></span> <span class='ocrx_word' id='word_1_94' title='bbox 874 640 1002 672; x_wconf 83' lang='lat' dir='ltr'><strong>contulit;</strong></span> 
     </span>
    </p>
   </div>
   <div class='ocr_carea' id='block_1_16' title="bbox 218 685 1002 720">
    <p class='ocr_par' dir='ltr' id='par_1_16' title="bbox 218 685 1002 720">
     <span class='ocr_line' id='line_1_16' title="bbox 218 685 1002 720; baseline -0.003 -7"><span class='ocrx_word' id='word_1_95' title='bbox 218 694 333 720; x_wconf 78' lang='lat' dir='ltr'><strong>cumque</strong></span> <span class='ocrx_word' id='word_1_96' title='bbox 361 686 437 713; x_wconf 88' lang='lat' dir='ltr'><strong>collis</strong></span> <span class='ocrx_word' id='word_1_97' title='bbox 472 687 600 714; x_wconf 77' lang='lat' dir='ltr'><strong>verticem</strong></span> <span class='ocrx_word' id='word_1_98' title='bbox 628 686 779 720; x_wconf 79' lang='lat' dir='ltr'><strong>attigisset,</strong></span> <span class='ocrx_word' id='word_1_99' title='bbox 807 690 899 712; x_wconf 89' lang='lat' dir='ltr'><strong>sancto</strong></span> <span class='ocrx_word' id='word_1_100' title='bbox 930 685 1002 711; x_wconf 82' lang='lat' dir='ltr'><strong>Patri</strong></span> 
     </span>
    </p>
   </div>
   <div class='ocr_carea' id='block_1_17' title="bbox 219 731 1003 766">
    <p class='ocr_par' dir='ltr' id='par_1_17' title="bbox 219 731 1003 766">
     <span class='ocr_line' id='line_1_17' title="bbox 219 731 1003 766; baseline 0 -8"><span class='ocrx_word' id='word_1_101' title='bbox 219 733 374 759; x_wconf 87' lang='lat' dir='ltr'><strong>mandatum</strong></span> <span class='ocrx_word' id='word_1_102' title='bbox 400 732 569 766; x_wconf 88' lang='lat' dir='ltr'><strong>imperatoris</strong></span> <span class='ocrx_word' id='word_1_103' title='bbox 586 739 632 759; x_wconf 87' lang='lat' dir='ltr'><strong>ore</strong></span> <span class='ocrx_word' id='word_1_104' title='bbox 650 732 719 763; x_wconf 88' lang='lat' dir='ltr'><strong>tulit,</strong></span> <span class='ocrx_word' id='word_1_105' title='bbox 736 738 851 765; x_wconf 75' lang='lat' dir='ltr'><strong>cun-que</strong></span> <span class='ocrx_word' id='word_1_106' title='bbox 871 731 1003 765; x_wconf 86' lang='lat' dir='ltr'><strong>pessimus</strong></span> 
     </span>
    </p>
   </div>
   <div class='ocr_carea' id='block_1_18' title="bbox 217 776 1002 810">
    <p class='ocr_par' dir='ltr' id='par_1_18' title="bbox 217 776 1002 810">
     <span class='ocr_line' id='line_1_18' title="bbox 217 776 1002 810; baseline -0.003 -6"><span class='ocrx_word' id='word_1_107' title='bbox 217 778 387 808; x_wconf 78' lang='lat' dir='ltr'><strong>hortabatur,</strong></span> <span class='ocrx_word' id='word_1_108' title='bbox 403 781 432 804; x_wconf 87' lang='lat' dir='ltr'><strong>ut</strong></span> <span class='ocrx_word' id='word_1_109' title='bbox 447 778 638 810; x_wconf 82' lang='lat' dir='ltr'><strong>imperatorum</strong></span> <span class='ocrx_word' id='word_1_110' title='bbox 655 776 804 803; x_wconf 89' lang='lat' dir='ltr'><strong>detinitioui</strong></span> <span class='ocrx_word' id='word_1_111' title='bbox 819 777 1002 803; x_wconf 86' lang='lat' dir='ltr'><strong>subscriberet</strong></span> 
     </span>
    </p>
   </div>
   <div class='ocr_carea' id='block_1_19' title="bbox 217 821 1000 856">
    <p class='ocr_par' dir='ltr' id='par_1_19' title="bbox 217 821 1000 856">
     <span class='ocr_line' id='line_1_19' title="bbox 217 821 1000 856; baseline -0.001 -7"><span class='ocrx_word' id='word_1_112' title='bbox 217 828 241 849; x_wconf 87' lang='lat' dir='ltr'><strong>ct</strong></span> <span class='ocrx_word' id='word_1_113' title='bbox 259 823 448 849; x_wconf 87' lang='lat' dir='ltr'><strong>assentiretur.</strong></span> <span class='ocrx_word' id='word_1_114' title='bbox 471 823 505 849; x_wconf 83' lang='lat' dir='ltr'><strong>At</strong></span> <span class='ocrx_word' id='word_1_115' title='bbox 528 822 698 848; x_wconf 85' lang='lat' dir='ltr'><strong>venerandus</strong></span> <span class='ocrx_word' id='word_1_116' title='bbox 723 821 886 856; x_wconf 84' lang='lat' dir='ltr'><strong>Stephanus,</strong></span> <span class='ocrx_word' id='word_1_117' title='bbox 915 821 1000 856; x_wconf 83' lang='lat' dir='ltr'><strong>priori</strong></span> 
     </span>
    </p>
   </div>
   <div class='ocr_carea' id='block_1_20' title="bbox 218 863 1002 902">
    <p class='ocr_par' dir='ltr' id='par_1_20' title="bbox 218 863 1002 902">
     <span class='ocr_line' id='line_1_20' title="bbox 218 863 1002 902; baseline -0.001 -8"><span class='ocrx_word' id='word_1_118' title='bbox 218 876 270 894; x_wconf 86' lang='lat' dir='ltr'><strong>non</strong></span> <span class='ocrx_word' id='word_1_119' title='bbox 285 868 408 899; x_wconf 80' lang='lat' dir='ltr'><strong>inferior.</strong></span> <span class='ocrx_word' id='word_1_120' title='bbox 428 872 554 902; x_wconf 84' lang='lat' dir='ltr'><strong>tanquam</strong></span> <span class='ocrx_word' id='word_1_121' title='bbox 571 875 586 894; x_wconf 89' lang='lat' dir='ltr'><strong>a</strong></span> <span class='ocrx_word' id='word_1_122' title='bbox 599 863 713 894; x_wconf 35' lang='lat' dir='ltr'><strong>dextris.</strong></span> <span class='ocrx_word' id='word_1_123' title='bbox 725 868 782 894; x_wconf 85' lang='lat' dir='ltr'><strong>suis</strong></span> <span class='ocrx_word' id='word_1_124' title='bbox 797 867 879 894; x_wconf 79' lang='lat' dir='ltr'><strong>Deum</strong></span> <span class='ocrx_word' id='word_1_125' title='bbox 896 874 1002 901; x_wconf 83' lang='lat' dir='ltr'><strong>semper</strong></span> 
     </span>
    </p>
   </div>
   <div class='ocr_carea' id='block_1_21' title="bbox 217 913 1001 948">
    <p class='ocr_par' dir='ltr' id='par_1_21' title="bbox 217 913 1001 948">
     <span class='ocr_line' id='line_1_21' title="bbox 217 913 1001 948; baseline -0.001 -8"><span class='ocrx_word' id='word_1_126' title='bbox 217 915 361 948; x_wconf 81' lang='lat' dir='ltr'><strong>providens</strong></span> <span class='ocrx_word' id='word_1_127' title='bbox 385 913 419 946; x_wconf 78' lang='grc' dir='ltr'><strong>θ’,</strong></span> <span class='ocrx_word' id='word_1_128' title='bbox 445 913 517 940; x_wconf 88' lang='lat' dir='ltr'><strong>nulla</strong></span> <span class='ocrx_word' id='word_1_129' title='bbox 546 913 673 940; x_wconf 66' lang='lat' dir='ltr'><strong>bmrctica</strong></span> <span class='ocrx_word' id='word_1_130' title='bbox 700 913 854 946; x_wconf 82' lang='lat' dir='ltr'><strong>suspicione</strong></span> <span class='ocrx_word' id='word_1_131' title='bbox 876 913 1001 946; x_wconf 73' lang='lat' dir='ltr'><strong>agitatus.</strong></span> 
     </span>
    </p>
   </div>
   <div class='ocr_carea' id='block_1_22' title="bbox 216 958 999 993">
    <p class='ocr_par' dir='ltr' id='par_1_22' title="bbox 216 958 999 993">
     <span class='ocr_line' id='line_1_22' title="bbox 216 958 999 993; baseline 0.003 -9"><span class='ocrx_word' id='word_1_132' title='bbox 216 959 328 993; x_wconf 83' lang='lat' dir='ltr'><strong>patricio</strong></span> <span class='ocrx_word' id='word_1_133' title='bbox 363 959 503 993; x_wconf 78' lang='lat' dir='ltr'><strong>respondit</strong></span> <span class='ocrx_word' id='word_1_134' title='bbox 535 959 698 990; x_wconf 86' lang='lat' dir='ltr'><strong>:Attende,</strong></span> <span class='ocrx_word' id='word_1_135' title='bbox 726 958 834 986; x_wconf 88' lang='lat' dir='ltr'><strong>domine</strong></span> <span class='ocrx_word' id='word_1_136' title='bbox 879 959 999 993; x_wconf 77' lang='lat' dir='ltr'><strong>patricie.</strong></span> 
     </span>
    </p>
   </div>
   <div class='ocr_carea' id='block_1_23' title="bbox 216 1003 1004 1040">
    <p class='ocr_par' dir='ltr' id='par_1_23' title="bbox 216 1003 1004 1040">
     <span class='ocr_line' id='line_1_23' title="bbox 216 1003 1004 1040; baseline 0.001 -10"><span class='ocrx_word' id='word_1_137' title='bbox 216 1005 438 1040; x_wconf 73' lang='lat' dir='ltr'><strong>Quandoquidem</strong></span> <span class='ocrx_word' id='word_1_138' title='bbox 453 1004 607 1032; x_wconf 65' lang='lat' dir='ltr'><strong>haereticam</strong></span> <span class='ocrx_word' id='word_1_139' title='bbox 621 1005 775 1038; x_wconf 87' lang='lat' dir='ltr'><strong>opiuionet‘n</strong></span> <span class='ocrx_word' id='word_1_140' title='bbox 789 1003 872 1039; x_wconf 66' lang='lat'><strong>458</strong></span> <span class='ocrx_word' id='word_1_141' title='bbox 885 1005 1004 1031; x_wconf 83' lang='lat' dir='ltr'><strong>continet</strong></span> 
     </span>
    </p>
   </div>
   <div class='ocr_carea' id='block_1_24' title="bbox 215 1050 1003 1085">
    <p class='ocr_par' dir='ltr' id='par_1_24' title="bbox 215 1050 1003 1085">
     <span class='ocr_line' id='line_1_24' title="bbox 215 1050 1003 1085; baseline -0.001 -9"><span class='ocrx_word' id='word_1_142' title='bbox 215 1051 336 1078; x_wconf 83' lang='lat' dir='ltr'><strong>delinitio</strong></span> <span class='ocrx_word' id='word_1_143' title='bbox 348 1050 462 1084; x_wconf 89' lang='lat' dir='ltr'><strong>hujusce</strong></span> <span class='ocrx_word' id='word_1_144' title='bbox 479 1050 552 1077; x_wconf 70' lang='lat' dir='ltr'><strong>falsa:</strong></span> <span class='ocrx_word' id='word_1_145' title='bbox 564 1050 671 1085; x_wconf 82' lang='lat' dir='ltr'><strong>synodi,</strong></span> <span class='ocrx_word' id='word_1_146' title='bbox 685 1057 734 1084; x_wconf 76' lang='lat' dir='ltr'><strong>ego</strong></span> <span class='ocrx_word' id='word_1_147' title='bbox 749 1050 903 1084; x_wconf 77' lang='lat' dir='ltr'><strong>Stephanus</strong></span> <span class='ocrx_word' id='word_1_148' title='bbox 917 1058 1003 1083; x_wconf 83' lang='lat' dir='ltr'><strong>neque</strong></span> 
     </span>
    </p>
   </div>
   <div class='ocr_carea' id='block_1_25' title="bbox 215 1096 1003 1130">
    <p class='ocr_par' dir='ltr' id='par_1_25' title="bbox 215 1096 1003 1130">
     <span class='ocr_line' id='line_1_25' title="bbox 215 1096 1003 1130; baseline -0.003 -7"><span class='ocrx_word' id='word_1_149' title='bbox 215 1097 368 1128; x_wconf 84' lang='lat' dir='ltr'><strong>sttbscribo,</strong></span> <span class='ocrx_word' id='word_1_150' title='bbox 398 1103 485 1130; x_wconf 87' lang='lat' dir='ltr'><strong>neque</strong></span> <span class='ocrx_word' id='word_1_151' title='bbox 509 1104 630 1122; x_wconf 88' lang='lat' dir='ltr'><strong>amarum</strong></span> <span class='ocrx_word' id='word_1_152' title='bbox 653 1096 731 1123; x_wconf 85' lang='lat' dir='ltr'><strong>dulce</strong></span> <span class='ocrx_word' id='word_1_153' title='bbox 757 1096 873 1130; x_wconf 80' lang='lat' dir='ltr'><strong>appello,</strong></span> <span class='ocrx_word' id='word_1_154' title='bbox 889 1103 921 1123; x_wconf 92' lang='lat' dir='ltr'><strong>ue</strong></span> <span class='ocrx_word' id='word_1_155' title='bbox 941 1104 1003 1130; x_wconf 68' lang='lat' dir='ltr'><strong>pra-</strong></span> 
     </span>
    </p>
   </div>
   <div class='ocr_carea' id='block_1_26' title="bbox 215 1141 1000 1176">
    <p class='ocr_par' dir='ltr' id='par_1_26' title="bbox 215 1141 1000 1176">
     <span class='ocr_line' id='line_1_26' title="bbox 215 1141 1000 1176; baseline 0 -8"><span class='ocrx_word' id='word_1_156' title='bbox 215 1144 302 1176; x_wconf 77' lang='lat' dir='ltr'><strong>pbet;e</strong></span> <span class='ocrx_word' id='word_1_157' title='bbox 334 1150 373 1169; x_wconf 61' lang='grc' dir='ltr'>ναξ</span> <span class='ocrx_word' id='word_1_158' title='bbox 407 1142 541 1169; x_wconf 89' lang='lat' dir='ltr'><strong>attrahatn</strong></span> <span class='ocrx_word' id='word_1_159' title='bbox 566 1141 599 1168; x_wconf 79' lang='lat'><strong>“.</strong></span> <span class='ocrx_word' id='word_1_160' title='bbox 626 1141 737 1176; x_wconf 83' lang='lat' dir='ltr'><strong>Insuper</strong></span> <span class='ocrx_word' id='word_1_161' title='bbox 763 1149 812 1175; x_wconf 91' lang='lat' dir='ltr'><strong>pro</strong></span> <span class='ocrx_word' id='word_1_162' title='bbox 843 1147 1000 1168; x_wconf 65' lang='grc' dir='ltr'>ειειιιίιιγιιιιι</span> 
     </span>
    </p>
   </div>
   <div class='ocr_carea' id='block_1_27' title="bbox 217 1187 1002 1222">
    <p class='ocr_par' dir='ltr' id='par_1_27' title="bbox 217 1187 1002 1222">
     <span class='ocr_line' id='line_1_27' title="bbox 217 1187 1002 1222; baseline 0 -8"><span class='ocrx_word' id='word_1_163' title='bbox 217 1189 363 1222; x_wconf 80' lang='lat' dir='ltr'><strong>imaginum</strong></span> <span class='ocrx_word' id='word_1_164' title='bbox 389 1188 550 1215; x_wconf 85' lang='lat' dir='ltr'><strong>adoratione</strong></span> <span class='ocrx_word' id='word_1_165' title='bbox 565 1192 679 1215; x_wconf 88' lang='lat' dir='ltr'><strong>mortem</strong></span> <span class='ocrx_word' id='word_1_166' title='bbox 703 1187 883 1214; x_wconf 70' lang='lat' dir='ltr'><strong>libentissime</strong></span> <span class='ocrx_word' id='word_1_167' title='bbox 897 1189 1002 1214; x_wconf 88' lang='lat' dir='ltr'><strong>subitu-</strong></span> 
     </span>
    </p>
   </div>
   <div class='ocr_carea' id='block_1_28' title="bbox 216 1232 1003 1267">
    <p class='ocr_par' dir='ltr' id='par_1_28' title="bbox 216 1232 1003 1267">
     <span class='ocr_line' id='line_1_28' title="bbox 216 1232 1003 1267; baseline 0.003 -9"><span class='ocrx_word' id='word_1_168' title='bbox 216 1241 262 1259; x_wconf 90' lang='lat' dir='ltr'><strong>rus</strong></span> <span class='ocrx_word' id='word_1_169' title='bbox 276 1241 346 1264; x_wconf 78' lang='lat' dir='ltr'><strong>stitit,</strong></span> <span class='ocrx_word' id='word_1_170' title='bbox 372 1233 528 1267; x_wconf 85' lang='lat' dir='ltr'><strong>nullamque</strong></span> <span class='ocrx_word' id='word_1_171' title='bbox 549 1233 681 1260; x_wconf 85' lang='lat' dir='ltr'><strong>rationem</strong></span> <span class='ocrx_word' id='word_1_172' title='bbox 706 1232 791 1259; x_wconf 85' lang='lat' dir='ltr'><strong>habeo</strong></span> <span class='ocrx_word' id='word_1_173' title='bbox 816 1233 1003 1260; x_wconf 69' lang='lat' dir='ltr'><strong>hacresiarehte</strong></span> 
     </span>
    </p>
   </div>
   <div class='ocr_carea' id='block_1_29' title="bbox 217 1278 1002 1313">
    <p class='ocr_par' dir='ltr' id='par_1_29' title="bbox 217 1278 1002 1313">
     <span class='ocr_line' id='line_1_29' title="bbox 217 1278 1002 1313; baseline 0 -9"><span class='ocrx_word' id='word_1_174' title='bbox 217 1279 400 1313; x_wconf 78' lang='lat' dir='ltr'><strong>imperatoris,</strong></span> <span class='ocrx_word' id='word_1_175' title='bbox 419 1279 464 1313; x_wconf 85' lang='lat' dir='ltr'><strong>qui</strong></span> <span class='ocrx_word' id='word_1_176' title='bbox 481 1286 528 1306; x_wconf 78' lang='lat' dir='ltr'><strong>eas</strong></span> <span class='ocrx_word' id='word_1_177' title='bbox 552 1278 632 1305; x_wconf 80' lang='lat' dir='ltr'><strong>auch</strong></span> <span class='ocrx_word' id='word_1_178' title='bbox 654 1278 776 1312; x_wconf 85' lang='lat' dir='ltr'><strong>reiicere.</strong></span> <span class='ocrx_word' id='word_1_179' title='bbox 801 1288 810 1303; x_wconf 75' lang='grc' dir='ltr'><strong>ι</strong></span> <span class='ocrx_word' id='word_1_180' title='bbox 830 1279 930 1305; x_wconf 84' lang='lat' dir='ltr'><strong>Deinde</strong></span> <span class='ocrx_word' id='word_1_181' title='bbox 945 1279 1002 1313; x_wconf 87' lang='lat' dir='ltr'><strong>pal-</strong></span> 
     </span>
    </p>
   </div>
   <div class='ocr_carea' id='block_1_30' title="bbox 217 1323 1003 1359">
    <p class='ocr_par' dir='ltr' id='par_1_30' title="bbox 217 1323 1003 1359">
     <span class='ocr_line' id='line_1_30' title="bbox 217 1323 1003 1359; baseline 0.001 -10"><span class='ocrx_word' id='word_1_182' title='bbox 217 1332 287 1350; x_wconf 80' lang='lat' dir='ltr'><strong>niam</strong></span> <span class='ocrx_word' id='word_1_183' title='bbox 311 1331 407 1350; x_wconf 86' lang='lat' dir='ltr'><strong>manus</strong></span> <span class='ocrx_word' id='word_1_184' title='bbox 427 1324 578 1358; x_wconf 89' lang='lat' dir='ltr'><strong>compactis</strong></span> <span class='ocrx_word' id='word_1_185' title='bbox 594 1330 642 1357; x_wconf 91' lang='lat' dir='ltr'><strong>per</strong></span> <span class='ocrx_word' id='word_1_186' title='bbox 659 1323 782 1350; x_wconf 85' lang='lat' dir='ltr'><strong>ordinem</strong></span> <span class='ocrx_word' id='word_1_187' title='bbox 807 1324 901 1359; x_wconf 77' lang='lat' dir='ltr'><strong>digitis</strong></span> <span class='ocrx_word' id='word_1_188' title='bbox 919 1331 1003 1351; x_wconf 78' lang='lat' dir='ltr'><strong>exca-</strong></span> 
     </span>
    </p>
   </div>
   <div class='ocr_carea' id='block_1_31' title="bbox 217 1369 1004 1397">
    <p class='ocr_par' dir='ltr' id='par_1_31' title="bbox 217 1369 1004 1397">
     <span class='ocr_line' id='line_1_31' title="bbox 217 1369 1004 1397; baseline 0.003 -2"><span class='ocrx_word' id='word_1_189' title='bbox 217 1374 307 1396; x_wconf 74' lang='lat' dir='ltr'><strong>vatam</strong></span> <span class='ocrx_word' id='word_1_190' title='bbox 322 1370 468 1397; x_wconf 87' lang='lat' dir='ltr'><strong>ostendens</strong></span> <span class='ocrx_word' id='word_1_191' title='bbox 482 1369 551 1396; x_wconf 77' lang='lat' dir='ltr'><strong>dixit</strong></span> <span class='ocrx_word' id='word_1_192' title='bbox 571 1378 577 1395; x_wconf 89' lang='lat'>:</span> <span class='ocrx_word' id='word_1_193' title='bbox 594 1378 604 1394; x_wconf 71' lang='grc' dir='ltr'><strong>ι</strong></span> <span class='ocrx_word' id='word_1_194' title='bbox 627 1370 738 1396; x_wconf 78' lang='lat' dir='ltr'><strong>Etiamsi</strong></span> <span class='ocrx_word' id='word_1_195' title='bbox 758 1369 891 1396; x_wconf 89' lang='lat' dir='ltr'><strong>tantulum</strong></span> <span class='ocrx_word' id='word_1_196' title='bbox 916 1369 1004 1397; x_wconf 77' lang='lat' dir='ltr'><strong>vitalis</strong></span> 
     </span>
    </p>
   </div>
   <div class='ocr_carea' id='block_1_32' title="bbox 218 1413 1002 1450">
    <p class='ocr_par' dir='ltr' id='par_1_32' title="bbox 218 1413 1002 1450">
     <span class='ocr_line' id='line_1_32' title="bbox 218 1413 1002 1450; baseline -0.003 -8"><span class='ocrx_word' id='word_1_197' title='bbox 218 1416 358 1450; x_wconf 62' lang='lat' dir='ltr'><strong>sanguinis</strong></span> <span class='ocrx_word' id='word_1_198' title='bbox 378 1415 443 1442; x_wconf 87' lang='lat' dir='ltr'><strong>milti</strong></span> <span class='ocrx_word' id='word_1_199' title='bbox 465 1419 547 1447; x_wconf 83' lang='lat' dir='ltr'><strong>esset,</strong></span> <span class='ocrx_word' id='word_1_200' title='bbox 563 1422 611 1449; x_wconf 91' lang='lat' dir='ltr'><strong>pro</strong></span> <span class='ocrx_word' id='word_1_201' title='bbox 627 1414 727 1442; x_wconf 86' lang='lat' dir='ltr'><strong>Christi</strong></span> <span class='ocrx_word' id='word_1_202' title='bbox 744 1415 863 1449; x_wconf 83' lang='lat' dir='ltr'><strong>imagine</strong></span> <span class='ocrx_word' id='word_1_203' title='bbox 879 1413 1002 1442; x_wconf 73' lang='lat' dir='ltr'><strong>effunda-</strong></span> 
     </span>
    </p>
   </div>
   <div class='ocr_carea' id='block_1_33' title="bbox 221 1460 1003 1495">
    <p class='ocr_par' dir='ltr' id='par_1_33' title="bbox 221 1460 1003 1495">
     <span class='ocr_line' id='line_1_33' title="bbox 221 1460 1003 1495; baseline -0.003 -7"><span class='ocrx_word' id='word_1_204' title='bbox 221 1468 274 1489; x_wconf 91' lang='lat' dir='ltr'><strong>tur.</strong></span> <span class='ocrx_word' id='word_1_205' title='bbox 293 1460 373 1488; x_wconf 73' lang='lat' dir='ltr'><strong>llcfer</strong></span> <span class='ocrx_word' id='word_1_206' title='bbox 389 1465 479 1487; x_wconf 84' lang='lat' dir='ltr'><strong>autem</strong></span> <span class='ocrx_word' id='word_1_207' title='bbox 497 1461 572 1488; x_wconf 90' lang='lat' dir='ltr'><strong>cibos</strong></span> <span class='ocrx_word' id='word_1_208' title='bbox 586 1468 654 1495; x_wconf 89' lang='lat' dir='ltr'><strong>quos</strong></span> <span class='ocrx_word' id='word_1_209' title='bbox 669 1460 712 1488; x_wconf 88' lang='lat' dir='ltr'><strong>ille</strong></span> <span class='ocrx_word' id='word_1_210' title='bbox 729 1460 814 1487; x_wconf 83' lang='lat' dir='ltr'><strong>misit.</strong></span> <span class='ocrx_word' id='word_1_211' title='bbox 834 1460 898 1486; x_wconf 79' lang='lat' dir='ltr'><strong>Nam</strong></span> <span class='ocrx_word' id='word_1_212' title='bbox 919 1460 1003 1486; x_wconf 82' lang='lat' dir='ltr'><strong>oleum</strong></span> 
     </span>
    </p>
   </div>
   <div class='ocr_carea' id='block_1_34' title="bbox 218 1506 1002 1540">
    <p class='ocr_par' dir='ltr' id='par_1_34' title="bbox 218 1506 1002 1540">
     <span class='ocr_line' id='line_1_34' title="bbox 218 1506 1002 1540; baseline -0.001 -7"><span class='ocrx_word' id='word_1_213' title='bbox 218 1507 363 1540; x_wconf 73' lang='grc' dir='ltr'>νεεεηιονὶε</span> <span class='ocrx_word' id='word_1_214' title='bbox 389 1514 441 1533; x_wconf 79' lang='lat' dir='ltr'><strong>non</strong></span> <span class='ocrx_word' id='word_1_215' title='bbox 466 1506 609 1540; x_wconf 76' lang='lat' dir='ltr'><strong>impinguet</strong></span> <span class='ocrx_word' id='word_1_216' title='bbox 637 1510 714 1539; x_wconf 78' lang='lat' dir='ltr'><strong>caput</strong></span> <span class='ocrx_word' id='word_1_217' title='bbox 738 1513 822 1532; x_wconf 77' lang='lat' dir='ltr'><strong>nteant</strong></span> <span class='ocrx_word' id='word_1_218' title='bbox 844 1506 882 1537; x_wconf 70' lang='lat'><strong>“7,</strong></span> <span class='ocrx_word' id='word_1_219' title='bbox 906 1513 954 1532; x_wconf 89' lang='lat' dir='ltr'><strong>nee</strong></span> <span class='ocrx_word' id='word_1_220' title='bbox 971 1513 1002 1532; x_wconf 75' lang='lat' dir='ltr'><strong>ex</strong></span> 
     </span>
    </p>
   </div>
   <div class='ocr_carea' id='block_1_35' title="bbox 218 1550 1003 1586">
    <p class='ocr_par' dir='ltr' id='par_1_35' title="bbox 218 1550 1003 1586">
     <span class='ocr_line' id='line_1_35' title="bbox 218 1550 1003 1586; baseline -0.004 -7"><span class='ocrx_word' id='word_1_221' title='bbox 218 1553 286 1579; x_wconf 79' lang='lat' dir='ltr'><strong>(-ihis</strong></span> <span class='ocrx_word' id='word_1_222' title='bbox 304 1552 422 1579; x_wconf 74' lang='lat' dir='ltr'><strong>breretiei</strong></span> <span class='ocrx_word' id='word_1_223' title='bbox 439 1551 577 1579; x_wconf 87' lang='lat' dir='ltr'><strong>duleescat</strong></span> <span class='ocrx_word' id='word_1_224' title='bbox 600 1555 693 1586; x_wconf 80' lang='lat' dir='ltr'><strong>guttur</strong></span> <span class='ocrx_word' id='word_1_225' title='bbox 726 1558 826 1577; x_wconf 90' lang='lat' dir='ltr'><strong>memn.</strong></span> <span class='ocrx_word' id='word_1_226' title='bbox 845 1550 892 1578; x_wconf 84' lang='lat' dir='ltr'><strong>His</strong></span> <span class='ocrx_word' id='word_1_227' title='bbox 926 1551 1003 1577; x_wconf 89' lang='lat' dir='ltr'><strong>audi-</strong></span> 
     </span>
    </p>
   </div>
   <div class='ocr_carea' id='block_1_36' title="bbox 219 1594 1004 1631">
    <p class='ocr_par' dir='ltr' id='par_1_36' title="bbox 219 1594 1004 1631">
     <span class='ocr_line' id='line_1_36' title="bbox 219 1594 1004 1631; baseline -0.004 -7"><span class='ocrx_word' id='word_1_228' title='bbox 219 1598 264 1629; x_wconf 91' lang='lat' dir='ltr'><strong>tis,</strong></span> <span class='ocrx_word' id='word_1_229' title='bbox 295 1596 438 1631; x_wconf 65' lang='lat' dir='ltr'><strong>pra&#39;l&#39;eetus</strong></span> <span class='ocrx_word' id='word_1_230' title='bbox 459 1597 484 1622; x_wconf 87' lang='lat' dir='ltr'><strong>itt</strong></span> <span class='ocrx_word' id='word_1_231' title='bbox 510 1595 642 1630; x_wconf 82' lang='lat' dir='ltr'><strong>palatium</strong></span> <span class='ocrx_word' id='word_1_232' title='bbox 671 1594 844 1630; x_wconf 84' lang='lat' dir='ltr'><strong>imperatoris</strong></span> <span class='ocrx_word' id='word_1_233' title='bbox 880 1596 1004 1626; x_wconf 86' lang='lat' dir='ltr'><strong>revertit,</strong></span> 
     </span>
    </p>
   </div>
   <div class='ocr_carea' id='block_1_37' title="bbox 219 1640 1003 1678">
    <p class='ocr_par' dir='ltr' id='par_1_37' title="bbox 219 1640 1003 1678">
     <span class='ocr_line' id='line_1_37' title="bbox 219 1640 1003 1678; baseline -0.004 -9"><span class='ocrx_word' id='word_1_234' title='bbox 219 1644 307 1678; x_wconf 80' lang='lat' dir='ltr'><strong>eique,</strong></span> <span class='ocrx_word' id='word_1_235' title='bbox 327 1650 341 1669; x_wconf 88' lang='lat' dir='ltr'><strong>a</strong></span> <span class='ocrx_word' id='word_1_236' title='bbox 357 1650 410 1677; x_wconf 89' lang='lat' dir='ltr'><strong>quo</strong></span> <span class='ocrx_word' id='word_1_237' title='bbox 425 1643 524 1669; x_wconf 86' lang='lat' dir='ltr'><strong>missus</strong></span> <span class='ocrx_word' id='word_1_238' title='bbox 545 1641 646 1673; x_wconf 89' lang='lat' dir='ltr'><strong>fuerat,</strong></span> <span class='ocrx_word' id='word_1_239' title='bbox 662 1642 752 1668; x_wconf 88' lang='lat' dir='ltr'><strong>omttia</strong></span> <span class='ocrx_word' id='word_1_240' title='bbox 768 1640 910 1667; x_wconf 85' lang='lat' dir='ltr'><strong>manifesta</strong></span> <span class='ocrx_word' id='word_1_241' title='bbox 930 1640 1003 1667; x_wconf 81' lang='lat' dir='ltr'><strong>fecit.</strong></span> 
     </span>
    </p>
   </div>
   <div class='ocr_carea' id='block_1_38' title="bbox 219 1687 1006 1723">
    <p class='ocr_par' dir='ltr' id='par_1_38' title="bbox 219 1687 1006 1723">
     <span class='ocr_line' id='line_1_38' title="bbox 219 1687 1006 1723; baseline -0.004 -8"><span class='ocrx_word' id='word_1_242' title='bbox 219 1689 287 1715; x_wconf 89' lang='lat' dir='ltr'><strong>Tum</strong></span> <span class='ocrx_word' id='word_1_243' title='bbox 314 1688 359 1716; x_wconf 90' lang='lat' dir='ltr'><strong>ille</strong></span> <span class='ocrx_word' id='word_1_244' title='bbox 377 1689 416 1715; x_wconf 90' lang='lat' dir='ltr'><strong>ira</strong></span> <span class='ocrx_word' id='word_1_245' title='bbox 433 1694 547 1723; x_wconf 86' lang='lat' dir='ltr'><strong>repente</strong></span> <span class='ocrx_word' id='word_1_246' title='bbox 574 1688 696 1722; x_wconf 82' lang='lat' dir='ltr'><strong>rugiens,</strong></span> <span class='ocrx_word' id='word_1_247' title='bbox 720 1693 844 1721; x_wconf 79' lang='lat' dir='ltr'><strong>tanquam</strong></span> <span class='ocrx_word' id='word_1_248' title='bbox 869 1687 928 1718; x_wconf 84' lang='lat' dir='ltr'><strong>leo,</strong></span> <span class='ocrx_word' id='word_1_249' title='bbox 949 1687 1006 1713; x_wconf 83' lang='lat' dir='ltr'><strong>ela-</strong></span> 
     </span>
    </p>
   </div>
   <div class='ocr_carea' id='block_1_39' title="bbox 219 1734 1003 1765">
    <p class='ocr_par' dir='ltr' id='par_1_39' title="bbox 219 1734 1003 1765">
     <span class='ocr_line' id='line_1_39' title="bbox 219 1734 1003 1765; baseline -0.003 -3"><span class='ocrx_word' id='word_1_250' title='bbox 219 1743 294 1762; x_wconf 83' lang='lat' dir='ltr'><strong>more</strong></span> <span class='ocrx_word' id='word_1_251' title='bbox 310 1743 362 1762; x_wconf 92' lang='lat' dir='ltr'><strong>non</strong></span> <span class='ocrx_word' id='word_1_252' title='bbox 380 1734 507 1761; x_wconf 87' lang='lat' dir='ltr'><strong>mediocri</strong></span> <span class='ocrx_word' id='word_1_253' title='bbox 523 1742 555 1761; x_wconf 89' lang='lat' dir='ltr'><strong>ex</strong></span> <span class='ocrx_word' id='word_1_254' title='bbox 572 1734 701 1761; x_wconf 85' lang='lat' dir='ltr'><strong>iracunda</strong></span> <span class='ocrx_word' id='word_1_255' title='bbox 721 1734 809 1760; x_wconf 89' lang='lat' dir='ltr'><strong>anima</strong></span> <span class='ocrx_word' id='word_1_256' title='bbox 834 1734 918 1765; x_wconf 83' lang='lat' dir='ltr'><strong>edito,</strong></span> <span class='ocrx_word' id='word_1_257' title='bbox 945 1734 1003 1760; x_wconf 83' lang='lat' dir='ltr'><strong>sine</strong></span> 
     </span>
    </p>
   </div>
   <div class='ocr_carea' id='block_1_40' title="bbox 220 1779 1003 1815">
    <p class='ocr_par' dir='ltr' id='par_1_40' title="bbox 220 1779 1003 1815">
     <span class='ocr_line' id='line_1_40' title="bbox 220 1779 1003 1815; baseline -0.003 -8"><span class='ocrx_word' id='word_1_258' title='bbox 220 1788 292 1807; x_wconf 86' lang='lat' dir='ltr'><strong>mora</strong></span> <span class='ocrx_word' id='word_1_259' title='bbox 308 1780 508 1814; x_wconf 85' lang='lat' dir='ltr'><strong>archisatrapas</strong></span> <span class='ocrx_word' id='word_1_260' title='bbox 523 1780 682 1815; x_wconf 87' lang='lat' dir='ltr'><strong>validosque</strong></span> <span class='ocrx_word' id='word_1_261' title='bbox 699 1780 799 1807; x_wconf 89' lang='lat' dir='ltr'><strong>milites</strong></span> <span class='ocrx_word' id='word_1_262' title='bbox 810 1787 870 1806; x_wconf 89' lang='lat' dir='ltr'><strong>eutn</strong></span> <span class='ocrx_word' id='word_1_263' title='bbox 887 1779 1003 1813; x_wconf 74' lang='lat' dir='ltr'><strong>patricio</strong></span> 
     </span>
    </p>
   </div>
   <div class='ocr_carea' id='block_1_41' title="bbox 218 1825 1003 1862">
    <p class='ocr_par' dir='ltr' id='par_1_41' title="bbox 218 1825 1003 1862">
     <span class='ocr_line' id='line_1_41' title="bbox 218 1825 1003 1862; baseline -0.006 -6"><span class='ocrx_word' id='word_1_264' title='bbox 218 1827 339 1859; x_wconf 86' lang='lat' dir='ltr'><strong>Callisto,</strong></span> <span class='ocrx_word' id='word_1_265' title='bbox 360 1835 440 1862; x_wconf 86' lang='lat' dir='ltr'><strong>quem</strong></span> <span class='ocrx_word' id='word_1_266' title='bbox 459 1828 532 1862; x_wconf 90' lang='lat' dir='ltr'><strong>prius</strong></span> <span class='ocrx_word' id='word_1_267' title='bbox 549 1828 672 1859; x_wconf 84' lang='lat' dir='ltr'><strong>miserat,</strong></span> <span class='ocrx_word' id='word_1_268' title='bbox 691 1833 810 1855; x_wconf 83' lang='lat' dir='ltr'><strong>mentem</strong></span> <span class='ocrx_word' id='word_1_269' title='bbox 826 1827 900 1853; x_wconf 86' lang='lat' dir='ltr'><strong>adire</strong></span> <span class='ocrx_word' id='word_1_270' title='bbox 913 1825 1003 1859; x_wconf 80' lang='lat' dir='ltr'><strong>jttssil,</strong></span> 
     </span>
    </p>
   </div>
   <div class='ocr_carea' id='block_1_42' title="bbox 218 1871 1004 1900">
    <p class='ocr_par' dir='ltr' id='par_1_42' title="bbox 218 1871 1004 1900">
     <span class='ocr_line' id='line_1_42' title="bbox 218 1871 1004 1900; baseline -0.004 0"><span class='ocrx_word' id='word_1_271' title='bbox 218 1880 246 1900; x_wconf 89' lang='lat' dir='ltr'><strong>et</strong></span> <span class='ocrx_word' id='word_1_272' title='bbox 268 1878 392 1900; x_wconf 87' lang='lat' dir='ltr'><strong>sanctum</strong></span> <span class='ocrx_word' id='word_1_273' title='bbox 410 1873 505 1900; x_wconf 87' lang='lat' dir='ltr'><strong>ecella</strong></span> <span class='ocrx_word' id='word_1_274' title='bbox 524 1873 653 1900; x_wconf 80' lang='lat' dir='ltr'><strong>ferociter</strong></span> <span class='ocrx_word' id='word_1_275' title='bbox 679 1873 814 1900; x_wconf 82' lang='lat' dir='ltr'><strong>sublatum</strong></span> <span class='ocrx_word' id='word_1_276' title='bbox 838 1872 866 1898; x_wconf 90' lang='lat' dir='ltr'><strong>in</strong></span> <span class='ocrx_word' id='word_1_277' title='bbox 891 1871 1004 1898; x_wconf 84' lang='lat' dir='ltr'><strong>inferius</strong></span> 
     </span>
    </p>
   </div>
   <div class='ocr_carea' id='block_1_43' title="bbox 219 1917 1005 1953">
    <p class='ocr_par' dir='ltr' id='par_1_43' title="bbox 219 1917 1005 1953">
     <span class='ocr_line' id='line_1_43' title="bbox 219 1917 1005 1953; baseline -0.003 -7"><span class='ocrx_word' id='word_1_278' title='bbox 219 1920 417 1946; x_wconf 86' lang='lat' dir='ltr'><strong>monasterium</strong></span> <span class='ocrx_word' id='word_1_279' title='bbox 435 1919 583 1950; x_wconf 87' lang='lat' dir='ltr'><strong>custodire,</strong></span> <span class='ocrx_word' id='word_1_280' title='bbox 608 1919 695 1945; x_wconf 79' lang='lat' dir='ltr'><strong>donec</strong></span> <span class='ocrx_word' id='word_1_281' title='bbox 721 1918 778 1953; x_wconf 87' lang='lat' dir='ltr'><strong>ipse</strong></span> <span class='ocrx_word' id='word_1_282' title='bbox 791 1918 825 1944; x_wconf 92' lang='lat' dir='ltr'><strong>de</strong></span> <span class='ocrx_word' id='word_1_283' title='bbox 839 1917 884 1944; x_wconf 90' lang='lat' dir='ltr'><strong>illo</strong></span> <span class='ocrx_word' id='word_1_284' title='bbox 904 1917 1005 1944; x_wconf 89' lang='lat' dir='ltr'><strong>delibe—</strong></span> 
     </span>
    </p>
   </div>
   <div class='ocr_carea' id='block_1_44' title="bbox 219 1962 1006 2000">
    <p class='ocr_par' dir='ltr' id='par_1_44' title="bbox 219 1962 1006 2000">
     <span class='ocr_line' id='line_1_44' title="bbox 219 1962 1006 2000; baseline -0.003 -9"><span class='ocrx_word' id='word_1_285' title='bbox 219 1965 330 1992; x_wconf 84' lang='lat' dir='ltr'><strong>raverit.</strong></span> <span class='ocrx_word' id='word_1_286' title='bbox 349 1964 442 2000; x_wconf 81' lang='lat' dir='ltr'><strong>Itaque</strong></span> <span class='ocrx_word' id='word_1_287' title='bbox 461 1963 498 1992; x_wconf 84' lang='lat' dir='ltr'><strong>illi</strong></span> <span class='ocrx_word' id='word_1_288' title='bbox 517 1965 549 1991; x_wconf 88' lang='lat' dir='ltr'><strong>ad</strong></span> <span class='ocrx_word' id='word_1_289' title='bbox 568 1969 688 1991; x_wconf 88' lang='lat' dir='ltr'><strong>montem</strong></span> <span class='ocrx_word' id='word_1_290' title='bbox 709 1963 833 1998; x_wconf 86' lang='lat' dir='ltr'><strong>profecti,</strong></span> <span class='ocrx_word' id='word_1_291' title='bbox 851 1962 895 1990; x_wconf 82' lang='lat' dir='ltr'><strong>ubi</strong></span> <span class='ocrx_word' id='word_1_292' title='bbox 914 1970 1006 1989; x_wconf 89' lang='lat' dir='ltr'><strong>mona-</strong></span> 
     </span>
    </p>
   </div>
   <div class='ocr_carea' id='block_1_45' title="bbox 219 2009 1003 2045">
    <p class='ocr_par' dir='ltr' id='par_1_45' title="bbox 219 2009 1003 2045">
     <span class='ocr_line' id='line_1_45' title="bbox 219 2009 1003 2045; baseline -0.004 -7"><span class='ocrx_word' id='word_1_293' title='bbox 219 2012 331 2038; x_wconf 90' lang='lat' dir='ltr'><strong>sterium</strong></span> <span class='ocrx_word' id='word_1_294' title='bbox 350 2012 473 2045; x_wconf 77' lang='lat' dir='ltr'><strong>attigero,</strong></span> <span class='ocrx_word' id='word_1_295' title='bbox 492 2011 652 2038; x_wconf 89' lang='lat' dir='ltr'><strong>irruentium</strong></span> <span class='ocrx_word' id='word_1_296' title='bbox 677 2009 759 2045; x_wconf 68' lang='grc'><strong>459</strong></span> <span class='ocrx_word' id='word_1_297' title='bbox 783 2009 902 2037; x_wconf 83' lang='lat' dir='ltr'><strong>ferarum</strong></span> <span class='ocrx_word' id='word_1_298' title='bbox 920 2016 1003 2042; x_wconf 79' lang='lat' dir='ltr'><strong>more,</strong></span> 
     </span>
    </p>
   </div>
   <div class='ocr_carea' id='block_1_46' title="bbox 219 2055 1005 2092">
    <p class='ocr_par' dir='ltr' id='par_1_46' title="bbox 219 2055 1005 2092">
     <span class='ocr_line' id='line_1_46' title="bbox 219 2055 1005 2092; baseline -0.005 -7"><span class='ocrx_word' id='word_1_299' title='bbox 219 2058 338 2085; x_wconf 77' lang='lat' dir='ltr'><strong>calcibus</strong></span> <span class='ocrx_word' id='word_1_300' title='bbox 356 2057 447 2084; x_wconf 85' lang='lat' dir='ltr'><strong>limina</strong></span> <span class='ocrx_word' id='word_1_301' title='bbox 467 2058 622 2092; x_wconf 81' lang='lat' dir='ltr'><strong>pulsabant.</strong></span> <span class='ocrx_word' id='word_1_302' title='bbox 650 2055 747 2084; x_wconf 85' lang='lat' dir='ltr'><strong>Postea</strong></span> <span class='ocrx_word' id='word_1_303' title='bbox 762 2056 788 2082; x_wconf 93' lang='lat' dir='ltr'><strong>iu</strong></span> <span class='ocrx_word' id='word_1_304' title='bbox 807 2058 1005 2089; x_wconf 75' lang='lat' dir='ltr'><strong>sanctam&#39;spe-</strong></span> 
     </span>
    </p>
   </div>
   <div class='ocr_carea' id='block_1_47' title="bbox 221 2099 1003 2136">
    <p class='ocr_par' dir='ltr' id='par_1_47' title="bbox 221 2099 1003 2136">
     <span class='ocr_line' id='line_1_47' title="bbox 221 2099 1003 2136; baseline -0.005 -7"><span class='ocrx_word' id='word_1_305' title='bbox 221 2103 328 2129; x_wconf 86' lang='lat' dir='ltr'><strong>luneam</strong></span> <span class='ocrx_word' id='word_1_306' title='bbox 363 2102 529 2129; x_wconf 86' lang='lat' dir='ltr'><strong>truculenter</strong></span> <span class='ocrx_word' id='word_1_307' title='bbox 561 2101 694 2136; x_wconf 74' lang='lat' dir='ltr'><strong>ingressi,</strong></span> <span class='ocrx_word' id='word_1_308' title='bbox 723 2106 846 2128; x_wconf 86' lang='lat' dir='ltr'><strong>sanetum</strong></span> <span class='ocrx_word' id='word_1_309' title='bbox 873 2099 1003 2131; x_wconf 83' lang='lat' dir='ltr'><strong>cllerunt,</strong></span> 
     </span>
    </p>
   </div>
   <div class='ocr_carea' id='block_1_48' title="bbox 219 2145 1004 2183">
    <p class='ocr_par' dir='ltr' id='par_1_48' title="bbox 219 2145 1004 2183">
     <span class='ocr_line' id='line_1_48' title="bbox 219 2145 1004 2183; baseline -0.003 -9"><span class='ocrx_word' id='word_1_310' title='bbox 219 2155 335 2182; x_wconf 89' lang='lat' dir='ltr'><strong>eumque</strong></span> <span class='ocrx_word' id='word_1_311' title='bbox 362 2147 441 2183; x_wconf 85' lang='lat' dir='ltr'><strong>quasi</strong></span> <span class='ocrx_word' id='word_1_312' title='bbox 465 2155 497 2174; x_wconf 82' lang='lat' dir='ltr'><strong>ex</strong></span> <span class='ocrx_word' id='word_1_313' title='bbox 522 2146 639 2173; x_wconf 80' lang='lat' dir='ltr'><strong>thalamo</strong></span> <span class='ocrx_word' id='word_1_314' title='bbox 671 2145 761 2180; x_wconf 89' lang='lat' dir='ltr'><strong>aliquo</strong></span> <span class='ocrx_word' id='word_1_315' title='bbox 790 2145 903 2179; x_wconf 84' lang='lat' dir='ltr'><strong>spiritali</strong></span> <span class='ocrx_word' id='word_1_316' title='bbox 932 2145 1004 2172; x_wconf 88' lang='lat' dir='ltr'><strong>foras</strong></span> 
     </span>
    </p>
   </div>
   <div class='ocr_carea' id='block_1_49' title="bbox 220 2191 1002 2227">
    <p class='ocr_par' dir='ltr' id='par_1_49' title="bbox 220 2191 1002 2227">
     <span class='ocr_line' id='line_1_49' title="bbox 220 2191 1002 2227; baseline -0.003 -8"><span class='ocrx_word' id='word_1_317' title='bbox 220 2193 340 2220; x_wconf 86' lang='lat' dir='ltr'><strong>trahunt.</strong></span> <span class='ocrx_word' id='word_1_318' title='bbox 365 2193 470 2227; x_wconf 85' lang='lat' dir='ltr'><strong>Quippe</strong></span> <span class='ocrx_word' id='word_1_319' title='bbox 494 2199 555 2219; x_wconf 92' lang='lat' dir='ltr'><strong>cum</strong></span> <span class='ocrx_word' id='word_1_320' title='bbox 583 2199 638 2226; x_wconf 74' lang='lat' dir='ltr'><strong>prm</strong></span> <span class='ocrx_word' id='word_1_321' title='bbox 665 2199 769 2218; x_wconf 87' lang='lat' dir='ltr'><strong>summa</strong></span> <span class='ocrx_word' id='word_1_322' title='bbox 797 2191 958 2217; x_wconf 80' lang='lat' dir='ltr'><strong>abstinentia</strong></span> <span class='ocrx_word' id='word_1_323' title='bbox 975 2195 1002 2217; x_wconf 84' lang='lat' dir='ltr'><strong>et</strong></span> 
     </span>
    </p>
   </div>
   <div class='ocr_carea' id='block_1_50' title="bbox 219 2235 1013 2271">
    <p class='ocr_par' dir='ltr' id='par_1_50' title="bbox 219 2235 1013 2271">
     <span class='ocr_line' id='line_1_50' title="bbox 219 2235 1013 2271; baseline -0.003 -8"><span class='ocrx_word' id='word_1_324' title='bbox 219 2237 410 2271; x_wconf 74' lang='lat' dir='ltr'><strong>augustissimo</strong></span> <span class='ocrx_word' id='word_1_325' title='bbox 423 2236 572 2268; x_wconf 90' lang='lat' dir='ltr'><strong>domicilio,</strong></span> <span class='ocrx_word' id='word_1_326' title='bbox 587 2236 659 2263; x_wconf 90' lang='lat' dir='ltr'><strong>illius</strong></span> <span class='ocrx_word' id='word_1_327' title='bbox 671 2236 742 2263; x_wconf 77' lang='lat' dir='ltr'><strong>tibite</strong></span> <span class='ocrx_word' id='word_1_328' title='bbox 752 2235 902 2264; x_wconf 81' lang='lat' dir='ltr'><strong>femoribus</strong></span> <span class='ocrx_word' id='word_1_329' title='bbox 915 2235 1013 2262; x_wconf 61' lang='lat' dir='ltr'><strong>adirier</strong></span> 
     </span>
    </p>
   </div>
   <div class='ocr_carea' id='block_1_51' title="bbox 218 2281 1000 2315">
    <p class='ocr_par' dir='ltr' id='par_1_51' title="bbox 218 2281 1000 2315">
     <span class='ocr_line' id='line_1_51' title="bbox 218 2281 1000 2315; baseline 0 -7"><span class='ocrx_word' id='word_1_330' title='bbox 218 2287 319 2315; x_wconf 88' lang='lat' dir='ltr'><strong>rerent,</strong></span> <span class='ocrx_word' id='word_1_331' title='bbox 337 2287 409 2308; x_wconf 87' lang='lat' dir='ltr'><strong>stare</strong></span> <span class='ocrx_word' id='word_1_332' title='bbox 423 2281 465 2308; x_wconf 89' lang='lat' dir='ltr'><strong>vel</strong></span> <span class='ocrx_word' id='word_1_333' title='bbox 479 2281 608 2308; x_wconf 86' lang='lat' dir='ltr'><strong>incedere</strong></span> <span class='ocrx_word' id='word_1_334' title='bbox 626 2288 680 2308; x_wconf 91' lang='lat' dir='ltr'><strong>non</strong></span> <span class='ocrx_word' id='word_1_335' title='bbox 693 2281 808 2309; x_wconf 85' lang='lat' dir='ltr'><strong>valebat.</strong></span> <span class='ocrx_word' id='word_1_336' title='bbox 824 2281 933 2313; x_wconf 86' lang='lat' dir='ltr'><strong>Verum,</strong></span> <span class='ocrx_word' id='word_1_337' title='bbox 949 2282 1000 2308; x_wconf 91' lang='lat' dir='ltr'><strong>viri</strong></span> 
     </span>
    </p>
   </div>
   <div class='ocr_carea' id='block_1_52' title="bbox 218 2326 1001 2360">
    <p class='ocr_par' dir='ltr' id='par_1_52' title="bbox 218 2326 1001 2360">
     <span class='ocr_line' id='line_1_52' title="bbox 218 2326 1001 2360; baseline -0.001 -8"><span class='ocrx_word' id='word_1_338' title='bbox 218 2327 255 2353; x_wconf 89' lang='lat' dir='ltr'><strong>illi</strong></span> <span class='ocrx_word' id='word_1_339' title='bbox 272 2327 383 2359; x_wconf 88' lang='lat' dir='ltr'><strong>armati,</strong></span> <span class='ocrx_word' id='word_1_340' title='bbox 400 2326 554 2354; x_wconf 87' lang='lat' dir='ltr'><strong>admirabili</strong></span> <span class='ocrx_word' id='word_1_341' title='bbox 570 2326 658 2353; x_wconf 84' lang='lat' dir='ltr'><strong>Patris</strong></span> <span class='ocrx_word' id='word_1_342' title='bbox 672 2327 825 2360; x_wconf 64' lang='lat' dir='ltr'><strong>praestantia</strong></span> <span class='ocrx_word' id='word_1_343' title='bbox 849 2330 1001 2360; x_wconf 82' lang='lat' dir='ltr'><strong>perspecta,</strong></span> 
     </span>
    </p>
   </div>
   <div class='ocr_carea' id='block_1_53' title="bbox 217 2372 1001 2405">
    <p class='ocr_par' dir='ltr' id='par_1_53' title="bbox 217 2372 1001 2405">
     <span class='ocr_line' id='line_1_53' title="bbox 217 2372 1001 2405; baseline -0.003 -5"><span class='ocrx_word' id='word_1_344' title='bbox 217 2373 301 2400; x_wconf 82' lang='lat' dir='ltr'><strong>inulta</strong></span> <span class='ocrx_word' id='word_1_345' title='bbox 319 2373 345 2400; x_wconf 94' lang='lat' dir='ltr'><strong>in</strong></span> <span class='ocrx_word' id='word_1_346' title='bbox 361 2380 422 2399; x_wconf 84' lang='lat' dir='ltr'><strong>eum</strong></span> <span class='ocrx_word' id='word_1_347' title='bbox 435 2372 622 2399; x_wconf 81' lang='lat' dir='ltr'><strong>misericordia</strong></span> <span class='ocrx_word' id='word_1_348' title='bbox 642 2372 683 2399; x_wconf 88' lang='lat' dir='ltr'><strong>usi</strong></span> <span class='ocrx_word' id='word_1_349' title='bbox 702 2377 764 2399; x_wconf 89' lang='lat' dir='ltr'><strong>sunt</strong></span> <span class='ocrx_word' id='word_1_350' title='bbox 778 2372 812 2399; x_wconf 91' lang='lat' dir='ltr'><strong>ob</strong></span> <span class='ocrx_word' id='word_1_351' title='bbox 830 2379 874 2398; x_wconf 86' lang='lat' dir='ltr'><strong>res</strong></span> <span class='ocrx_word' id='word_1_352' title='bbox 891 2377 1001 2405; x_wconf 64' lang='lat' dir='ltr'><strong>stupen-</strong></span> 
     </span>
    </p>
   </div>
   <div class='ocr_carea' id='block_1_54' title="bbox 216 2418 999 2454">
    <p class='ocr_par' dir='ltr' id='par_1_54' title="bbox 216 2418 999 2454">
     <span class='ocr_line' id='line_1_54' title="bbox 216 2418 999 2454; baseline -0.003 -8"><span class='ocrx_word' id='word_1_353' title='bbox 216 2421 264 2447; x_wconf 86' lang='lat' dir='ltr'><strong>das</strong></span> <span class='ocrx_word' id='word_1_354' title='bbox 284 2427 352 2454; x_wconf 86' lang='lat' dir='ltr'><strong>quas</strong></span> <span class='ocrx_word' id='word_1_355' title='bbox 367 2419 423 2446; x_wconf 89' lang='lat' dir='ltr'><strong>suis</strong></span> <span class='ocrx_word' id='word_1_356' title='bbox 440 2419 563 2453; x_wconf 89' lang='lat' dir='ltr'><strong>ipsismet</strong></span> <span class='ocrx_word' id='word_1_357' title='bbox 576 2419 663 2450; x_wconf 86' lang='lat' dir='ltr'><strong>oculis</strong></span> <span class='ocrx_word' id='word_1_358' title='bbox 680 2418 890 2445; x_wconf 84' lang='lat' dir='ltr'><strong>contuebantur.</strong></span> <span class='ocrx_word' id='word_1_359' title='bbox 909 2418 999 2451; x_wconf 85' lang='lat' dir='ltr'><strong>Itaque</strong></span> 
     </span>
    </p>
   </div>
   <div class='ocr_carea' id='block_1_55' title="bbox 216 2464 1000 2500">
    <p class='ocr_par' dir='ltr' id='par_1_55' title="bbox 216 2464 1000 2500">
     <span class='ocr_line' id='line_1_55' title="bbox 216 2464 1000 2500; baseline -0.004 -7"><span class='ocrx_word' id='word_1_360' title='bbox 216 2467 270 2493; x_wconf 90' lang='lat' dir='ltr'><strong>duo</strong></span> <span class='ocrx_word' id='word_1_361' title='bbox 292 2473 324 2492; x_wconf 79' lang='lat' dir='ltr'><strong>ex</strong></span> <span class='ocrx_word' id='word_1_362' title='bbox 350 2465 404 2492; x_wconf 87' lang='lat' dir='ltr'><strong>illis</strong></span> <span class='ocrx_word' id='word_1_363' title='bbox 423 2464 610 2500; x_wconf 71' lang='lat' dir='ltr'><strong>conjungendo</strong></span> <span class='ocrx_word' id='word_1_364' title='bbox 631 2466 741 2500; x_wconf 87' lang='lat' dir='ltr'><strong>suisque</strong></span> <span class='ocrx_word' id='word_1_365' title='bbox 770 2464 890 2491; x_wconf 87' lang='lat' dir='ltr'><strong>humeris</strong></span> <span class='ocrx_word' id='word_1_366' title='bbox 916 2464 1000 2491; x_wconf 87' lang='lat' dir='ltr'><strong>sancti</strong></span> 
     </span>
    </p>
   </div>
   <div class='ocr_carea' id='block_1_56' title="bbox 216 2511 1001 2547">
    <p class='ocr_par' dir='ltr' id='par_1_56' title="bbox 216 2511 1001 2547">
     <span class='ocr_line' id='line_1_56' title="bbox 216 2511 1001 2547; baseline -0.001 -8"><span class='ocrx_word' id='word_1_367' title='bbox 216 2521 313 2540; x_wconf 85' lang='lat' dir='ltr'><strong>manus</strong></span> <span class='ocrx_word' id='word_1_368' title='bbox 337 2513 510 2546; x_wconf 85' lang='lat' dir='ltr'><strong>imponendo,</strong></span> <span class='ocrx_word' id='word_1_369' title='bbox 539 2512 652 2547; x_wconf 86' lang='lat' dir='ltr'><strong>ejusque</strong></span> <span class='ocrx_word' id='word_1_370' title='bbox 681 2518 767 2546; x_wconf 74' lang='lat' dir='ltr'><strong>genua</strong></span> <span class='ocrx_word' id='word_1_371' title='bbox 795 2511 851 2537; x_wconf 80' lang='lat' dir='ltr'><strong>Suis</strong></span> <span class='ocrx_word' id='word_1_372' title='bbox 878 2511 1001 2538; x_wconf 68' lang='lat' dir='ltr'><strong>manilius</strong></span> 
     </span>
    </p>
   </div>
   <div class='ocr_carea' id='block_1_57' title="bbox 216 2553 1000 2592">
    <p class='ocr_par' dir='ltr' id='par_1_57' title="bbox 216 2553 1000 2592">
     <span class='ocr_line' id='line_1_57' title="bbox 216 2553 1000 2592; baseline -0.006 -7"><span class='ocrx_word' id='word_1_373' title='bbox 216 2559 268 2585; x_wconf 88' lang='lat' dir='ltr'><strong>hoc</strong></span> <span class='ocrx_word' id='word_1_374' title='bbox 283 2562 361 2592; x_wconf 87' lang='lat' dir='ltr'><strong>pacto</strong></span> <span class='ocrx_word' id='word_1_375' title='bbox 381 2558 536 2590; x_wconf 88' lang='lat' dir='ltr'><strong>fulcieudo,</strong></span> <span class='ocrx_word' id='word_1_376' title='bbox 553 2559 586 2584; x_wconf 87' lang='lat' dir='ltr'><strong>ad</strong></span> <span class='ocrx_word' id='word_1_377' title='bbox 608 2557 693 2584; x_wconf 86' lang='lat' dir='ltr'><strong>sancti</strong></span> <span class='ocrx_word' id='word_1_378' title='bbox 716 2553 844 2583; x_wconf 84' lang='lat' dir='ltr'><strong>Auxentii</strong></span> <span class='ocrx_word' id='word_1_379' title='bbox 865 2553 1000 2580; x_wconf 74' lang='lat' dir='ltr'><strong>Ctemete—</strong></span> 
     </span>
    </p>
   </div>
   <div class='ocr_carea' id='block_1_58' title="bbox 215 2600 1000 2640">
    <p class='ocr_par' dir='ltr' id='par_1_58' title="bbox 215 2600 1000 2640">
     <span class='ocr_line' id='line_1_58' title="bbox 215 2600 1000 2640; baseline -0.005 -10"><span class='ocrx_word' id='word_1_380' title='bbox 215 2605 286 2631; x_wconf 87' lang='lat' dir='ltr'><strong>ritnu</strong></span> <span class='ocrx_word' id='word_1_381' title='bbox 313 2611 476 2640; x_wconf 84' lang='lat' dir='ltr'><strong>pervenere,</strong></span> <span class='ocrx_word' id='word_1_382' title='bbox 501 2605 546 2631; x_wconf 91' lang='lat' dir='ltr'><strong>ubi</strong></span> <span class='ocrx_word' id='word_1_383' title='bbox 572 2611 633 2631; x_wconf 87' lang='lat' dir='ltr'><strong>cum</strong></span> <span class='ocrx_word' id='word_1_384' title='bbox 659 2607 782 2630; x_wconf 85' lang='lat' dir='ltr'><strong>sanctum</strong></span> <span class='ocrx_word' id='word_1_385' title='bbox 801 2600 889 2627; x_wconf 88' lang='lat' dir='ltr'><strong>virum</strong></span> <span class='ocrx_word' id='word_1_386' title='bbox 905 2606 931 2626; x_wconf 89' lang='lat' dir='ltr'><strong>et</strong></span> <span class='ocrx_word' id='word_1_387' title='bbox 947 2600 1000 2626; x_wconf 84' lang='lat' dir='ltr'><strong>Deo</strong></span> 
     </span>
    </p>
   </div>
   <div class='ocr_carea' id='block_1_59' title="bbox 250 2678 977 2715">
    <p class='ocr_par' dir='ltr' id='par_1_59' title="bbox 250 2678 977 2715">
     <span class='ocr_line' id='line_1_59' title="bbox 250 2678 977 2715; baseline -0.007 -5"><span class='ocrx_word' id='word_1_388' title='bbox 250 2684 274 2701; x_wconf 78' lang='grc'><strong>⁸⁸</strong></span> <span class='ocrx_word' id='word_1_389' title='bbox 293 2683 363 2710; x_wconf 75' lang='lat' dir='ltr'><strong>Psal.</strong></span> <span class='ocrx_word' id='word_1_390' title='bbox 384 2691 428 2715; x_wconf 79' lang='lat' dir='ltr'><strong>xv,</strong></span> <span class='ocrx_word' id='word_1_391' title='bbox 445 2683 471 2709; x_wconf 90' lang='lat'><strong>8.</strong></span> <span class='ocrx_word' id='word_1_392' title='bbox 510 2682 532 2698; x_wconf 82' lang='lat'>“</span> <span class='ocrx_word' id='word_1_393' title='bbox 553 2680 605 2707; x_wconf 84' lang='lat' dir='ltr'><strong>lsa.</strong></span> <span class='ocrx_word' id='word_1_394' title='bbox 623 2679 705 2712; x_wconf 76' lang='lat' dir='ltr'><strong>v,‘20.</strong></span> <span class='ocrx_word' id='word_1_395' title='bbox 745 2679 766 2694; x_wconf 82' lang='lat'><strong>&quot;</strong></span> <span class='ocrx_word' id='word_1_396' title='bbox 788 2678 859 2706; x_wconf 80' lang='lat' dir='ltr'><strong>Psal.</strong></span> <span class='ocrx_word' id='word_1_397' title='bbox 875 2686 934 2709; x_wconf 70' lang='lat' dir='ltr'><strong>CXL,</strong></span> <span class='ocrx_word' id='word_1_398' title='bbox 953 2678 977 2704; x_wconf 79' lang='grc'><strong>5.</strong></span> 
     </span>
    </p>
   </div>
   <div class='ocr_carea' id='block_1_60' title="bbox 1057 229 1842 266">
    <p class='ocr_par' dir='ltr' id='par_1_60' title="bbox 1057 229 1842 266">
     <span class='ocr_line' id='line_1_60' title="bbox 1057 229 1842 266; baseline 0.006 -10"><span class='ocrx_word' id='word_1_399' title='bbox 1057 238 1111 262; x_wconf 85' lang='grc' dir='ltr'>νον,</span> <span class='ocrx_word' id='word_1_400' title='bbox 1127 230 1286 257; x_wconf 81' lang='grc' dir='ltr'>ἀποστέλλει</span> <span class='ocrx_word' id='word_1_401' title='bbox 1315 229 1397 258; x_wconf 71' lang='grc' dir='ltr'>αὐτὸν</span> <span class='ocrx_word' id='word_1_402' title='bbox 1423 230 1509 257; x_wconf 71' lang='grc' dir='ltr'>εἰπών</span> <span class='ocrx_word' id='word_1_403' title='bbox 1523 239 1529 245; x_wconf 92' lang='grc'>·</span> <span class='ocrx_word' id='word_1_404' title='bbox 1555 231 1606 257; x_wconf 81' lang='grc' dir='ltr'><strong>Τὸν</strong></span> <span class='ocrx_word' id='word_1_405' title='bbox 1625 232 1673 257; x_wconf 79' lang='grc' dir='ltr'>τοῦ</span> <span class='ocrx_word' id='word_1_406' title='bbox 1696 232 1842 266; x_wconf 78' lang='grc' dir='ltr'>Αὑξεντῑου</span> 
     </span>
    </p>
   </div>
   <div class='ocr_carea' id='block_1_61' title="bbox 1057 274 1843 312">
    <p class='ocr_par' dir='ltr' id='par_1_61' title="bbox 1057 274 1843 312">
     <span class='ocr_line' id='line_1_61' title="bbox 1057 274 1843 312; baseline 0.006 -11"><span class='ocrx_word' id='word_1_407' title='bbox 1057 274 1149 310; x_wconf 79' lang='grc' dir='ltr'>βουνὸν</span> <span class='ocrx_word' id='word_1_408' title='bbox 1167 275 1341 308; x_wconf 77' lang='grc' dir='ltr'>καταλαϐὼν,</span> <span class='ocrx_word' id='word_1_409' title='bbox 1355 275 1400 302; x_wconf 84' lang='grc' dir='ltr'>τὸν</span> <span class='ocrx_word' id='word_1_410' title='bbox 1420 276 1509 302; x_wconf 78' lang='grc' dir='ltr'>ἐκεῖσε</span> <span class='ocrx_word' id='word_1_411' title='bbox 1525 276 1720 310; x_wconf 70' lang='grc' dir='ltr'>ὲμφωλεύοντα</span> <span class='ocrx_word' id='word_1_412' title='bbox 1735 279 1843 312; x_wconf 67' lang='grc' dir='ltr'>Στέφα-</span> 
     </span>
    </p>
   </div>
   <div class='ocr_carea' id='block_1_62' title="bbox 1055 320 1843 360">
    <p class='ocr_par' dir='ltr' id='par_1_62' title="bbox 1055 320 1843 360">
     <span class='ocr_line' id='line_1_62' title="bbox 1055 320 1843 360; baseline 0.005 -13"><span class='ocrx_word' id='word_1_413' title='bbox 1055 329 1100 347; x_wconf 88' lang='grc' dir='ltr'><strong>νον</strong></span> <span class='ocrx_word' id='word_1_414' title='bbox 1117 320 1246 356; x_wconf 78' lang='grc' dir='ltr'>τοῦνομα,</span> <span class='ocrx_word' id='word_1_415' title='bbox 1270 321 1318 348; x_wconf 71' lang='grc' dir='ltr'>καὶ</span> <span class='ocrx_word' id='word_1_416' title='bbox 1337 320 1434 348; x_wconf 83' lang='grc' dir='ltr'>τοῦτον</span> <span class='ocrx_word' id='word_1_417' title='bbox 1450 321 1662 356; x_wconf 79' lang='grc' dir='ltr'>ἁμνημονεύτων</span> <span class='ocrx_word' id='word_1_418' title='bbox 1676 323 1761 358; x_wconf 77' lang='grc' dir='ltr'>ἑσμοῦ</span> <span class='ocrx_word' id='word_1_419' title='bbox 1776 326 1843 360; x_wconf 59' lang='lat'><strong>6116&#39;-</strong></span> 
     </span>
    </p>
   </div>
   <div class='ocr_carea' id='block_1_63' title="bbox 1057 365 1842 402">
    <p class='ocr_par' dir='ltr' id='par_1_63' title="bbox 1057 365 1842 402">
     <span class='ocr_line' id='line_1_63' title="bbox 1057 365 1842 402; baseline 0.006 -11"><span class='ocrx_word' id='word_1_420' title='bbox 1057 373 1161 400; x_wconf 78' lang='grc' dir='ltr'>σχημον</span> <span class='ocrx_word' id='word_1_421' title='bbox 1178 385 1185 397; x_wconf 83' lang='grc'><strong>,</strong></span> <span class='ocrx_word' id='word_1_422' title='bbox 1210 365 1303 392; x_wconf 84' lang='grc' dir='ltr'>τοῦτον</span> <span class='ocrx_word' id='word_1_423' title='bbox 1319 365 1476 401; x_wconf 74' lang='grc' dir='ltr'><strong>ὑπογράψαι</strong></span> <span class='ocrx_word' id='word_1_424' title='bbox 1503 367 1531 392; x_wconf 84' lang='grc' dir='ltr'>ὲν</span> <span class='ocrx_word' id='word_1_425' title='bbox 1555 368 1587 401; x_wconf 84' lang='grc' dir='ltr'><strong>τῇ</strong></span> <span class='ocrx_word' id='word_1_426' title='bbox 1614 367 1716 401; x_wconf 79' lang='grc' dir='ltr'><strong>συνόδῳ</strong></span> <span class='ocrx_word' id='word_1_427' title='bbox 1735 369 1842 402; x_wconf 78' lang='grc' dir='ltr'>πεῖσον,</span> 
     </span>
    </p>
   </div>
   <div class='ocr_carea' id='block_1_64' title="bbox 1055 410 1826 446">
    <p class='ocr_par' dir='ltr' id='par_1_64' title="bbox 1055 410 1826 446">
     <span class='ocr_line' id='line_1_64' title="bbox 1055 410 1826 446; baseline 0.006 -9"><span class='ocrx_word' id='word_1_428' title='bbox 1055 410 1140 437; x_wconf 71' lang='grc' dir='ltr'>εἰπών</span> <span class='ocrx_word' id='word_1_429' title='bbox 1153 419 1160 425; x_wconf 84' lang='grc'><em>’</em></span> <span class='ocrx_word' id='word_1_430' title='bbox 1186 411 1226 446; x_wconf 81' lang='grc' dir='ltr'><strong>Τῇ</strong></span> <span class='ocrx_word' id='word_1_431' title='bbox 1253 411 1321 446; x_wconf 79' lang='grc' dir='ltr'>πρὸς</span> <span class='ocrx_word' id='word_1_432' title='bbox 1338 411 1368 437; x_wconf 83' lang='grc' dir='ltr'>σὲ</span> <span class='ocrx_word' id='word_1_433' title='bbox 1385 412 1462 446; x_wconf 70' lang='grc' dir='ltr'>φιλίᾳ</span> <span class='ocrx_word' id='word_1_434' title='bbox 1483 411 1527 438; x_wconf 80' lang='grc' dir='ltr'>διὰ</span> <span class='ocrx_word' id='word_1_435' title='bbox 1543 412 1573 438; x_wconf 74' lang='grc' dir='ltr'>τὸ</span> <span class='ocrx_word' id='word_1_436' title='bbox 1589 413 1701 445; x_wconf 77' lang='grc' dir='ltr'>εὐσεϐές</span> <span class='ocrx_word' id='word_1_437' title='bbox 1725 423 1772 441; x_wconf 89' lang='grc' dir='ltr'><strong>σου</strong></span> <span class='ocrx_word' id='word_1_438' title='bbox 1794 424 1826 442; x_wconf 90' lang='grc' dir='ltr'><strong>το</strong></span> 
     </span>
    </p>
   </div>
   <div class='ocr_carea' id='block_1_65' title="bbox 1057 456 1830 495">
    <p class='ocr_par' dir='ltr' id='par_1_65' title="bbox 1057 456 1830 495">
     <span class='ocr_line' id='line_1_65' title="bbox 1057 456 1830 495; baseline 0.005 -13"><span class='ocrx_word' id='word_1_439' title='bbox 1057 457 1114 491; x_wconf 71' lang='grc' dir='ltr'>βίου</span> <span class='ocrx_word' id='word_1_440' title='bbox 1130 456 1287 491; x_wconf 80' lang='grc' dir='ltr'><strong>κινούμενοι</strong></span> <span class='ocrx_word' id='word_1_441' title='bbox 1304 457 1329 482; x_wconf 90' lang='grc' dir='ltr'>οἱ</span> <span class='ocrx_word' id='word_1_442' title='bbox 1345 457 1468 488; x_wconf 79' lang='grc' dir='ltr'>εὐσεϐεῖς</span> <span class='ocrx_word' id='word_1_443' title='bbox 1485 457 1532 484; x_wconf 82' lang='grc' dir='ltr'><strong>καὶ</strong></span> <span class='ocrx_word' id='word_1_444' title='bbox 1547 457 1682 492; x_wconf 81' lang='grc' dir='ltr'>ὁρθὸδοξοι</span> <span class='ocrx_word' id='word_1_445' title='bbox 1704 460 1782 494; x_wconf 80' lang='grc' dir='ltr'>ἡμῶν</span> <span class='ocrx_word' id='word_1_446' title='bbox 1796 461 1830 495; x_wconf 79' lang='grc' dir='ltr'><strong>βα</strong></span> 
     </span>
    </p>
   </div>
   <div class='ocr_carea' id='block_1_66' title="bbox 1056 502 1843 540">
    <p class='ocr_par' dir='ltr' id='par_1_66' title="bbox 1056 502 1843 540">
     <span class='ocr_line' id='line_1_66' title="bbox 1056 502 1843 540; baseline 0.006 -12"><span class='ocrx_word' id='word_1_447' title='bbox 1056 502 1139 534; x_wconf 76' lang='grc' dir='ltr'>σιλεῖς</span> <span class='ocrx_word' id='word_1_448' title='bbox 1154 503 1357 535; x_wconf 79' lang='grc' dir='ltr'>Κωνσταντίνος</span> <span class='ocrx_word' id='word_1_449' title='bbox 1370 503 1417 529; x_wconf 71' lang='grc' dir='ltr'>καὶ</span> <span class='ocrx_word' id='word_1_450' title='bbox 1430 503 1506 529; x_wconf 81' lang='grc' dir='ltr'>Λέων</span> <span class='ocrx_word' id='word_1_451' title='bbox 1523 504 1665 530; x_wconf 82' lang='grc' dir='ltr'>κελεύουσι</span> <span class='ocrx_word' id='word_1_452' title='bbox 1683 505 1843 540; x_wconf 73' lang='grc' dir='ltr'>ὑπογράψαι</span> 
     </span>
    </p>
   </div>
   <div class='ocr_carea' id='block_1_67' title="bbox 1056 549 1842 587">
    <p class='ocr_par' dir='ltr' id='par_1_67' title="bbox 1056 549 1842 587">
     <span class='ocr_line' id='line_1_67' title="bbox 1056 549 1842 587; baseline 0.006 -13"><span class='ocrx_word' id='word_1_453' title='bbox 1056 557 1085 574; x_wconf 87' lang='grc' dir='ltr'><strong>σε</strong></span> <span class='ocrx_word' id='word_1_454' title='bbox 1102 549 1170 584; x_wconf 72' lang='grc' dir='ltr'>πρὸς</span> <span class='ocrx_word' id='word_1_455' title='bbox 1185 549 1230 575; x_wconf 70' lang='grc' dir='ltr'>τὸν</span> <span class='ocrx_word' id='word_1_456' title='bbox 1246 549 1295 583; x_wconf 77' lang='grc' dir='ltr'>τῆς</span> <span class='ocrx_word' id='word_1_457' title='bbox 1310 549 1451 584; x_wconf 76' lang='grc' dir='ltr'>ὀρθοδόξου</span> <span class='ocrx_word' id='word_1_458' title='bbox 1468 549 1547 585; x_wconf 82' lang='grc' dir='ltr'>ἡμῶν</span> <span class='ocrx_word' id='word_1_459' title='bbox 1561 551 1671 578; x_wconf 81' lang='grc' dir='ltr'><strong>συνόδου</strong></span> <span class='ocrx_word' id='word_1_460' title='bbox 1688 551 1751 587; x_wconf 84' lang='grc' dir='ltr'>ὅρον</span> <span class='ocrx_word' id='word_1_461' title='bbox 1761 561 1767 567; x_wconf 91' lang='grc'><strong>·</strong></span> <span class='ocrx_word' id='word_1_462' title='bbox 1781 553 1842 584; x_wconf 72' lang='grc' dir='ltr'>ὁοὶις</span> 
     </span>
    </p>
   </div>
   <div class='ocr_carea' id='block_1_68' title="bbox 1055 595 1842 635">
    <p class='ocr_par' dir='ltr' id='par_1_68' title="bbox 1055 595 1842 635">
     <span class='ocr_line' id='line_1_68' title="bbox 1055 595 1842 635; baseline 0.005 -14"><span class='ocrx_word' id='word_1_463' title='bbox 1055 595 1130 630; x_wconf 80' lang='grc' dir='ltr'>αὐτῷ</span> <span class='ocrx_word' id='word_1_464' title='bbox 1141 596 1266 629; x_wconf 79' lang='grc' dir='ltr'>φοίνικας</span> <span class='ocrx_word' id='word_1_465' title='bbox 1284 596 1331 622; x_wconf 71' lang='grc' dir='ltr'><strong>καὶ</strong></span> <span class='ocrx_word' id='word_1_466' title='bbox 1350 596 1472 631; x_wconf 81' lang='grc' dir='ltr'>ἰσχάδας,</span> <span class='ocrx_word' id='word_1_467' title='bbox 1491 597 1538 623; x_wconf 72' lang='grc' dir='ltr'><strong>καὶ</strong></span> <span class='ocrx_word' id='word_1_468' title='bbox 1556 597 1625 624; x_wconf 82' lang='grc' dir='ltr'>ἄλλα</span> <span class='ocrx_word' id='word_1_469' title='bbox 1640 599 1700 624; x_wconf 74' lang='grc' dir='ltr'>τινὰ</span> <span class='ocrx_word' id='word_1_470' title='bbox 1715 598 1786 635; x_wconf 77' lang='grc' dir='ltr'>ἅπερ</span> <span class='ocrx_word' id='word_1_471' title='bbox 1804 601 1842 625; x_wconf 82' lang='grc' dir='ltr'><strong>εἰ-</strong></span> 
     </span>
    </p>
   </div>
   <div class='ocr_carea' id='block_1_69' title="bbox 1056 641 1844 680">
    <p class='ocr_par' dir='ltr' id='par_1_69' title="bbox 1056 641 1844 680">
     <span class='ocr_line' id='line_1_69' title="bbox 1056 641 1844 680; baseline 0.006 -14"><span class='ocrx_word' id='word_1_472' title='bbox 1056 641 1097 666; x_wconf 78' lang='grc' dir='ltr'>σὶν</span> <span class='ocrx_word' id='word_1_473' title='bbox 1115 642 1255 676; x_wconf 74' lang='grc' dir='ltr'>ἐπιτήδειοι</span> <span class='ocrx_word' id='word_1_474' title='bbox 1273 642 1314 673; x_wconf 76' lang='grc' dir='ltr'>εἰς</span> <span class='ocrx_word' id='word_1_475' title='bbox 1337 642 1440 677; x_wconf 68' lang='grc' dir='ltr'>τροφὴν</span> <span class='ocrx_word' id='word_1_476' title='bbox 1463 643 1595 678; x_wconf 77' lang='grc' dir='ltr'><strong>ἁσκητοῦ.</strong></span> <span class='ocrx_word' id='word_1_477' title='bbox 1626 644 1702 679; x_wconf 79' lang='grc' dir='ltr'>’ᾘδει</span> <span class='ocrx_word' id='word_1_478' title='bbox 1723 646 1777 680; x_wconf 77' lang='grc' dir='ltr'>γὰρ</span> <span class='ocrx_word' id='word_1_479' title='bbox 1796 647 1844 671; x_wconf 73' lang='grc' dir='ltr'><strong>καὶ</strong></span> 
     </span>
    </p>
   </div>
   <div class='ocr_carea' id='block_1_70' title="bbox 1054 687 1844 724">
    <p class='ocr_par' dir='ltr' id='par_1_70' title="bbox 1054 687 1844 724">
     <span class='ocr_line' id='line_1_70' title="bbox 1054 687 1844 724; baseline 0.005 -11"><span class='ocrx_word' id='word_1_480' title='bbox 1054 687 1135 718; x_wconf 70' lang='grc' dir='ltr'>αὐτὸς</span> <span class='ocrx_word' id='word_1_481' title='bbox 1150 689 1163 714; x_wconf 80' lang='grc' dir='ltr'>ὁ</span> <span class='ocrx_word' id='word_1_482' title='bbox 1180 687 1310 722; x_wconf 77' lang='grc' dir='ltr'>τύραννος</span> <span class='ocrx_word' id='word_1_483' title='bbox 1327 688 1377 722; x_wconf 79' lang='grc' dir='ltr'>τὴν</span> <span class='ocrx_word' id='word_1_484' title='bbox 1392 689 1515 723; x_wconf 77' lang='grc' dir='ltr'><strong>ἐγκρατῆ</strong></span> <span class='ocrx_word' id='word_1_485' title='bbox 1531 690 1579 715; x_wconf 73' lang='grc' dir='ltr'><strong>καὶ</strong></span> <span class='ocrx_word' id='word_1_486' title='bbox 1601 689 1661 724; x_wconf 79' lang='grc' dir='ltr'><strong>Θεῷ</strong></span> <span class='ocrx_word' id='word_1_487' title='bbox 1675 690 1844 724; x_wconf 74' lang='grc' dir='ltr'>ἐγγίζουσαν</span> 
     </span>
    </p>
   </div>
   <div class='ocr_carea' id='block_1_71' title="bbox 1053 733 1845 771">
    <p class='ocr_par' dir='ltr' id='par_1_71' title="bbox 1053 733 1845 771">
     <span class='ocr_line' id='line_1_71' title="bbox 1053 733 1845 771; baseline 0.006 -12"><span class='ocrx_word' id='word_1_488' title='bbox 1053 733 1098 759; x_wconf 79' lang='grc' dir='ltr'>τοῦ</span> <span class='ocrx_word' id='word_1_489' title='bbox 1113 733 1187 760; x_wconf 83' lang='grc' dir='ltr'><strong>ὁσίου</strong></span> <span class='ocrx_word' id='word_1_490' title='bbox 1201 733 1351 769; x_wconf 79' lang='grc' dir='ltr'>διαγωγήν.</span> <span class='ocrx_word' id='word_1_491' title='bbox 1375 734 1403 761; x_wconf 92' lang='lat'><strong>&#39;0</strong></span> <span class='ocrx_word' id='word_1_492' title='bbox 1417 734 1444 760; x_wconf 79' lang='grc' dir='ltr'>δὲ</span> <span class='ocrx_word' id='word_1_493' title='bbox 1460 734 1582 770; x_wconf 77' lang='grc' dir='ltr'>παρευθὺ</span> <span class='ocrx_word' id='word_1_494' title='bbox 1599 736 1629 762; x_wconf 76' lang='grc' dir='ltr'>τὸ</span> <span class='ocrx_word' id='word_1_495' title='bbox 1644 736 1707 771; x_wconf 72' lang='grc' dir='ltr'>ὅρος</span> <span class='ocrx_word' id='word_1_496' title='bbox 1722 738 1845 764; x_wconf 81' lang='grc' dir='ltr'>καταλα-</span> 
     </span>
    </p>
   </div>
   <div class='ocr_carea' id='block_1_72' title="bbox 1055 778 1843 817">
    <p class='ocr_par' dir='ltr' id='par_1_72' title="bbox 1055 778 1843 817">
     <span class='ocr_line' id='line_1_72' title="bbox 1055 778 1843 817; baseline 0.006 -13"><span class='ocrx_word' id='word_1_497' title='bbox 1055 778 1121 810; x_wconf 73' lang='grc' dir='ltr'>ϐὼν,</span> <span class='ocrx_word' id='word_1_498' title='bbox 1138 779 1184 805; x_wconf 75' lang='grc' dir='ltr'>καὶ</span> <span class='ocrx_word' id='word_1_499' title='bbox 1199 779 1267 814; x_wconf 67' lang='grc' dir='ltr'>πρὸς</span> <span class='ocrx_word' id='word_1_500' title='bbox 1279 780 1328 814; x_wconf 80' lang='grc' dir='ltr'>τὴν</span> <span class='ocrx_word' id='word_1_501' title='bbox 1353 780 1476 814; x_wconf 78' lang='grc' dir='ltr'>κορυφὴν</span> <span class='ocrx_word' id='word_1_502' title='bbox 1493 781 1539 806; x_wconf 83' lang='grc' dir='ltr'>τοῦ</span> <span class='ocrx_word' id='word_1_503' title='bbox 1560 780 1655 816; x_wconf 84' lang='grc' dir='ltr'>βουνοῦ</span> <span class='ocrx_word' id='word_1_504' title='bbox 1669 783 1843 817; x_wconf 69' lang='grc' dir='ltr'>προσ-ταθεὶς,</span> 
     </span>
    </p>
   </div>
   <div class='ocr_carea' id='block_1_73' title="bbox 1055 823 1845 861">
    <p class='ocr_par' dir='ltr' id='par_1_73' title="bbox 1055 823 1845 861">
     <span class='ocr_line' id='line_1_73' title="bbox 1055 823 1845 861; baseline 0.006 -12"><span class='ocrx_word' id='word_1_505' title='bbox 1055 823 1094 858; x_wconf 79' lang='grc' dir='ltr'><strong>τῷ</strong></span> <span class='ocrx_word' id='word_1_506' title='bbox 1111 824 1181 858; x_wconf 80' lang='grc' dir='ltr'>ἁγίῳ</span> <span class='ocrx_word' id='word_1_507' title='bbox 1199 825 1304 859; x_wconf 81' lang='grc' dir='ltr'>Πατρὶ,</span> <span class='ocrx_word' id='word_1_508' title='bbox 1321 825 1352 851; x_wconf 79' lang='grc' dir='ltr'>τὸ</span> <span class='ocrx_word' id='word_1_509' title='bbox 1369 825 1412 851; x_wconf 88' lang='grc' dir='ltr'>διὰ</span> <span class='ocrx_word' id='word_1_510' title='bbox 1428 825 1559 860; x_wconf 74' lang='grc' dir='ltr'>γλώσσης</span> <span class='ocrx_word' id='word_1_511' title='bbox 1574 829 1765 861; x_wconf 78' lang='grc' dir='ltr'>γραμματεῖον</span> <span class='ocrx_word' id='word_1_512' title='bbox 1784 829 1845 855; x_wconf 77' lang='grc' dir='ltr'><strong>ἑκό-</strong></span> 
     </span>
    </p>
   </div>
   <div class='ocr_carea' id='block_1_74' title="bbox 1059 870 1844 907">
    <p class='ocr_par' dir='ltr' id='par_1_74' title="bbox 1059 870 1844 907">
     <span class='ocr_line' id='line_1_74' title="bbox 1059 870 1844 907; baseline 0.008 -13"><span class='ocrx_word' id='word_1_513' title='bbox 1059 878 1148 904; x_wconf 78' lang='grc' dir='ltr'>μισεν,</span> <span class='ocrx_word' id='word_1_514' title='bbox 1166 870 1359 904; x_wconf 81' lang='grc' dir='ltr'>συμὸουλεύων</span> <span class='ocrx_word' id='word_1_515' title='bbox 1378 872 1392 896; x_wconf 83' lang='grc' dir='ltr'>ὁ</span> <span class='ocrx_word' id='word_1_516' title='bbox 1415 871 1543 902; x_wconf 74' lang='grc' dir='ltr'>κάκιστος</span> <span class='ocrx_word' id='word_1_517' title='bbox 1560 873 1606 898; x_wconf 80' lang='grc' dir='ltr'><strong>καὶ</strong></span> <span class='ocrx_word' id='word_1_518' title='bbox 1622 872 1781 907; x_wconf 79' lang='grc' dir='ltr'><strong>ὑπογράψαι</strong></span> <span class='ocrx_word' id='word_1_519' title='bbox 1796 875 1844 900; x_wconf 71' lang='grc' dir='ltr'>καὶ</span> 
     </span>
    </p>
   </div>
   <div class='ocr_carea' id='block_1_75' title="bbox 1054 913 1844 951">
    <p class='ocr_par' dir='ltr' id='par_1_75' title="bbox 1054 913 1844 951">
     <span class='ocr_line' id='line_1_75' title="bbox 1054 913 1844 951; baseline 0.005 -12"><span class='ocrx_word' id='word_1_520' title='bbox 1054 914 1194 941; x_wconf 78' lang='grc' dir='ltr'>ἐπαινέσαι</span> <span class='ocrx_word' id='word_1_521' title='bbox 1205 914 1259 940; x_wconf 83' lang='grc' dir='ltr'>τῶν</span> <span class='ocrx_word' id='word_1_522' title='bbox 1271 914 1403 949; x_wconf 83' lang='grc' dir='ltr'>βασιλέων</span> <span class='ocrx_word' id='word_1_523' title='bbox 1419 913 1465 941; x_wconf 71' lang='grc' dir='ltr'>τὸν</span> <span class='ocrx_word' id='word_1_524' title='bbox 1478 915 1551 949; x_wconf 80' lang='grc' dir='ltr'>ὅρον.</span> <span class='ocrx_word' id='word_1_525' title='bbox 1571 915 1601 942; x_wconf 90' lang='lat'><strong>&#39;0</strong></span> <span class='ocrx_word' id='word_1_526' title='bbox 1614 915 1643 941; x_wconf 77' lang='grc' dir='ltr'><strong>δὲ</strong></span> <span class='ocrx_word' id='word_1_527' title='bbox 1657 917 1747 951; x_wconf 73' lang='grc' dir='ltr'>τίμιος</span> <span class='ocrx_word' id='word_1_528' title='bbox 1766 915 1844 948; x_wconf 68' lang='grc' dir='ltr'>οὗτος</span> 
     </span>
    </p>
   </div>
   <div class='ocr_carea' id='block_1_76' title="bbox 1053 959 1844 996">
    <p class='ocr_par' dir='ltr' id='par_1_76' title="bbox 1053 959 1844 996">
     <span class='ocr_line' id='line_1_76' title="bbox 1053 959 1844 996; baseline 0.004 -11"><span class='ocrx_word' id='word_1_529' title='bbox 1053 960 1199 993; x_wconf 78' lang='grc' dir='ltr'>Στέφανος,</span> <span class='ocrx_word' id='word_1_530' title='bbox 1217 961 1231 986; x_wconf 81' lang='grc' dir='ltr'>ὁ</span> <span class='ocrx_word' id='word_1_531' title='bbox 1249 959 1297 986; x_wconf 81' lang='grc' dir='ltr'>τοῦ</span> <span class='ocrx_word' id='word_1_532' title='bbox 1318 960 1453 995; x_wconf 77' lang='grc' dir='ltr'>προτέρου</span> <span class='ocrx_word' id='word_1_533' title='bbox 1471 960 1630 996; x_wconf 62' lang='grc' dir='ltr'>ἐφάμιλλος,</span> <span class='ocrx_word' id='word_1_534' title='bbox 1647 961 1684 993; x_wconf 85' lang='grc' dir='ltr'>ὡς</span> <span class='ocrx_word' id='word_1_535' title='bbox 1700 963 1731 987; x_wconf 82' lang='grc' dir='ltr'><strong>ὲκ</strong></span> <span class='ocrx_word' id='word_1_536' title='bbox 1747 962 1844 995; x_wconf 79' lang='grc' dir='ltr'>δεξιῶν</span> 
     </span>
    </p>
   </div>
   <div class='ocr_carea' id='block_1_77' title="bbox 1053 1003 1845 1040">
    <p class='ocr_par' dir='ltr' id='par_1_77' title="bbox 1053 1003 1845 1040">
     <span class='ocr_line' id='line_1_77' title="bbox 1053 1003 1845 1040; baseline 0.003 -11"><span class='ocrx_word' id='word_1_537' title='bbox 1053 1004 1136 1030; x_wconf 78' lang='grc' dir='ltr'>αὐτοῦ</span> <span class='ocrx_word' id='word_1_538' title='bbox 1145 1005 1189 1030; x_wconf 78' lang='grc' dir='ltr'><strong>ἀεὶ</strong></span> <span class='ocrx_word' id='word_1_539' title='bbox 1202 1004 1248 1030; x_wconf 80' lang='grc' dir='ltr'>τὸν</span> <span class='ocrx_word' id='word_1_540' title='bbox 1258 1003 1325 1030; x_wconf 78' lang='grc' dir='ltr'>Θεὸν</span> <span class='ocrx_word' id='word_1_541' title='bbox 1341 1003 1543 1039; x_wconf 76' lang='grc' dir='ltr'>προορώμενος,</span> <span class='ocrx_word' id='word_1_542' title='bbox 1556 1004 1603 1030; x_wconf 80' lang='grc' dir='ltr'>καὶ</span> <span class='ocrx_word' id='word_1_543' title='bbox 1615 1005 1652 1039; x_wconf 85' lang='grc' dir='ltr'>μὴ</span> <span class='ocrx_word' id='word_1_544' title='bbox 1662 1005 1845 1040; x_wconf 82' lang='grc' dir='ltr'>σαλευόμενος</span> 
     </span>
    </p>
   </div>
   <div class='ocr_carea' id='block_1_78' title="bbox 1054 1049 1844 1085">
    <p class='ocr_par' dir='ltr' id='par_1_78' title="bbox 1054 1049 1844 1085">
     <span class='ocr_line' id='line_1_78' title="bbox 1054 1049 1844 1085; baseline 0.001 -10"><span class='ocrx_word' id='word_1_545' title='bbox 1054 1050 1082 1075; x_wconf 81' lang='grc' dir='ltr'>ἐν</span> <span class='ocrx_word' id='word_1_546' title='bbox 1093 1049 1270 1085; x_wconf 82' lang='grc' dir='ltr'>οἱᾳδηποτοῦν</span> <span class='ocrx_word' id='word_1_547' title='bbox 1287 1050 1412 1085; x_wconf 84' lang='grc' dir='ltr'>αἱρετικῇ</span> <span class='ocrx_word' id='word_1_548' title='bbox 1429 1050 1552 1085; x_wconf 75' lang='grc' dir='ltr'>ὑπονοίᾳ,</span> <span class='ocrx_word' id='word_1_549' title='bbox 1564 1050 1634 1085; x_wconf 79' lang='grc' dir='ltr'>πρὸς</span> <span class='ocrx_word' id='word_1_550' title='bbox 1645 1051 1691 1076; x_wconf 83' lang='grc' dir='ltr'>τὸν</span> <span class='ocrx_word' id='word_1_551' title='bbox 1699 1051 1844 1085; x_wconf 75' lang='grc' dir='ltr'>πατρίκιον</span> 
     </span>
    </p>
   </div>
   <div class='ocr_carea' id='block_1_79' title="bbox 1053 1094 1845 1132">
    <p class='ocr_par' dir='ltr' id='par_1_79' title="bbox 1053 1094 1845 1132">
     <span class='ocr_line' id='line_1_79' title="bbox 1053 1094 1845 1132; baseline 0.001 -12"><span class='ocrx_word' id='word_1_552' title='bbox 1053 1094 1104 1129; x_wconf 65' lang='grc' dir='ltr'><strong>ἔφη</strong></span> <span class='ocrx_word' id='word_1_553' title='bbox 1118 1103 1124 1110; x_wconf 85' lang='grc'><strong>·</strong></span> <span class='ocrx_word' id='word_1_554' title='bbox 1145 1095 1510 1130; x_wconf 70' lang='grc' dir='ltr'>[ἰρόσσχεςκυριοπατρίκιος</span> <span class='ocrx_word' id='word_1_555' title='bbox 1522 1099 1536 1114; x_wconf 76' lang='grc' dir='ltr'><strong>ν</strong></span> <span class='ocrx_word' id='word_1_556' title='bbox 1553 1103 1568 1132; x_wconf 21' lang='grc' dir='ltr'><strong>’τ</strong></span> <span class='ocrx_word' id='word_1_557' title='bbox 1582 1095 1725 1130; x_wconf 80' lang='grc' dir='ltr'>αὶρετικῆς</span> <span class='ocrx_word' id='word_1_558' title='bbox 1742 1095 1845 1130; x_wconf 75' lang='grc' dir='ltr'>ὑπολή-</span> 
     </span>
    </p>
   </div>
   <div class='ocr_carea' id='block_1_80' title="bbox 1053 1139 1843 1175">
    <p class='ocr_par' dir='ltr' id='par_1_80' title="bbox 1053 1139 1843 1175">
     <span class='ocr_line' id='line_1_80' title="bbox 1053 1139 1843 1175; baseline 0.003 -9"><span class='ocrx_word' id='word_1_559' title='bbox 1053 1140 1125 1174; x_wconf 80' lang='grc' dir='ltr'>ψεως</span> <span class='ocrx_word' id='word_1_560' title='bbox 1142 1140 1170 1166; x_wconf 80' lang='grc' dir='ltr'>ἐν</span> <span class='ocrx_word' id='word_1_561' title='bbox 1184 1139 1222 1174; x_wconf 84' lang='grc' dir='ltr'>τῷ</span> <span class='ocrx_word' id='word_1_562' title='bbox 1241 1140 1297 1175; x_wconf 83' lang='grc' dir='ltr'><strong>ὅρῳ</strong></span> <span class='ocrx_word' id='word_1_563' title='bbox 1314 1140 1367 1174; x_wconf 84' lang='grc' dir='ltr'>τῆς</span> <span class='ocrx_word' id='word_1_564' title='bbox 1385 1140 1599 1174; x_wconf 79' lang='grc' dir='ltr'>ψευδοσυλλόγου</span> <span class='ocrx_word' id='word_1_565' title='bbox 1616 1141 1718 1175; x_wconf 79' lang='grc' dir='ltr'><strong>ταύτης</strong></span> <span class='ocrx_word' id='word_1_566' title='bbox 1732 1141 1843 1168; x_wconf 78' lang='grc' dir='ltr'>συνόδου</span> 
     </span>
    </p>
   </div>
   <div class='ocr_carea' id='block_1_81' title="bbox 1055 1184 1844 1221">
    <p class='ocr_par' dir='ltr' id='par_1_81' title="bbox 1055 1184 1844 1221">
     <span class='ocr_line' id='line_1_81' title="bbox 1055 1184 1844 1221; baseline 0.001 -9"><span class='ocrx_word' id='word_1_567' title='bbox 1055 1185 1266 1220; x_wconf 77' lang='grc' dir='ltr'>προτεθειμένης</span> <span class='ocrx_word' id='word_1_568' title='bbox 1280 1206 1287 1216; x_wconf 87' lang='grc'><strong>,</strong></span> <span class='ocrx_word' id='word_1_569' title='bbox 1311 1185 1446 1220; x_wconf 71' lang='grc' dir='ltr'>Στέφανος</span> <span class='ocrx_word' id='word_1_570' title='bbox 1462 1184 1524 1212; x_wconf 77' lang='grc' dir='ltr'>οὔτε</span> <span class='ocrx_word' id='word_1_571' title='bbox 1541 1185 1691 1221; x_wconf 81' lang='grc' dir='ltr'>ὑπογράφω</span> <span class='ocrx_word' id='word_1_572' title='bbox 1702 1208 1709 1218; x_wconf 89' lang='grc'><strong>,</strong></span> <span class='ocrx_word' id='word_1_573' title='bbox 1725 1185 1787 1213; x_wconf 80' lang='grc' dir='ltr'>οὒτε</span> <span class='ocrx_word' id='word_1_574' title='bbox 1814 1188 1844 1213; x_wconf 72' lang='grc' dir='ltr'>τδ</span> 
     </span>
    </p>
   </div>
   <div class='ocr_carea' id='block_1_82' title="bbox 1055 1231 1842 1268">
    <p class='ocr_par' dir='ltr' id='par_1_82' title="bbox 1055 1231 1842 1268">
     <span class='ocr_line' id='line_1_82' title="bbox 1055 1231 1842 1268; baseline 0.001 -11"><span class='ocrx_word' id='word_1_575' title='bbox 1055 1232 1152 1265; x_wconf 79' lang='grc' dir='ltr'>πικρὸν</span> <span class='ocrx_word' id='word_1_576' title='bbox 1177 1231 1264 1265; x_wconf 78' lang='grc' dir='ltr'>γλυκὺ</span> <span class='ocrx_word' id='word_1_577' title='bbox 1287 1232 1433 1257; x_wconf 80' lang='grc' dir='ltr'>ἀποκαλῶ·</span> <span class='ocrx_word' id='word_1_578' title='bbox 1451 1233 1495 1258; x_wconf 86' lang='grc' dir='ltr'>ἵνα</span> <span class='ocrx_word' id='word_1_579' title='bbox 1523 1232 1607 1267; x_wconf 79' lang='grc' dir='ltr'>μὴτὸ</span> <span class='ocrx_word' id='word_1_580' title='bbox 1628 1233 1675 1258; x_wconf 82' lang='grc' dir='ltr'><strong>τοῦ</strong></span> <span class='ocrx_word' id='word_1_581' title='bbox 1700 1234 1842 1268; x_wconf 69' lang='grc' dir='ltr'>προφήτου</span> 
     </span>
    </p>
   </div>
   <div class='ocr_carea' id='block_1_83' title="bbox 1054 1276 1844 1312">
    <p class='ocr_par' dir='ltr' id='par_1_83' title="bbox 1054 1276 1844 1312">
     <span class='ocr_line' id='line_1_83' title="bbox 1054 1276 1844 1312; baseline 0.001 -10"><span class='ocrx_word' id='word_1_582' title='bbox 1054 1278 1115 1303; x_wconf 68' lang='grc' dir='ltr'>οὐαὶ</span> <span class='ocrx_word' id='word_1_583' title='bbox 1134 1277 1332 1310; x_wconf 78' lang='grc' dir='ltr'>ὲπισπάσωμαι</span> <span class='ocrx_word' id='word_1_584' title='bbox 1344 1284 1351 1291; x_wconf 83' lang='grc'>⁶</span> <span class='ocrx_word' id='word_1_585' title='bbox 1375 1277 1444 1310; x_wconf 72' lang='grc' dir='ltr'>πρὸς</span> <span class='ocrx_word' id='word_1_586' title='bbox 1460 1276 1489 1302; x_wconf 76' lang='grc' dir='ltr'><strong>δὲ</strong></span> <span class='ocrx_word' id='word_1_587' title='bbox 1503 1277 1550 1303; x_wconf 82' lang='grc' dir='ltr'><strong>καὶ</strong></span> <span class='ocrx_word' id='word_1_588' title='bbox 1565 1277 1613 1312; x_wconf 82' lang='grc' dir='ltr'>τὴν</span> <span class='ocrx_word' id='word_1_589' title='bbox 1639 1277 1694 1303; x_wconf 88' lang='grc' dir='ltr'>τῶν</span> <span class='ocrx_word' id='word_1_590' title='bbox 1710 1277 1792 1312; x_wconf 77' lang='grc' dir='ltr'>ἱερῶν</span> <span class='ocrx_word' id='word_1_591' title='bbox 1805 1279 1844 1303; x_wconf 66' lang='grc' dir='ltr'>ει.</span> 
     </span>
    </p>
   </div>
   <div class='ocr_carea' id='block_1_84' title="bbox 1055 1323 1838 1358">
    <p class='ocr_par' dir='ltr' id='par_1_84' title="bbox 1055 1323 1838 1358">
     <span class='ocr_line' id='line_1_84' title="bbox 1055 1323 1838 1358; baseline -0.001 -8"><span class='ocrx_word' id='word_1_592' title='bbox 1055 1324 1141 1350; x_wconf 77' lang='grc' dir='ltr'>κόνων</span> <span class='ocrx_word' id='word_1_593' title='bbox 1158 1323 1354 1358; x_wconf 72' lang='grc' dir='ltr'>προσκύνησιν,</span> <span class='ocrx_word' id='word_1_594' title='bbox 1375 1323 1496 1358; x_wconf 80' lang='grc' dir='ltr'><strong>εὐχερῶς</strong></span> <span class='ocrx_word' id='word_1_595' title='bbox 1523 1323 1613 1357; x_wconf 78' lang='grc' dir='ltr'>μέλλω</span> <span class='ocrx_word' id='word_1_596' title='bbox 1641 1323 1838 1358; x_wconf 78' lang='grc' dir='ltr'>ἀποθνήσκειν,</span> 
     </span>
    </p>
   </div>
   <div class='ocr_carea' id='block_1_85' title="bbox 1057 1368 1839 1404">
    <p class='ocr_par' dir='ltr' id='par_1_85' title="bbox 1057 1368 1839 1404">
     <span class='ocr_line' id='line_1_85' title="bbox 1057 1368 1839 1404; baseline 0 -10"><span class='ocrx_word' id='word_1_597' title='bbox 1057 1370 1157 1404; x_wconf 75' lang='grc' dir='ltr'>μηδένα</span> <span class='ocrx_word' id='word_1_598' title='bbox 1185 1368 1263 1402; x_wconf 87' lang='grc' dir='ltr'>λόγον</span> <span class='ocrx_word' id='word_1_599' title='bbox 1290 1368 1454 1403; x_wconf 78' lang='grc' dir='ltr'>ποιούμενος</span> <span class='ocrx_word' id='word_1_600' title='bbox 1471 1368 1518 1394; x_wconf 84' lang='grc' dir='ltr'>τοῦ</span> <span class='ocrx_word' id='word_1_601' title='bbox 1539 1368 1641 1399; x_wconf 78' lang='grc' dir='ltr'>ταύτας</span> <span class='ocrx_word' id='word_1_602' title='bbox 1666 1369 1839 1396; x_wconf 64' lang='grc' dir='ltr'>ἀπωθεῖσθαι</span> 
     </span>
    </p>
   </div>
   <div class='ocr_carea' id='block_1_86' title="bbox 1055 1414 1844 1450">
    <p class='ocr_par' dir='ltr' id='par_1_86' title="bbox 1055 1414 1844 1450">
     <span class='ocr_line' id='line_1_86' title="bbox 1055 1414 1844 1450; baseline 0 -9"><span class='ocrx_word' id='word_1_603' title='bbox 1055 1415 1208 1450; x_wconf 75' lang='grc' dir='ltr'>τολμῶντος</span> <span class='ocrx_word' id='word_1_604' title='bbox 1243 1414 1419 1450; x_wconf 67' lang='grc' dir='ltr'>αἱρεσιάρχου</span> <span class='ocrx_word' id='word_1_605' title='bbox 1458 1414 1600 1449; x_wconf 82' lang='grc' dir='ltr'>βασιλέως.</span> <span class='ocrx_word' id='word_1_606' title='bbox 1636 1415 1691 1440; x_wconf 69' lang='grc' dir='ltr'><strong>Καὶ</strong></span> <span class='ocrx_word' id='word_1_607' title='bbox 1720 1415 1768 1449; x_wconf 77' lang='grc' dir='ltr'>τὴν</span> <span class='ocrx_word' id='word_1_608' title='bbox 1792 1424 1844 1441; x_wconf 64' lang='grc' dir='ltr'>πσ-</span> 
     </span>
    </p>
   </div>
   <div class='ocr_carea' id='block_1_87' title="bbox 1055 1459 1843 1496">
    <p class='ocr_par' dir='ltr' id='par_1_87' title="bbox 1055 1459 1843 1496">
     <span class='ocr_line' id='line_1_87' title="bbox 1055 1459 1843 1496; baseline 0 -10"><span class='ocrx_word' id='word_1_609' title='bbox 1055 1460 1168 1495; x_wconf 84' lang='grc' dir='ltr'>λαιστὴν</span> <span class='ocrx_word' id='word_1_610' title='bbox 1193 1460 1382 1492; x_wconf 82' lang='grc' dir='ltr'>ὑπολακχίσας</span> <span class='ocrx_word' id='word_1_611' title='bbox 1405 1462 1438 1495; x_wconf 85' lang='grc' dir='ltr'>τῇ</span> <span class='ocrx_word' id='word_1_612' title='bbox 1471 1460 1525 1486; x_wconf 82' lang='grc' dir='ltr'>τῶν</span> <span class='ocrx_word' id='word_1_613' title='bbox 1549 1459 1689 1486; x_wconf 72' lang='grc' dir='ltr'><strong>δακτύλων</strong></span> <span class='ocrx_word' id='word_1_614' title='bbox 1717 1460 1843 1496; x_wconf 72' lang='grc' dir='ltr'>ὀρδιναίᾳ</span> 
     </span>
    </p>
   </div>
   <div class='ocr_carea' id='block_1_88' title="bbox 1057 1505 1842 1541">
    <p class='ocr_par' dir='ltr' id='par_1_88' title="bbox 1057 1505 1842 1541">
     <span class='ocr_line' id='line_1_88' title="bbox 1057 1505 1842 1541; baseline -0.003 -9"><span class='ocrx_word' id='word_1_615' title='bbox 1057 1505 1194 1541; x_wconf 79' lang='grc' dir='ltr'>συμπήξει</span> <span class='ocrx_word' id='word_1_616' title='bbox 1212 1505 1297 1536; x_wconf 71' lang='grc' dir='ltr'>οὕτως</span> <span class='ocrx_word' id='word_1_617' title='bbox 1312 1505 1460 1537; x_wconf 73' lang='grc' dir='ltr'>ἐδείκνυεν,</span> <span class='ocrx_word' id='word_1_618' title='bbox 1490 1505 1594 1539; x_wconf 79' lang='grc' dir='ltr'>λέγων·</span> <span class='ocrx_word' id='word_1_619' title='bbox 1622 1506 1653 1531; x_wconf 81' lang='grc' dir='ltr'><strong>Εἰ</strong></span> <span class='ocrx_word' id='word_1_620' title='bbox 1668 1505 1796 1532; x_wconf 72' lang='grc' dir='ltr'>τοσοῦτον</span> <span class='ocrx_word' id='word_1_621' title='bbox 1811 1506 1842 1531; x_wconf 64' lang='grc' dir='ltr'>τὸ</span> 
     </span>
    </p>
   </div>
   <div class='ocr_carea' id='block_1_89' title="bbox 1055 1548 1843 1587">
    <p class='ocr_par' dir='ltr' id='par_1_89' title="bbox 1055 1548 1843 1587">
     <span class='ocr_line' id='line_1_89' title="bbox 1055 1548 1843 1587; baseline -0.001 -9"><span class='ocrx_word' id='word_1_622' title='bbox 1055 1553 1119 1587; x_wconf 68' lang='grc' dir='ltr'>περὶ</span> <span class='ocrx_word' id='word_1_623' title='bbox 1140 1552 1188 1586; x_wconf 77' lang='grc' dir='ltr'><strong>ἐμὲ</strong></span> <span class='ocrx_word' id='word_1_624' title='bbox 1214 1551 1328 1584; x_wconf 78' lang='grc' dir='ltr'><strong>ζωτικὸν</strong></span> <span class='ocrx_word' id='word_1_625' title='bbox 1354 1548 1442 1586; x_wconf 76' lang='grc' dir='ltr'>αἷμα”</span> <span class='ocrx_word' id='word_1_626' title='bbox 1459 1551 1605 1586; x_wconf 76' lang='grc' dir='ltr'>ὲκχυθήτω</span> <span class='ocrx_word' id='word_1_627' title='bbox 1635 1552 1704 1586; x_wconf 76' lang='grc' dir='ltr'>ὑπὲρ</span> <span class='ocrx_word' id='word_1_628' title='bbox 1722 1551 1772 1586; x_wconf 80' lang='grc' dir='ltr'>τῆς</span> <span class='ocrx_word' id='word_1_629' title='bbox 1796 1551 1843 1577; x_wconf 72' lang='grc' dir='ltr'>τοῦ</span> 
     </span>
    </p>
   </div>
   <div class='ocr_carea' id='block_1_90' title="bbox 1055 1596 1845 1632">
    <p class='ocr_par' dir='ltr' id='par_1_90' title="bbox 1055 1596 1845 1632">
     <span class='ocr_line' id='line_1_90' title="bbox 1055 1596 1845 1632; baseline -0.003 -8"><span class='ocrx_word' id='word_1_630' title='bbox 1055 1597 1173 1632; x_wconf 74' lang='grc' dir='ltr'>Χριστοῦ</span> <span class='ocrx_word' id='word_1_631' title='bbox 1191 1597 1304 1628; x_wconf 74' lang='grc' dir='ltr'>εἰκόνος.</span> <span class='ocrx_word' id='word_1_632' title='bbox 1325 1597 1366 1622; x_wconf 77' lang='grc' dir='ltr'><em>Τὰ</em></span> <span class='ocrx_word' id='word_1_633' title='bbox 1378 1597 1406 1622; x_wconf 82' lang='grc' dir='ltr'><strong>δὲ</strong></span> <span class='ocrx_word' id='word_1_634' title='bbox 1421 1597 1485 1631; x_wconf 77' lang='grc' dir='ltr'>παρ’</span> <span class='ocrx_word' id='word_1_635' title='bbox 1499 1596 1582 1622; x_wconf 83' lang='grc' dir='ltr'>αὑτοῦ</span> <span class='ocrx_word' id='word_1_636' title='bbox 1598 1596 1757 1631; x_wconf 76' lang='grc' dir='ltr'>πεμφθέντα</span> <span class='ocrx_word' id='word_1_637' title='bbox 1774 1596 1845 1631; x_wconf 77' lang='grc' dir='ltr'>βρώ-</span> 
     </span>
    </p>
   </div>
   <div class='ocr_carea' id='block_1_91' title="bbox 1058 1641 1842 1678">
    <p class='ocr_par' dir='ltr' id='par_1_91' title="bbox 1058 1641 1842 1678">
     <span class='ocr_line' id='line_1_91' title="bbox 1058 1641 1842 1678; baseline -0.001 -9"><span class='ocrx_word' id='word_1_638' title='bbox 1058 1652 1129 1678; x_wconf 81' lang='grc' dir='ltr'>ματα</span> <span class='ocrx_word' id='word_1_639' title='bbox 1144 1643 1309 1677; x_wconf 72' lang='grc' dir='ltr'>ἀπόττρεφε.</span> <span class='ocrx_word' id='word_1_640' title='bbox 1328 1643 1452 1669; x_wconf 70' lang='grc' dir='ltr'>Ἐλαιον</span> <span class='ocrx_word' id='word_1_641' title='bbox 1472 1641 1526 1677; x_wconf 86' lang='grc' dir='ltr'><strong>γὰρ</strong></span> <span class='ocrx_word' id='word_1_642' title='bbox 1540 1642 1716 1676; x_wconf 65' lang='grc' dir='ltr'>ἁμαρτωλοί]</span> <span class='ocrx_word' id='word_1_643' title='bbox 1734 1642 1777 1675; x_wconf 76' lang='grc' dir='ltr'>μὴ</span> <span class='ocrx_word' id='word_1_644' title='bbox 1799 1644 1842 1668; x_wconf 75' lang='grc' dir='ltr'>λι-</span> 
     </span>
    </p>
   </div>
   <div class='ocr_carea' id='block_1_92' title="bbox 1056 1688 1842 1722">
    <p class='ocr_par' dir='ltr' id='par_1_92' title="bbox 1056 1688 1842 1722">
     <span class='ocr_line' id='line_1_92' title="bbox 1056 1688 1842 1722; baseline 0 -8"><span class='ocrx_word' id='word_1_645' title='bbox 1056 1688 1176 1715; x_wconf 69' lang='grc' dir='ltr'>πανάτω</span> <span class='ocrx_word' id='word_1_646' title='bbox 1191 1688 1248 1721; x_wconf 78' lang='grc' dir='ltr'><strong>τὴν</strong></span> <span class='ocrx_word' id='word_1_647' title='bbox 1268 1688 1407 1722; x_wconf 68' lang='grc' dir='ltr'>κεφαλήν</span> <span class='ocrx_word' id='word_1_648' title='bbox 1423 1696 1482 1721; x_wconf 85' lang='grc' dir='ltr'><strong>μου</strong></span> <span class='ocrx_word' id='word_1_649' title='bbox 1493 1708 1500 1720; x_wconf 89' lang='grc'><strong>,</strong></span> <span class='ocrx_word' id='word_1_650' title='bbox 1518 1689 1563 1714; x_wconf 74' lang='grc' dir='ltr'>καὶ</span> <span class='ocrx_word' id='word_1_651' title='bbox 1582 1689 1614 1714; x_wconf 81' lang='grc' dir='ltr'>ἐκ</span> <span class='ocrx_word' id='word_1_652' title='bbox 1630 1688 1784 1722; x_wconf 79' lang='grc' dir='ltr'>βρωμάτων</span> <span class='ocrx_word' id='word_1_653' title='bbox 1799 1689 1842 1714; x_wconf 87' lang='grc' dir='ltr'><strong>αἱ-</strong></span> 
     </span>
    </p>
   </div>
   <div class='ocr_carea' id='block_1_93' title="bbox 1057 1733 1844 1768">
    <p class='ocr_par' dir='ltr' id='par_1_93' title="bbox 1057 1733 1844 1768">
     <span class='ocr_line' id='line_1_93' title="bbox 1057 1733 1844 1768; baseline 0.001 -9"><span class='ocrx_word' id='word_1_654' title='bbox 1057 1733 1165 1767; x_wconf 81' lang='grc' dir='ltr'>ρετικοῦ</span> <span class='ocrx_word' id='word_1_655' title='bbox 1195 1733 1231 1768; x_wconf 85' lang='grc' dir='ltr'>μὴ</span> <span class='ocrx_word' id='word_1_656' title='bbox 1259 1733 1440 1767; x_wconf 80' lang='grc' dir='ltr'>γλυκανθήτω</span> <span class='ocrx_word' id='word_1_657' title='bbox 1474 1734 1488 1758; x_wconf 84' lang='grc' dir='ltr'>ὁ</span> <span class='ocrx_word' id='word_1_658' title='bbox 1522 1733 1631 1768; x_wconf 67' lang='grc' dir='ltr'>φάρυγξ</span> <span class='ocrx_word' id='word_1_659' title='bbox 1663 1742 1724 1767; x_wconf 83' lang='grc' dir='ltr'>μου.</span> <span class='ocrx_word' id='word_1_660' title='bbox 1751 1733 1844 1760; x_wconf 79' lang='grc' dir='ltr'>Ταῦτα</span> 
     </span>
    </p>
   </div>
   <div class='ocr_carea' id='block_1_94' title="bbox 1055 1777 1843 1813">
    <p class='ocr_par' dir='ltr' id='par_1_94' title="bbox 1055 1777 1843 1813">
     <span class='ocr_line' id='line_1_94' title="bbox 1055 1777 1843 1813; baseline 0.001 -10"><span class='ocrx_word' id='word_1_661' title='bbox 1055 1777 1175 1809; x_wconf 81' lang='grc' dir='ltr'>ἀκούσας</span> <span class='ocrx_word' id='word_1_662' title='bbox 1190 1779 1203 1804; x_wconf 90' lang='grc' dir='ltr'><strong>ό</strong></span> <span class='ocrx_word' id='word_1_663' title='bbox 1222 1778 1314 1813; x_wconf 84' lang='grc' dir='ltr'>ἄρχων</span> <span class='ocrx_word' id='word_1_664' title='bbox 1327 1778 1431 1808; x_wconf 74' lang='grc' dir='ltr'>ἐκεῖνος</span> <span class='ocrx_word' id='word_1_665' title='bbox 1444 1797 1452 1809; x_wconf 85' lang='grc'><strong>,</strong></span> <span class='ocrx_word' id='word_1_666' title='bbox 1468 1777 1670 1813; x_wconf 79' lang='grc' dir='ltr'>παλινοστήσας</span> <span class='ocrx_word' id='word_1_667' title='bbox 1680 1797 1688 1809; x_wconf 84' lang='grc'><strong>,</strong></span> <span class='ocrx_word' id='word_1_668' title='bbox 1704 1779 1738 1804; x_wconf 61' lang='grc' dir='ltr'>τὰ</span> <span class='ocrx_word' id='word_1_669' title='bbox 1764 1778 1843 1813; x_wconf 78' lang='grc' dir='ltr'>βασε-</span> 
     </span>
    </p>
   </div>
   <div class='ocr_carea' id='block_1_95' title="bbox 1056 1823 1843 1859">
    <p class='ocr_par' dir='ltr' id='par_1_95' title="bbox 1056 1823 1843 1859">
     <span class='ocr_line' id='line_1_95' title="bbox 1056 1823 1843 1859; baseline 0 -9"><span class='ocrx_word' id='word_1_670' title='bbox 1056 1823 1115 1850; x_wconf 75' lang='grc' dir='ltr'>λεια</span> <span class='ocrx_word' id='word_1_671' title='bbox 1133 1823 1291 1856; x_wconf 80' lang='grc' dir='ltr'>χατέλαὸεν,</span> <span class='ocrx_word' id='word_1_672' title='bbox 1306 1824 1352 1850; x_wconf 69' lang='grc' dir='ltr'><strong>καὶ</strong></span> <span class='ocrx_word' id='word_1_673' title='bbox 1368 1823 1436 1858; x_wconf 77' lang='grc' dir='ltr'>δῆλα</span> <span class='ocrx_word' id='word_1_674' title='bbox 1451 1823 1540 1851; x_wconf 74' lang='grc' dir='ltr'>πάντα</span> <span class='ocrx_word' id='word_1_675' title='bbox 1554 1824 1592 1859; x_wconf 83' lang='grc' dir='ltr'>τῷ</span> <span class='ocrx_word' id='word_1_676' title='bbox 1613 1824 1688 1858; x_wconf 81' lang='grc' dir='ltr'>αὐτῷ</span> <span class='ocrx_word' id='word_1_677' title='bbox 1704 1824 1843 1859; x_wconf 77' lang='grc' dir='ltr'>πέμψαντι</span> 
     </span>
    </p>
   </div>
   <div class='ocr_carea' id='block_1_96' title="bbox 1057 1869 1844 1905">
    <p class='ocr_par' dir='ltr' id='par_1_96' title="bbox 1057 1869 1844 1905">
     <span class='ocr_line' id='line_1_96' title="bbox 1057 1869 1844 1905; baseline 0.001 -10"><span class='ocrx_word' id='word_1_678' title='bbox 1057 1871 1215 1904; x_wconf 74' lang='grc' dir='ltr'>πεποίηκεν.</span> <span class='ocrx_word' id='word_1_679' title='bbox 1242 1869 1270 1896; x_wconf 92' lang='grc' dir='ltr'>Ὀ</span> <span class='ocrx_word' id='word_1_680' title='bbox 1284 1869 1312 1895; x_wconf 83' lang='grc' dir='ltr'>δὲ</span> <span class='ocrx_word' id='word_1_681' title='bbox 1328 1869 1450 1905; x_wconf 76' lang='grc' dir='ltr'>παρευθὺ</span> <span class='ocrx_word' id='word_1_682' title='bbox 1467 1870 1569 1904; x_wconf 76' lang='grc' dir='ltr'>βρύξας</span> <span class='ocrx_word' id='word_1_683' title='bbox 1584 1870 1624 1904; x_wconf 82' lang='grc' dir='ltr'>τῷ</span> <span class='ocrx_word' id='word_1_684' title='bbox 1639 1870 1728 1905; x_wconf 77' lang='grc' dir='ltr'>Θυμῴ,</span> <span class='ocrx_word' id='word_1_685' title='bbox 1747 1870 1844 1905; x_wconf 75' lang='grc' dir='ltr'>ὥσπερ</span> 
     </span>
    </p>
   </div>
   <div class='ocr_carea' id='block_1_97' title="bbox 1055 1915 1842 1950">
    <p class='ocr_par' dir='ltr' id='par_1_97' title="bbox 1055 1915 1842 1950">
     <span class='ocr_line' id='line_1_97' title="bbox 1055 1915 1842 1950; baseline 0.001 -9"><span class='ocrx_word' id='word_1_686' title='bbox 1055 1915 1133 1945; x_wconf 80' lang='grc' dir='ltr'>λέων.</span> <span class='ocrx_word' id='word_1_687' title='bbox 1151 1915 1197 1941; x_wconf 78' lang='grc' dir='ltr'>καὶ</span> <span class='ocrx_word' id='word_1_688' title='bbox 1221 1915 1285 1949; x_wconf 80' lang='grc' dir='ltr'>βοὴν</span> <span class='ocrx_word' id='word_1_689' title='bbox 1308 1915 1338 1941; x_wconf 81' lang='grc' dir='ltr'>οὐ</span> <span class='ocrx_word' id='word_1_690' title='bbox 1363 1915 1466 1950; x_wconf 84' lang='grc' dir='ltr'>μικρὰν</span> <span class='ocrx_word' id='word_1_691' title='bbox 1487 1916 1520 1941; x_wconf 85' lang='grc' dir='ltr'><strong>ὲκ</strong></span> <span class='ocrx_word' id='word_1_692' title='bbox 1544 1916 1594 1949; x_wconf 77' lang='grc' dir='ltr'>τῆς</span> <span class='ocrx_word' id='word_1_693' title='bbox 1619 1916 1728 1950; x_wconf 70' lang='grc' dir='ltr'>ὀργίλου</span> <span class='ocrx_word' id='word_1_694' title='bbox 1757 1917 1842 1942; x_wconf 73' lang='grc' dir='ltr'>αὐτοῦ</span> 
     </span>
    </p>
   </div>
   <div class='ocr_carea' id='block_1_98' title="bbox 1055 1960 1844 1996">
    <p class='ocr_par' dir='ltr' id='par_1_98' title="bbox 1055 1960 1844 1996">
     <span class='ocr_line' id='line_1_98' title="bbox 1055 1960 1844 1996; baseline 0.003 -10"><span class='ocrx_word' id='word_1_695' title='bbox 1055 1961 1247 1994; x_wconf 82' lang='grc' dir='ltr'>ἁνακαχλάσας</span> <span class='ocrx_word' id='word_1_696' title='bbox 1258 1960 1356 1995; x_wconf 69' lang='grc' dir='ltr'>ψυχῆς,</span> <span class='ocrx_word' id='word_1_697' title='bbox 1369 1960 1492 1995; x_wconf 82' lang='grc' dir='ltr'>παρενοὺ</span> <span class='ocrx_word' id='word_1_698' title='bbox 1504 1961 1663 1987; x_wconf 81' lang='grc' dir='ltr'>ἀποστέλλει</span> <span class='ocrx_word' id='word_1_699' title='bbox 1676 1962 1844 1996; x_wconf 69' lang='grc' dir='ltr'>ἀρχισατρά-</span> 
     </span>
    </p>
   </div>
   <div class='ocr_carea' id='block_1_99' title="bbox 1056 2006 1842 2041">
    <p class='ocr_par' dir='ltr' id='par_1_99' title="bbox 1056 2006 1842 2041">
     <span class='ocr_line' id='line_1_99' title="bbox 1056 2006 1842 2041; baseline 0 -9"><span class='ocrx_word' id='word_1_700' title='bbox 1056 2015 1110 2037; x_wconf 82' lang='grc' dir='ltr'><strong>πας</strong></span> <span class='ocrx_word' id='word_1_701' title='bbox 1128 2007 1175 2032; x_wconf 83' lang='grc' dir='ltr'>καὶ</span> <span class='ocrx_word' id='word_1_702' title='bbox 1199 2006 1398 2041; x_wconf 75' lang='grc' dir='ltr'>ἁσπιδοφὸρους</span> <span class='ocrx_word' id='word_1_703' title='bbox 1417 2006 1612 2040; x_wconf 60' lang='grc' dir='ltr'>σφριγῶντας,</span> <span class='ocrx_word' id='word_1_704' title='bbox 1631 2007 1690 2041; x_wconf 76' lang='grc' dir='ltr'>ἅμα</span> <span class='ocrx_word' id='word_1_705' title='bbox 1710 2007 1749 2041; x_wconf 80' lang='grc' dir='ltr'>τῷ</span> <span class='ocrx_word' id='word_1_706' title='bbox 1771 2015 1842 2041; x_wconf 68' lang='grc' dir='ltr'>προ-</span> 
     </span>
    </p>
   </div>
   <div class='ocr_carea' id='block_1_100' title="bbox 1056 2052 1839 2088">
    <p class='ocr_par' dir='ltr' id='par_1_100' title="bbox 1056 2052 1839 2088">
     <span class='ocr_line' id='line_1_100' title="bbox 1056 2052 1839 2088; baseline 0 -9"><span class='ocrx_word' id='word_1_707' title='bbox 1056 2052 1209 2087; x_wconf 79' lang='grc' dir='ltr'>πεμφθέντι</span> <span class='ocrx_word' id='word_1_708' title='bbox 1241 2053 1378 2088; x_wconf 77' lang='grc' dir='ltr'>πατρικίῳ</span> <span class='ocrx_word' id='word_1_709' title='bbox 1399 2052 1543 2087; x_wconf 77' lang='grc' dir='ltr'><strong>Καλλίστῳ</strong></span> <span class='ocrx_word' id='word_1_710' title='bbox 1570 2054 1601 2079; x_wconf 85' lang='grc' dir='ltr'>τὸ</span> <span class='ocrx_word' id='word_1_711' title='bbox 1624 2053 1687 2088; x_wconf 79' lang='grc' dir='ltr'>ὅρος</span> <span class='ocrx_word' id='word_1_712' title='bbox 1715 2054 1839 2079; x_wconf 73' lang='grc' dir='ltr'>καταλαο</span> 
     </span>
    </p>
   </div>
   <div class='ocr_carea' id='block_1_101' title="bbox 1057 2098 1838 2132">
    <p class='ocr_par' dir='ltr' id='par_1_101' title="bbox 1057 2098 1838 2132">
     <span class='ocr_line' id='line_1_101' title="bbox 1057 2098 1838 2132; baseline 0 -8"><span class='ocrx_word' id='word_1_713' title='bbox 1057 2098 1126 2130; x_wconf 79' lang='grc' dir='ltr'>6εῑν,</span> <span class='ocrx_word' id='word_1_714' title='bbox 1143 2099 1190 2124; x_wconf 76' lang='grc' dir='ltr'><strong>καὶ</strong></span> <span class='ocrx_word' id='word_1_715' title='bbox 1206 2098 1252 2125; x_wconf 75' lang='grc' dir='ltr'><strong>τὸν</strong></span> <span class='ocrx_word' id='word_1_716' title='bbox 1269 2098 1346 2132; x_wconf 73' lang='grc' dir='ltr'>ἅγιον</span> <span class='ocrx_word' id='word_1_717' title='bbox 1360 2098 1410 2132; x_wconf 74' lang='grc' dir='ltr'>τῆς</span> <span class='ocrx_word' id='word_1_718' title='bbox 1426 2098 1523 2132; x_wconf 76' lang='grc' dir='ltr'>κέλλης</span> <span class='ocrx_word' id='word_1_719' title='bbox 1539 2098 1655 2132; x_wconf 78' lang='grc' dir='ltr'>ὀργίλως</span> <span class='ocrx_word' id='word_1_720' title='bbox 1675 2098 1838 2132; x_wconf 74' lang='grc' dir='ltr'>ἐξάραντας,</span> 
     </span>
    </p>
   </div>
   <div class='ocr_carea' id='block_1_102' title="bbox 1056 2143 1842 2178">
    <p class='ocr_par' dir='ltr' id='par_1_102' title="bbox 1056 2143 1842 2178">
     <span class='ocr_line' id='line_1_102' title="bbox 1056 2143 1842 2178; baseline -0.001 -8"><span class='ocrx_word' id='word_1_721' title='bbox 1056 2144 1084 2170; x_wconf 78' lang='grc' dir='ltr'>ἐν</span> <span class='ocrx_word' id='word_1_722' title='bbox 1101 2143 1140 2178; x_wconf 80' lang='grc' dir='ltr'>τῷ</span> <span class='ocrx_word' id='word_1_723' title='bbox 1154 2143 1228 2170; x_wconf 80' lang='grc' dir='ltr'>κάτω</span> <span class='ocrx_word' id='word_1_724' title='bbox 1254 2143 1428 2178; x_wconf 79' lang='grc' dir='ltr'>μοναστηριῳ</span> <span class='ocrx_word' id='word_1_725' title='bbox 1446 2143 1641 2178; x_wconf 73' lang='grc' dir='ltr'>παραφυλάξαι</span> <span class='ocrx_word' id='word_1_726' title='bbox 1670 2143 1842 2177; x_wconf 73' lang='grc' dir='ltr'>παρεκελεύ-</span> 
     </span>
    </p>
   </div>
   <div class='ocr_carea' id='block_1_103' title="bbox 1021 2185 1843 2223">
    <p class='ocr_par' dir='ltr' id='par_1_103' title="bbox 1021 2185 1843 2223">
     <span class='ocr_line' id='line_1_103' title="bbox 1021 2185 1843 2223; baseline 0.002 -11"><span class='ocrx_word' id='word_1_727' title='bbox 1021 2185 1040 2212; x_wconf 92' lang='lat' dir='ltr'><strong>D</strong></span> <span class='ocrx_word' id='word_1_728' title='bbox 1055 2197 1130 2221; x_wconf 76' lang='grc' dir='ltr'>σατο,</span> <span class='ocrx_word' id='word_1_729' title='bbox 1147 2188 1200 2219; x_wconf 72' lang='grc' dir='ltr'>ἕως</span> <span class='ocrx_word' id='word_1_730' title='bbox 1215 2187 1248 2214; x_wconf 84' lang='grc' dir='ltr'>ἂν</span> <span class='ocrx_word' id='word_1_731' title='bbox 1271 2187 1404 2222; x_wconf 74' lang='grc' dir='ltr'>σκέψηται</span> <span class='ocrx_word' id='word_1_732' title='bbox 1419 2188 1490 2222; x_wconf 73' lang='grc' dir='ltr'>περὶ</span> <span class='ocrx_word' id='word_1_733' title='bbox 1514 2187 1608 2214; x_wconf 72' lang='grc' dir='ltr'>αὑτοῦ.</span> <span class='ocrx_word' id='word_1_734' title='bbox 1632 2188 1662 2213; x_wconf 71' lang='grc' dir='ltr'><strong>ΟΣ</strong></span> <span class='ocrx_word' id='word_1_735' title='bbox 1685 2188 1712 2213; x_wconf 75' lang='grc' dir='ltr'>δὲ</span> <span class='ocrx_word' id='word_1_736' title='bbox 1733 2189 1762 2213; x_wconf 65' lang='grc' dir='ltr'><strong>τὸ</strong></span> <span class='ocrx_word' id='word_1_737' title='bbox 1778 2189 1843 2223; x_wconf 74' lang='grc' dir='ltr'>ὅρος</span> 
     </span>
    </p>
   </div>
   <div class='ocr_carea' id='block_1_104' title="bbox 1055 2233 1842 2268">
    <p class='ocr_par' dir='ltr' id='par_1_104' title="bbox 1055 2233 1842 2268">
     <span class='ocr_line' id='line_1_104' title="bbox 1055 2233 1842 2268; baseline -0.003 -7"><span class='ocrx_word' id='word_1_738' title='bbox 1055 2233 1273 2266; x_wconf 80' lang='grc' dir='ltr'>καταλαὸόντες,</span> <span class='ocrx_word' id='word_1_739' title='bbox 1290 2233 1380 2260; x_wconf 76' lang='grc' dir='ltr'>καὶτὸ</span> <span class='ocrx_word' id='word_1_740' title='bbox 1399 2233 1580 2268; x_wconf 84' lang='grc' dir='ltr'>μοναστήριον</span> <span class='ocrx_word' id='word_1_741' title='bbox 1598 2234 1767 2266; x_wconf 72' lang='grc' dir='ltr'>πεφοακότες</span> <span class='ocrx_word' id='word_1_742' title='bbox 1779 2254 1786 2265; x_wconf 86' lang='grc'><strong>,</strong></span> <span class='ocrx_word' id='word_1_743' title='bbox 1804 2235 1842 2263; x_wconf 75' lang='grc' dir='ltr'>ὡς</span> 
     </span>
    </p>
   </div>
   <div class='ocr_carea' id='block_1_105' title="bbox 1055 2278 1841 2316">
    <p class='ocr_par' dir='ltr' id='par_1_105' title="bbox 1055 2278 1841 2316">
     <span class='ocr_line' id='line_1_105' title="bbox 1055 2278 1841 2316; baseline -0.003 -10"><span class='ocrx_word' id='word_1_744' title='bbox 1055 2280 1138 2316; x_wconf 84' lang='grc' dir='ltr'>θῆρες</span> <span class='ocrx_word' id='word_1_745' title='bbox 1153 2279 1307 2314; x_wconf 75' lang='grc' dir='ltr'>ἁλλόμενοι,</span> <span class='ocrx_word' id='word_1_746' title='bbox 1323 2279 1373 2310; x_wconf 81' lang='grc' dir='ltr'><strong>λὰξ</strong></span> <span class='ocrx_word' id='word_1_747' title='bbox 1387 2279 1456 2305; x_wconf 72' lang='grc' dir='ltr'>κατὰ</span> <span class='ocrx_word' id='word_1_748' title='bbox 1468 2278 1522 2304; x_wconf 85' lang='grc' dir='ltr'>τῶν</span> <span class='ocrx_word' id='word_1_749' title='bbox 1538 2279 1628 2313; x_wconf 81' lang='grc' dir='ltr'>Ουρών</span> <span class='ocrx_word' id='word_1_750' title='bbox 1644 2280 1841 2314; x_wconf 80' lang='grc' dir='ltr'>προσέκρουον,</span> 
     </span>
    </p>
   </div>
   <div class='ocr_carea' id='block_1_106' title="bbox 1055 2323 1842 2360">
    <p class='ocr_par' dir='ltr' id='par_1_106' title="bbox 1055 2323 1842 2360">
     <span class='ocr_line' id='line_1_106' title="bbox 1055 2323 1842 2360; baseline -0.001 -8"><span class='ocrx_word' id='word_1_751' title='bbox 1055 2326 1102 2352; x_wconf 82' lang='grc' dir='ltr'>καὶ</span> <span class='ocrx_word' id='word_1_752' title='bbox 1118 2325 1156 2360; x_wconf 84' lang='grc' dir='ltr'>τῷ</span> <span class='ocrx_word' id='word_1_753' title='bbox 1172 2325 1242 2360; x_wconf 82' lang='grc' dir='ltr'>ἁγίῳ</span> <span class='ocrx_word' id='word_1_754' title='bbox 1260 2324 1386 2359; x_wconf 78' lang='grc' dir='ltr'>σπηλαίῳ</span> <span class='ocrx_word' id='word_1_755' title='bbox 1403 2323 1500 2358; x_wconf 67' lang='grc' dir='ltr'>φονέως</span> <span class='ocrx_word' id='word_1_756' title='bbox 1517 2324 1740 2359; x_wconf 74' lang='grc' dir='ltr'><strong>εἰσπηδήσαντες,</strong></span> <span class='ocrx_word' id='word_1_757' title='bbox 1758 2326 1842 2359; x_wconf 64' lang='grc' dir='ltr'><strong>ἐκφέ-</strong></span> 
     </span>
    </p>
   </div>
   <div class='ocr_carea' id='block_1_107' title="bbox 1058 2370 1840 2406">
    <p class='ocr_par' dir='ltr' id='par_1_107' title="bbox 1058 2370 1840 2406">
     <span class='ocr_line' id='line_1_107' title="bbox 1058 2370 1840 2406; baseline -0.003 -8"><span class='ocrx_word' id='word_1_758' title='bbox 1058 2379 1134 2406; x_wconf 84' lang='grc' dir='ltr'>ρουσι</span> <span class='ocrx_word' id='word_1_759' title='bbox 1154 2371 1200 2396; x_wconf 85' lang='grc' dir='ltr'>τὸν</span> <span class='ocrx_word' id='word_1_760' title='bbox 1218 2371 1307 2404; x_wconf 74' lang='grc' dir='ltr'>ἅγιον,</span> <span class='ocrx_word' id='word_1_761' title='bbox 1328 2370 1365 2400; x_wconf 84' lang='grc' dir='ltr'>ὡς</span> <span class='ocrx_word' id='word_1_762' title='bbox 1382 2370 1414 2395; x_wconf 74' lang='grc' dir='ltr'>ἐκ</span> <span class='ocrx_word' id='word_1_763' title='bbox 1436 2370 1540 2396; x_wconf 68' lang='grc' dir='ltr'>πασιτοῦ</span> <span class='ocrx_word' id='word_1_764' title='bbox 1564 2379 1638 2401; x_wconf 82' lang='grc' dir='ltr'>τινος</span> <span class='ocrx_word' id='word_1_765' title='bbox 1653 2371 1840 2404; x_wconf 73' lang='grc' dir='ltr'>πνευματικοῦ</span> 
     </span>
    </p>
   </div>
   <div class='ocr_carea' id='block_1_108' title="bbox 1058 2415 1842 2452">
    <p class='ocr_par' dir='ltr' id='par_1_108' title="bbox 1058 2415 1842 2452">
     <span class='ocr_line' id='line_1_108' title="bbox 1058 2415 1842 2452; baseline 0 -10"><span class='ocrx_word' id='word_1_766' title='bbox 1058 2416 1185 2452; x_wconf 76' lang='grc' dir='ltr'>σύροντες</span> <span class='ocrx_word' id='word_1_767' title='bbox 1197 2415 1259 2447; x_wconf 75' lang='grc' dir='ltr'><strong>ἔξω.</strong></span> <span class='ocrx_word' id='word_1_768' title='bbox 1281 2416 1328 2442; x_wconf 84' lang='grc' dir='ltr'><strong>Ἐκ</strong></span> <span class='ocrx_word' id='word_1_769' title='bbox 1343 2416 1391 2450; x_wconf 76' lang='grc' dir='ltr'>τῆς</span> <span class='ocrx_word' id='word_1_770' title='bbox 1402 2416 1455 2450; x_wconf 86' lang='grc' dir='ltr'><strong>γὰρ</strong></span> <span class='ocrx_word' id='word_1_771' title='bbox 1470 2415 1540 2449; x_wconf 75' lang='grc' dir='ltr'>ἄγαν</span> <span class='ocrx_word' id='word_1_772' title='bbox 1555 2417 1717 2450; x_wconf 71' lang='grc' dir='ltr'>ἐγκρατείας</span> <span class='ocrx_word' id='word_1_773' title='bbox 1732 2417 1779 2442; x_wconf 74' lang='grc' dir='ltr'>καὶ</span> <span class='ocrx_word' id='word_1_774' title='bbox 1794 2417 1842 2452; x_wconf 74' lang='grc' dir='ltr'>τῆς</span> 
     </span>
    </p>
   </div>
   <div class='ocr_carea' id='block_1_109' title="bbox 1057 2461 1841 2497">
    <p class='ocr_par' dir='ltr' id='par_1_109' title="bbox 1057 2461 1841 2497">
     <span class='ocr_line' id='line_1_109' title="bbox 1057 2461 1841 2497; baseline -0.001 -9"><span class='ocrx_word' id='word_1_775' title='bbox 1057 2462 1227 2497; x_wconf 81' lang='grc' dir='ltr'>στενωτὰτης</span> <span class='ocrx_word' id='word_1_776' title='bbox 1245 2462 1377 2496; x_wconf 79' lang='grc' dir='ltr'>οἰκήσεω,</span> <span class='ocrx_word' id='word_1_777' title='bbox 1402 2461 1455 2487; x_wconf 84' lang='grc' dir='ltr'>τῶν</span> <span class='ocrx_word' id='word_1_778' title='bbox 1470 2462 1584 2497; x_wconf 78' lang='grc' dir='ltr'>κνημῶν</span> <span class='ocrx_word' id='word_1_779' title='bbox 1608 2461 1690 2488; x_wconf 78' lang='grc' dir='ltr'>αὐτοῦ</span> <span class='ocrx_word' id='word_1_780' title='bbox 1707 2463 1768 2493; x_wconf 62' lang='grc' dir='ltr'>τοῖς</span> <span class='ocrx_word' id='word_1_781' title='bbox 1788 2471 1841 2496; x_wconf 75' lang='grc' dir='ltr'><strong>μη-</strong></span> 
     </span>
    </p>
   </div>
   <div class='ocr_carea' id='block_1_110' title="bbox 1059 2506 1842 2543">
    <p class='ocr_par' dir='ltr' id='par_1_110' title="bbox 1059 2506 1842 2543">
     <span class='ocr_line' id='line_1_110' title="bbox 1059 2506 1842 2543; baseline -0.001 -9"><span class='ocrx_word' id='word_1_782' title='bbox 1059 2509 1113 2543; x_wconf 82' lang='grc' dir='ltr'>ροῖς</span> <span class='ocrx_word' id='word_1_783' title='bbox 1129 2506 1398 2541; x_wconf 79' lang='grc' dir='ltr'>προσκολληθέντων,</span> <span class='ocrx_word' id='word_1_784' title='bbox 1415 2507 1525 2542; x_wconf 82' lang='grc' dir='ltr'>στήκειν</span> <span class='ocrx_word' id='word_1_785' title='bbox 1539 2507 1554 2542; x_wconf 87' lang='grc' dir='ltr'>ἦ</span> <span class='ocrx_word' id='word_1_786' title='bbox 1568 2506 1700 2534; x_wconf 78' lang='grc' dir='ltr'>κινεῖσθαι</span> <span class='ocrx_word' id='word_1_787' title='bbox 1713 2507 1761 2533; x_wconf 78' lang='grc' dir='ltr'><strong>οὐκ</strong></span> <span class='ocrx_word' id='word_1_788' title='bbox 1775 2507 1842 2541; x_wconf 76' lang='grc' dir='ltr'><strong>ἠδύ-</strong></span> 
     </span>
    </p>
   </div>
   <div class='ocr_carea' id='block_1_111' title="bbox 1056 2552 1840 2588">
    <p class='ocr_par' dir='ltr' id='par_1_111' title="bbox 1056 2552 1840 2588">
     <span class='ocr_line' id='line_1_111' title="bbox 1056 2552 1840 2588; baseline -0.001 -9"><span class='ocrx_word' id='word_1_789' title='bbox 1056 2562 1130 2580; x_wconf 81' lang='grc' dir='ltr'>νατο.</span> <span class='ocrx_word' id='word_1_790' title='bbox 1147 2553 1208 2580; x_wconf 85' lang='grc' dir='ltr'>Τῶν</span> <span class='ocrx_word' id='word_1_791' title='bbox 1231 2553 1259 2579; x_wconf 77' lang='grc' dir='ltr'><strong>δὲ</strong></span> <span class='ocrx_word' id='word_1_792' title='bbox 1275 2553 1465 2588; x_wconf 76' lang='grc' dir='ltr'>ἀσπιδοφύρων</span> <span class='ocrx_word' id='word_1_793' title='bbox 1485 2553 1594 2578; x_wconf 73' lang='grc' dir='ltr'>ἐκείνων</span> <span class='ocrx_word' id='word_1_794' title='bbox 1615 2552 1719 2587; x_wconf 84' lang='grc' dir='ltr'>ἀνδρῶν</span> <span class='ocrx_word' id='word_1_795' title='bbox 1736 2552 1767 2579; x_wconf 83' lang='grc' dir='ltr'><strong>τὸ</strong></span> <span class='ocrx_word' id='word_1_796' title='bbox 1794 2552 1840 2578; x_wconf 85' lang='grc' dir='ltr'>τοῦ</span> 
     </span>
    </p>
   </div>
   <div class='ocr_carea' id='block_1_112' title="bbox 1056 2597 1841 2634">
    <p class='ocr_par' dir='ltr' id='par_1_112' title="bbox 1056 2597 1841 2634">
     <span class='ocr_line' id='line_1_112' title="bbox 1056 2597 1841 2634; baseline -0.001 -10"><span class='ocrx_word' id='word_1_797' title='bbox 1056 2598 1162 2634; x_wconf 75' lang='grc' dir='ltr'>Ματρὸς</span> <span class='ocrx_word' id='word_1_798' title='bbox 1180 2598 1336 2633; x_wconf 78' lang='grc' dir='ltr'>θαυμαστὸν</span> <span class='ocrx_word' id='word_1_799' title='bbox 1354 2597 1526 2633; x_wconf 75' lang='grc' dir='ltr'>ἑωρακότων,</span> <span class='ocrx_word' id='word_1_800' title='bbox 1545 2597 1594 2623; x_wconf 79' lang='grc' dir='ltr'><strong>καὶ</strong></span> <span class='ocrx_word' id='word_1_801' title='bbox 1610 2597 1710 2632; x_wconf 82' lang='grc' dir='ltr'>πολλὴν</span> <span class='ocrx_word' id='word_1_802' title='bbox 1729 2597 1841 2632; x_wconf 63' lang='grc' dir='ltr'>συμπάη</span> 
     </span>
    </p>
   </div>
   <div class='ocr_carea' id='block_1_113' title="bbox 855 2756 1196 2783">
    <p class='ocr_par' dir='ltr' id='par_1_113' title="bbox 855 2756 1196 2783">
     <span class='ocr_line' id='line_1_113' title="bbox 855 2756 1196 2783; baseline 0.003 -1"><span class='ocrx_word' id='word_1_803' title='bbox 855 2756 972 2783; x_wconf 58' lang='grc' dir='ltr'><strong>ΥΛΙῖΙέΕ</strong></span> <span class='ocrx_word' id='word_1_804' title='bbox 994 2756 1196 2783; x_wconf 67' lang='grc' dir='ltr'><strong>ΙιΙῖΩΉΟΧῗζξὲι.</strong></span> 
     </span>
    </p>
   </div>
   <div class='ocr_carea' id='block_1_114' title="bbox 251 2825 938 2867">
    <p class='ocr_par' dir='ltr' id='par_1_114' title="bbox 251 2825 938 2867">
     <span class='ocr_line' id='line_1_114' title="bbox 251 2825 938 2867; baseline -0.016 -6"><span class='ocrx_word' id='word_1_805' title='bbox 251 2839 262 2854; x_wconf 89' lang='lat'>&#39;</span> <span class='ocrx_word' id='word_1_806' title='bbox 281 2835 319 2860; x_wconf 54' lang='lat' dir='ltr'><strong>All</strong></span> <span class='ocrx_word' id='word_1_807' title='bbox 337 2833 484 2867; x_wconf 71' lang='lat' dir='ltr'><strong>tnargincttt</strong></span> <span class='ocrx_word' id='word_1_808' title='bbox 503 2836 553 2856; x_wconf 89' lang='lat' dir='ltr'><strong>ms.</strong></span> <span class='ocrx_word' id='word_1_809' title='bbox 572 2826 701 2863; x_wconf 75' lang='grc' dir='ltr'>πρόσθες,</span> <span class='ocrx_word' id='word_1_810' title='bbox 720 2827 784 2862; x_wconf 68' lang='grc' dir='ltr'>κῦρι</span> <span class='ocrx_word' id='word_1_811' title='bbox 799 2825 938 2860; x_wconf 67' lang='grc' dir='ltr'>πατρῖκιε.</span> 
     </span>
    </p>
   </div>
  </div>
