1948 3077
223 100 288 164 ιιὸι

857 129 1035 161 PROCOPII
1057 129 1212 159 DIACONI

1789 128 1861 162 1192

219 186 288 214 Nam
303 185 397 213 orbem
414 189 549 212 terrarum
576 185 733 217 illustravit.
760 185 926 219 impietatem
950 193 1013 221 pro-

1068 185 1179 220 ἑερλεξεν
1206 184 1352 218 ἀθεότητα,
1365 183 1506 219 ἁπὲσμυξε
1522 184 1585 216 τοὺς
1597 186 1806 220 ὲρῤιπωμένους
1820 187 1860 213 ει-

220 233 333 268 ﬂigavit.
348 231 509 259 idololatria:
522 231 628 259 macula
644 231 759 259 foedatos
773 232 915 265 abstersit,
928 237 954 258 et
965 239 1013 266 per

221 280 386 314 baptismum
413 282 580 312 expurgatus
604 278 650 312 (ne
673 278 725 304 alia
745 278 820 312 plura
841 277 941 313 dicam)
958 277 1012 304 Deo

221 325 342 351 admovit
360 334 367 351 :
388 323 483 350 habuit
505 324 580 350 enim
599 323 718 357 linguam
743 323 824 350 veluti
849 323 970 358 clypeum
985 327 1013 350 et

222 369 344 399 basiant.
363 372 390 395 et
405 376 436 395 ea
460 375 520 401 qua:
545 368 711 402 praedicabat
727 368 881 395 certissima
907 369 1012 395 cunctis

221 415 401 447 ostendebat,
443 420 592 448 gentesque
619 416 652 441 ad
690 422 780 441 veram
814 414 898 440 vitam
933 421 1011 441 revo-

221 463 312 488 cultui.

256 506 282 533 ι.
305 506 383 533 Unde
414 506 573 540 multiplicia
599 506 766 533 emanabant
792 506 923 540 prodigia,
939 506 1012 533 illinc

222 553 308 580 turba:
328 553 361 579 ad
388 553 435 580 Dei
461 553 645 587 cognitionem
671 560 820 585 veramque
853 552 1011 588 religionem

222 599 434 626 traducebantur
450 606 457 625 :
473 599 518 632 qui
537 597 651 632 pedibus
666 603 745 625 antea
762 597 842 625 Iasus
856 603 925 632 erat,
943 599 1012 625 inte—

221 652 269 679 ger
298 649 390 678 postea
419 643 559 676 redditus,
587 643 657 671 bene
683 644 851 671 currentium
884 643 1013 678 magister

222 691 302 716 Iiehat
321 699 326 716 :
343 690 390 724 qui
408 689 494 716 oculis
513 695 593 716 antea
618 689 732 716 orbatus
753 694 824 721 eral,
849 689 1011 724 pupillarutn

221 737 307 762 aciem
322 735 507 762 acutissimam
540 740 633 770 postea
667 742 849 769 recuperatis,
882 735 951 763 alios
979 735 1012 763 ad

221 781 386 815 cognitionis
405 780 491 808 lucem
507 781 677 814 deducebat;
697 781 757 815 ejus
775 785 915 808 contactus
929 789 1012 808 exsu-

222 829 371 862 perantiam
389 828 499 859 caloris.
514 828 540 854 in
556 828 774 856 mediocritatem
796 834 933 855 consuelzc
947 836 1012 855 cou-

223 874 396 901 fualeratioui
429 874 608 908 pugnantium
637 874 801 909 qualitatum
827 875 1012 901 necessariam

223 919 404 953 temperabat,
423 923 569 954 aestu,quo
585 919 611 946 in
628 919 839 953 superstitiones
851 918 1013 946 ellcrvcsce-

222 966 284 991 baut
314 965 496 999 rcl’rigeralo;
522 965 594 993 unde
620 965 690 999 ignis
716 965 927 998 sacrificiorum,
954 973 1014 999 qua:

222 1010 301 1036 idolis
327 1009 524 1042 offerebantur,
548 1011 574 1037 in
593 1010 695 1037 furnum
711 1014 739 1037 et
761 1011 905 1045 caliginem
924 1016 1014 1038 verte-

223 1057 312 1087 batur,
326 1056 463 1084 dmmoncs
485 1056 587 1083 fraudis
601 1061 729 1084 auctores
747 1056 773 1084 in
802 1057 922 1084 cinerem
940 1057 1014 1083 redi-

220 1102 366 1136 gebaulur.
384 1106 411 1129 et
426 1110 488 1130 vera
507 1103 601 1137 religio
617 1102 742 1130 ﬂorebat.
756 1102 814 1130 Tua
825 1103 882 1130 haec
894 1102 1013 1135 fuerunt,

220 1156 237 1174 ο
252 1147 351 1181 Marce,
374 1148 491 1175 illustria
518 1153 592 1184 gesta
619 1153 647 1176 et
669 1149 840 1176 admirabilia
869 1149 986 1183 trophzca
1005 1158 1011 1175 :

222 1194 264 1222 his
281 1195 353 1222 euitn
373 1195 480 1222 artibus
505 1195 628 1229 captivos
650 1195 752 1222 tinxisti
775 1195 945 1222 exercituum
963 1195 1013 1220 du-

221 1248 277 1273 ces,
295 1247 322 1267 tu
337 1240 377 1267 vir
391 1240 453 1267 olim
470 1241 550 1268 idiota
564 1249 571 1273 ;
587 1241 628 1268 his
647 1241 732 1268 armis
747 1242 917 1269 ethnicorum
937 1249 1013 1267 erro-

222 1293 277 1312 rem
295 1286 464 1319 expttguasti,
482 1290 508 1312 tu
521 1293 623 1320 pauper
639 1291 666 1312 et
678 1287 758 1313 unica
775 1287 888 1313 indutus
903 1287 1011 1318 tunica;

222 1332 265 1358 his
280 1331 383 1358 viribus
407 1339 459 1358 una
483 1339 544 1358 cum
571 1330 664 1363 Petro,
681 1337 707 1358 tu
722 1331 794 1359 Petri
822 1331 905 1364 ﬁlius,
930 1331 1014 1359 Italo-

222 1385 281 1404 rum
298 1377 334 1412 (ε)
349 1383 456 1412 gentem
483 1378 631 1412 subegisli;
651 1386 665 1404 a
685 1378 751 1405 solis
771 1383 833 1405 ortu
855 1379 1012 1410 discedens,

1066 231 1192 261 δωλικοῐς
1213 231 1324 264 αἵμασι,
1343 230 1391 256 καὶ
1419 229 1657 264 καθηγνισμένους
1669 231 1738 257 Θεοῦ
1755 231 1794 267 τῷ
1810 231 1861 267 βα-

1069 276 1192 312 πτισμῷ.
1210 277 1253 303 ἴνα
1270 277 1308 312 μὴ
1323 276 1408 302 πλείω
1422 275 1517 310 φαίην.
1530 276 1711 312 παρέστησεν.
1726 276 1790 312 Εἶχε
1802 279 1862 312 γὰρ

1065 323 1115 358 τὴν
1125 323 1251 357 γλῶσσαν
1262 323 1319 349 ἀντ’
1329 321 1623 356 ἀσπίδοςκαὶδόρατος,
1631 323 1678 349 καὶ
1689 323 1758 358 τὸκή
1764 332 1861 358 ρυγμα

1065 369 1197 395 διεδείχνυ
1214 369 1280 395 πᾶσι
1300 368 1483 408 βεϐαιότερον,
1505 368 1552 394 καὶ
1572 368 1606 395 τὰ
1618 368 1708 404 πλήθη
1726 370 1794 405 πρὸς
1808 369 1862 404 τὴν

1065 415 1155 451 ἀληθῆ
1171 415 1244 450 ζωὴν
1262 410 1455 449 προενόμευεν.

1101 504 1142 536 ζ’.
1161 505 1258 532 Ἔνθεν
1270 505 1428 540 γὰρὲὄρυεν
1438 505 1455 540 ἡ
1469 505 1522 531 τῶν
1535 505 1680 540 θαυμάτων
1693 505 1859 541 πλημμύρα.

1066 551 1173 578 ἐκεῖθεν
1186 552 1211 577 οἱ
1221 551 1296 586 δχλοι
1305 551 1374 586 πρὸς
1384 551 1433 586 τὴν
1443 551 1609 585 θεογνωοὶαν
1624 553 1843 586 μετωχετεύοντο
1851 561 1859 568 ·

1065 598 1080 624 ό
1094 597 1145 629 τὰς
1165 597 1259 633 βάσεις
1281 597 1513 633 πεπληρωμένος.
1532 598 1665 633 ἀρτίπους
1690 599 1859 632 ἀναφανεὶς,

1066 641 1101 679 ἦν
1118 645 1176 674 τοῖς
1192 643 1355 678 εὐδρομοῦσι
1373 643 1532 675 διδάσκαλος
1544 652 1552 659 ·
1571 644 1712 678 ἀόμματος
1734 645 1794 675 ταῖς
1811 644 1860 670 κό-

1068 699 1129 726 ραις
1142 710 1148 722 ,
1164 689 1334 725 όξυδορκῶν,
1351 690 1447 722 ἄλλους
1465 690 1532 725 πρὸς
1549 690 1580 716 τὸ
1598 690 1655 724 φῶς
1679 691 1860 725 ἐχειραγώγει

1066 737 1115 772 τῆς
1134 736 1310 770 ἐπιγνώσεως
1323 744 1330 751 ·
1348 737 1363 772 ἡ
1390 735 1446 771 ἁφὴ
1469 735 1519 770 τὴν
1540 735 1587 762 τοῦ
1626 735 1729 771 θερμοῦ
1757 736 1859 762 πλεον-

1067 783 1144 814 εξίαν
1165 782 1234 818 πρὸς
1249 782 1300 814 τὰς
1320 782 1445 817 συνήθεις
1467 782 1584 813 σπονδὰς
1601 782 1796 818 μετερύθμιζε,
1812 782 1862 808 καὶ

1065 829 1096 855 τὸ
1122 829 1178 864 πῦρ
1199 829 1254 855 τῶν
1271 828 1419 855 εἰδωλικῶν
1435 828 1536 855 θυσιῶν
1545 828 1742 855 ἀπαιθαλοῦτο’
1768 828 1791 854 οἰ
1808 828 1861 863 τῆς

1065 875 1169 910 πλάνης
1185 875 1332 909 φυτουργοὶ
1344 875 1469 909 δαίμονες
1486 873 1651 910 ἐτεφροῦντο
1662 894 1670 907 ,
1687 874 1734 900 καὶ
1758 875 1774 908 ἡ
1791 874 1861 907 ἀλη-

1066 920 1115 956 θὴς
1137 919 1246 955 ἤκμαζε
1264 920 1416 947 θεοσέῦεια.
1438 919 1641 955 ’Υπέρλαμπρά
1663 929 1728 953 σου,
1740 920 1859 954 Μάρκε,

1064 967 1099 993 τὰ
1113 967 1182 1002 ἔργα
1194 987 1201 999 ,
1220 966 1363 1002 παράδοξα
1381 967 1430 993 καὶ
1455 966 1491 992 τὰ
1511 965 1632 1002 τρόπαια
1645 974 1652 981 ·
1674 966 1781 998 τούτοις
1801 968 1859 1001 γὰρ

1064 1012 1227 1048 ἐζώγρησας
1240 1013 1304 1044 τοὺς
1320 1012 1558 1048 στρατηγοῦντας,
1575 1013 1590 1038 ό
1607 1012 1732 1047 ιδιώτης·
1751 1013 1861 1044 τούτοις

1065 1057 1266 1093 ἐπολιόρκησας
1280 1058 1329 1093 τὴν
1344 1058 1471 1092 πλάνηνό
1486 1058 1645 1093 μονοχίτων,
1663 1058 1771 1089 τούτοις
1787 1060 1861 1093 μετὰ

1067 1103 1116 1129 τοῦ
1134 1103 1240 1138 Πέτρου
1253 1104 1268 1130 ό
1281 1102 1330 1129 τοῦ
1347 1103 1452 1138 Πέτρου
1470 1103 1528 1135 υἱὸς
1540 1103 1570 1129 τὸ
1594 1103 1703 1130 Ἰταλῶν
1717 1104 1862 1139 ἐχειρὼσω

1066 1149 1144 1184 γένος
1157 1169 1164 1181 ,
1181 1149 1211 1181 ἐξ
1233 1149 1304 1184 ἑῴας
1323 1149 1372 1184 μὲν
1387 1150 1569 1184 ἀφορμήσας,
1592 1150 1661 1184 πρὸς
1684 1150 1814 1185 δυόμενον
1829 1151 1860 1177 δὲ

1067 1194 1212 1226 καταπτὰς
1220 1194 1307 1229 ἥλιον,
1317 1195 1363 1221 καὶ
1376 1194 1421 1220 τὸν
1434 1193 1511 1228 λόγον
1522 1194 1662 1230 πανταχοῦ
1672 1195 1859 1231 κατευρὺνων,

1066 1237 1084 1277 ᾖ
1103 1241 1208 1272 ἐκεῖνος
1225 1240 1276 1275 τὴν
1289 1241 1387 1267 ἀκτῖνα
1402 1242 1458 1272 τοῖς
1475 1242 1605 1277 πέρασιν,
1620 1242 1651 1268 οὺ
1673 1241 1797 1276 μεθόδοις
1813 1251 1861 1269 κε-

1066 1285 1205 1321 χρημένος
1221 1287 1406 1320 σοφιστικαῖς,
1418 1287 1448 1313 οὺ
1465 1287 1707 1323 κεκομψευμέναις
1726 1296 1859 1323 μεταχει-

1068 1333 1196 1369 ρήσεσιν,
1225 1333 1284 1360 ἀλλ’
1309 1333 1388 1368 ἀπλῷ
1413 1333 1486 1368 λόγῳ
1513 1335 1560 1360 καὶ
1586 1334 1702 1370 ἀληθείᾳ
1734 1334 1815 1371 μόνῃ,
1841 1332 1860 1372 ᾗ

1068 1379 1179 1405 πάντων
1193 1378 1225 1404 τὸ
1237 1378 1340 1414 κράτος
1355 1378 1593 1412 ἀνανταγώνιστον
1611 1379 1794 1414 ἀποφέρεται.

221 1432 248 1451 et
262 1425 294 1451 ad
310 1433 435 1452 occasum
452 1425 594 1458 advolans,
620 1432 652 1452 ac
682 1426 784 1460 ubique
807 1426 1029 1460 praedicationem
1050 1433 1193 1461 spargens,
1211 1434 1263 1460 qua
1279 1426 1319 1453 sol
1340 1426 1398 1461 ipse
1414 1427 1547 1454 extremis
1563 1432 1642 1454 terrae
1675 1427 1774 1455 finibus
1794 1436 1861 1456 suos

223 1470 314 1497 radios
333 1470 460 1498 dill'uudit
481 1479 488 1497 :
521 1478 573 1498 non
589 1471 747 1506 sophisticis
762 1472 1045 1506 argumentationibus
1064 1480 1141 1505 usus,
1156 1481 1209 1500 non
1226 1473 1332 1500 ornatis
1356 1472 1575 1505 tractationibus,
1594 1473 1643 1501 sed
1662 1463 1778 1508 simplici
1792 1481 1860 1501 ora-

224 1516 297 1542 tione
319 1520 346 1542 et
365 1515 422 1542 sola
439 1515 563 1547 veritate,
581 1523 634 1550 qua
657 1516 772 1543 victoria
796 1517 829 1543 de
842 1517 949 1544 cunctis
969 1517 1069 1545 frustra
1085 1518 1280 1546 reluctantibus
1301 1523 1466 1553 reportatur.

259 1561 286 1588 5.
307 1561 383 1594 Quod
396 1561 468 1588 enim
479 1561 569 1588 omnis
580 1561 670 1588 oratio
685 1560 766 1589 facile
782 1561 901 1595 labatur,
915 1563 966 1589 nisi
982 1569 1014 1589 ea
1028 1565 1050 1594 c

223 1615 285 1642 qua!
299 1615 361 1634 vera
387 1612 448 1633 sunt
467 1615 515 1641 pro
531 1614 637 1634 summa
666 1607 766 1634 habeat
778 1613 807 1635 et
822 1609 961 1643 prmdicet,
980 1617 1012 1635 ex

223 1653 275 1679 hoc
290 1652 347 1686 ipso
359 1651 439 1678 facile
454 1652 595 1686 dignosces
607 1660 614 1679 :
627 1652 796 1688 Pythagoras
811 1653 946 1688 siquidem
962 1653 1014 1680 fal-

223 1706 268 1725 sas
288 1698 438 1724 sententias
461 1705 647 1732 propugnans,
663 1704 690 1725 et
705 1699 805 1725 nntltas
822 1698 928 1726 fabulas
949 1707 1015 1726 con-

224 1745 344 1777 tingens,
371 1744 432 1770 illas
459 1744 535 1771 Italis
560 1752 697 1779 nunquam
726 1745 813 1780 potuit
839 1746 1013 1780 persuadere.

225 1792 394 1819 Democritus
414 1792 439 1819 id
460 1792 548 1825 ipsum
567 1800 712 1827 peragens,
738 1793 874 1820 neminem
897 1793 1014 1820 Abderi—

225 1844 312 1866 tarum
328 1839 422 1865 habuit
440 1838 605 1866 auditorem.
624 1839 761 1873 Orpheus,
777 1839 849 1867 feras
864 1847 960 1866 mnties
973 1839 1015 1865 sui

222 1885 358 1912 sermonis
390 1886 525 1912 suavitate
553 1885 728 1918 demulccns,
757 1886 934 1921 popularibus
957 1886 1015 1912 Suis

224 1931 375 1958 Thracibus
403 1931 529 1964 fabulas,
553 1939 621 1966 quas
643 1931 768 1963 canebat,
796 1939 847 1958 non
866 1931 1013 1966 persuasit.

225 1978 347 2012 Namque
371 1978 414 2005 isti
439 1985 535 2004 oumes
554 1977 647 2004 multis
671 1978 841 2005 abundantes
867 1978 972 2008 verbis.
988 1982 1016 2004 et

223 2024 298 2051 inani
317 2025 448 2059 sapientia
473 2025 673 2058 superbientes,
693 2024 775 2051 veluti
792 2024 908 2058 quadam
925 2024 1015 2051 cbrie-

224 2075 280 2098 tate
293 2079 405 2105 prorsus
421 2071 518 2105 perditi
544 2075 619 2102 sunt,
635 2075 716 2104 atque
735 2070 791 2097 alto
812 2070 919 2097 silentio
933 2069 1014 2097 simul

223 2117 340 2144 tleanersi
363 2116 490 2150 fuerunt;
507 2118 532 2144 id
552 2118 623 2143 enim
637 2116 717 2143 cllicit
737 2116 822 2148 falsa,
840 2121 867 2143 et
882 2115 1014 2142 imbecilla

224 2163 379 2198 sapientia;
402 2163 507 2190 Marcus
523 2170 588 2190 vero
605 2162 688 2189 divini
705 2162 823 2196 Spiritus
838 2162 988 2198 doctrinas,
1000 2169 1014 2188 a

220 2210 354 2245 jactantia
368 2210 481 2241 alienas,
497 2217 638 2246 exponens
653 2217 683 2236 ac
696 2215 836 2243 promens.
847 2208 929 2235 etiam
945 2215 1013 2242 quos

225 2257 321 2283 habuit
346 2256 520 2283 adversarios
546 2257 579 2282 ad
606 2256 658 2282 sibi
684 2254 864 2281 obedicndum
891 2254 1012 2281 adduxit.
1030 2240 1052 2268 θ

223 2301 291 2328 Nam
315 2310 434 2337 superno
459 2302 562 2328 auxilio
586 2300 775 2338 ιιιιιιιῖοιῢιιιιιτ,
799 2306 922 2333 puraque
949 2299 1014 2325 lides

224 2347 374 2375 inferorum
393 2347 478 2382 portis
493 2344 628 2382 po'teutiur
645 2351 722 2376 erat;
741 2353 826 2380 usque
841 2347 909 2372 adeo
922 2350 1013 2371 autem

222 2393 331 2420 celebre
351 2400 448 2420 nomen
465 2392 572 2424 habuit,
593 2395 622 2418 ut
640 2390 764 2418 veritatis
788 2397 877 2424 praeco
894 2390 927 2416 ad
944 2390 1013 2416 hanc

223 2446 310 2473 usque
348 2439 418 2465 diem
452 2437 612 2473 appelletur.
647 2436 726 2465 Unde
762 2435 833 2464 sicut
869 2436 1033 2476 oportebat.

221 2483 325 2510 Chriin
345 2483 558 2511 incarnationem
568 2490 616 2517 pro
632 2482 710 2510 nobis
723 2482 756 2508 ad
771 2481 919 2509 salutarent
933 2481 1012 2507 finem

225 2530 348 2564 perduci.
366 2531 401 2555 ita
419 2529 499 2556 simul
517 2528 596 2562 huius
612 2528 698 2555 sancti
719 2527 769 2554 viri
789 2527 947 2553 memoriam
963 2526 1014 2551 int-

1103 1567 1134 1591 s'.
1148 1564 1211 1591 Ὂτι
1225 1563 1280 1599 γὰρ
1295 1564 1473 1599 εὐέμπτωτος
1488 1563 1560 1596 ἄπας
1575 1563 1664 1598 λόγος,
1679 1565 1704 1591 εἰ
1722 1564 1759 1600 μὴ
1771 1566 1857 1601 τάλη-

1067 1609 1102 1644 θῆ
1127 1610 1276 1645 πρεσϐεύει
1304 1610 1353 1637 καὶ
1377 1609 1553 1644 διαγγέλλει,
1571 1609 1666 1645 γνοίης
1689 1611 1859 1638 κάντεῦθενσ

1067 1655 1230 1690 Πυθαγόρας
1253 1655 1303 1690 μὲν
1320 1655 1390 1691 γὰρ,
1416 1655 1466 1691 τὴν
1484 1655 1570 1691 ψευδῆ
1593 1655 1674 1688 δόξαν
1700 1657 1857 1692 κρατύνων,

1066 1702 1114 1729 καὶ
1128 1702 1214 1729 πολλὰ
1231 1701 1421 1737 λεσχηνεύων,
1439 1702 1545 1728 πείθειν
1561 1701 1679 1734 Ἰταλοὺς
1699 1703 1730 1729 οὐ
1745 1703 1862 1737 δεδύνη-

1066 1757 1133 1775 ται·
1164 1749 1356 1784 Δημὸκριτος,
1394 1748 1461 1775 αὑτό
1491 1757 1523 1782 γε
1553 1748 1632 1776 τοῦτο
1660 1750 1859 1784 συμπράττων,

1071 1792 1240 1829 Ἀϐδηριτῶν
1264 1793 1360 1820 οὐδένα
1377 1794 1513 1828 κατήκοον
1529 1793 1626 1828 ἐσχεν·
1660 1793 1788 1829 ὐρψεὺς
1820 1794 1862 1830 τῷ

1067 1838 1145 1873 μύθῳ
1173 1838 1284 1869 πάντως
1301 1838 1385 1873 θηρία
1400 1838 1578 1873 κατακηλῶν,
1607 1839 1672 1871 τοὺς
1696 1840 1862 1875 ὀμοχώρους

1065 1882 1116 1908 οὐκ
1133 1882 1224 1909 ἔπειθε
1241 1882 1363 1918 Θρᾷκας.
1381 1883 1513 1917 Καίτοιγε
1531 1883 1622 1919 πολλῷ
1640 1884 1749 1920 ῥέοντες
1766 1885 1840 1920 λόγῳ
1851 1905 1861 1918 ,

1066 1928 1114 1954 καὶ
1132 1928 1216 1964 σοφίᾳ
1245 1930 1311 1964 κενῇ
1339 1929 1536 1964 βρενθυόμενοι
1565 1930 1652 1964 μέθης
1684 1931 1794 1963 πάντως
1817 1931 1860 1958 δι-

1067 1973 1184 2005 ώλοντ’),
1204 1975 1252 2001 καὶ
1280 1975 1361 2010 σιγῆς
1384 1974 1476 2009 βυθοῖς
1505 1976 1711 2010 συγκατέδυσαν
1726 1976 1861 2012 (τοιοῦτον

1066 2021 1120 2057 γὰρ
1137 2022 1154 2056 ή
1169 2021 1271 2057 ψευδὴς
1287 2021 1350 2053 δόξα
1371 2022 1418 2047 καὶ
1443 2022 1594 2057 ἀδρανής
1612 2022 1728 2058 Μάρκος
1755 2023 1785 2049 δὲ
1809 2023 1861 2054 τὰς

1066 2067 1207 2102 ἁκόμπους
1225 2067 1271 2094 τοῦ
1288 2067 1446 2103 Πνεύματος
1463 2067 1581 2100 ἐκτιθεὶς
1596 2067 1719 2103 διδαχὰς,
1736 2069 1862 2099 καὶτοὺς

1066 2112 1207 2144 ἐναντίους
1243 2112 1381 2143 εὐπειθεῖς
1412 2113 1615 2147 μετεπλάσατο.
1647 2114 1769 2141 ’Δνωθεν
1805 2116 1863 2150 γὰρ

1065 2157 1252 2193 ἐκρατύνετο,
1279 2158 1326 2184 καὶ
1348 2159 1364 2192 ή
1383 2159 1540 2194 ἀκραιφνὴς
1560 2159 1651 2191 πίστις
1677 2159 1770 2187 πυλῶν
1795 2160 1862 2195 ᾅδου

1067 2204 1251 2239 κραταιοτέρα
1264 2212 1270 2218 ·
1285 2205 1333 2230 καὶ
1347 2202 1425 2236 οὗτος
1444 2205 1570 2240 ἀοίδιμος
1581 2225 1588 2237 ,
1603 2205 1642 2237 ὡς
1658 2205 1790 2239 ἀληθείας
1807 2206 1861 2240 κῆ-

1068 2250 1135 2285 ρυξ,
1157 2250 1239 2286 μέχρι
1264 2251 1345 2286 δεῦρο
1368 2251 1620 2278 συναποδέδεικται.
1638 2250 1711 2278 Ἔδει
1739 2251 1793 2287 γὰρ
1810 2252 1863 2278 τὴν

1067 2296 1127 2322 καθ’
1143 2297 1216 2330 ἡμᾶς
1231 2296 1388 2329 οἰκονομίαν
1399 2297 1439 2327 εἰς
1455 2296 1540 2330 πέρας
1557 2296 1733 2332 σωτηριῶὃες
1748 2298 1862 2332 χωρεῖν,

1066 2341 1113 2367 καὶ
1127 2343 1177 2376 τὴν
1200 2341 1297 2367 τούτου
1317 2342 1428 2376 μνήμην
1442 2341 1579 2368 ἀθάνατον
1603 2342 1641 2377 τῷ
1660 2342 1712 2377 βίῳ
1730 2343 1792 2377 μετ’
1808 2343 1861 2376 ἐγ-

1066 2389 1180 2422 κωμίων
1206 2387 1456 2419 συνδιασώζεσθαι·
1474 2387 1507 2413 δι’
1521 2387 1603 2414 αὑτοῦ
1617 2388 1672 2424 γὰρ
1687 2389 1863 2423 κεκήρυκται

1066 2435 1099 2469 τῇ
1118 2433 1204 2460 κτίσει
1227 2433 1314 2465 Θεὸς,
1342 2433 1375 2459 δι’
1409 2433 1492 2459 αὐτοῦ
1514 2435 1570 2465 τοῖς
1596 2435 1821 2469 πεπλανημένοις
1843 2436 1862 2472 ἡ

1068 2481 1223 2515 ἐπιστροφὴ
1240 2480 1509 2515 πεπραγμάτευται,
1525 2480 1574 2506 καὶ
1591 2481 1607 2516 ἡ
1630 2481 1699 2516 πρὸς
1724 2481 1772 2507 τὸν
1792 2481 1864 2509 πλά-

1069 2534 1135 2562 στην
1151 2525 1248 2560 ὀδηγῐα
1264 2525 1476 2560 διῳκονόμηται.

225 2575 366 2602 mortalem
380 2575 504 2602 laudibus
520 2574 675 2602 conservari
708 2572 874 2601 conveniatis
905 2570 1049 2604 fuit;nam
1070 2578 1118 2604 per
1145 2571 1231 2603 ipsum
1266 2571 1401 2597 creaturis
1431 2569 1502 2597 Deus
1535 2571 1697 2604 praedicatus
1728 2575 1784 2602 est.
1812 2579 1862 2607 per

225 2624 312 2658 ipsqu
343 2623 377 2651 iis
398 2623 444 2657 qui
477 2622 672 2649 aberraveraut
706 2619 893 2647 conversionis
927 2619 1015 2653 gratia
1036 2623 1191 2651 comparata
1231 2616 1302 2648 fuit,
1331 2621 1358 2644 et
1388 2616 1429 2643 via
1474 2617 1508 2643 ad
1535 2616 1693 2644 Creatorem
1744 2617 1861 2646 demou-

223 2677 324 2699 Strata.

259 2719 288 2746 6.
310 2718 456 2751 Postquam
480 2724 545 2744 vero
567 2715 771 2743 misericordem
796 2713 841 2740 Dei
865 2712 1011 2740 adventum

258 2818 299 2854 (ε)
317 2816 380 2844 Ilmc
397 2816 554 2854 indicantur
568 2820 647 2854 supra
661 2812 690 2854 in
700 2810 850 2854 apostolatq
860 2810 919 2844 ejus
932 2809 1015 2854 ᾼψιῖ-

224 2847 328 2881 ίειέιιςι.
358 2853 386 2879 In
416 2851 533 2878 Historia
564 2849 780 2883 patriarclm-um
819 2847 1012 2877 Alexandri.“

1107 2711 1146 2743 ς’.
1171 2711 1249 2736 Ἐπεὶ
1266 2708 1313 2736 οὖν
1331 2709 1522 2744 εὐσπλάγχνου
1544 2709 1612 2736 Θεοῦ
1631 2710 1782 2744 παρουσίαν
1799 2710 1863 2738 εὗσ-

1071 2807 1170 2834 dicitnr
1185 2806 1267 2833 ctiam
1289 2805 1411 2833 adfuisse
1437 2805 1568 2841 martyrio
1584 2805 1698 2832 dummn
1721 2805 1861 2840 apostolo.

1071 2851 1141 2874 l'lttll,
1155 2847 1181 2869 et
1199 2843 1297 2867 iterum
1314 2841 1506 2868 Alexandriam
1527 2848 1661 2868 reversus.
