1948 3077
252 211 319 245 1199

793 214 823 244 S.
845 214 1048 244 GRE‘GORI-II
1068 214 1311 245 DECAPOLIT/E

1809 212 1875 246 1200

249 274 308 303 ptas
331 269 513 304 amplectitur,
533 269 583 302 vel,
605 274 633 297 nt
652 269 748 297 melius
775 270 880 303 dicam,
910 275 1035 304 tanquam
1057 271 1143 305 ipsum
1168 271 1268 298 Christi
1284 279 1315 299 os
1330 275 1484 304 veneratur,
1519 275 1546 297 ct
1560 270 1594 298 ab
1623 269 1670 297 Lllo
1685 270 1773 297 divina
1793 271 1875 298 verba

249 326 278 342 se
291 316 384 342 audire
399 317 558 343 arbitratur.

286 361 329 388 l4.
351 363 435 395 Quem
463 367 490 389 et
515 362 613 395 nobis,
640 370 656 389 ο
680 363 854 391 sanctissime
884 363 979 390 doctor
1009 368 1036 391 ct

1126 365 1166 392 ιδ’.
1184 365 1231 390 ’ον
1242 365 1290 392 καὶ
1303 365 1379 400 ἡμῖν,
1395 361 1520 399 ὧιμύστα
1535 365 1580 391 καὶ
1594 363 1878 398 εὐαγγελιστά,ἰλεων

248 408 426 442 evangelista,
444 409 590 444 propitiant
611 409 723 436 reddere
740 416 773 436 ne
785 410 907 444 graveris
923 418 930 436 :
946 410 1034 437 tristia

248 461 307 488 qua:
324 462 374 481 nos
390 455 553 489 perturbant
574 454 651 482 tollas
669 463 676 481 :
693 463 789 489 aspera
804 463 864 490 quae
880 456 906 482 in
921 456 974 482 vita
988 463 1035 483 ac-

248 500 353 532 cidunt,
372 501 527 535 romplanes
544 510 550 528 :
567 508 677 536 rumpas
690 501 900 537 chirographum
917 502 992 534 illud,
1009 502 1036 529 in

201 556 207 581 ;
249 552 303 578 quo
328 549 419 571 nostra
441 545 555 572 crimina
581 546 718 581 descripta
742 552 817 580 sunt,
838 553 866 574 et
880 548 1033 574 erratorum

203 592 208 602 ‘
249 590 296 616 des
312 591 417 617 veniam
432 599 440 624 ;
461 590 542 618 talem
564 593 635 618 enim
655 597 816 626 potestatem
834 594 867 620 ab
885 593 970 628 ipsius
988 593 1037 620 Do-

250 636 316 661 mini
334 636 424 670 lingua
441 637 569 670 accepisti
586 646 592 665 ε
610 636 637 664 Si
653 638 795 672 ligaveris,
813 638 838 665 itl
854 640 924 672 quod
939 639 1038 673 ligatur

249 682 300 708 erit
326 682 486 714 insolubile;
510 683 531 710 si
552 684 584 710 ad
599 684 867 711 commiseratimtem
885 689 913 711 et
931 685 1036 712 veniam

251 727 432 760 inclinaveris,
459 729 597 757 vinculum
621 730 699 757 facile
722 730 895 758 dissolvetur.
912 730 951 758 Ne
972 738 1037 765 ergo

248 772 386 807 despicias
404 781 453 801 nos
467 775 571 802 catenis
596 781 770 810 peccatorum
798 777 971 808 constrictos,
991 777 1038 803 sed

252 819 353 851 impera
380 819 495 847 vinculis
519 821 598 855 ipsis,
616 826 643 848 et
660 821 876 856 cottiringentur.
900 821 1038 849 Ecclesiae

251 863 279 890 in
293 871 359 897 pace
373 869 401 892 et
416 866 609 900 tranquillitate
623 866 772 899 custodias,
790 874 858 902 quas
873 871 924 893 tua:
937 867 1040 901 praedi-

252 910 352 937 cationi
379 911 556 939 fundamento
581 912 694 940 ﬁrmasti
712 921 719 939 :
734 920 781 947 pro
803 913 854 940 illis
875 913 972 946 quippe
987 913 1040 939 Do-

253 956 318 982 mini
338 958 449 992 sanguis
465 957 567 986 effusus
578 963 632 990 est,
649 964 675 986 et
689 959 820 986 bonorum
833 959 984 986 cmlestium
998 958 1040 986 fac

253 1010 303 1030 nos
320 1010 381 1030 esse
403 1000 566 1038 participes,
591 1005 678 1039 gratia
692 1010 720 1032 et
742 1004 909 1039 benignitate
931 1005 1039 1032 Domini

1083 409 1126 444 pi)
1143 409 1295 444 ὰποκάμοις
1305 409 1455 444 τιθέμενος,
1471 410 1506 436 τὰ
1517 409 1643 436 κυκῶντα
1660 410 1770 446 λυπηρὰ
1780 411 1880 437 ἐπελάσ-

1087 464 1192 491 ιρρυνε,
1207 456 1242 482 τὰ
1255 457 1284 483 ἐν
1301 456 1352 491 βιῳ
1375 455 1496 491 δυσαχθῆ
1518 455 1706 491 κατευμάριζε
1720 476 1727 488 ,
1745 457 1826 491 ῥῆξον
1846 457 1880 483 τὸ

1086 502 1140 529 τῶν
1149 502 1329 537 ἐγκλημάτων
1344 503 1538 537 χειρόγραφον,
1549 502 1620 528 δίδου
1627 502 1704 528 λύσιν
1715 503 1770 528 τῶν
1781 503 1880 530 ἐπται-

1088 549 1215 583 σμένων·
1238 548 1367 583 τοιαύτην
1387 548 1455 583 πρὸς
1479 550 1527 583 τῆς
1557 549 1725 583 Δεσποτικῆς
1750 548 1880 583 γλώσσης

1087 593 1203 628 εἴληφας
1222 593 1346 631 ἐξουσίαν
1358 600 1365 607 ·
1384 593 1408 619 εἰ
1433 593 1582 628 δεσμήσεις
1600 613 1607 626 ,
1620 593 1759 628 ἄρῤηκτον
1783 593 1815 619 τὸ
1833 594 1880 620 δε-

1088 639 1251 674 σμούμενον·
1266 641 1289 666 εἰ
1317 639 1386 676 πρὸς
1399 639 1571 674 συμπάθειαν
1596 638 1732 672 νεύσειας,
1750 641 1764 665 ὁ
1777 639 1881 674 δεσμὸς

1088 684 1280 718 εὐαφάνιστος.
1302 685 1348 719 Μὴ
1370 684 1488 719 παρόψει
1512 685 1573 715 ταῖς
1597 685 1702 719 σειραῖς
1721 685 1795 718 ἡμᾶς
1822 683 1881 709 τῶν

1088 731 1230 767 ἁμαρτιῶν
1243 731 1433 766 ἐσφιγμένους,
1443 730 1500 757 ἀλλ’
1513 730 1672 765 ἐπιτίμησον
1682 730 1738 761 τοῖς
1757 729 1881 764 δεσμοῖς,

1087 777 1135 804 καὶ
1157 777 1337 812 ῥαγήσονταιν
1365 775 1449 808 δεῖξον
1469 774 1518 806 τὰς
1543 775 1706 810 Ἐκκλησίας
1726 774 1883 809 εἰρηνευυύ-

1089 831 1155 856 σας,
1169 823 1202 854 ἃς
1223 821 1262 857 τῷ
1279 821 1397 856 θεμελίῳ
1415 821 1470 847 τῶν
1494 822 1547 847 σῶν
1566 820 1756 856 ὲκρηπίδωσας
1778 819 1880 854 λόγων,

1089 869 1159 904 ὑπὲρ
1179 865 1216 895 ὧν
1232 869 1249 904 ή
1264 867 1311 894 τοῦ
1326 866 1494 893 Δεσποτιχοῦ
1511 866 1587 901 ῥύσις
1609 865 1738 901 αἵματος·
1760 864 1810 891 καὶ
1825 865 1882 891 τῶν

1090 915 1195 944 ἐκεῖθεν
1209 907 1281 949 ἡμᾶς
1297 914 1442 949 μετασχεῖν
1458 911 1569 946 ἀγαθῶν
1590 910 1811 946 παρασκεύασον,
1833 910 1884 945 κάς

1092 969 1145 997 pm
1171 961 1219 986 καὶ
1247 958 1437 994 φιλανθρωπίᾳ
1465 957 1512 984 τοῦ
1546 956 1649 992 Κυρίου
1680 956 1759 991 ἡμῶν
1792 955 1881 990 Ἰησοῦ

1091 1006 1220 1042 Χριστοῦ,
1234 1003 1255 1039 ᾧ
1274 1006 1291 1040 ὴ
1312 1005 1375 1038 δόξα
1395 1004 1442 1031 καὶ
1457 1004 1487 1030 τὸ
1505 1003 1606 1038 κράτος
1618 1023 1625 1036 ,
1638 1001 1686 1030 νῦν
1698 1002 1745 1029 καὶ
1760 1003 1800 1034 εἰς
1814 1002 1883 1034 τοὺς

253 1050 338 1076 nostri
362 1048 426 1077 Jesu
445 1049 560 1082 Christi,
580 1050 623 1078 cui
641 1047 726 1085 gloria
742 1055 769 1079 et
782 1052 915 1086 potentia,
931 1050 1004 1078 nunc‘
1014 1055 1039 1078 et

1094 1051 1196 1083 αἰῶνας
1210 1051 1264 1078 τῶν
1278 1050 1395 1077 αἰώνων.
1416 1049 1515 1086 Ἀμήν.

249 1095 280 1122 in
295 1095 391 1123 sa-cnla
406 1096 579 1124 saeculorum.
595 1097 692 1124 Amen.

1250 1190 1273 1198 .ρ

855 1285 941 1308 ANNO
968 1285 1084 1307 DOMINI
1108 1285 1269 1307 DCCCXVH.
1295 1317 1297 1319 Ι

254 1391 342 1479 s.
408 1387 1026 1478 GREGOBIUS
1089 1383 1879 1506 DECAPOLITA‘”.

926 1557 1199 1607 NOTITIA.

716 1669 850 1700 (GALLAND.
871 1669 926 1694 Vel.
944 1669 1058 1694 Patrum.
1073 1667 1190 1695 Bibliolh.
1206 1670 1223 1693 t.
1241 1667 1305 1699 XIII,
1319 1674 1344 1699 p.
1357 1668 1421 1698 xui.)

294 1752 377 1779 Natus
391 1757 433 1779 est
451 1757 562 1780 sanctus
578 1752 727 1788 Gregorius
739 1752 874 1788 lrcnopoli
886 1745 997 1779 civitate
1014 1751 1039 1777 τί

1088 1751 1247 1783 λεκαπόλεως
1261 1751 1312 1785 τῆς
1326 1749 1476 1786 Ἰσαυρίας,
1490 1749 1658 1785 Deeapoleos
1666 1749 1790 1783 Isauriae,
1802 1748 1894 1778 vixit?

257 1805 316 1832 que
331 1797 380 1823 sub
396 1796 486 1823 Leone
505 1795 686 1831 Armeno(‘2),
701 1803 756 1822 non
769 1803 835 1823 vero
850 1795 981 1826 lsaurico,
997 1800 1027 1821 ut
1038 1795 1134 1822 scribit
1150 1794 1282 1822 Baronius
1302 1795 1335 1822 ad
1348 1802 1392 1822 an.
1408 1795 1472 1822 75!.
1504 1794 1563 1828 Quo
1573 1795 1606 1821 de
1623 1795 1888 1832 abuntlererntlimur

255 1831 275 1868 a7
286 1840 392 1867 Joanne
423 1839 541 1866 Diacono
555 1838 857 1874 Constantinopolitano
874 1840 1009 1873 scriptore
1025 1838 1091 1866 Viue
1105 1839 1192 1867 sancti
1209 1835 1323 1875 Iosephi
1341 1839 1544 1875 hymnographi
1561 1840 1629 1873 apud
1650 1831 1774 1867 eumdem
1791 1839 1887 1874 Pape-

258 1885 461 1919 ln-ochium(5).
477 1884 633 1919 Discipulos
659 1884 755 1911 habuit
779 1883 981 1919 prtelaudatum
1005 1882 1167 1916 Josephnm,
1189 1887 1217 1909 et
1245 1882 1377 1910 JOannem
1391 1883 1536 1917 quemdam
1559 1891 1615 1910 :ex
1645 1882 1745 1917 quibus
1762 1883 1886 1916 prioretn

254 1929 372 1956 Romam
392 1928 477 1960 misit,
492 1932 520 1955 ut
533 1928 688 1962 pontiﬁcem
704 1928 853 1955 certiorem
869 1927 973 1955 faceret
992 1928 1024 1954 de
1049 1927 1151 1955 infelici
1168 1927 1347 1961 quarumdam
1374 1926 1559 1955 Ecclesiarum
1576 1932 1648 1954 statu
1672 1927 1723 1954 sub
1738 1926 1884 1953 lconoma-

258 1973 327 2000 chis.
348 1972 432 1999 Multa
455 1972 556 2006 passim
575 1972 662 2000 edidit
684 1971 824 2003 miracula,
842 1971 995 2006 peragratis
1012 1971 1096 1998 variis
1115 1971 1227 1999 urbibus
1244 1978 1277 1998 ac
1295 1970 1462 2005 regionibus,
1492 1970 1648 2005 Syracusis,
1670 1969 1889 2003 Tliessabaira,

261 2018 407 2054 Byzantio,
423 2017 524 2050 Roma,
551 2023 609 2045 etc.
633 2016 700 2044 Cum
725 2024 835 2044 omnetn
868 2016 925 2043 fere
946 2016 1141 2043 occidentalem
1163 2015 1300 2050 regionem
1324 2014 1446 2046 ohiisset,
1475 2014 1743 2048 Constantinopolim
1760 2021 1893 2041 reversus

257 2067 299 2090 est
314 2061 649 2098 (4).Ἰιιιειιεεγιοευριιιιε,
671 2069 757 2096 quem
775 2061 890 2089 Romam
908 2061 1030 2093 miserat,

1088 2061 1168 2087 itivus
1183 2060 1281 2087 ductus
1297 2064 1338 2086 est
1353 2059 1379 2085 in
1401 2058 1527 2090 Cretam,
1552 2057 1596 2085 ubi
1614 2058 1718 2089 mansit
1749 2065 1840 2092 usque
1854 2059 1888 2085 ad

258 2108 361 2134 obitum
382 2106 493 2139 Leonis,
509 2106 554 2141 qui
571 2105 733 2136 interfectus
749 2110 791 2132 est
820 2109 900 2131 nocte
913 2104 972 2139 ipsa
998 2097 1101 2131 Natalis
1126 2103 1229 2131 Christi
1245 2110 1290 2129 an.
1317 2101 1379 2129 820.
1407 2101 1514 2136 Joseph
1532 2101 1803 2136 Constantinopolim
1823 2110 1886 2129 mox

259 2159 399 2184 reversus,
430 2151 532 2178 invertit
549 2155 672 2178 sanctum
700 2149 860 2184 Gregorium
878 2149 934 2182 jam
951 2148 1008 2176 vita
1032 2147 1155 2174 functum
1168 2145 1218 2181 (5).
1235 2144 1346 2172 Scilicet
1373 2152 1433 2171 cum
1459 2143 1630 2179 Byzantium
1649 2144 1768 2170 rediisse!
1801 2150 1894 2170 noster

260 2197 430 2231 Decapolita,
450 2201 478 2222 ut
493 2194 643 2222 Simeonem
658 2198 766 2228 propter
781 2194 910 2228 imagines
931 2192 1062 2219 inclutum
1086 2190 1214 2220 visitant,
1233 2196 1263 2215 eo
1281 2189 1336 2215 viso
1363 2193 1421 2222 post
1438 2196 1538 2222 paucos
1561 2188 1617 2215 dies
1635 2187 1747 2214 Domino
1763 2189 1892 2221 spiritui-

255 2240 446 2267 commendavit
459 2238 515 2274 (6).
533 2237 640 2266 Colitur
656 2244 671 2264 a
686 2236 789 2264 Gracis
805 2237 854 2264 sub
868 2236 912 2263 die
922 2235 959 2263 20
973 2234 1144 2267 Novembris,
1157 2233 1207 2261 etsi
1220 2232 1348 2260 nonnulla
1364 2233 1461 2259 Menea
1478 2236 1583 2266 ponant
1599 2233 1652 2259 sub
1671 2232 1715 2259 die
1733 2231 1767 2258 18
1785 2231 1893 2266 Aprilis

259 2285 331 2320 apud
346 2282 548 2310 liollandianos.
580 2281 644 2315 Ejus
659 2285 687 2308 et
707 2280 835 2314 diSt-ipuli
852 2279 939 2314 ipsius
960 2278 1079 2306 Joannis
1101 2278 1230 2312 reliquias
1250 2277 1275 2303 in
1299 2275 1418 2311 quodam
1434 2276 1605 2308 monasterio
1630 2276 1658 2303 in
1684 2276 1794 2303 deserto
1823 2276 1889 2302 loco

258 2328 426 2356 ox:ntliticato
445 2334 494 2362 per
504 2326 652 2361 Josephum
671 2324 909 2360 hymnographum
925 2324 1057 2352 collocata
1073 2326 1137 2350 sunt
1148 2321 1200 2356 (7).

296 2373 428 2408 Superest
446 2379 478 2400 ex
497 2370 607 2404 scriptis
632 2369 691 2404 ejus
708 2377 799 2397 sermo
818 2369 929 2403 quidam
945 2367 1104 2399 historicus,
1120 2366 1197 2400 cujus
1209 2364 1336 2399 frequens
1348 2371 1414 2391 usus
1427 2363 1516 2392 fuisse
1534 2363 1641 2392 videtur
1656 2365 1684 2391 in
1701 2365 1894 2393 monasteriis.

261 2417 338 2444 llttnc
349 2416 443 2445 Gratce
456 2419 484 2442 et
498 2413 593 2442 Latine
608 2413 694 2441 edidit
704 2421 765 2440 cutn
785 2413 858 2441 notis
881 2414 937 2440 suis
952 2411 1044 2438 Romae
1060 2410 1138 2448 Typis
1162 2409 1305 2445 Grigmmis
1323 2408 1444 2436 Isidorus
1464 2417 1479 2436 a
1496 2409 1598 2436 Sancto
1617 2408 1729 2443 Josepb,
1747 2416 1793 2436 an.
1809 2409 1893 2438 1642.

259 2462 305 2489 Ait
317 2470 331 2487 a
344 2468 374 2488 se
381 2461 570 2494 depromptum
585 2466 620 2486 ex
632 2458 727 2485 codice
743 2465 794 2485 ms.
809 2456 954 2484 cardinalis
971 2455 1141 2483 Bessarionis
1154 2453 1199 2488 qui
1212 2452 1340 2480 exstatin
1350 2451 1518 2480 Bibliotheca
1531 2457 1624 2479 nostra
1634 2452 1728 2480 Sancti
1743 2451 1840 2480 Marci.
1858 2454 1894 2480 At

260 2513 322 2532 cum
339 2512 390 2531 nec
404 2503 447 2531 ille
462 2502 583 2530 codicem
599 2506 736 2534 numeret,
753 2509 802 2529 nec
817 2501 842 2528 in
855 2501 981 2529 codicum
996 2499 1087 2526 indice
1105 2498 1255 2532 reperiatur
1269 2501 1324 2524 tam
1345 2497 1497 2525 mediocris
1509 2497 1611 2532 opella,
1625 2497 1749 2524 invenire
1765 2504 1820 2524 non
1839 2505 1895 2532 po.

261 2549 374 2576 luimus.
394 2548 459 2582 Quae
475 2547 502 2574 in
530 2546 602 2574 notis
620 2545 861 2574 animadversione
888 2545 968 2579 digna
984 2543 1042 2570 visa
1057 2547 1131 2574 sunt.
1159 2543 1216 2569 suis
1240 2542 1305 2569 locis
1329 2541 1364 2569 ad
1391 2541 1493 2569 calcem
1518 2542 1676 2578 paginarum
1730 2542 1892 2577 tomtiendio

260 2593 439 2628 subjecimus.

296 2680 334 2715 (l)
350 2679 412 2715 Vita
436 2677 735 2715 S.rCregor.__Dec_ap.
761 2674 895 2715 inopi-il.
917 2674 1045 2715 _Bol_land.

259 2710 331 2755 tom:
347 2714 380 2755 ll_,
399 2722 458 2749 pag.
477 2710 582 2745 585.'et
612 2710 743 2747 Menolog.
771 2710 862 2738 Sirlcli
883 2710 933 2737 sub
950 2710 992 2736 die
1011 2717 1045 2736 xx

260 2751 393 2779 Novemb.

297 2786 337 2820 (2)
351 2784 451 2820 Pagins
466 2783 498 2810 ad
517 2791 561 2820 an.
580 2782 641 2820 73l,
657 2789 733 2810 num.
745 2781 773 2814 2,
789 2786 814 2808 et
831 2779 895 2812 Sl'l,
912 2787 986 2807 num.
1002 2778 1046 2805 18.

297 2819 337 2856 {5)
353 2820 408 2847 Sub
427 2819 469 2845 die
486 2826 515 2846 ut
531 2819 618 2854 April.

1139 2673 1176 2709 (4)
1191 2673 1324 2707 Menolog.
1341 2673 1360 2700 l.
1376 2680 1400 2701 c.

1138 2709 1176 2743 (5)
1195 2709 1290 2743 l‘agins
1306 2709 1323 2734 l.
1341 2715 1367 2735 c.

1137 2746 1176 2779 t6)
1191 2744 1324 2778 Menglog.
1341 2743 1360 2771 l.
1377 2751 1402 2771 c.

1137 2778 1175 2815 (7)
1196 2779 1318 2807 Bolland.
1335 2778 1355 2806 ι.
1371 2786 1397 2806 c.
