1948 3077
83 79 90 110 Ι
97 80 144 112 ξοδ

643 84 770 114 SERMO
789 84 1028 122 HISTORlCUS,
1051 85 1132 115 ETC.

1637 78 1703 110 1206

81 135 225 170 μυστήριον
237 134 286 161 ούκ
305 135 427 162 εΰλεπον.
451 135 521 170 Ἐγὼ
540 136 567 163 δὲ
586 136 643 169 πῶς
660 137 775 172 δύναμαί
795 137 855 172 βλέ-

933 138 1029 165 terium
1050 146 1101 164 non
1119 136 1353 171 viderunt.F.tego
1365 134 1482 170 qualiter
1500 134 1526 162 id
1542 135 1626 168 ipsum
1644 141 1706 161 cor-

79 188 137 207 πει-δ
148 191 156 216 ς

117 226 146 254 ’0
171 227 202 254 δὲ
216 228 392 269 Σαρῤακηνδς
417 228 541 261 ἀκοᾷσας
571 229 660 261 τοῦτο,
685 229 793 265 ἐξέστη,
821 229 868 256 καὶ

79 273 202 301 ἐκέλευσε
211 274 274 305 τοὺς
293 273 404 306 δούλους
416 274 509 307 αὑτοῦ,
526 275 574 302 καὶ
588 276 692 306 πάντας
707 276 771 308 τοὺς
784 275 813 302 ὲν
829 276 866 310 τῷ

80 319 133 354 ναῷ
146 320 354 355 παρεστηκότας
382 322 478 355 φυγεῖν
503 320 603 354 ἔξωθεν
636 321 683 348 τοῦ
700 321 775 348 ναοῦ.
812 322 873 359 Καὶ,

80 365 156 392 ἔλασε
173 366 218 392 τὸν
242 366 317 402 ἱερέα
345 367 421 402 παρᾶ
448 366 499 402 τὴν
525 368 616 404 χεῖρα,
637 368 683 394 καὶ
708 365 802 393 εἴπεν·
824 367 868 398 'n;

81 411 174 446 θεωρῶ
187 413 234 438 καὶ
249 412 491 448 πληροφοροῧμαι,
517 413 623 448 μεγάλη
641 414 716 440 ἐστὶν
742 414 758 448 ὴ
775 414 868 445 πίστις

80 457 132 483 τῶν
147 457 324 492 Χριστιανῶν
337 467 344 473 ·
362 458 421 485 ἀλλ’
433 459 458 485 ει
473 459 530 485 ἐστι
550 467 592 485 σοι
606 458 723 494 θέλημα,
736 458 868 493 βάπτισόν

82 511 126 537 με,
145 503 246 539 Πάτερ.
269 503 298 530 '0
311 504 339 530 δὲ
352 504 441 539 ἱερεὺς
460 504 534 539 λέγει
548 504 586 540 τῷ
602 505 771 540 Σειρίδακηνῷ
782 514 788 520 ·

115 547 214 584 Κύριε,
238 549 319 584 ἡμεῖς
348 550 513 585 πιστεύομεν
542 551 590 577 καὶ
613 551 799 586 ὁμολογοῦμεν
823 553 868 579 τὸν

82 594 181 629 Κύριον
197 595 276 629 ἡμῶν
303 595 409 631 Ἰησοῦν
427 597 555 632 Χριστὸν,
572 597 618 624 τὸν
639 598 702 625 Υἱδν
720 598 767 624 τοῦ
782 599 849 625 Θεοῦ
861 619 869 632 ,

81 640 125 666 τὸν
137 640 249 667 ἐλθόντα
265 642 305 673 είς
321 642 368 668 τὸν
383 643 486 677 κόσμον
500 643 544 669 διὰ
557 643 606 678 τὴν
622 644 701 679 ἡμῶν
719 646 868 681 σωτηρίαν.

121 685 218 720 Ἡμεῖς
247 686 277 713 δὲ
303 687 466 723 πιστεύομεν
492 688 541 723 τὴν
570 689 652 723 ἁγίαν
678 689 793 725 Τριάδα,
823 692 871 718 καὶ

81 730 222 765 όμοούσιον
242 732 290 760 καὶ
313 733 476 769 ἀδιαίρετον,
496 733 617 770 Πατέρα,
634 734 710 767 Υἰὺν,
729 736 776 762 καὶ
793 735 871 770 ἆγιον

82 776 259 813 Πνεῦμα,τὴν
277 778 341 814 μίαν
354 779 479 815 θεότητα.

918 191 981 210 nere
997 182 1119 210 merear?

953 228 1105 255 X.Auditis
1125 228 1167 256 liis
1189 227 1357 254 Sarracenos
1383 225 1533 259 obstupuit,
1563 223 1700 258 jussitque

919 282 1011 302 serves
1027 281 1101 305 suos,
1113 277 1140 301 et
1154 277 1288 308 qttotquot
1307 273 1425 301 aderant,
1439 270 1574 303 excedere
1589 268 1702 302 templo.

918 327 945 348 et
960 321 1126 355 apprehensa
1139 319 1290 347 sacerdotis
1314 324 1395 344 tnanu
1411 325 1418 343 :
1436 315 1471 343 Ut
1493 315 1585 346 video.
1605 314 1705 347 inquit,

919 375 951 401 ac
969 367 1121 394 certissime
1142 365 1291 399 comperio,
1307 370 1404 398 magna
1425 367 1466 389 est
1483 361 1549 388 ﬁdes
1569 359 1706 388 Christia-

921 404 1028 445 norum,
1053 415 1080 440 et
1101 411 1235 447 siquidem
1253 410 1302 440 tibi
1325 408 1457 443 placuerit
1481 407 1587 443 baptiza
1618 412 1670 437 me.
1687 411 1704 430 ο

921 458 1009 484 Pater.
1020 456 1170 492 Respondit
1184 455 1313 483 sacerdos
1325 453 1475 481 Sarraceno
1488 461 1495 478 ι

956 547 1002 574 XI.
1025 547 1148 580 Domine,
1166 553 1216 574 nos
1233 545 1371 573 credimus
1387 551 1419 570 ac
1436 541 1598 569 conﬁtemur
1613 537 1707 565 Domi-

922 602 984 620 num
1004 597 1124 620 nostrum
1149 590 1244 619 Jesum
1274 590 1413 618 Christum
1440 587 1539 615 Filium
1569 585 1636 616 Dei,
1664 583 1709 618 qui

922 644 1031 674 propter
1045 643 1164 666 nostram
1180 637 1295 665 salutem
1314 635 1387 662 venit
1399 635 1424 661 in
1441 633 1584 660 mundum.

958 685 1016 713 ΧΠ.
1037 684 1179 712 Credimus
1197 688 1329 714 sanctam,
1348 677 1606 710 consubstantialem
1627 680 1654 702 et
1671 675 1713 702 iu-

922 732 1057 768 dividuam
1076 731 1241 766 Trinitatem,
1259 729 1367 768 Patrem
1380 748 1387 761 ,
1406 725 1516 758 Filium,
1535 728 1562 751 et
1579 722 1712 758 Spiritum

923 781 1059 810 sanctum,
1076 783 1156 802 unam
1171 768 1314 803 deitatem.

117 822 285 858 Πιστεύομεν
302 824 330 851 δὲ
351 813 460 861 Μαρίαν
480 826 531 861 τὴν
546 826 736 862 ἁειπαρθένον,
752 828 802 863 τὴν
817 836 870 864 μη-

959 821 1028 849 ΧΙΙΙ.
1049 821 1192 849 Credimus
1217 827 1324 857 quoque
1350 818 1463 845 Mariam
1492 821 1598 864 semper
1629 813 1713 863 virgi-

82 866 146 900 τέρα
162 867 209 894 τοῦ
225 869 323 903 φωτὸς,
337 869 387 904 τὴν
404 870 522 902 τέξασαν
542 872 588 897 τὸν
601 872 708 907 καρπὸν
723 873 772 907 τῆς
785 873 869 910 ζωῆς,

83 913 126 940 τὸν
141 915 344 950 προειρημένον
362 916 466 952 Κύριον
491 917 569 952 ἡμῶν
601 917 710 954 Ἰησοῦν.
732 920 850 954 Χριστόν
862 929 869 936 ·

82 959 130 993 τὴν
145 959 198 993 πρὸ
214 960 294 987 τόκου
309 962 453 996 παρθένον,
470 963 517 989 καὶ
532 963 561 989 ἐν
576 963 648 999 τόκῳ
663 965 808 1000 παρθένον,
824 966 871 992 καὶ

84 1005 150 1039 μετὰ
161 1004 242 1032 τόκον
257 1007 401 1042 παρθένον.
600 1039 602 1042 ι

118 1050 287 1086 Πιστεύομεν
303 1053 333 1080 δὲ
353 1054 401 1081 καὶ
425 1055 531 1086 πάντας
555 1056 618 1087 τοὺς
638 1056 740 1090 ,ἁγίους
754 1057 872 1084 ἀποστό-

82 1095 153 1128 λους,
171 1097 219 1123 καὶ
238 1099 392 1134 προφήτας,
408 1101 562 1136 μάρτυρας,
580 1102 672 1133 ὁσίους
690 1103 736 1129 καὶ
749 1096 872 1136 δικαίους

82 1141 120 1172 ὡς
142 1142 311 1177 θεράποντας
338 1145 417 1171 Θεοῦ.
439 1145 552 1178 Λοιπὸν,
578 1146 657 1182 κύριέ
690 1156 740 1183 μου
753 1169 760 1181 ,
780 1149 810 1175 οὔ
830 1158 872 1182 γι-

83 1186 210 1222 νώσκεις,
225 1189 267 1216 ὅτι
284 1190 387 1225 μείζων
400 1191 512 1219 πάντων
530 1193 605 1220 ἐστὶν
621 1194 637 1228 ἡ
654 1194 747 1226 πίστις
758 1192 816 1221 τῶν
827 1196 873 1231 ὀρ-

83 1232 197 1266 θοδόξων
213 1235 386 1269 Χριστιανῶν
397 1245 404 1269 ;

124 1288 153 1315 '0
169 1289 197 1316 δὲ
211 1290 390 1326 Σαρῤακηνὺς
405 1292 485 1324 πάλιν
498 1292 561 1328 ἔφη,
576 1293 677 1329 Δέομαί
695 1303 753 1327 σου,
770 1296 872 1330 Πάτερ,

84 1334 231 1368 βάπτιστόν
247 1344 291 1369 με.
306 1337 335 1364 '0
350 1337 378 1364 δὲ
396 1339 486 1374 ἱερεὺς
499 1339 586 1374 λέγων
597 1347 604 1356 ³
618 1341 664 1376 Μὴ
682 1341 786 1375 γένοιτο
796 1351 802 1358 ·
818 1342 873 1377 ἐγὼ

82 1380 112 1406 οὐ
136 1379 254 1415 δύναμαι
280 1383 392 1418 ποιῆσαι
418 1384 541 1412 τοιοῦτον
570 1386 661 1420 ἔργον,
692 1388 740 1414 καὶ
759 1387 792 1414 ἃν
818 1388 874 1423 ἐγὼ

82 1425 161 1451 τοῦτο
185 1428 305 1462 ποιήσω,
320 1430 367 1456 καὶ
389 1431 404 1457 ὁ
430 1431 477 1462 σὸς
493 1431 603 1466 ἀνεψιὸς
634 1433 648 1458 ὁ
681 1433 874 1470 Ἀμερουμνῆς

924 876 996 902 nem,
1007 869 1074 896 lucis
1083 867 1207 899 Matrem,
1222 872 1282 900 qua:
1294 864 1400 899 peperit
1416 863 1494 890 nobis
1508 861 1623 888 fructum
1641 859 1712 898 vitm,

920 916 975 950 jam
989 903 1155 942 antedictmn
1167 912 1309 939 Dominum
1323 915 1446 937 nostrum
1458 907 1549 935 .iesum
1563 906 1713 942 Christum,
1747 918 1748 921 η

923 960 1054 996 virginem
1070 963 1132 986 ante
1152 961 1258 993 partum
1272 977 1279 990 ,
1298 955 1431 991 virginem
1449 955 1474 980 in
1496 957 1591 987 partu,
1613 955 1639 977 et
1656 954 1714 983 post

922 1011 1029 1041 partum
1048 1004 1189 1038 virginem.

960 1049 1029 1078 XIV.
1051 1049 1195 1077 Credimus
1210 1049 1292 1075 etiam
1310 1053 1404 1074 omnes
1428 1050 1538 1073 sanctos
1558 1044 1713 1079 aposmtus,

923 1097 1088 1132 prophetas,
1105 1099 1256 1131 martyres,
1282 1098 1410 1126 sanctos,
1430 1097 1458 1120 et
1476 1092 1563 1126 iustos
1583 1096 1713 1125 tanquam

924 1142 971 1171 Dei
988 1143 1136 1169 ministros.
1153 1141 1290 1175 Denique.
1309 1138 1417 1167 domine
1441 1137 1494 1170 mi,
1519 1145 1571 1164 nou
1590 1136 1714 1171 agnoscis

925 1187 1228 1226 ﬁdemorthodoxorum
1242 1184 1460 1213 Christianorum
1484 1183 1602 1217 reliquas
1618 1189 1716 1209 ornues

924 1233 1102 1261 antecellere?

959 1290 1017 1317 XV.
1039 1290 1207 1317 Sarracenos
1226 1290 1315 1317 denuo
1337 1288 1456 1316 instabat
1474 1296 1481 1315 :
1499 1287 1627 1321 Supplico
1644 1285 1692 1312 tibi
1707 1304 1714 1316 ,

925 1335 1015 1368 Pater,
1037 1335 1143 1370 baptiza
1171 1342 1223 1362 me.
1252 1334 1288 1361 At
1311 1333 1446 1361 Sacerdos
1476 1333 1576 1360 restitit
1602 1331 1714 1358 dicens:

925 1376 1104 1417 Nequaquam
1131 1381 1181 1408 hoc
1206 1380 1262 1408 ﬁat.
1287 1380 1347 1408 Non
1376 1380 1447 1407 enim
1465 1386 1573 1414 possum
1596 1385 1645 1413 ego
1664 1377 1716 1404 tale

927 1428 1033 1455 facinus
1056 1431 1226 1462 perpetrare.
1244 1425 1278 1452 Et
1293 1426 1315 1453 si
1331 1432 1381 1460 ego
1396 1424 1423 1452 id
1442 1424 1570 1452 auderem
1583 1443 1590 1455 ,
1608 1431 1639 1450 ac
1656 1427 1717 1450 tuus

84 1469 158 1506 μάθῃ
170 1472 239 1506 αὐτὸ
262 1473 293 1499 τὸ
319 1473 568 1509 ἔργον,ἀποκτενεϊ
591 1476 642 1510 ἐμὲ
668 1467 871 1514 καὶδιάφθερεϊ

932 1472 1057 1507 patruelis
1076 1472 1253 1500 Amerumnes
1281 1470 1381 1498 factum
1406 1470 1546 1502 rescierit,
1565 1467 1714 1495 interﬁciet

83 1517 129 1543 καὶ
142 1518 188 1543 τὸν
204 1518 279 1548 ναόν.
289 1519 360 1546 Ἀλλ’
375 1521 399 1547 εἰ
419 1520 476 1547 ἔστι
495 1530 535 1548 σοι
551 1521 659 1557 θέλημα
679 1522 872 1558 βαπτισθῆναι,

83 1561 201 1597 πορεύου
218 1564 288 1599 πρὸς
308 1565 355 1591 τὸν
377 1567 469 1593 ἐκεῖσε
493 1567 576 1593 τόπον
598 1568 628 1593 ὲν
653 1567 692 1602 τῷ
707 1567 767 1604 ὄρει
791 1569 872 1596 Σινᾶ·

82 1608 164 1634 κάκεῖ
176 1609 251 1636 ἐστιν
262 1610 277 1636 ὁ
289 1609 446 1647 ἀρχιερεὺς,
467 1612 550 1644 αὑτός
566 1621 596 1638 σε
611 1611 752 1647 βαπτίσει.

124 1695 153 1722 '0
167 1696 197 1722 δὲ
211 1696 389 1732 Σαρῤακηνὺς
404 1698 519 1733 ἐποίησε
536 1699 681 1734 μετάνοιαν
695 1699 734 1735 τῷ
751 1701 874 1735 πρεσϐυ-

83 1741 164 1777 τέρῳ,
179 1743 228 1772 καὶ
244 1744 381 1780 ἐπορεύθη
400 1744 500 1777 ἔξωθεν
514 1745 560 1772 τοῦ
572 1745 648 1773 ναοῦ.
665 1747 743 1774 Μετὰ
757 1747 785 1773 δὲ
798 1748 873 1782 ὥραν

85 1788 149 1822 μίαν
168 1789 221 1824 τῆς
243 1789 358 1823 νυκτὸς,
377 1791 459 1818 πάλιν
484 1789 550 1827 ἦλθε
571 1792 640 1827 πρὸς
653 1793 699 1819 τὸν
724 1793 811 1828 ἱερέα,
826 1794 875 1820 καὶ

84 1834 194 1870 ἑξεδύθη
211 1835 248 1861 τὰ
258 1835 310 1870 τῆς
323 1836 463 1871 βασιλείας
474 1837 579 1872 χρύσεα
594 1839 690 1873 ἱμάτια
705 1839 753 1866 καὶ
763 1839 875 1876 ὲνεδύθη

85 1880 146 1905 τινὰ
162 1879 294 1915 πενιχρὸν
307 1881 410 1908 σάκκον
429 1881 561 1917 τρίχινον,
582 1882 631 1909 καὶ
646 1882 691 1908 διὰ
707 1882 805 1914 νυκτὸς
822 1891 874 1920 φυ-

84 1924 140 1957 γὼν
156 1925 205 1951 καὶ
220 1925 318 1961 ἄδηλος
333 1926 452 1960 ἐγένετο,
471 1927 518 1954 καὶ
535 1927 718 1963 πορευόμενος
735 1929 764 1959 ἐς
780 1927 811 1955 τὸ
827 1928 874 1955 τοῦ

84 1969 149 1996 Σινᾶ
166 1970 239 2005 ὅρος,
257 1972 369 2000 κάκεῖσε
385 1971 466 2000 ἔλαϐε
481 1972 511 1999 τὸ
530 1973 608 2007 ἅγιον
624 1973 767 2008 βάπτισμα
782 1974 815 2000 ὲκ
828 1973 875 2002 τοῦ

83 2015 245 2051 ἀρχιερέως.

120 2062 227 2096 Ἔμαθε
240 2063 268 2089 δὲ
280 2064 327 2089 καὶ
339 2063 370 2090 τὸ
384 2064 547 2100 ψαλτήριον,
565 2067 612 2092 καὶ
627 2067 794 2103 ὲστιχολόγει
808 2069 875 2096 αὐτὸ

83 2107 143 2134 καθ’
160 2108 291 2144 ἑκάστην.

927 1518 971 1546 ille
988 1526 1049 1550 me,
1074 1521 1101 1544 et
1125 1516 1255 1552 templum
1275 1517 1326 1544 hoc
1347 1517 1477 1545 destruet.
1499 1515 1553 1541 Sed
1581 1514 1716 1549 siquidem

925 1564 1056 1598 baptizari
1079 1563 1226 1595 desideras,
1252 1563 1428 1598 proﬁciscere
1442 1563 1473 1588 ad
1489 1561 1564 1588 llllllll
1583 1561 1670 1588 locmn
1689 1561 1715 1587 in

927 1615 1018 1637 monte
1038 1609 1103 1637 Sina
1120 1609 1159 1646 (Δ)
1174 1618 1180 1637 :
1201 1616 1264 1636 nam
1279 1609 1334 1637 illic
1358 1609 1502 1643 episcopus
1515 1607 1607 1642 degit,
1633 1607 1677 1634 ille
1692 1613 1716 1633 te

926 1655 1084 1690 baptizabit.

961 1699 1032 1728 XVI.
1052 1699 1134 1727 Facta
1153 1707 1218 1735 ergo
1236 1701 1370 1728 sacerdoti
1392 1699 1543 1728 reverentia
1555 1721 1562 1734 ,
1590 1707 1715 1734 egressus

926 1752 968 1774 est
985 1746 1084 1781 templo
1101 1745 1280 1774 Sarracenus.
1299 1746 1362 1774 I’ost
1377 1746 1494 1781 primam
1512 1745 1610 1773 deinde
1625 1745 1714 1772 noctis

927 1792 1021 1820 horam
1037 1792 1110 1819 venit
1136 1793 1168 1819 ad
1187 1792 1366 1824 sacerdotem,
1383 1796 1409 1819 et
1425 1797 1522 1819 exutus
1539 1799 1620 1819 aurea
1640 1793 1715 1825 regni

927 1838 1106 1870 vestimenta,
1132 1837 1296 1873 indutosque
1325 1838 1369 1865 vili
1400 1846 1479 1866 sacco
1495 1838 1620 1869 eilicino,
1651 1837 1715 1871 ΐιιιςὶι

927 1882 1080 1917 incognitus
1099 1883 1193 1910 eadem
1211 1886 1290 1910 nocte
1301 1903 1308 1915 ,
1325 1883 1520 1918 profectusque
1537 1888 1578 1910 est
1595 1883 1622 1910 in
1640 1891 1700 1909 ntun

928 1935 980 1956 tem
997 1927 1080 1962 Sina,
1098 1935 1125 1957 et
1143 1928 1241 1957 ibidem
1257 1929 1291 1956 ab
1308 1929 1437 1964 episcopo
1461 1936 1566 1956 sacrum
1583 1929 1719 1964 baptisma

927 1976 1057 2010 suscepit.

962 2063 1042 2092 XVII.
1065 2065 1164 2092 Didicit
1181 2072 1288 2100 quoque
1310 2065 1482 2100 psalterium,
1497 2070 1526 2093 et
1537 2066 1657 2100 quotidie
1675 2073 1719 2093 re-

928 2112 1029 2140 citabat
1042 2111 1235 2139 versiculatim.

117 2165 196 2191 Μετὰ
215 2165 244 2192 δὲ
264 2165 310 2201 ἔτη
334 2167 398 2202 τρία
418 2168 448 2194 ἐν
468 2169 517 2203 μιᾷ
531 2168 586 2195 τῶν
610 2170 733 2205 ἡμερῶν,
757 2168 817 2197 εἷπε
836 2171 871 2206 τῷ

962 2167 1169 2203 XVll|.Elapsis
1181 2173 1270 2194 autem
1285 2168 1372 2195 tribus
1388 2169 1479 2202 annis,
1499 2170 1525 2196 in
1543 2177 1593 2195 una
1612 2169 1717 2195 dierum

82 2210 222 2245 ἀρχιερεῖ·
248 2211 430 2248 Συγχώρησόν
451 2223 514 2248 μοι,
538 2214 675 2247 δέσποτα,
701 2215 759 2248 πῶς
786 2216 876 2251 μέλλω

82 2256 197 2290 ποιῆσαι
219 2256 284 2284 ἰδεῖν
307 2258 354 2287 τὸν
371 2259 505 2294 Χριστόν;
531 2260 560 2287 '0
576 2260 604 2286 δὲ
629 2261 776 2297 ἀρχιερεὺς
792 2260 853 2288 εἷπε
867 2271 874 2278 ’

84 2301 241 2337 {lpos-5610'.)
266 2303 335 2337 μετὰ
364 2305 483 2337 πίστεως
507 2306 601 2341 ὀρθῆς,
622 2309 670 2334 καὶ
694 2309 723 2334 ὲν
751 2310 802 2345 μιᾷ
819 2309 873 2337 τῶν

83 2349 196 2385 ἡμερῶν
214 2349 321 2384 μέλλεις
335 2350 432 2378 Θεᾶσαι
447 2352 492 2378 τὸν
509 2353 627 2387 Χριστὸν
641 2354 679 2385 ὡς
698 2355 800 2387 ποθεῖς.
821 2357 875 2382 Καὶ

81 2394 165 2422 πάλιν
178 2396 266 2423 ὃποτε
283 2397 459 2433 Μρῤακηνδς
472 2398 534 2433 ἔφη·
550 2399 682 2431 Δέσποτα,
697 2401 875 2437 συγχώρησον

83 2449 146 2475 μοι,
168 2442 243 2473 ὅπως
267 2443 395 2478 πορευθῶ
418 2444 487 2479 πρὸς
512 2446 557 2470 τὸν
576 2446 650 2480 ἱερέα
667 2447 713 2472 τὸν
729 2447 874 2480 διδάξαντά

82 2494 127 2519 με,
141 2486 207 2512 ὃταν
219 2483 345 2522 εἷδοντῆν
367 2489 487 2524 φρικτὴν
502 2491 637 2518 ὀπτασίαν
652 2493 680 2518 ὲν
695 2493 734 2527 τῷ
751 2494 808 2529 ναῷ
823 2494 870 2521 τοῦ

81 2532 247 2564 πανενδόξου
276 2533 416 2570 μάρτυρος
445 2535 592 2571 Γεωργίου.
624 2537 654 2564 'O
669 2538 697 2565 δὲ
726 2540 873 2576 ἀρχιερεὺς

82 2578 153 2613 ἔφη·
171 2578 294 2613 Πορεύου
310 2580 350 2613 εἰς
366 2582 488 2617 εἰρήνην.
768 2592 772 2597 ’

116 2623 174 2650 Καὶ
186 2624 273 2656 οὕτως
286 2626 422 2661 ἐπορεύθη
438 2628 506 2662 πρὸς
516 2629 561 2656 τὸν
572 2629 647 2664 ἱερέα
658 2651 665 2660 ,
681 2630 728 2656 καὶ
744 2631 873 2666 ἐποίησεν

79 2668 158 2703 αὶτῷ
176 2670 331 2704 μετάνοιαν,
353 2672 399 2698 καὶ
417 2673 621 2708 προσεκύνησεν
636 2673 710 2709 αὑτῴ
725 2695 731 2705 ,
751 2677 794 2701 καὶ
812 2673 872 2702 εἷπε

928 2216 966 2242 ait
989 2215 1137 2249 episcopo:
1158 2214 1289 2242 Permitte
1316 2214 1400 2247 mihi,
1427 2216 1554 2247 domine,
1582 2222 1610 2242 ut
1628 2215 1719 2242 videre

928 2261 1032 2287 valeant
1051 2260 1200 2288 Christum.
1227 2260 1376 2296 Episcopus
1402 2261 1542 2296 respondit
1560 2271 1566 2289 :
1584 2263 1637 2288 Ora
1656 2270 1716 2288 cum

929 2312 1003 2335 recta
1022 2306 1091 2339 ﬁde,
1109 2311 1136 2334 et
1152 2308 1244 2334 in‘una
1271 2307 1375 2334 dierum
1393 2307 1500 2344 visurus
1526 2315 1555 2335 es
1579 2307 1716 2334 Christum

930 2352 1155 2388 quemadmodum
1187 2353 1336 2380 desideras.
1365 2353 1397 2380 Et
1429 2361 1524 2380 rursus
1553 2353 1598 2387 qui
1630 2352 1718 2380 fuerat
1747 2363 1765 2381 ·,

928 2402 1097 2430 Sarracenus
1121 2402 1188 2429 dixit
1205 2411 1211 2429 :
1231 2402 1363 2430 Permitte
1384 2403 1448 2430 milii
1464 2408 1493 2430 ut
1510 2404 1667 2438 proﬁciscar
1683 2404 1716 2431 ad

927 2450 1108 2481 sacerdotem,
1131 2449 1177 2484 qui
1195 2457 1238 2476 me
1264 2449 1343 2477 ﬁdem
1361 2450 1483 2481 edocuit,
1505 2451 1612 2484 quando
1638 2451 1719 2478 visio-

928 2503 988 2521 nem
1010 2494 1196 2522 admirabilem
1211 2494 1263 2522 vidi
1281 2495 1306 2521 in
1330 2494 1428 2529 templo
1441 2494 1628 2528 gloriosissimi
1647 2503 1720 2523 mar-

929 2541 995 2576 tyris
1017 2541 1136 2576 Georgii.
1152 2540 1301 2576 Respondit
1316 2540 1479 2575 episcopus:
1498 2540 1570 2568 Vade
1590 2541 1616 2568 in
1639 2549 1717 2577 pace.

965 2630 1037 2657 XIX.
1060 2631 1159 2665 Sit-quc
1175 2631 1208 2658 ad
1235 2631 1402 2658 sacerdotem
1418 2631 1556 2666 profectus
1572 2632 1719 2666 prostravit

930 2685 958 2703 sc
985 2678 1176 2711 adornvitquc,
1205 2683 1232 2704 ct
1260 2677 1397 2711 inquiebat
1427 2678 1559 2705 sacerdoti
1586 2687 1593 2704 :
1628 2677 1723 2708 Nosti,.

117 2755 221 2801 (“Albi
250 2756 419 2787 Justiniaous
449 2759 734 2801 ﬁrniunt_pr:e_sidiut_n_
764 2768 857 2791 contra

933 2773 1046 2793 racutos
1069 2770 1208 2801 posuerat,
1232 2766 1364 2801 Procopio
1400 2771 1476 2794 teste.
1491 2766 1529 2792 ΛιΙ
1564 2767 1718 2798 tntnigizur

82 2789 136 2816 'cci
153 2792 346 2820 Amerumnem
364 2796 488 2822 amandat
503 2789 628 2830 prudenti
642 2798 763 2825 consilio.
