1948 3077
103 179 170 212 121⁵1

516 185 679 216 HOMILIA
707 187 772 216 CUl
793 187 880 221 νιΤΑ
900 188 1063 219 ΙΙΗΜΑΝᾹ
1083 191 1143 220 SIT
1163 191 1317 221 SIMILIS.

1663 193 1730 225 1218

102 237 156 272 γὰρ
169 237 222 272 τῆς
247 233 376 274 τοιαύτης
399 239 482 275 τιμῆς
507 241 555 267 καὶ
577 241 717 276 βασιλείας
730 242 778 268 καὶ
799 243 896 269 πασῶν

948 245 1074 279 princeps
1082 247 1201 272 omnium
1214 255 1274 280 quae
1289 247 1313 273 in
1326 251 1394 273 terra
1408 246 1550 280 dogehant,
1562 248 1642 275 simul
1652 253 1731 282 atque

101 283 155 308 τῶν
172 282 253 309 θείων
262 284 371 319 δωρεῶν
390 286 419 311 ἐν
441 287 489 321 μιᾷ
503 287 573 322 ῥοπῇ
596 287 751 322 γυμνωθεὶς
768 289 892 321 ἐξέπεσε,

101 329 149 354 καὶ
162 329 212 355 τοῦ
223 330 390 365 παραδείσου
404 330 542 367 ὲξόριστος
564 333 672 366 γέγονε,
690 333 738 360 καὶ⁸
754 334 794 365 εἰς
812 333 893 368 βάθος

102 375 241 408 πτωχείας
255 376 303 402 καὶ
315 376 505 412 ταλαιπωρίας
520 378 703 413 κατήντησεν.

947 297 1032 316 111111111
1051 295 1235 324 transgressus
1257 297 1299 318 est
1320 291 1488 322 mandatum,
1509 293 1634 319 omnibus
1658 293 1731 320 illico

947 333 1026 360 bonis
1039 334 1161 368 privatus
1184 342 1215 361 ac
1227 335 1372 362 destitutus
1385 335 1476 363 fuerit.
1496 336 1643 364 Enimvero
1656 337 1730 364 omni

945 380 1062 413 pristino
1081 380 1182 406 honore
1195 384 1221 406 el
1236 380 1348 414 imperio
1364 386 1444 415 atque
1459 382 1584 409 omnibus
1597 383 1676 409 donis
1689 383 1731 408 di-

101 420 174 446 vinis
194 428 248 448 uno
268 422 398 457 temporis
414 428 551 450 momento
573 425 706 459 spoliatus
730 426 843 460 excidit,
865 430 892 453 et
929 427 1056 460 paradiso
1084 426 1210 464 exclusus
1229 427 1374 458 exsulavit,
1397 432 1479 462 alque
1514 428 1540 455 in
1566 428 1728 463 profundum

101 464 201 499 inopia:
219 470 246 493 et
263 473 391 494 aerumna
406 469 539 504 gurgitem
552 470 676 497 incurrit.

136 511 174 538 Γ¹.
193 511 278 539 Ὅταν
287 510 334 539 οὖν
343 513 375 540 τὸ
385 513 415 540 ἓν
429 516 554 551 πταῖσμα
566 516 616 550 τῆς
629 517 774 552 παρακοῆς
788 518 892 544 ἐκείνου

102 558 251 593 συγκρίνας
265 560 326 592 τοῖς
353 560 553 597 ἀναριθμήτοις
575 563 656 597 ἡμῶν
679 563 891 598 ἁμαρτήμασιν,

100 601 257 637 ἀπογνώσει
275 604 430 640 βυῦίςομαι,
448 607 530 633 Ὅταν
543 607 572 633 δὲ
586 607 626 639 εἰς
649 607 683 633 τὰ
696 608 767 634 κατὰ
783 607 829 634 τὸν
843 607 892 644 λῃ-

103 649 171 684 στὴν
184 650 235 675 τὸν.
245 650 308 676 νοῦν
326 651 466 685 ἐπανάγω,
491 652 539 678 καὶ
553 652 610 686 γνῶ
626 652 667 678 ὅτι
680 653 714 679 δι’
739 652 798 684 ἐνὸς
812 653 891 686 λόγου

103 694 251 726 σέσωσται,
268 696 483 731 ἑξαλειφθέντων
504 698 587 724 αὑτοῦ
608 699 717 725 πάντων
736 699 789 725 τῶν
803 699 893 734 ἁμαρ-

101 741 243 777 τημάτων,
260 742 392 778 ἀναψύχω
417 745 449 779 τῇ
471 744 571 776 ἐλπίδι,
584 745 631 771 καὶ
644 745 806 780 προστρέχω
823 753 892 779 προ‹

102 785 198 821 θύμως
208 788 241 822 τῇ
255 788 396 824 μετανοίᾳ·
407 788 500 824 ἐπειδὴ
509 790 612 821 ἐκεῖνος
621 790 661 825 τῷ
669 790 741 826 ἔργῳ
750 791 890 822 πέπτωκε,

101 834 148 858 καὶ
163 830 239 864 οὗτος
254 833 287 859 δι’
302 833 361 865 ἑνὸς
374 834 452 868 λόγου
468 835 613 864 σέσωσται.
636 836 754 866 Ἐκεῖνος
765 836 892 870 θαύματα

948 536 950 539 -
979 516 1024 544 111.
1039 517 1154 544 Proinde
1166 524 1227 544 cum
1240 525 1322 544 unum
1334 518 1405 545 illius
1424 518 1611 547 inobedienlite
1625 520 1728 555 lapsum

944 568 1005 587 cum
1024 561 1175 588 innumeris
1195 563 1293 588 erratis
1322 559 1424 590 nostris
1437 571 1580 598 compono,
1600 565 1729 599 despera-

944 606 1023 632 tionis
1036 606 1182 641 iinmergor
1201 607 1307 642 pelago.
1328 607 1424 635 Verum
1440 610 1547 642 quando
1556 611 1675 636 animum
1696 611 1729 637 ad

943 660 974 680 ea
1001 660 1060 686 quae
1084 652 1181 679 latroni
1211 653 1373 680 aecidcrunt
1391 653 1502 686 reduco,
1525 659 1551 680 et
1583 655 1642 682 novi
1668 663 1729 682 eum

944 697 1024 724 unica
1040 697 1209 728 oratiuncula
1227 703 1363 724 servulum
1387 705 1458 730 esse,
1476 699 1602 727 omnibus
1614 700 1672 733 ejus
1687 709 1730 728 er-

945 742 1011 769 ratis
1030 743 1136 775 deletis,
1150 750 1196 777 spe
1215 743 1332 774 reﬁcior,
1351 743 1524 771 et'alacriler
1543 746 1575 772 ad
1594 747 1730 780 poeniten-

946 788 1009 815 tiam
1029 795 1157 821 recurro;
1185 789 1401 822 quandoquidem
1424 789 1468 816 ille
1490 790 1524 817 ob
1538 790 1638 818 factum
1655 792 1730 819 ceci-

945 833 1037 866 derat;
1055 833 1097 860 hic
1123 834 1202 860 etiam
1226 841 1274 868 per
1290 834 1391 861 dictum
1419 842 1501 862 unum
1518 841 1641 864 servatus
1663 842 1702 864 est
1721 845 1729 864 :

102 879 211 912 ἐξαίσια
227 877 290 913 εἶδε,
308 881 355 907 καὶ
368 881 543 917 παρήκουσεν
554 890 562 897 ·
574 878 654 913 οὗτος
671 882 747 909 οὐδὲν
767 880 850 914 οἶδεν,
866 881 890 908 εί

943 879 986 906 ille
1007 876 1138 906 miracula
1159 879 1290 914 stupenda
1314 879 1429 911 viderat,
1448 885 1475 907 et
1501 881 1641 908 inubediit.
1676 882 1726 910 llic

103 925 143 960 μὴ
155 925 202 951 τὸν
218 925 336 960 Χριστὸν
352 926 399 953 καὶ
415 927 509 954 τοῦτον
523 927 743 963 ἐσταυρωμένον,
762 927 809 953 καὶ
829 928 888 962 ἡτι-

50 980 52 982 ·
103 971 244 1006 μωμένον,
256 972 302 998 καὶ
316 973 462 999 ἐπίστευσε
476 981 482 988 ·
501 972 568 999 πολὺ
583 970 628 1000 οὖν
642 972 672 999 τὸ
687 973 826 1007 διάφορον,
842 973 890 999 καὶ

101 1017 152 1052 τῆς
166 1017 289 1053 ἰσότητος
303 1018 334 1044 τὸ
346 1019 450 1050 ἄνισον,
464 1018 542 1045 νόσου
556 1019 645 1054 ψυχῆς
657 1019 703 1045 καὶ
718 1020 844 1054 σώματος
860 1019 890 1044 τὸ

101 1063 248 1099 ἀνόμοιον·
266 1064 296 1090 οὐ
326 1064 382 1100 γὰρ
402 1062 475 1099 εἶχεν
498 1065 594 1100 ἑτέραν
616 1064 718 1100 ἀρετὴν
741 1066 755 1091 ὁ
776 1064 888 1102 λῃστὴς.

101 1110 127 1135 εἰ
144 1109 181 1144 μὴ
197 1109 227 1135 τὸ
246 1109 332 1135 είπεῐν
347 1110 394 1136 καὶ
410 1110 502 1146 μόνον,
518 1109 678 1144 Μνήσθητι
700 1119 771 1144 μου,
788 1110 886 1144 Κύριε,

100 1155 136 1182 ἐν
160 1155 199 1188 τῇ
213 1155 358 1189 βασιλείᾳ
374 1163 443 1183 σου,
468 1156 547 1183 Ὅσοι
557 1154 604 1183 οὖν
627 1156 746 1191 Χριστοῦ
770 1155 890 1191 μαθηταὶ

101 1201 187 1234 ὄντες,
200 1201 417 1237 συγκληρονόμοι
432 1201 515 1228 αὑτοῦ
527 1201 655 1236 γενέσθαι
665 1201 802 1234 ἐλπίζετε,
815 1201 890 1235 ἀγω-

102 1246 213 1273 νίσασοε
229 1246 357 1282 τοιαύτην
373 1247 465 1274 πίστιν
479 1246 562 1282 ἔχειν,
582 1246 629 1273 καὶ
644 1246 766 1273 εὐσεϐῶν
782 1245 890 1281 τρόπων

101 1293 171 1327 ἔργα
184 1292 411 1328 διαπράττεσθαι.
425 1294 485 1324 Πᾶς
502 1292 557 1328 γὰρ
569 1292 713 1327 ἄνθρωπος
729 1291 890 1327 βαπτισθεὶς

101 1339 141 1369 εἰς
159 1338 280 1373 Πατέρα,
299 1339 346 1365 καὶ
365 1338 440 1369 Υίδν.
459 1339 505 1365 καὶ
522 1339 599 1372 ἅγιον
618 1338 740 1372 Πνεῦμα,
772 1337 818 1364 καὶ
840 1337 890 1372 τῆς

102 1383 178 1414 θείας
192 1384 336 1416 κοινωνίας
350 1384 514 1418 μεταλαϐεῖν
525 1383 665 1417 ἀξιωθεὶς,
684 1383 714 1410 οὐ
728 1382 803 1417 λέγει
815 1381 890 1418 αὐτῷ

101 1428 132 1456 τὸ
145 1429 222 1464 ἅγιον
233 1429 399 1464 Εὐαγγέλιον
407 1436 414 1445 '
428 1429 474 1464 Μὴ
482 1429 624 1466 ἀδικήσῃς,
636 1429 673 1464 μὴ
688 1428 805 1467 ῥαπίσῃς
814 1428 886 1455 τινά.

108 1473 189 1501 ’Δλλὰ
201 1475 227 1501 τί
234 1474 324 1508 λέγει;
334 1475 466 1501 ’Δκουσον
475 1483 482 1489 ·
496 1475 559 1501 Ἐὰν
570 1475 713 1510 ἀδικηθῇς,
725 1475 871 1510 ὑπόμεινον
880 1481 888 1490 ο

107 1519 177 1546 Ἐάν
188 1527 234 1552 τις
250 1519 368 1553 ραπίσῃ
387 1520 446 1554 τὴν
460 1519 563 1552 δεξιάν
574 1527 634 1547 σου
653 1518 890 1554 σιαγόνα,,στρέ-

101 1566 164 1599 alar
173 1563 255 1597 αὐτῷ
267 1564 317 1592 καὶ
338 1564 395 1599 τὴν
415 1558 532 1600 ἄλλην·
549 1565 604 1592 ἐάν
628 1566 673 1599 τις
688 1573 725 1592 σε
740 1566 890 1601 ἀγγαρεύῃ

98 1611 204 1646 μίλιον
218 1610 263 1643 ἓν,
280 1610 377 1646 ὕπατε
387 1610 452 1638 δύο.
471 1611 565 1639 Ταῦτα
583 1611 660 1646 παρὰ
674 1611 721 1638 τοῦ
739 1611 890 1646 ὁμοπίστου

103 1657 249 1692 ὑπομεῖναι
263 1656 350 1688 οὐδεὶς
369 1657 424 1684 τῶν
439 1657 612 1691 Χριστιανῶν
622 1657 812 1692 καταδέχεται.
831 1657 891 1691 Ἀφ’

102 1698 132 1729 οὗ
144 1702 172 1728 δὲ
193 1701 310 1737 ἐπῆλθεν
327 1702 393 1739 ἡμῖν
406 1703 420 1729 ὁ
434 1702 519 1738 βαρὺς
531 1702 613 1737 ζυγὸς
627 1702 681 1728 τῶν
698 1702 899 1738 Ἰσμαηλιτῶνπ

103 1747 307 1782 κατεδεξάμεθα
321 1747 424 1774 τούτων
446 1748 586 1784 βαρύτερα
605 1747 760 1781 ἀκούοντες,
789 1748 834 1774 καὶ
851 1747 890 1783 μὴ

103 1793 260 1829 βουλόμενοι
277 1790 425 1830 ὑπομεῖναι
439 1802 446 1809 ”
460 1795 486 1821 εί
508 1794 563 1830 γὰρ
578 1795 763 1830 ὑπομένωμεν
776 1794 890 1821 τοιαῦτα

102 1837 153 1864 ὑπὸ
166 1838 222 1865 τῶν
236 1839 401 1874 ὁμοπίστων,
414 1839 526 1867 πλείονα
537 1840 570 1867 ἂν
589 1840 685 1873 μισθὸν
694 1840 814 1876 ἔχοιμεν.
827 1840 889 1866 Ὅτι

101 1885 265 1920 Χρισττανδς
280 1885 327 1913 ἐὰν
344 1885 461 1922 ἀδικήσῃ
483 1885 554 1918 τινὰ,
579 1885 698 1921 τριπλῆν
714 1885 762 1922 τὴν
786 1885 889 1921 ζημίαν

101 1930 252 1966 ὑπομένει·
268 1931 329 1958 οὐδὲ
342 1931 397 1967 γὰρ
421 1931 451 1958 τὸ
466 1931 593 1967 δεύτερον
619 1931 745 1968 ῥάπισμα
768 1931 888 1967 δέχεται,

101 1976 157 2003 ἀλλ’
173 1976 254 2009 αὐτὸς
269 1976 348 2004 ἄλλον
363 1977 491 2012 ἀδικῆσαι
505 1976 603 2012 τολμᾷ.

101 2021 253 2048 mercedem
277 2030 286 2048 :

316 2021 380 2056 quia
411 2022 433 2049 si
465 2019 545 2056 quem
572 2021 744 2049 Christianus
765 2020 878 2054 laeserit,
907 2021 1041 2056 triplicem
1065 2021 1183 2048 sustinet
1218 2021 1330 2048 multam
1361 2033 1367 2050 :

943 924 1008 950 nihil
1024 929 1144 957 noverat,
1159 925 1211 951 nisi
1226 924 1377 957 Christum,
1403 930 1430 952 et
1454 933 1515 952 eum
1532 927 1606 961 cruci
1620 927 1728 954 allixuin

941 969 1140 1004 ignominiaque
1153 969 1278 997 allectum
1293 970 1314 1002 ²,
1325 976 1351 997 et
1364 971 1488 998 credidit.
1508 971 1632 1006 Magnum
1648 974 1729 1008 igitur

941 1015 1086 1042 discrimen
1112 1021 1153 1042 est
1183 1011 1365 1050 mqualitatis,
1390 1016 1431 1043 vis
1459 1017 1615 1051 inaequalis,
1641 1019 1725 1045 animi

941 1062 1027 1088 morbi
1039 1065 1067 1087 et
1079 1061 1202 1095 corporis
1213 1061 1370 1088 dissimilis:
1383 1069 1470 1096 neque
1482 1063 1553 1089 enim
1562 1064 1613 1090 alia
1629 1065 1727 1092 virtute

941 1105 1010 1133 latro
1026 1106 1076 1133 luit
1097 1107 1235 1141 praeditus,
1257 1107 1309 1134 nisi
1326 1106 1399 1141 quod
1425 1107 1535 1140 dixerit,
1566 1109 1651 1136 solum
1677 1112 1727 1138 hoc

941 1152 1082 1184 duntaxat,
1093 1152 1222 1179 Memento
1237 1153 1299 1185 mei,
1316 1151 1435 1187 Domine,
1450 1154 1477 1180 in
1489 1161 1565 1188 regno
1575 1160 1619 1182 tuo
1633 1156 1727 1190 ’.ρυε-

941 1204 1046 1232 cunque
1060 1205 1136 1232 ergo,
1154 1198 1278 1233 discipuli
1296 1199 1398 1227 Christi
1424 1208 1486 1227 cum
1501 1201 1570 1235 sitis,
1587 1203 1667 1230 etiam
1683 1212 1728 1231 co-

940 1242 1061 1270 haircdes
1074 1245 1131 1278 ejus
1142 1243 1201 1271 licri
1218 1245 1347 1279 speratis,
1361 1250 1390 1272 ut
1405 1246 1447 1273 tali
1461 1246 1514 1274 llde
1531 1248 1592 1275 sitis
1611 1250 1726 1283 praediti,

941 1289 1105 1320 contendite,
1118 1293 1145 1316 et
1159 1297 1264 1316 morum
1281 1290 1389 1324 piorum
1408 1299 1491 1326 opera
1508 1298 1646 1327 praestate.
1665 1295 1727 1331 Ete-

941 1335 996 1362 nim
1013 1335 1102 1362 omnis
1119 1334 1223 1362 lustrali
1240 1335 1412 1370 baptismatis
1432 1345 1500 1373 aqua
1515 1339 1615 1367 tinctus
1636 1341 1661 1367 in
1677 1349 1727 1368 no-

941 1382 1012 1408 mine
1025 1380 1124 1414 Palris,
1142 1386 1168 1408 et
1179 1381 1240 1408 Filii
1252 1401 1260 1414 ,
1279 1387 1310 1409 et‘
1321 1382 1439 1418 Spiritus
1458 1384 1568 1418 sancti;
1584 1390 1611 1413 et.
1631 1387 1728 1414 tilitle

941 1427 1144 1454 communionis
1164 1428 1376 1462 participatione
1403 1429 1553 1458 honoratus
1567 1451 1575 1464 ,
1596 1432 1726 1465 patientia
1771 1439 1774 1442 ‘

941 1471 1092 1500 instructus
1117 1480 1178 1501 esse
1196 1474 1275 1501 debet.
1290 1482 1297 1500 :
1315 1474 1449 1509 siquidem
1465 1481 1590 1504 sanctum
1604 1476 1727 1513 Evange-

941 1516 1006 1544 lium
1023 1525 1076 1545 non
1103 1518 1186 1546 dicit:
1208 1517 1248 1546 Ne
1268 1519 1394 1554 injuriain
1410 1520 1533 1548 inferas:
1551 1529 1584 1549 ne
1598 1523 1728 1557 impingas

941 1563 1056 1598 alapam.
1078 1563 1146 1591 Non.
1168 1565 1268 1592 Ycrum
1292 1565 1356 1600 quid
1385 1566 1443 1592 ait?
1471 1567 1539 1594 Audi
1560 1575 1568 1594 :
1587 1569 1618 1594 Si
1633 1569 1728 1602 injuria

939 1608 1021 1636 laesus
1039 1609 1134 1641 lueris,
1151 1609 1246 1642 sull‘er,
1265 1616 1358 1644 patere
1373 1619 1381 1637 :
1408 1612 1440 1639 Si
1460 1613 1519 1646 quis
1538 1618 1561 1639 te
1572 1615 1727 1646 percttnerit

939 1653 966 1680 in
981 1654 1115 1680 dexteram
1142 1655 1280 1691 maxillam
1306 1660 1390 1688 tuam,
1408 1657 1495 1691 pra‘be
1510 1658 1549 1684 illi
1566 1663 1591 1685 et
1604 1659 1726 1688 alteram.

940 1697 1039 1733 Siquis
1058 1703 1082 1726 le
1099 1701 1275 1734 angariaverit
1293 1700 1365 1728 mille
1389 1710 1493 1736 passus,
1523 1704 1588 1730 vade
1604 1713 1662 1731 cum
1681 1705 1727 1734 illo

939 1749 963 1771 et
978 1745 1032 1772 alia
1053 1745 1105 1772 duo
1116 1745 1137 1772 ⁸.
1168 1745 1249 1780 Atqui
1267 1747 1323 1774 haec
1339 1747 1372 1774 ab
1400 1747 1518 1781 ejusdem
1541 1749 1601 1777 lidci
1625 1750 1728 1778 cultore

943 1792 1058 1827 perpeti,
1077 1791 1166 1818 nullus
1190 1791 1409 1819 Christianorum
1435 1794 1565 1821 admittit.
1582 1795 1681 1824 Verum
1693 1805 1726 1825 ex

939 1845 992 1872 quo
1007 1841 1126 1875 tempore
1143 1839 1328 1873 gravejngnm
1348 1838 1542 1867 lsmaelitarum
1558 1849 1607 1868 nos
1619 1850 1728 1876 oppres-

938 1884 984 1917 sit,
1010 1884 1053 1911 his
1077 1884 1203 1918 graviora
1227 1884 1381 1916 admittere,
1401 1886 1504 1917 audire,
1534 1890 1561 1913 et
1591 1887 1631 1914 vel
1649 1888 1726 1916 inviti

939 1929 1054 1957 tolerare
1064 1930 1197 1964 cogimur.
1215 1929 1320 1956 Etenim
1340 1930 1363 1957 si
1380 1931 1436 1958 hazc
1456 1936 1612 1965 pateremur
1632 1934 1666 1961 ab
1682 1935 1725 1967 iis,

938 1975 984 2010 qui
1001 1975 1125 2002 eamdem
1141 1975 1234 2004 colunt
1259 1975 1355 2009 tidem,
1387 1976 1516 2011 majorem
1542 1979 1726 2007 obtineremus

1399 2031 1451 2050 non
1479 2024 1551 2051 enim
1577 2026 1724 2054 secundum

100 2067 241 2103 colaphum
258 2068 387 2101 admittit,
405 2069 452 2096 scd
469 2069 525 2103 ipse
538 2068 650 2096 alterum
666 2068 763 2104 injuria
777 2068 883 2096 allicere
902 2068 993 2096 audet.

133 2115 175 2147 A'._
185 2115 233 2140 Δεῖ
245 2111 293 2141 οὖν
309 2114 400 2142 πάντα
411 2115 575 2150 Χριστιανὸν
586 2115 632 2142 ἐπὶ
648 2115 740 2142 πᾶσαν
748 2114 886 2150 ἁμαρτίαν

977 2113 1021 2142 IV.
1043 2114 1178 2148 Quocirca
1213 2122 1261 2148 par
1298 2119 1339 2143 est
1372 2115 1555 2143 Christianum
1576 2117 1609 2144 ob
1632 2126 1725 2145 unum-

98 2161 223 2197 Mvtme
233 2161 376 2196 μετανοεῖν
391 2161 430 2196 τῷ
444 2160 505 2196 Θεῷ
527 2161 659 2197 γνησίως,
678 2160 732 2196 πρὸ
747 2161 796 2195 τῆς
813 2160 887 2186 ἀπα-

941 2161 1066 2196 quodque
1098 2166 1238 2194 erratum,
1270 2161 1456 2196 paenitentiam
1485 2170 1537 2190 non
1564 2163 1625 2190 ﬁcte
1655 2166 1724 2199 apml

99 2206 229 2242 ραιτήτου
247 2207 413 2241 ἀποφάσεως
427 2207 475 2234 τοῦ
486 2207 614 2239 θανάτου,
633 2207 681 2234 καὶ
697 2206 735 2242 μὴ
749 2206 896 2242 πλανηθῆ-“

99 2261 143 2280 ναι
153 2254 188 2288 τῇ
203 2252 299 2288 ἀπάτῃ
311 2253 358 2280 τοῦ
375 2252 434 2288 βίου
449 2253 559 2280 τούτου.
576 2246 715 2288 Ὠμόιώθη
733 2253 788 2287 γὰρ
800 2253 817 2287 ἡ
831 2250 888 2288 ζωὴ

98 2300 177 2336 ήμῶν
193 2301 224 2327 ὲν
241 2300 308 2334 τῷδε
319 2299 359 2335 τῷ
375 2299 425 2335 βίῳ
439 2297 577 2335 ἀνθρώπῳ
591 2299 736 2335 οίκήσαντι
754 2299 783 2324 ἐν
807 2298 887 2334 αὐλῇ,

100 2344 169 2380 μετὰ
183 2344 233 2379 τῆς
247 2344 315 2376 ίδίας
329 2344 460 2378 γυναικὸς
475 2344 523 2371 καὶ
548 2343 713 2379 μονογενοῦς
730 2343 827 2370 τέκνου
841 2343 888 2370 καὶ

97 2389 192 2416 δούλου
207 2390 266 2421 ἑνός
278 2397 285 2404 ·
301 2390 331 2416 ὲν
381 2389 449 2425 αὺλῇ
467 2387 501 2425 ἦν
512 2389 574 2424 ὕφις
587 2389 788 2424 θανατηφόρος.
817 2388 846 2415 ’0
859 2388 887 2414 δὲ

97 2435 241 2471 ἄνθρωπος
267 2436 372 2466 ἐκεῖνος
399 2434 521 2466 ἀκούσας
545 2435 610 2470 παρ’
642 2433 731 2461 ἄλλων
756 2434 797 2460 ὅτι
824 2432 886 2467 ὄφις

98 2481 200 2512 ἐκεῖνος
217 2481 281 2511 τοὺς
292 2480 507 2515 ,εἰσερχομένους
529 2480 570 2512 είς
594 2480 644 2515 τὴν
672 2478 757 2514 αὐλὴν
776 2477 886 2512 ἐκείνην

97 2525 150 2552 ἀπὸ
158 2524 261 2560 γενεῶν
270 2525 392 2561 ἀρχαίων
404 2525 525 2558 θανατοῖ,
539 2524 655 2559 ὤφειλεν
665 2524 681 2560 ἣ
692 2525 724 2551 ἐκ
738 2525 787 2559 τῆς
799 2523 886 2559 αὐλῆς

97 2565 205 2606 ἒκξείνης
217 2570 349 2604 ἐξελθεῖν,
363 2571 380 2607 ἢ
393 2571 438 2598 τὸν
453 2571 695 2606 ὕῳινάποκτεῖναι,
706 2570 885 2597 τουτέστιτὸν

96 2617 212 2652 δαίμονα
227 2616 279 2651 τῆς
294 2616 477 2652 φιλαργυρίας
504 2617 553 2643 καὶ
576 2616 626 2651 τῆς
650 2616 812 2651 ἐπιθυμίας.
828 2616 884 2642 Καὶ

97 2663 170 2698 ὅμως
185 2662 271 2690 ἐλθὼν
287 2662 334 2690 τοῦ
343 2663 502 2689 ἀποκτεῖναι
521 2662 567 2688 τὸν
582 2662 655 2696 ὅφιν,
669 2658 750 2697 εὗρεν
774 2661 883 2698 ἐμπρο-

98 2709 158 2735 σθεν
179 2708 264 2735 αὑτοῦ
277 2709 308 2735 τὺ
321 2709 442 2744 νόμισμα
454 2707 610 2742 όλόὸρυζον,
631 2709 679 2735 καὶ
701 2707 792 2734 λαϐὼν
817 2707 884 2734 αὐτὸ

97 2752 184 2787 εἶπεν,
203 2756 245 2782 ὅτι
267 2755 299 2782 El
312 2754 409 2790 ἤθελεν
425 2755 585 2781 ἀποκτεῖναι
598 2755 671 2790 ἡμᾶς
686 2754 700 2780 ὁ
718 2754 780 2788 ὄφις
793 2750 881 2786 οὗτος,

96 2803 143 2828 οὐκ
159 2801 192 2828 ἂν
208 2801 239 2828 τὸ
253 2801 374 2837 νόμισμα
390 2800 470 2827 τοῦτο
490 2801 555 2836 ἡμῖν
578 2800 695 2827 ἔδωκεν·
710 2801 758 2826 καὶ
782 2800 882 2836 ἐχάρη,

938 2208 1021 2235 Deum
1036 2214 1116 2241 agere
1136 2211 1200 2234 ante
1224 2208 1387 2236 sententiam
1410 2208 1441 2234 de
1457 2208 1617 2236 inexorabili
1639 2215 1724 2238 morte

938 2253 1120 2284 enuntiatam,
1139 2257 1167 2279 et
1181 2259 1233 2279 non
1248 2259 1343 2279 errore
1364 2253 1425 2279 vita:
1440 2253 1520 2287 hujus
1535 2254 1641 2282 abduci.
1659 2254 1723 2283 Ele-

937 2297 992 2323 nim
1014 2296 1068 2324 vita
1094 2301 1186 2324 nostra
1211 2297 1309 2323 similis
1331 2296 1426 2324 effecta
1452 2303 1494 2325 est
1521 2299 1546 2326 in
1576 2300 1626 2328 hoc
1655 2308 1722 2334 arvo,

936 2342 1041 2369 homini
1065 2341 1111 2376 qui
1136 2342 1248 2369 incoluit
1264 2344 1335 2370 ardes
1357 2351 1419 2370 cum
1438 2352 1521 2372 uxore
1544 2353 1604 2376 sua,
1623 2351 1649 2373 et
1663 2348 1725 2373 uni-

937 2395 1005 2424 gena
1034 2387 1100 2421 lilio,
1125 2393 1208 2422 atque
1233 2397 1286 2416 uno
1314 2389 1413 2416 famulo
1431 2398 1436 2416 :
1454 2390 1479 2416 in
1506 2391 1605 2424 quibus
1621 2392 1725 2420 aedibus

937 2431 1052 2468 serpens
1067 2439 1126 2461 erat
1139 2433 1256 2461 lelhifer.
1267 2433 1316 2461 Vir
1333 2434 1378 2461 ille
1391 2443 1451 2462 cum
1469 2435 1502 2462 ab
1518 2437 1579 2464 aliis
1593 2438 1723 2472 audisset,

937 2483 1090 2514 serpentem
1106 2480 1188 2506 istum
1203 2480 1386 2515 ingredientes
1401 2481 1509 2508 domum
1520 2483 1594 2510 illam
1607 2485 1725 2518 apriscis

942 2524 1050 2551 saeculis
1073 2531 1199 2557 enecare,
1215 2526 1310 2552 debuit.
1326 2531 1372 2552 aut
1393 2534 1424 2553 ex
1443 2527 1486 2554 illa
1512 2528 1592 2556 domo
1619 2532 1723 2565 egredi,

938 2577 985 2597 aut
1012 2578 1127 2606 anguem
1149 2570 1314 2603 interﬁcere,
1343 2572 1443 2599 malum
1468 2574 1593 2602 videlicet
1617 2577 1723 2611 genium

935 2616 1056 2643 avaritiae
1067 2621 1094 2643 el
1109 2616 1231 2644 libidinis
1245 2627 1251 2644 :
1263 2622 1384 2645 attamen
1398 2619 1537 2653 prolectus
1553 2622 1586 2648 ad
1598 2623 1723 2649 occiden-

934 2660 997 2688 dum
1015 2666 1180 2696 serpentem,
1198 2661 1302 2689 inVenit
1324 2668 1386 2690 ante
1407 2665 1490 2698 pcdcs
1508 2672 1572 2692 suos
1590 2667 1722 2693 nuniisma

934 2714 950 2734 e
966 2715 1032 2742 puro
1054 2708 1197 2742 solidoque
1220 2716 1303 2741 auro;
1327 2708 1378 2736 hoc
1403 2718 1514 2738 nummo
1538 2715 1649 2745 accepto
1669 2719 1676 2738 :
1694 2713 1723 2740 Si

934 2753 1026 2787 vellet,
1053 2753 1153 2788 inquit,
1173 2755 1300 2782 occidere
1329 2763 1379 2784 nos
1402 2756 1445 2783 hic
1462 2756 1566 2792 anguis.
1587 2757 1724 2791 haudqua-

934 2806 1013 2833 quam
1036 2798 1107 2826 istud
1124 2799 1258 2827 numisma
1286 2801 1363 2829 nobis
1379 2801 1514 2830 daret:et
1537 2802 1634 2836 gaudio
1658 2803 1723 2830 delia

132 2882 142 2896 ¹
159 2880 166 2906 Ι
182 2880 247 2907 Cor.
265 2888 299 2912 11¹
315 2879 342 2908 2.
380 2880 390 2896 ³
402 2880 466 2907 Luc.
484 2888 562 2913 xviii,
575 2879 620 2907 ιε.
660 2880 670 2895 ⁸
686 2879 782 2908 Matth.
797 2879 868 2912 V,59
900 2875 943 2902 “-
