1948 3077
236 125 303 158 1223

699 121 982 153 CHRISTOPHORI
1001 121 1258 153 PATRIARCH/E
1278 118 1388 149 ALEX.

1787 114 1851 146 1'24

233 182 344 210 vexatio
359 180 393 207 ob
407 183 553 206 mortuum.
568 177 653 205 Hodie
671 177 766 204 ﬂemus
780 182 806 204 et
827 183 973 204 maeremus
986 183 1017 202 ac

1071 175 1136 210 ἡμῖν
1160 175 1225 209 περὶ
1254 173 1302 200 τοῦ
1331 171 1439 207 νεκροῦ.
1475 171 1600 207 Σήμερον
1627 171 1853 207 ἀπαραμυθήτως

233 228 367 260 lngemus,
394 225 464 251 nulla
480 223 664 250 consolatione
686 223 825 254 adhibita,
845 227 873 249 et
897 221 1016 248 crastina

233 273 277 299 die
301 273 337 297 ita
358 270 446 297 allecti
470 277 563 296 sumus
576 289 584 302 ,
601 268 680 302 quasi
701 267 867 295 immortales
882 273 1016 305 essemus.

270 316 314 343 IX.
335 315 386 342 Sed
401 314 471 341 unde
484 314 605 347 digressa
618 317 669 345 est.
683 320 715 339 eo
727 312 819 339 redeat
834 311 939 342 oratio;
953 311 1016 344 quia

233 370 275 393 ea,
289 369 348 396 φησι
366 365 458 387 secuta
475 364 538 386 sunt
550 379 557 390 ,
583 359 672 386 dicere
695 364 881 392 properamus.
900 355 1017 382 lntuitus

234 408 277 434 ille
298 407 381 433 tilium
402 413 481 432 suum
508 405 692 439 lacrymarum
709 403 763 428 vim
781 401 975 434 ell'undcntem,
990 404 1017 427 ct

233 452 317 486 patris
345 449 474 477 auxilium
491 448 694 483 implorantem,
710 446 830 473 medicos
846 445 1016 476 convocavit,

232 499 321 532 iisque
345 496 480 531 promittit
495 502 537 526 se,
560 493 690 528 quidquid
716 492 859 527 petiissent
879 491 1015 522 daturum,

230 545 254 572 si
269 544 376 578 quidem
396 542 479 568 lilium
501 545 629 567 eruerent
645 539 679 566 ab
698 539 808 566 interitu
828 545 835 564 :
849 542 877 564 at
891 537 939 570 illi,
954 543 1016 563 cum

231 590 346 616 mullum
366 588 546 617 laborassem,
571 585 638 612 nihil
665 585 824 618 proluerunt
840 590 847 609 :
865 590 926 610 mox
952 589 1017 617 ergo

231 636 303 662 lilius
326 633 441 664 interiit,
458 636 484 658 et
506 636 581 665 paler
601 630 708 662 dolens,
726 629 895 656 asseveravit
911 635 941 654 se
957 635 1016 655 .non

231 679 427 715 permissurum
443 683 472 704 ut
485 685 597 711 serpens
612 677 713 703 viveret
729 676 895 709 :Quousqne
908 675 1017 702 tandem

232 726 379 759 meipsnm,
395 724 492 758 inquit,
510 722 598 756 inepte
614 721 739 750 deludam
753 721 901 760 insipiens,
919 725 946 747 et
963 727 1016 746 non

230 770 429 798 exsecrandum
456 776 569 804 anguem
598 767 781 802 itnerﬁciam,
797 767 954 801 priusquam
973 770 1018 792 me

231 815 393 844 interimat?
414 822 475 842 mox
502 815 639 848 profectus
653 814 686 841 ad
708 818 862 848 serpentem
889 813 1018 840 occiden-

1067 220 1199 254 κλαίομεν
1231 219 1279 245 καί
1294 217 1445 253 ὀδυρόμεθα
1453 216 1677 252 καὶ-θρηνοῦμεν,
1691 218 1739 244 καὶ
1749 217 1854 254 «αὔριον

1067 264 1196 292 ἀθάνατοι
1209 263 1380 298 διακείμεθα.

1078 329 1082 331 -
1107 311 1146 337 Θ’.
1169 310 1249 336 Ἀλλὰ
1269 308 1449 343 ἀναλᾲϐωμεν
1462 307 1508 334 τδν
1523 306 1601 341 λόγον
1615 301 1676 333 ὅθεν
1693 306 1775 334 αὑτὸν
1786 316 1855 336 κατ-

1066 355 1206 391 ελίπομεν,
1221 355 1315 390 ἐπειδὴ
1329 355 1364 381 τὰ
1377 353 1514 381 ἀκόλουθα
1521 354 1608 379 εἰπεῖν
1620 353 1853 388 κατεπειγόμεθα.

1073 401 1146 428 Ἰδὼν
1156 399 1202 428 οὗν
1214 403 1227 428 ό
1242 401 1290 429 avo
1295 409 1385 436 ρωπος
1397 401 1443 427 τὸν
1451 400 1508 427 υἱὸν
1519 398 1603 425 αὑτοῦ
1617 399 1748 434 δάκρυσιν
1757 399 1855 434 ὀλοφυ-

1069 447 1192 482 ρόμενον,
1214 447 1261 473 καὶ
1279 441 1328 481 τὴν
1342 446 1466 481 βοήθειαν
1478 446 1526 473 τοῦ
1549 446 1654 481 πατρὸς
1670 445 1856 480 ἐπικαλοὺμε-

1067 500 1122 524 νον,
1140 491 1302 527 συνήθροισε
1312 491 1376 523 τοὺς
1397 491 1517 526 ἰατροὺς,
1539 490 1773 525 ἐπαγγειλάμενος
1787 491 1857 517 δοῖ,-

1067 545 1112 564 ναι
1128 537 1219 568 αὐτοῖς
1238 537 1252 563 ὅ
1274 545 1301 563 τι
1322 536 1355 562 ἂν
1376 536 1536 570 αἰτήσωσιν,
1563 536 1668 562 ὲὰντδν
1693 536 1750 562 υἱὸν
1773 536 1856 563 αὑτοῦ

1067 582 1269 618 ἐλευθερώσωσι
1283 582 1331 609 τοῦ
1347 582 1474 610 θανάτου.
1490 582 1544 608 Καὶ
1561 582 1646 609 πολλὰ
1660 583 1857 612 κοπιάσαντες.

1067 630 1214 665 ὠφέλησαν
1227 629 1314 657 οὐδέν.
1336 629 1484 656 ’Δπέθανεν
1498 627 1545 656 οὖν
1570 631 1584 656 6
1598 631 1674 661 παῖς,
1692 629 1744 656 καὶ
1766 629 1856 664 λυπη-

1068 676 1125 708 θεὶς
1136 677 1150 702 ὁ
1161 676 1252 711 πατὴρ
1269 675 1353 702 αὑτοῦ
1369 674 1461 710 ὤμοσε
1475 675 1512 711 μὴ
1525 677 1605 703 ἐᾶσαι
1618 676 1664 702 τὸν
1674 668 1735 710 ὄφιν
1752 676 1855 707 ζῶντα.

1067 721 1156 756 λέγων
1167 729 1174 737 ·
1190 722 1262 754 Ἕως
1278 722 1344 748 πότε
1361 722 1510 758 μωροποιῶ
1531 723 1628 749 ἑαυτὸν
1643 723 1657 749 6
1675 722 1769 762 ᾇφρων
1780 742 1788 754 ,
1811 721 1858 748 καὶ

1068 769 1099 795 οὐ
1110 768 1234 803 φονεύσω
1250 768 1294 795 τὸν
1306 769 1498 804 κατηραμένον
1507 769 1569 803 ὄφιν
1581 769 1646 804 πρίν
1659 777 1693 804 με
1714 769 1857 802 φονεύσει,

1069 814 1115 840 καὶ
1127 813 1253 841 ἀπελθὼν
1267 814 1314 840 τοῦ
1330 814 1458 848 φονεῦσαι
1474 814 1566 845 αὑτὸν,
1582 811 1646 850 εὗρε
1668 814 1699 841 τὸ
1720 814 1856 849 νόμισμα·

231 863 307 896 dum,
323 870 462 890 nummum
474 862 583 895 reperit.
599 868 684 895 eoque
699 865 818 894 sumpto,
833 861 916 895 coepit
927 860 1016 894 ipsum

1071 859 1116 885 καὶ
1134 858 1226 885 λαϐὼν
1245 859 1320 891 αὐτὸ,
1342 859 1444 895 ἤρξατο
1462 860 1502 891 εις
1523 848 1622 886 ἑαυτὸν
1650 857 1792 891 ἀτενίζων,
1806 848 1859 885 καὶ

231 910 379 945 inspicere,
396 913 424 936 et
436 909 528 935 dicere
548 916 555 934 :
571 907 639 940 Quid
654 907 748 940 agam?
765 907 836 933 ﬁlius
847 913 924 933 meus
936 906 1016 933 inter-

233 955 322 984 fectus
338 959 381 982 est
396 963 402 982 :
417 958 445 981 et
466 953 585 980 fortasse
601 953 623 981 si
639 953 757 979 cavisset
774 952 838 984 sibi,
858 951 1016 986 neutiquam

233 1008 348 1036 serpens
363 1007 424 1027 eum
449 999 548 1026 laedere
570 999 704 1033 potuisset
721 1007 728 1025 :
747 1005 798 1032 ego
818 1002 892 1024 certe
908 1002 936 1024 et
949 1004 1021 1029 uxor,

229 1055 290 1074 mea
300 1045 468 1076 cavebimus,
479 1049 508 1070 ut
523 1045 622 1078 anguis
634 1050 733 1071 nocere
748 1042 826 1070 nobis
847 1050 899 1070 non
911 1042 996 1076 possit
1009 1050 1016 1068 :

230 1091 257 1119 in
278 1091 333 1118 [ilio
349 1098 410 1118 meo
429 1098 489 1117 sum
506 1089 637 1116 multatus
654 1097 661 1115 :
676 1095 725 1115 cur
742 1088 825 1115 vero?
838 1095 872 1115 an
888 1092 918 1115 ut
933 1087 1017 1115 etiam

227 1137 361 1172 jacturam
378 1136 476 1163 faciam
493 1139 614 1170 quaestus
629 1134 712 1161 annui
730 1141 902 1161 nummorum
917 1138 1019 1161 treceni

230 1186 319 1209 lorum
335 1180 475 1215 sexaginta
483 1178 721 1213 quinquelltaque
731 1181 885 1211 serpentem
896 1177 1016 1206 dimisit:

230 1227 253 1254 is
270 1231 360 1253 autem
378 1232 474 1253 rursus
492 1224 664 1252 occasionem
679 1228 788 1258 captare
806 1223 936 1258 pergebat
947 1242 955 1256 ,
972 1224 1018 1250 bo-

228 1273 295 1300 mini
325 1278 465 1299 nummum
485 1278 566 1297 unum
583 1269 704 1304 quotidie
720 1269 899 1304 suggerendo,
921 1272 952 1295 ut
973 1268 1019 1295 ille

230 1319 364 1346 socordia:
391 1318 512 1345 traderet
531 1324 571 1349 se,
592 1321 624 1343 et
642 1317 703 1344 vita:
720 1315 866 1343 vanitatem
887 1315 913 1342 in
929 1314 1018 1350 pretio

229 1363 355 1399 haberet.
673 1396 675 1398 _

265 1408 301 1435 Χ.
322 1408 388 1436 Post
407 1415 533 1436 reversus
556 1408 644 1435 adhuc
665 1415 780 1443 serpens
796 1414 829 1434 ex
848 1407 1016 1441 improviso.

233 1461 346 1481 uxorem
363 1453 422 1487 ejus
443 1453 597 1480 momordit.
614 1452 654 1480 lla
669 1460 742 1480 mors
758 1454 841 1484 subit,
856 1457 886 1480 ut
897 1452 951 1485 l‘ur,
966 1460 1018 1487 qua

232 1500 276 1528 die
292 1507 343 1527 non
360 1503 559 1534 chpectamus,
573 1503 600 1525 et
616 1506 664 1525 nos
680 1499 790 1534 abripit.
805 1498 902 1526 Mulier
916 1498 1018 1526 vocife-

230 1549 324 1578 ratur;
340 1549 367 1572 et
385 1544 426 1571 vir
447 1543 506 1578 ejus
529 1544 625 1578 lugens
639 1548 667 1570 et
682 1544 828 1578 deplorans
853 1544 969 1571 accedit.
985 1543 1018 1570 Et

232 1591 284 1618 hoc
309 1591 402 1619 audito
425 1591 503 1617 amici
522 1594 549 1617 et
565 1591 671 1624 cognati
698 1591 794 1618 ﬂentes
820 1595 1016 1618 convenerunt.

231 1636 317 1664 llomo
341 1637 437 1663 iterum
458 1636 573 1664 medicis
598 1636 739 1664 accersitis
763 1636 907 1670 pollicetur
928 1636 969 1664 eis
988 1643 1017 1663 se

230 1683 361 1717 pecunias
387 1682 558 1717 largiturum,
574 1682 597 1709 si
612 1689 723 1709 uxorem
739 1682 798 1716 ejus
810 1690 826 1710 a
844 1687 931 1710 morte
950 1682 1019 1709 libe-

232 1729 358 1755 raverint
372 1738 378 1755 :
396 1733 423 1755 at
439 1728 476 1755 illi
491 1729 583 1756 multis
597 1728 737 1756 laboribus
748 1728 906 1760 exantlatis,
920 1727 1017 1762 juvare

232 1775 344 1801 minime
363 1779 520 1808 potuerunt.
540 1774 633 1809 Quare
647 1774 751 1801 interiit
766 1773 863 1800 mulier
879 1781 886 1799 :
901 1777 929 1800 et
942 1772 1016 1800 solus

231 1820 329 1849 viduus
345 1828 376 1848 ac
396 1821 520 1848 desertus
537 1821 607 1848 domi
623 1820 768 1853 remansit;
783 1824 811 1847 et
821 1819 971 1847 amicorum
985 1825 1018 1846 ac

231 1866 494 1900 consanguineorum
522 1866 638 1894 consilio
665 1873 748 1898 usus,
770 1872 832 1893 cum
852 1872 934 1898 super
957 1871 1016 1892 ser-

231 1916 313 1946 pente
333 1915 429 1938 cuncta
450 1919 510 1947 quas
538 1912 612 1947 prius
634 1916 799 1943 evenerant,
817 1911 883 1946 ipsis
896 1918 1018 1939 comme-

233 1962 377 1989 morasset,
403 1957 473 1984 idem
496 1957 520 1984 ei
543 1964 638 1985 omnes
663 1957 806 1985 consilium
828 1957 969 1989 dederunt,
989 1960 1018 1983 ut

234 2008 348 2035 anguem
364 2001 535 2029 interimeret
550 2010 557 2028 :
574 2002 792 2037 quandoquidem
809 2002 930 2029 futurum
947 2005 1016 2034 eral,

234 2052 262 2073 ut
279 2048 374 2076 lterum
398 2055 506 2084 quoque
527 2048 702 2076 interﬁceret.
720 2048 773 2076 Sed
794 2056 855 2076 cum
878 2049 911 2075 ad
928 2047 1016 2075 locum

233 2092 363 2125 venisset,
387 2093 580 2120 observaturus
605 2093 788 2128 egredientem
805 2097 970 2127 serpentem,
988 2097 1020 2120 ut

232 2146 294 2165 cum
313 2144 445 2166 necaret:
464 2139 526 2165 dum
544 2139 636 2166 sedem
653 2139 825 2166 numismalis
847 2139 972 2170 attendit,
991 2142 1018 2166 et

1067 904 1171 939 λέγων’
1188 904 1220 930 Τί
1240 905 1325 937 noti);
1344 905 1358 930 6
1383 905 1440 936 υἱός
1455 914 1506 940 μου
1528 905 1659 938 ἀπέθανε,
1675 905 1723 932 καὶ
1741 905 1811 940 τάχα
1834 906 1858 932 ει

1068 950 1289 986 παρεφυλάξατο,
1303 950 1354 977 οὐκ
1364 950 1396 977 ἃν
1413 951 1427 977 6
1437 951 1499 984 ὄφις
1515 950 1616 986 βλάψαι
1634 951 1715 979 αὐτὸν
1730 951 1857 985 ἠδύνατο.

1068 995 1166 1031 Ὅμως
1181 996 1437 1032 παραφυλαξόμεθα
1454 996 1509 1030 ἐγώ
1532 1005 1566 1025 τε,
1585 996 1632 1024 καὶ
1650 998 1666 1032 ἡ
1694 998 1763 1032 γυνή
1790 1006 1855 1032 μου,

1068 1042 1116 1070 καὶ
1129 1042 1159 1069 οὐ
1179 1042 1292 1070 δύναται
1310 1043 1384 1078 ἡμᾶς
1400 1042 1512 1076 βλάψαι.
1538 1042 1714 1078 Ἐζημιώθην
1734 1044 1780 1070 τὸν
1799 1044 1859 1070 υἱόν

1071 1096 1132 1123 μου.
1153 1088 1203 1116 Διὰ
1211 1088 1252 1121 cl;
1269 1088 1462 1124 ἰνα.ζημιωθῶ
1482 1088 1554 1116 κατὰ
1574 1089 1681 1124 χρόνον,
1699 1089 1858 1124 νομίσματα

1069 1133 1206 1168 τριακόσι’
1223 1132 1356 1168 ἑξήκοντα
1370 1133 1451 1160 πέντε
1461 1141 1469 1166 ;
1479 1133 1535 1159 Καὶ
1548 1133 1653 1168 ἀφῆκεν
1664 1133 1754 1160 αὐτόν.
1767 1133 1860 1168 Ἔμει-

1068 1187 1114 1206 νεν
1135 1179 1182 1206 οὖν
1208 1179 1290 1206 πάλιν
1304 1179 1400 1214 καιρὸν
1415 1180 1430 1205 6
1451 1179 1523 1213 ὄφις,
1545 1179 1673 1214 παρέχων
1690 1179 1765 1214 αὺιῷ
1789 1179 1860 1207 καθ-

1068 1224 1175 1261 ημέραν
1190 1225 1311 1261 νόμισμα
1325 1226 1354 1252 ὲν
1367 1225 1406 1260 ἰᾦ
1417 1225 1642 1260 ἀπομεριμνῆσαι
1656 1225 1702 1252 τὸν
1713 1225 1859 1261 ἀειθρωπυν

1068 1270 1117 1298 καὶ
1127 1269 1299 1307 προτιμῆσαι
1311 1270 1361 1306 τὴν
1375 1270 1422 1297 τοῦ
1439 1270 1499 1305 βίου
1514 1270 1698 1307 ματαιότητα.

1104 1409 1135 1436 l'.
1156 1407 1261 1437 Ἦλθεν
1276 1407 1323 1438 οὖν
1341 1411 1422 1438 πάλιν
1434 1412 1448 1438 6
1464 1411 1527 1446 ὄφις
1547 1411 1634 1446 ἄφνω,
1652 1412 1793 1439 καὶὲδακε
1810 1412 1861 1448 τὴν

1069 1456 1186 1489 γυναῖκα
1197 1455 1281 1483 αὐτοῦ
1294 1464 1301 1471 ·
1314 1455 1401 1488 οὕτως
1412 1456 1522 1491 ἔρχεται
1531 1457 1545 1483 6
1553 1456 1669 1488 θάνατος
1679 1457 1717 1489 ὠς
1725 1458 1859 1493 κλέπτης,

1069 1500 1099 1526 ὲν
1112 1499 1205 1536 ἡμέρᾳ
1270 1500 1301 1526 οὐ
1325 1500 1530 1536 προσδοκῶμεν,
1555 1500 1602 1527 καὶ
1630 1501 1751 1535 ἁρπάζει
1772 1502 1860 1536 ἡμᾶς.

1072 1546 1194 1581 Ἔκραξε
1208 1547 1257 1573 καὶ
1271 1547 1288 1581 ἠ
1303 1547 1371 1582 γυνή
1381 1555 1389 1562 ·
1410 1547 1457 1574 καὶ
1471 1544 1553 1582 ἦλθεν
1567 1547 1581 1573 ὁ
1597 1546 1667 1583 ἀνὴρ
1690 1547 1775 1582 αὐτῆς
1799 1548 1861 1575 ὀδυο

1071 1590 1186 1627 ρόμενος
1199 1591 1247 1617 καὶ
1259 1591 1367 1626 θρηνῶν
1377 1600 1383 1606 ·
1394 1592 1440 1618 καὶ
1455 1591 1623 1623 ἀκούσαντες
1636 1592 1661 1618 οἱ
1673 1592 1806 1626 γείτονες,
1813 1592 1861 1620 καὶ

1068 1636 1094 1662 οἱ
1118 1636 1200 1670 φίλοι,
1216 1637 1263 1663 καὶ
1292 1637 1317 1663 οἱ
1343 1638 1495 1672 συγγενεῖς,
1511 1637 1684 1673 συνήχθησαν
1707 1638 1859 1671 κλαίοντες.

1076 1682 1205 1709 Ἐκάλεσε
1221 1682 1303 1709 πάλιν
1317 1683 1331 1709 6
1353 1683 1498 1718 ἄνθρωπος
1520 1683 1585 1714 τοὺς
1607 1683 1717 1718 ἰατροὺς
1739 1684 1861 1719 ὑποσχό-

1070 1736 1151 1763 μενος
1161 1728 1292 1764 χρήματα
1309 1727 1441 1764 παρέχειν
1461 1729 1564 1760 αὐτοῖς.
1581 1728 1627 1756 ἐὰν
1649 1722 1787 1763 ρύσωνται
1809 1731 1861 1766 τὴν

1069 1774 1187 1807 γυναῖκα
1201 1773 1282 1800 αὐτοῦ
1299 1773 1353 1801 ἀπὸ
1378 1773 1426 1800 τοῦ
1445 1774 1574 1801 θανάτου.
1595 1774 1649 1800 Καὶ
1670 1775 1742 1801 πάνυ
1771 1775 1861 1802 πολλὰ

1068 1819 1263 1851 κοπιάσαντες,
1280 1819 1358 1846 οὐδὲν
1370 1819 1513 1854 ὠφελῆσαι
1540 1820 1663 1855 ἴσχυσαν.
1682 1820 1817 1848 ’Δπέθανε
1833 1822 1861 1848 δὲ

1068 1866 1115 1893 καὶ
1126 1868 1143 1901 ἡ
1156 1866 1236 1902 γυνὴ,
1252 1868 1299 1893 καὶ
1312 1867 1419 1902 ἔμεινεν
1429 1868 1443 1894 ὁ
1462 1867 1605 1902 ἄνθρωπος
1624 1867 1705 1902 μόνος
1733 1877 1764 1902 με
1769 1877 1862 1903 μονω-

1070 1913 1150 1948 μένος
1162 1914 1190 1940 ὲν
1204 1913 1242 1948 τῷ
1254 1914 1333 1949 οἴκῳ·
1354 1913 1401 1940 καὶ
1414 1913 1506 1940 λαϐὼν
1522 1914 1571 1949 τὴν
1593 1914 1691 1949 βουλὴν
1707 1915 1762 1940 τῶν
1776 1915 1862 1950 φίλων

1062 1958 1151 1984 -αὺτοῦ
1181 1959 1228 1985 καὶ
1254 1959 1393 1992 συγγενῶν
1416 1959 1479 1993 περὶ
1502 1959 1548 1986 τοῦ
1575 1959 1671 1993 ὄφεως.
1693 1960 1862 1994 ἀναγγείλας

1069 2004 1161 2036 αὐτοῖς
1193 2004 1282 2031 πάντα
1310 2003 1345 2030 τὰ
1371 2003 1579 2039 προγεγονότα,
1613 2004 1862 2031 συνεϐουλεύσαντο

1069 2049 1151 2075 αὑτὸν
1166 2049 1268 2080 πάντες
1288 2049 1333 2076 τὸν
1360 2048 1423 2084 ὄφιν
1447 2050 1618 2080 ἀποκτεῖναι,
1638 2049 1701 2076 ἐπεὶ
1718 2049 1766 2076 καὶ
1776 2049 1861 2077 αὐτὸν

1071 2094 1164 2130 μέλλει
1178 2094 1343 2122 θανατῶσαι.
1362 2094 1415 2122 Καὶ
1430 2095 1468 2125 ὡς
1490 2094 1609 2129 ἐπῆλθεν
1629 2095 1675 2120 ἐπὶ
1697 2094 1743 2121 τὸν
1765 2096 1861 2127 τόπον,

1071 2141 1166 2175 ἐτήρει
1181 2140 1255 2172 ὅπως
1273 2140 1417 2173 ἐξελθόντα
1433 2140 1479 2166 τὸν
1498 2140 1570 2174 ὄφιν,
1595 2140 1739 2175 θανατώσῃ
1768 2142 1861 2168 αὐτόν.

234 2184 260 2210 in
278 2192 310 2211 eo
324 2183 419 2218 jaceus
436 2185 615 2219 margaritum
641 2184 740 2216 cernit,
757 2184 913 2216 candidum,
927 2188 954 2210 cl
967 2190 1017 2218 pu-

1078 2186 1208 2219 ’Λτενίζει
1218 2186 1246 2212 δὲ
1259 2187 1299 2218 εἰς
1309 2187 1355 2213 τὸν
1368 2186 1449 2213 τόπον
1465 2185 1511 2214 τοῦ
1529 2186 1710 2225 νομίσματος,
1729 2186 1778 2212 καὶ
1798 2186 1858 2217 βλέ-

233 2237 306 2262 rum,
333 2237 364 2256 ac
390 2229 561 2264 pretiosum,
595 2228 707 2263 aequalis
736 2229 814 2256 molis
845 2234 927 2264 atque
960 2233 1019 2256 erat

234 2274 369 2301 uumisma
383 2284 389 2301 :
403 2274 505 2309 ingenti
523 2274 621 2309 gaudio
634 2274 782 2306 delibutus,
799 2279 939 2308 acceptam
952 2282 1020 2302 mar-

233 2321 349 2354 garitam
365 2320 390 2346 in
407 2319 477 2346 hanc
489 2324 517 2346 et
530 2319 602 2346 illam
620 2325 723 2354 partem
738 2321 899 2348 obvertebat
916 2320 943 2347 in
959 2320 1018 2348 vola

233 2373 349 2397 manus,
378 2373 437 2399 pra:
464 2365 555 2392 lretitia
582 2373 687 2392 summa
706 2373 738 2392 ac
754 2365 883 2398 lubentia,
910 2371 939 2393 ut
963 2366 1018 2399 jam

233 2412 333 2439 oblitus
355 2412 429 2439 necis
456 2411 502 2438 lilii
520 2417 546 2439 et
562 2412 684 2447 conjugis
701 2416 729 2439 et
745 2412 865 2438 omnium
883 2420 993 2439 suorum
1011 2420 1018 2444 ;

234 2459 357 2493 dixitque
382 2459 451 2493 apud
470 2466 523 2486 se:
551 2458 684 2491 Quoniam
711 2459 755 2485 hic
781 2466 893 2492 serpens
918 2459 1019 2485 nummi

234 2505 353 2532 dolorem
386 2509 413 2530 et
444 2503 560 2541 speciem
588 2505 614 2531 in
645 2504 789 2538 puritatem
817 2509 845 2530 et
871 2503 1019 2530 candorem

234 2551 343 2578 unionis
371 2551 570 2583 commutavit,
604 2558 718 2585 prorsus
752 2550 832 2577 etiam
861 2549 1019 2584 pestiferum

235 2597 309 2624 virus
327 2604 403 2623 suum
425 2597 526 2629 amisit,
549 2603 600 2623 nec
625 2596 738 2630 amplius
757 2596 884 2629 cuiquam
901 2595 1017 2622 nocebit.

270 2686 316 2712 XI.
341 2685 362 2713 0
378 2684 541 2713 dementiam
556 2685 564 2711 l
580 2684 625 2711 Sic
642 2692 691 2710 nos
722 2691 815 2710 omnes
839 2683 1021 2718 (cltarissimi)

234 2741 346 2767 serpens
363 2733 490 2766 antiquus
507 2731 601 2758 fraude
615 2735 644 2758 ct
655 2738 750 2757 err0re
767 2730 856 2757 inanis
867 2730 946 2764 hujus
959 2730 1021 2757 vita:

236 2778 335 2811 decipit
355 2783 384 2804 ut
402 2785 451 2805 nos
475 2785 490 2804 a
516 2777 603 2804 salute
625 2781 652 2803 et
670 2776 715 2803 Dei
732 2776 898 2810 benignitate
914 2777 1021 2809 avertit,

236 2830 318 2860 atque
335 2825 387 2859 igni
401 2823 568 2859 sempiterno
587 2823 667 2851 tradit
688 2832 694 2850 :
710 2823 744 2849 ita
762 2830 868 2858 quoque
883 2830 914 2850 se
942 2823 1023 2850 ιιειιιυι

1071 2241 1115 2258 πει
1130 2232 1257 2266 κείμενον
1271 2233 1330 2259 ἐκεῖ
1348 2232 1523 2267 μαργαρίτην
1536 2223 1640 2258 ’λευκὸν
1660 2233 1708 2258 καὶ
1736 2231 1862 2267 καθαρὸν

1070 2277 1116 2303 καὶ
1141 2276 1302 2311 πολύτιμον,
1329 2277 1494 2312 ἰσόσταθμον
1521 2277 1568 2303 τοῦ
1600 2276 1779 2312 νομίσματος.
1809 2279 1862 2303 Καὶ

1071 2322 1222 2358 περιχαρὴς
1246 2323 1391 2357 γενόμενος
1405 2342 1413 2355 ,
1438 2322 1527 2348 λαϐὼν
1553 2322 1600 2348 τὸν
1624 2322 1800 2357 μαργαρίτην
1823 2322 1898 2359 δι-νρ

1072 2368 1204 2403 έστρεφεν
1211 2365 1261 2394 ὧδε
1272 2368 1352 2394 κόικεί
1364 2369 1392 2394 ὲν
1407 2369 1440 2403 τῇ
1453 2368 1568 2403 παλάμῃ
1580 2367 1673 2401 αὐτοῦ,
1687 2368 1716 2394 ὲν
1729 2367 1865 2403 ἁγαλλιὰο
1881 2359 1884 2361 ⁸

1072 2414 1220 2449 σειπολλῇ,
1242 2414 1279 2445 ὡς
1299 2413 1495 2448 ἐπιλαθόμενος
1519 2413 1566 2440 τοῦ
1587 2413 1703 2441 θανάτου
1726 2413 1773 2441 τοῦ
1800 2413 1864 2442 υιοῦ

1072 2459 1154 2486 αὑτοῦ
1167 2460 1215 2486 καὶ
1238 2460 1288 2494 τῆς
1306 2459 1446 2492 γυναικὸς,
1468 2460 1515 2486 καὶ
1538 2460 1648 2486 πάντων
1674 2459 1728 2485 τῶν
1755 2459 1862 2487 αὑτοῦ·

1072 2506 1120 2532 καὶ
1137 2505 1214 2533 εἶπεν
1234 2505 1322 2541 αὺτῷο
1347 2506 1458 2541 Ἐπειδὴ
1479 2507 1493 2533 ὁ
1515 2505 1576 2540 ὄφις
1596 2502 1673 2537 οὗτος
1692 2505 1792 2540 ἤλλαξε
1813 2506 1865 2541 τὴν

1072 2549 1167 2584 χροιὰν
1185 2548 1232 2575 τοῦ
1247 2550 1414 2584 νομίσματος
1429 2550 1468 2580 εἰς
1478 2549 1528 2584 τὴν
1543 2548 1718 2584 καθαρότητα
1738 2550 1786 2575 καί
1799 2549 1864 2575 λευ-

1071 2595 1175 2630 κότητα
1188 2595 1235 2621 τοῦ
1250 2595 1431 2630 μαργαρίτου,
1449 2595 1558 2625 πάντως
1573 2595 1620 2622 καὶ
1638 2595 1683 2620 τὸν
1705 2595 1866 2630 θανατηφό-

1075 2648 1120 2675 ρον
1135 2639 1217 2666 αὑτοῦ
1236 2639 1273 2666 ἰὶιν
1291 2639 1402 2675 ἤλλαξε,
1425 2640 1471 2666 καὶ
1486 2639 1578 2667 οὐκέτι
1593 2639 1706 2675 βλάπτει
1717 2640 1789 2667 τινά.

1109 2685 1159 2711 IA'.
1186 2685 1218 2710 Ὢ
1237 2684 1285 2719 τῆς
1301 2684 1412 2716 ἀνοίαςί
1428 2684 1516 2716 οὕτως
1533 2685 1606 2719 ἡμᾶς
1632 2685 1723 2720 ἀπατᾷ
1746 2685 1864 2718 πάντας,

1074 2731 1221 2766 ἀγαπητοὶ,
1236 2731 1268 2766 τῇ
1284 2731 1377 2766 ἀπάτῃ
1395 2731 1442 2757 καὶ
1461 2731 1550 2767 πλάνῃ
1572 2732 1620 2758 τοῦ
1639 2731 1754 2766 ματαίου
1767 2731 1865 2758 τούτου

1075 2777 1145 2812 βίου,
1164 2777 1208 2803 ἶνα
1235 2776 1447 2812 ἁπαλλοτριώσῃ
1472 2778 1548 2813 ἡμᾶς
1573 2777 1622 2812 τῆς
1651 2776 1789 2812 σωτηρίας
1817 2777 1867 2804 καὶ

1074 2823 1122 2859 τῆς
1135 2823 1180 2850 τοῦ
1206 2823 1279 2849 θείου
1306 2822 1523 2859 φιλανθρωπίας,
1537 2823 1583 2850 ml.
1608 2821 1765 2858 παραδώσει
1790 2821 1868 2858 ἦμες

1866 2316 1888 2335 *μ
