1948 3077
269 104 336 136 1255

775 101 804 129 S.
826 100 1015 130 METHODII
1036 100 1288 130 PATRHRCHJE
1308 101 1362 131 Cl‘.

1822 104 1888 138 1256

265 161 335 189 facio
351 159 468 187 animant
488 158 675 194 pretiosiorem
689 163 772 192 quam
789 165 830 183 nm
845 167 851 184 :
865 157 1050 184 tantummodo

1105 157 1163 183 Ξσον
1177 157 1208 183 τὸ
1227 157 1328 192 ὑψηλὸν
1352 157 1399 183 καὶ
1418 157 1548 189 ἐπίδοξον,
1566 158 1691 186 τοσοῦτον
1709 160 1756 186 καὶ
1776 162 1807 186 τό
1828 162 1889 188 επί-

265 213 294 232 ut
322 205 501 239 evangelicum
536 205 687 232 doctrinam
722 209 794 230 recte
830 207 951 230 tractent.
981 203 1049 229 Vt-re

263 251 335 278 enim
350 251 478 279 virtutum
500 251 585 277 virtus
599 255 626 277 et
641 254 727 277 mater
750 254 826 276 recte
842 249 867 276 in
884 248 966 275 Deum
983 248 1049 275 ﬁdes

264 302 316 331 est,
333 301 361 323 ιιι.
377 304 474 331 magno
495 296 578 324 Paulo
601 296 717 326 videtur,
735 302 796 321 cum
814 294 877 321 dicit
897 303 903 321 :
918 293 1048 329 lmpossi-

265 343 319 370 bile
337 347 379 370 est
392 343 452 370 sine
468 343 518 369 lide
534 342 642 375 placere
660 341 714 368 Deo
732 342 752 367 ¹.

301 487 344 514 l5.
365 486 481 513 Necesse
504 488 547 511 est
575 484 665 517 itaque
680 492 744 516 nos,
764 485 808 518 qui
834 484 1050 519 irrepreltensam

267 532 346 559 ﬁdem
357 530 588 562 conservavintus,
604 530 666 557 licet
681 530 780 557 multas
805 538 819 556 ιι
835 531 941 557 miseris
964 530 1049 558 haere-

266 586 327 606 seos
344 578 431 605 servis
457 583 552 611 potnas
578 581 659 610 atque
683 576 842 603 aﬂlictiones
864 576 1050 609 toleravimus,

267 623 412 650 Dominica:
428 622 501 649 vocis
520 628 652 648 memores
661 628 736 655 esse:
751 621 840 654 Pater,
861 621 966 648 dimitte
987 621 1051 654 illis,

267 676 320 696 non
336 668 408 694 enittt
425 668 513 694 Sciunt
526 666 590 701 quid
609 665 731 693 fecerint.
749 666 805 693 lnto
821 667 845 692 si
863 666 906 699 qtti
923 673 956 692 ex
976 666 1051 692 vobis

266 713 436 741 ardentiores
452 713 599 747 quidquam
618 712 702 739 vultis
721 712 787 746 ipsis
806 712 967 742 retribuere,
986 711 1051 738 tttilti

266 759 456 793 obsequentes,
472 759 585 786 itaaresin
598 779 605 791 ,
621 766 715 785 eorum
740 757 837 784 animis
864 757 1050 789 inluerentem,

266 804 407 836 evelletis;
423 811 481 838 quae
498 811 545 831 eos
562 808 657 830 cotttra
673 811 720 830 vos
733 803 766 829 ad
779 810 853 828 arma
872 802 970 829 ciebat.
990 801 1052 828 llazc

1101 211 1181 228 πονον
1205 203 1249 228 καὶ
1267 202 1412 236 ἐπίφθονον
1431 203 1578 238 κέκτημαι.
1609 204 1679 230 Ἀλλ’
1697 206 1745 240 οὐχ
1769 206 1889 241 ἠγοῦμαι

1099 248 1148 283 τὴν
1164 248 1252 283 ψυχήν
1270 257 1321 282 μου
1335 249 1430 282 τιμίαν
1447 249 1571 284 ἐμαυτῷ,
1590 250 1669 284 μόνον
1687 251 1712 276 εἰ
1728 251 1758 277 το
1774 252 1889 286 εὐαγγε-

1100 293 1175 319 λικὺν
1195 293 1338 328 ὀρθοτομοῖ
1357 294 1498 328 κήρυγμα·
1518 295 1565 321 καὶ
1586 296 1640 330 γὰρ
1654 295 1693 330 τῷ
1716 296 1773 323 ὕντι
1786 298 1890 332 ἀρετῶν

1101 338 1186 374 ἁρετὴ
1207 338 1254 364 καὶ
1272 339 1363 373 μήτηρ
1385 340 1400 373 ὴ
1417 339 1559 373 ὀρϐόδοξος
1579 340 1670 372 πίστις
1689 342 1775 373 ἐστὶν,
1797 343 1835 373 ὡς
1852 343 1889 378 τῷ

1102 384 1213 418 μεγάλῳ
1229 384 1412 418 Παύλῳδοκεῖ
1428 384 1545 418 λέγοντι,
1559 394 1568 410 ι
1591 385 1735 413 Ἀδύνατον
1745 388 1829 422 χωρὶς
1846 388 1888 413 πί-

1103 438 1188 460 στεως
1205 430 1386 465 εὐαρεστῆσαι
1404 430 1474 465 Θεῷ.
1490 440 1499 456 ι

1138 477 1180 508 ιγ’.
1205 475 1250 500 Δεῖ
1269 474 1316 501 οὖν
1331 475 1404 509 ἡμᾶς
1422 475 1484 506 τοὺς
1505 474 1656 510 ἀμώμητον
1679 475 1728 511 τὴν
1751 476 1889 511 ὀρθὸδοξον

1102 520 1287 555 τετηρηκότας
1305 520 1406 551 πίστιν,
1421 521 1473 547 κᾶν
1491 521 1515 546 εἰ
1536 521 1637 553 πολλὰς
1651 522 1704 548 ὑπὸ
1721 523 1775 548 τῶν
1789 523 1890 549 ἀθλίων

1102 567 1135 601 τῇ
1148 566 1254 601 αἱρέσει
1267 566 1474 601 δεδουλωμένων
1488 567 1584 599 ποινάς
1604 576 1634 594 τε
1655 569 1704 595 καὶ
1719 569 1827 603 Θλίψεις
1841 571 1890 596 ὐπ-

1102 612 1233 647 έστημεν,
1243 612 1286 638 ἀεὶ
1297 612 1345 646 τῆς
1358 613 1499 647 Κυριακῆς
1510 613 1664 648 μεμνῆσθαι
1678 615 1779 648 φωνῆς·
1788 615 1888 650 Πάτερ,

1102 657 1171 691 ἄφες
1186 658 1288 689 αὐτοῖς·
1305 658 1335 684 οὺ
1351 658 1405 692 γὰρ
1421 658 1509 684 οἴδασι
1522 658 1546 684 τί
1562 659 1704 694 ἐποίησαν.
1723 660 1832 686 Μᾶλλον
1845 661 1890 686 νῦν

1103 700 1149 728 οὖν
1163 703 1187 728 οἰ
1197 702 1370 737 θερμότεροι,
1381 704 1438 736 εἴγε
1454 703 1564 734 τούτους
1575 704 1782 739 ἀπαμύνασθαι
1797 706 1889 740 βούλε-

1104 749 1161 782 σθε,
1176 749 1236 783 ἐμοὶ
1249 748 1414 783 πειθόμενοι,
1427 749 1475 784 τὴν
1490 749 1603 776 ἐνοῦσαν
1615 752 1674 782 ταῖς
1687 751 1787 786 ψυχαῖς
1800 753 1890 778 αὐτῶν

1103 793 1210 827 αἳρεσιν
1237 793 1404 825 ἀπελασετε,
1436 795 1590 828 αἰτήσασαν
1617 795 1716 826 αὐτοὺς
1734 796 1795 822 καθ’
1814 797 1890 831 ὑμῶν

266 855 308 878 est
331 850 461 877 adversus
485 849 578 876 hostes
595 849 760 876 validissima
784 848 912 880 victoria,
940 854 1050 874 causam

1105 838 1236 871 ὁπλίζειν.
1254 839 1328 874 Λῦτη
1347 840 1536 875 κραταιοτάτη
1562 841 1624 867 κατ’
1641 841 1746 876 ἐχθρῶν
1762 842 1843 876 νίκη,
1861 843 1890 868 τὸ

265 903 324 930 qua:
338 895 726 929 coscoinquinatexstirpare,
742 899 769 922 et
792 895 818 921 in
841 893 977 928 propriam
1004 901 1051 927 per

267 941 433 968 contrarium
450 941 613 968 sententiam
635 941 781 968 adducere.
799 940 864 966 Eunt
880 939 925 973 qui
945 939 971 965 in
989 945 1050 965 cor-

266 995 330 1021 pore
346 987 475 1014 sustinuit
491 986 639 1021 quidpiam,
664 987 691 1013 in
707 993 820 1020 corpore
844 985 913 1012 mala
930 985 1050 1012 referen-

266 1038 319 1059 tem
336 1039 365 1059 se
381 1031 486 1064 ulcisci,
504 1039 647 1066 porcorum
671 1036 712 1059 est
733 1037 761 1058 et
787 1031 917 1058 similium
937 1030 1052 1058 rationis

243 1105 250 1108 .
265 1080 414 1114 expertimn
427 1080 573 1108 bestiarum
587 1080 736 1114 proprium.
746 1078 785 1106 Ne
795 1079 945 1107 libertatem
957 1079 1052 1107 demus

264 1127 291 1153 itt
306 1126 477 1153 occasionem
493 1127 594 1158 carnis,
613 1126 772 1161 impinguati
796 1131 824 1153 et
842 1126 959 1158 dilatati,
981 1127 1053 1153 sicut

265 1178 341 1199 vetus
356 1171 399 1198 ille
413 1171 507 1203 Israel,
526 1171 559 1198 ab
580 1171 707 1206 operibus
732 1172 779 1198 lttti
797 1177 822 1199 et
840 1171 933 1199 lateris
957 1179 1052 1199 recens

265 1218 412 1251 liberatus;
438 1217 484 1250 sed
506 1218 578 1252 qttod
605 1218 665 1245 sine
691 1217 800 1245 infantia
828 1218 917 1245 verbis
936 1218 1051 1253 exprimi

266 1271 318 1289 non
343 1267 440 1297 potest,
465 1263 574 1290 silentio
595 1263 756 1289 involvatnr.
781 1263 851 1296 Quin
875 1263 928 1290 imo
944 1263 1053 1289 relaxa-

266 1309 344 1335 tionis
363 1309 448 1342 spatia
464 1308 491 1335 in
506 1309 655 1342 gratiarum
675 1308 791 1335 actionis
805 1313 832 1334 et
861 1307 1053 1342 placabilitatis

266 1359 370 1388 tempus
393 1358 602 1386 commutemus,
628 1354 772 1388 praeteritae
786 1353 934 1381 vexationis
951 1361 1052 1381 mento-

267 1409 319 1428 res.
335 1400 416 1427 Scitis
443 1400 536 1431 enint,
562 1407 615 1426 non
647 1400 727 1434 longo
754 1407 821 1434 opus
847 1399 1051 1434 esse'tempore,

264 1447 297 1473 ad
313 1440 392 1472 vitam
410 1446 491 1472 etiam
522 1445 618 1479 ipsam,
634 1445 732 1472 nedum
751 1445 841 1472 omnia
859 1453 919 1479 qua:
934 1453 983 1473 ttos
1000 1446 1053 1472 cir—

265 1491 426 1522 cumlluunt,
441 1491 591 1525 perdenda;
608 1490 702 1517 horum
731 1497 794 1517 vero
817 1490 951 1518 contraria
962 1511 970 1524 ,
991 1498 1051 1517 cum
1066 1507 1087 1536 ο

265 1545 336 1571 saepe
367 1541 394 1563 et
419 1536 547 1570 temporis
574 1540 600 1562 et
627 1535 727 1562 laboris
754 1536 865 1562 mttltum
896 1537 1051 1570 requirunt,

266 1592 317 1610 non
344 1583 424 1610 facile
451 1583 645 1617 acquiruntur.
675 1582 728 1610 Vos
743 1583 805 1616 ipsi,
818 1584 863 1617 qui
883 1583 940 1610 lteri
959 1588 1053 1611 contra

266 1629 445 1663 vosmetipsos
472 1628 562 1662 potius
585 1635 664 1662 quam
681 1632 776 1655 contra
798 1635 847 1655 nos
861 1628 893 1655 ad
909 1628 963 1654 vim
980 1636 1055 1655 com-

266 1673 445 1708 para-Lamini,
465 1673 550 1700 nolite
565 1680 681 1701 mmrere
696 1673 766 1707 quod
786 1681 799 1700 a
816 1673 960 1708 tyrannide
975 1680 1054 1700 exer-

267 1720 350 1746 cenda
377 1719 595 1754 prohibeamini;
624 1719 670 1746 sed
701 1719 772 1753 quod
800 1719 915 1753 peccati,
939 1724 967 1745 et
993 1726 1054 1752 pec-

267 1765 319 1792 cati
343 1765 464 1792 omnium
494 1765 622 1799 pessimi,
653 1765 733 1791 linem
767 1764 883 1797 fecistis,
912 1764 1052 1791 lmtatnini.

267 1812 342 1845 Quod
368 1812 439 1838 enim
466 1811 585 1838 atrocius
611 1814 768 1844 peccatum,
794 1817 875 1845 quant
890 1809 995 1837 divinas
1011 1818 1054 1837 res

266 1857 450 1889 contumelia,
479 1858 536 1890 pios
564 1861 656 1882 autent
683 1863 761 1890 paena
791 1855 920 1883 allicere?
943 1855 1053 1883 Vidistis

267 1903 361 1937 ingens
388 1901 512 1929 Numinis
544 1901 725 1928 beneﬁcium?
752 1901 857 1929 vidistis
887 1902 1054 1938 sapientissi-

267 1957 320 1976 mze
334 1948 514 1976 Providentiae
539 1947 701 1974 consilium?
727 1947 807 1981 Ecce,
831 1955 885 1975 uno
905 1949 1053 1983 emplastro

1103 883 1234 920 κ[ο]ινοῦν
1244 886 1336 916 αὐτοῖς
1351 885 1455 912 ἀνελεῖν
1469 887 1567 919 αἴτιον,
1581 887 1628 913 καὶ
1642 888 1682 918 εἰς
1700 888 1730 914 τὸ
1748 889 1848 914 οἰκεῖον
1863 888 1891 914 τὸ

1101 931 1134 956 δι’
1155 931 1279 962 ἐναντίας
1294 931 1408 966 ἀγαγεῖν
1423 933 1562 967 φρόνημα¹
1579 933 1617 964 ὡς
1630 933 1661 959 τό
1677 942 1709 968 γε
1726 934 1892 969 σωματικῶς

1102 975 1272 1009 πεπονθότα,
1296 978 1461 1012 σωματικῶς
1484 979 1530 1005 τὸν
1547 979 1711 1006 κακώσαντα
1734 980 1891 1015 ἀνταμὺνα-

1103 1021 1176 1055 σθαι,
1193 1023 1264 1049 συῶν
1273 1031 1301 1048 τε
1317 1024 1364 1049 καὶ
1375 1024 1430 1050 τῶν
1444 1024 1545 1059 ὁμοίων
1559 1025 1665 1059 ἀλόγων
1679 1025 1755 1052 ἴδιοψ
1766 1026 1834 1052 ἀλλὰ
1846 1027 1892 1052 καὶ

1102 1069 1134 1102 τῇ
1151 1068 1295 1103 ἐλευθερία
1311 1069 1347 1103 μὴ
1363 1070 1400 1100 εἰς
1415 1070 1543 1106 ἀφορμὴν
1561 1072 1594 1106 τῇ
1612 1072 1695 1106 σαρκὶ
1712 1072 1889 1107 χρησώμεθα,

1102 1113 1277 1146 λιπανθέντες
1297 1116 1344 1140 καὶ
1359 1115 1568 1148 πλατυνοέντες,
1581 1117 1642 1142 κατ’
1658 1118 1760 1144 ἐκεῖνον
1779 1118 1825 1144 τὸν
1841 1126 1893 1144 πα-

1103 1159 1178 1186 λαιὸν
1209 1159 1327 1195 Ἰσραὴλ,
1340 1161 1403 1196 ἄρτι
1423 1160 1470 1187 τοῦ
1494 1162 1581 1197 πηλοῦ
1603 1163 1651 1188 καὶ
1676 1163 1725 1198 τῆς
1750 1163 1892 1195 πλινθείας

1103 1205 1305 1239 ἀπαλλαγέντα·
1331 1208 1377 1233 καὶ
1399 1206 1429 1232 τὺ
1443 1207 1586 1243 δύσφημον
1607 1209 1763 1236 σιωπάσθω.
1783 1209 1892 1236 Μᾶλλον

1105 1251 1154 1286 μὲν
1172 1249 1218 1278 οὖν
1238 1252 1283 1278 τὸν
1299 1253 1348 1287 τῆς
1366 1253 1496 1285 αἰνέσεως
1519 1255 1558 1285 εἰς
1573 1255 1618 1280 τὸν
1641 1256 1691 1289 τῆς
1714 1256 1892 1291 εὐχαριστίας

1103 1298 1149 1324 καὶ
1165 1298 1373 1333 εὐαρεστήσεως
1388 1299 1482 1334 καιρὸν
1491 1300 1684 1335 ἁμειψώμεθα,
1693 1301 1743 1335 τῆς
1754 1303 1830 1337 παρὰ
1844 1302 1892 1328 πό-

1103 1343 1151 1374 δας
1176 1345 1345 1379 μεμνημένοι
1369 1346 1535 1377 κακώσεως·
1554 1346 1610 1372 ἴστε
1623 1347 1677 1382 γὰρ
1701 1347 1739 1379 ὡς
1755 1349 1790 1374 οὐ
1807 1348 1892 1375 δεῖται

1104 1390 1201 1424 καιροῦ
1217 1391 1264 1416 καὶ
1290 1391 1356 1417 αὺτὺ
1376 1391 1405 1418 τὸ
1425 1391 1474 1427 ζῇν
1490 1393 1562 1427 ἡμᾶς
1583 1393 1724 1427 ἀπολέσαι,
1743 1396 1842 1429 μήτιγε
1858 1395 1892 1421 τὰ

1103 1437 1168 1470 περὶ
1184 1437 1258 1471 ἡμᾶς
1277 1437 1394 1464 ἅπαντα·
1409 1439 1443 1466 τὰ
1456 1439 1484 1465 δὲ
1503 1439 1606 1466 τούτων
1624 1441 1744 1472 ἐναντία,
1763 1441 1809 1466 καὶ
1825 1441 1891 1475 χρό-

1104 1489 1150 1508 νου
1178 1482 1227 1508 καὶ
1246 1483 1327 1509 πόνου
1345 1483 1442 1510 πολλοῦ
1466 1484 1596 1516 πολλάκις
1615 1487 1741 1520 τυχόντα,
1758 1487 1787 1512 οὺ
1806 1495 1893 1522 προσ-

1104 1528 1218 1564 εκτήοη.
1238 1529 1292 1555 Καὶ
1315 1529 1394 1564 ὑμεῖς
1409 1538 1451 1563 γε,
1465 1531 1490 1557 οἱ
1507 1531 1570 1566 χθὲς
1583 1531 1643 1557 καθ’
1656 1532 1759 1558 ἑαυτῶν
1773 1533 1896 1567 ἀνδριζό-

1104 1583 1180 1610 μενοι
1199 1575 1300 1611 μᾶλλον
1321 1576 1337 1611 ἦ
1358 1576 1420 1604 καθ’
1434 1577 1524 1612 ἡμῶν,
1541 1578 1578 1613 μὴ
1592 1579 1631 1604 ὁτι
1643 1586 1674 1612 γε
1690 1578 1736 1604 τιιῦ
1752 1581 1897 1614 τυραννεῖν

1103 1623 1238 1659 εἷργεσϐε,
1254 1624 1466 1660 σκυθρωπάζετε
1480 1646 1487 1657 ,
1510 1626 1567 1653 ἀλλ’
1589 1627 1630 1653 ὅτι
1654 1627 1701 1653 τοῦ
1725 1628 1898 1663 ἁμαρτάνειν

1102 1669 1368 1707 ὲπαύσατε,ἥδεσοε,
1381 1673 1428 1699 καὶ
1437 1674 1574 1709 ἁμαρτίαν
1583 1674 1632 1709 τὴν
1643 1675 1731 1701 ἄλλων
1742 1676 1898 1711 χειρίστην·

1107 1715 1172 1743 ποία
1196 1717 1250 1752 γὰρ
1277 1717 1379 1752 μείζων
1395 1719 1535 1754 ἁμαρτία,
1552 1719 1599 1745 τοῦ
1617 1720 1651 1746 τὰ
1665 1720 1727 1757 ficia
1749 1729 1777 1747 τε
1793 1721 1900 1757 δυσφη-

1109 1764 1180 1798 μεῖν,
1203 1765 1250 1790 καὶ
1271 1765 1334 1795 τοὺς
1354 1753 1476 1797 εὐσεϐεῖς
1499 1767 1648 1801 τιμωρεῖν;
1664 1753 1756 1792 ’Ἴδετε
1779 1753 1900 1802 μέγεθος

1104 1809 1263 1844 εὐεργεσίας
1279 1810 1362 1842 Θεοῦ;
1384 1811 1452 1837 ἴδετε
1470 1812 1608 1846 πανσόφου
1626 1813 1758 1847 Προνοίας
1773 1814 1876 1849 βουλήν
1890 1824 1898 1847 ;

1106 1856 1156 1891 μιᾷ
1184 1854 1231 1882 οὖν
1258 1856 1427 1893 ὲμπλάστρῳ
1450 1858 1622 1893 ἀμφοτέρους
1651 1859 1761 1891 ἰάσατο,
1785 1859 1850 1891 τοὺς
1867 1869 1900 1886 τε

1103 1901 1252 1934 διώκοντας
1272 1903 1320 1929 καὶ
1335 1904 1398 1934 τοὺς
1414 1903 1573 1938 φεύγοντας,
1589 1905 1636 1931 καὶ
1651 1906 1714 1936 τοὺς
1730 1905 1779 1939 μὲν
1799 1914 1900 1941 σωμα-

1103 1947 1194 1982 τικῆς,
1209 1949 1271 1980 τοὺς
1287 1948 1316 1974 δὲ
1329 1949 1449 1984 ψυχικῆς
1467 1951 1627 1990 ἀπαλλάξας
1648 1951 1810 1984 κακώσεως.

267 2003 323 2026 tum
342 2002 553 2033 persequentes,
569 2002 624 2024 tum
639 1996 773 2032 fugientes
791 1998 912 2031 sanavit;
930 1998 978 2026 hos
1004 1998 1113 2032 quidem
1128 2006 1142 2026 ει
1177 1999 1310 2035 corporis,
1333 1999 1393 2026 illos
1427 2000 1461 2026 ab
1496 2000 1578 2027 animi
1603 2001 1680 2029 noxis
1705 2001 1821 2029 reddens
1843 2001 1902 2030 im-

265 2051 373 2074 ntunes.

305 2088 348 2115 14.
362 2087 452 2123 [Eque
464 2089 564 2123 itaque,
580 2094 606 2116 et
620 2090 664 2120 qui
678 2096 785 2124 semper
797 2090 925 2124 pietatem
936 2089 1054 2122 coluere,

1144 2090 1184 2117 ιδ’.
1205 2091 1288 2117 Οὐδὲν
1304 2091 1351 2118 οὖν
1372 2090 1453 2128 ἦττον
1473 2092 1539 2118 οἵτε
1554 2091 1732 2124 εὐσεϐοῦντες
1749 2092 1794 2119 ἀεὶ
1808 2093 1856 2128 καὶ
1873 2093 1904 2121 οἱ

269 2140 295 2162 et
310 2135 356 2169 qui
372 2134 518 2166 aliquando
535 2135 699 2169 impietatem
712 2135 828 2169 amplexi
854 2141 926 2169 sunt,
953 2137 1052 2171 gratias

1108 2145 1172 2163 ποτε
1186 2137 1380 2169 δυσσεῦοὖντες
1401 2138 1451 2172 τῆς
1464 2137 1640 2173 εὐχαριστίας
1655 2138 1795 2173 ὑπόχρεοι,
1815 2139 1904 2174 μόνον

270 2180 325 2209 Deo
342 2181 443 2207 referre
459 2180 578 2213 debetis;
593 2185 696 2208 tantum
716 2188 750 2207 ne
767 2186 795 2207 ut
820 2181 892 2215 aspis
907 2189 988 2208 aures
1004 2181 1054 2209 ob-

270 2226 376 2258 turetis,
394 2231 465 2253 recte
480 2226 540 2253 lidei
554 2227 690 2261 dogmata,
707 2233 738 2253 ac
753 2226 775 2253 si
800 2227 997 2255 incantationes
1013 2236 1054 2254 es-

270 2278 341 2304 sent,
366 2272 501 2298 declinare
523 2277 676 2304 conantes;
702 2273 749 2300 sed
774 2280 805 2299 ex
832 2274 930 2300 animis
958 2274 1054 2301 vestris

270 2326 402 2347 Venenum
419 2317 455 2353 (ᾳ)
485 2317 693 2346 Manichaeorum
708 2320 839 2352 evomite,
853 2324 880 2346 et
895 2320 934 2347 sic
950 2321 1056 2348 mundis

265 2363 478 2398 cogitationibus
505 2364 646 2396 creditote,
670 2363 785 2391 Verbum
815 2372 923 2391 carnem
953 2365 1054 2392 factum

267 2416 340 2442 esse,
358 2415 385 2436 et
397 2410 423 2436 in
439 2409 516 2436 nobis
536 2409 685 2442 ltabitasse,
703 2415 729 2437 et
755 2411 855 2438 vidisse
878 2418 925 2438 nos
939 2411 1052 2445 gloriam

269 2457 338 2490 eius,
357 2456 468 2491 gloriam
491 2456 567 2490 quasi
583 2455 721 2492 Unigeniti
739 2464 754 2483 a
769 2455 880 2490 Patre;_
898 2462 927 2484 ut
952 2463 980 2484 et
1007 2464 1056 2484 vos

270 2501 414 2537 participes
435 2508 488 2528 una
503 2509 566 2529 cum
584 2502 617 2530 iis
633 2502 704 2529 liatis
723 2501 768 2537 qui
787 2502 932 2529 audierunt
958 2511 964 2528 :
982 2501 1056 2529 Beati

270 2548 315 2581 qttl
337 2556 388 2575 non
414 2548 540 2575 viderunt
567 2553 594 2575 et
621 2548 816 2580 crediderunt,
845 2547 915 2581 quod
947 2548 1058 2581 spiritus

266 2602 380 2623 carnem
397 2598 424 2622 et
444 2601 506 2622 ossa
536 2601 588 2621 non
616 2594 708 2626 habet,
725 2598 754 2620 ttt
771 2601 814 2620 tne
829 2593 928 2621 videtis
946 2593 1057 2621 habere.

306 2665 315 2679 ι
329 2661 411 2690 llebr.
429 2670 467 2706 st,
476 2663 504 2691 6.

306 2733 342 2769 (q)
362 2733 556 2769 Eutychianam
584 2732 707 2759 hmrcsint
729 2732 870 2766 intelligit,
888 2739 936 2766 per
960 2732 1052 2758 leonoo

269 2772 381 2796 mncltos
404 2774 516 2795 eatenus
542 2768 726 2794 resuscilnlatn
746 2772 879 2800 quatenus
901 2774 943 2798 ea,
960 2774 1050 2793 verum

268 2804 368 2831 Christi
397 2803 589 2830 humanitatem
614 2809 732 2837 negans,
756 2803 943 2838 opponebat-tur
967 2802 1050 2828 cultui

1105 2182 1142 2218 μὴ
1156 2183 1194 2214 ὡς
1208 2183 1291 2214 ἀσπὶς
1306 2183 1339 2209 τὰ
1351 2180 1407 2209 ὦτα
1423 2183 1534 2218 βύσητε,
1548 2184 1581 2210 τὰ
1600 2184 1649 2219 τῆς
1663 2184 1818 2219 ὀρθοδοξίας
1834 2185 1905 2219 δόγ-

1105 2224 1180 2263 ματα
1190 2230 1227 2259 ὡς
1260 2229 1407 2264 suasua-ta
1430 2230 1522 2257 λαθεῖν
1550 2230 1729 2265 βουλόμενοι,
1753 2230 1835 2265 μόνον
1851 2231 1905 2257 τὸν

1104 2275 1271 2309 Μανιχαϊκδν
1298 2276 1335 2301 ίὺν
1362 2276 1415 2301 τῶν
1437 2276 1531 2311 ψυχῶν
1555 2276 1720 2312 ἐξεμέσατε,
1750 2277 1800 2303 καὶ
1826 2276 1907 2303 οὕτω

1105 2319 1239 2356 καθαραῖς
1267 2321 1327 2352 ταῖς
1351 2320 1480 2352 διανοίαις
1508 2321 1584 2358 ρμῶν
1609 2321 1793 2354 πιστεύσατε,
1818 2323 1863 2348 ὅτι
1889 2323 1906 2348 ὁ

1110 2366 1195 2399 Λόγος
1216 2366 1284 2401 σὰρξ
1301 2367 1409 2400 ἐγένετο
1422 2386 1429 2397 ,
1452 2366 1500 2393 καὶ
1519 2367 1674 2402 ἐσκήνωσεν
1698 2368 1727 2393 ἐν
1752 2368 1831 2401 ἡμῖν,
1853 2370 1907 2395 καὶ

1108 2411 1281 2446 ἐθεασάμεθα
1304 2412 1354 2446 τὴν
1368 2411 1447 2444 δόξαν
1470 2413 1553 2439 αὐτοῦ
1577 2413 1614 2444 ὡς
1633 2413 1803 2446 Μονογενοῦς
1822 2416 1907 2449 παρὰ

1107 2457 1162 2482 Πατ
1169 2457 1223 2492 ρδς,
1237 2457 1281 2484 ἵνα
1296 2456 1342 2484 καὶ
1359 2458 1437 2493 ὑμεῖς
1451 2459 1575 2485 κοινωνοὶ
1591 2459 1643 2486 τῶν
1661 2459 1840 2486 ἀκουσάντων
1856 2462 1908 2494 γέ-

1106 2502 1198 2537 νησθε.
1211 2503 1348 2537 Μακάριοι
1360 2504 1413 2539 γὰρ
1425 2504 1448 2529 οι
1461 2504 1498 2538 μὴ
1515 2504 1614 2536 ἰδόντες
1625 2505 1671 2531 καὶ
1687 2505 1906 2537 πιστεύσαντες,

1106 2548 1146 2574 ὅτι
1170 2548 1280 2584 πνεῦμα
1304 2549 1393 2584 σάρκα
1408 2550 1455 2577 καὶ
1477 2550 1559 2576 ὀστέα
1582 2550 1631 2576 οὐκ
1651 2550 1717 2585 ἔχει,
1736 2549 1830 2581 καθὼς
1850 2552 1907 2584 ἐμὲ

1108 2593 1247 2628 θεωρεῖτε.
1262 2593 1390 2629 Τοιαῦτα,
1406 2596 1506 2630 μᾶλλον
1517 2596 1546 2622 δὲ
1562 2596 1609 2623 καὶ
1627 2595 1708 2622 πλεῖα
1723 2596 1794 2631 ὑπὲρ
1811 2597 1910 2624 mira.

1106 2739 1244 2766 corporea;
1259 2732 1386 2766 imaginis
1396 2754 1403 2765 ,
1427 2740 1517 2760 veram
1532 2733 1728 2760 humanitatem
1746 2741 1911 2768 reprmsen.

1108 2767 1206 2804 tantis;
1224 2768 1350 2795 similiter
1365 2773 1392 2795 et
1407 2768 1549 2796 Maniclttci
1569 2776 1660 2796 verunt
1679 2767 1788 2796 Christo
1816 2777 1909 2804 nega-

1106 2801 1170 2829 bant
1187 2810 1295 2837 corpus.
