1948 3077
220 88 301 122 -ίέ59

746 93 777 123 S.
798 94 988 125 METHODII
1003 94 1261 127 ‘PATRIARCHE
1281 94 1335 128 ΟΡ.

1793 98 1860 132 ιὲίῖθ

230 153 329 181 resque
355 144 444 180 magni
461 145 533 173 illius
547 145 698 182 descriptos
717 148 835 177 habebat
848 151 946 186 cuique
963 159 1015 180 cor-

1074 159 1136 183 τους
1153 152 1199 179 τοῦ
1217 152 1336 188 μεγάλου
1355 152 1549 189 ἁναγράπτους
1563 153 1631 189 ἔχων
1652 152 1737 189 Θεὸς..
1754 163 1857 192 συντρισ

230 192 270 219 dis
286 191 344 226 ejus
355 191 463 218 attritio
478 192 563 226 magis
576 200 655 226 quam
673 193 725 221 ulla
739 194 790 222 alia
815 197 886 224 actio
901 197 943 224 vel
964 205 1022 225 me-

231 239 326 265 ditatio
352 237 496 272 placebat?
523 237 646 266 Morbum
674 241 787 268 antistiti
813 242 923 278 inﬂigit,
939 251 1018 278 quem

231 283 327 310 medici
349 290 446 317 aquam
464 283 627 311 intercutem
640 290 736 312 vocant
752 295 759 313 ε
777 287 889 314 decebat
904 296 1020 323 namque

229 337 290 355 eum
306 329 351 363 qui
364 329 446 356 multa
465 336 561 363 aspera
571 337 685 364 corpore
701 335 784 366 alque
799 332 889 358 animo
910 340 1020 367 perpes-

230 382 276 402 sus
289 375 389 407 fuerat,
409 375 459 402 hoc
474 382 581 409 quoque
600 380 764 404 tormentum
783 376 914 412 perferre,
933 384 1020 413 utpcr

229 422 321 448 omnia
333 421 419 448 victor
431 426 457 448 et
472 427 616 448 coronatus
632 422 732 450 athleta
745 422 936 451 innotesceret.
951 424 1017 451 Cum

229 476 293 502 ergo
318 467 417 502 ingenii
434 467 492 494 acie
504 468 715 501 prmaleretvir
739 470 857 504 sapiens,
878 478 1017 505 pmnarum

229 521 339 542 causam
359 521 418 540 esse
435 513 553 548 agnovit,
568 513 638 548 quod
664 515 714 542 zeli
729 522 872 543 mensuras
887 518 1019 544 excessis—

209 564 286 600 ‘set,
307 567 389 593 seque
420 567 546 586 severum
577 560 822 595 vehementemque
846 561 871 588 in
897 563 1018 590 subditos

227 606 395 641 prmbuisset.
410 604 499 633 Corde
523 606 614 639 itaque
635 611 833 640 compunctus,
852 612 879 633 et
895 607 1016 634 cordium

227 651 361 686 Clrgllllorl
394 650 448 677 Deo
475 650 501 676 in
527 651 623 685 spiritu
643 651 803 678 humilitatis
826 660 882 679 rem
908 660 1016 680 omnem

207 732 210 735 Ι
227 697 334 729 ell‘atus,
354 696 407 723 illis
422 697 465 730 qui
487 700 580 722 contra
597 696 847 733 eum\deliquerant
869 697 958 724 debita
980 698 1018 725 di-

226 743 310 775 misit,
326 747 353 769 et
369 742 472 768 relaxat
487 749 597 775 prunas;
614 742 762 774 nonnullis,
784 750 816 770 eo
827 743 899 777 quod
913 749 1011 771 contra

226 796 361 816 summum
376 789 559 816 sacerdotium
575 788 737 816 insolentius
747 790 835 824 egisse
848 789 1014 822 viderentur,

224 834 408 868 praescriptis,
426 833 489 860 dum
511 829 588 860 freno
608 833 724 868 quodam
747 823 933 861 ardentiorum
967 841 1014 861 ora
1031 823 1052 850 Β

224 879 306 906 vellet
331 879 531 914 constringere.
549 879 595 906 Sic
616 887 662 913 per
688 879 868 906 humilitatem
890 885 916 907 et
937 887 1014 906 man-

226 925 397 952 suetudinem
423 932 499 952 vanae
530 925 571 952 sui
597 925 810 952 existimationis
832 918 1015 960 prmsnmptio-

225 971 321 1006 nisque
346 970 486 998 debellatis
503 971 650 998 dmmonem
665 991 671 1001 ,
687 970 732 1006 qui
758 971 856 998 virtute
882 978 1013 1006 praestau-

226 1017 299 1044 tibus
324 1016 389 1044 viris
413 1024 488 1051 teque
513 1015 685 1044 amuentibus
712 1017 874 1050 innascitur,
902 1017 1015 1052 reliquis

225 1063 281 1091 Suis
311 1062 478 1090 facinoribus
514 1063 657 1090 noxiorum
692 1061 839 1089 affectuum
871 1063 1013 1090 victoriam

224 1110 340 1138 addidit.
356 1110 425 1137 Hinc
449 1117 532 1145 porro
554 1110 587 1137 ad
606 1109 716 1141 beatas,
741 1110 938 1144 sempiternas,
957 1116 1014 1136 me-

226 1156 361 1191 lioresque
375 1155 453 1183 sedes
466 1156 576 1190 gradum
591 1154 665 1186 facit,
681 1155 752 1181 inter
764 1159 898 1190 martyres
913 1153 1014 1181 Christi

225 1209 342 1238 martyr,
359 1203 429 1230 inter
445 1202 632 1237 partriarchas
649 1201 806 1235 patriarcha
819 1220 827 1232 ,
844 1201 916 1227 inter
926 1200 1015 1234 justos

225 1255 405 1284 auctasque,
446 1248 527 1276 rebus
563 1247 689 1275 omnibus
724 1246 882 1279 absolutos,
913 1246 1016 1280 ascrip-

226 1301 287 1330 tus;
307 1301 350 1329 et,
374 1299 403 1323 ut
422 1294 533 1326 ﬁniam,
548 1298 613 1321 ante
633 1293 734 1321 Christi
762 1297 936 1328 conspectum
961 1291 1016 1320 col-

209 1343 350 1374 -locatus,
382 1349 430 1376 pro
466 1347 519 1375 quo
549 1340 669 1367 inﬁnitos
704 1339 882 1374 ingentesque
911 1338 1016 1365 labores

224 1386 412 1415 exantlaverat
424 1406 432 1417 ,
447 1385 518 1412 illius
533 1384 742 1419 pulchritudinis
758 1391 789 1410 ac
803 1383 956 1416 suavitatis,
966 1390 1016 1417 pro

225 1438 316 1459 amato
342 1432 468 1466 tristique
496 1435 695 1458 tormentorum
720 1429 929 1464 experimento,
952 1436 1015 1464 par-

226 1480 320 1514 ticeps.

262 1536 305 1564 l8.
331 1535 401 1569 Sed,
425 1542 442 1562 o
469 1542 567 1562 currus
586 1534 710 1567 divinus,
736 1535 819 1562 Deum
843 1535 1014 1570 aurigantem

225 1588 348 1618 portans,
366 1589 412 1617 per
428 1589 506 1616 quem
524 1581 685 1608 insanientis
699 1581 810 1608 ltmresis
825 1581 972 1616 phalanges
987 1581 1013 1608 in

227 1632 315 1665 fugam
340 1637 426 1656 versa:
448 1628 526 1656 sunt!
547 1628 568 1654 0
593 1635 639 1659 os,
658 1626 730 1661 quod
754 1634 797 1654 res
815 1627 920 1654 divinas
943 1627 1014 1654 velut.

227 1677 308 1708 tuba,
333 1675 396 1702 Jesu
413 1674 487 1702 Nave
503 1674 573 1701 tubis
588 1681 685 1700 sonora
703 1674 799 1708 magis,
817 1673 951 1706 innotuit;
966 1681 1014 1708 per

225 1723 296 1757 quod
313 1721 472 1756 sacrilegum
490 1720 594 1748 Christi
611 1720 730 1747 hostium
747 1719 942 1746 munimentum
959 1719 1015 1746 dis-

223 1768 343 1802 jectum,
372 1772 398 1795 et
419 1767 490 1794 avita
516 1770 643 1800 rectaque
659 1765 741 1798 fides,
757 1766 835 1800 quasi
859 1773 927 1792 nova
951 1772 1014 1800 pro-

226 1813 366 1841 missionis
380 1818 452 1840 terra
462 1833 469 1845 ,
484 1811 612 1839 universo
628 1811 719 1839 lsmeli
737 1811 783 1839 Dei
800 1811 826 1838 in
845 1816 946 1838 sortem
960 1811 1015 1839 dis-

227 1860 329 1887 tributa
357 1859 414 1885 est!
433 1858 454 1886 0
478 1857 616 1884 Davidicze
639 1857 749 1885 virtutis
778 1863 805 1884 et
827 1857 967 1884 azmulator
988 1861 1016 1884 et

227 1903 388 1932 successori
404 1902 439 1931 Ut
453 1903 524 1930 enim
540 1902 586 1929 ille
599 1902 686 1937 lapide
702 1901 856 1938 Goliathum
871 1902 1014 1937 percussit,

227 1950 267 1978 sic
280 1954 306 1976 et
321 1954 349 1976 tu
368 1949 503 1977 haereseos
519 1951 758 1983 propugnatorem,
780 1946 863 1974 Verbi
879 1947 1014 1974 incarnati

227 1994 362 2029 imagines
375 1992 571 2025 diﬂ'amantem,
582 1992 705 2027 uttgulari
717 1992 804 2027 lapide
820 1992 846 2019 id
861 1997 901 2019 est
914 1991 1014 2019 Christi

228 2049 294 2068 vero
320 2047 449 2074 corpore,
473 2038 657 2075 prostravisti.
683 2037 705 2065 0
725 2037 834 2071 Mosaici
858 2037 908 2065 zeli
932 2043 959 2065 et
975 2045 1017 2066 re-

229 2087 339 2122 giminis
353 2086 474 2114 imit-ator
498 2091 579 2120 atque
594 2084 696 2113 haeres!
715 2092 804 2112 annon
818 2084 889 2112 enim
905 2088 931 2112 tu
946 2085 1014 2119 ipse,

228 2138 258 2160 ut
270 2137 296 2160 et
318 2132 377 2165 ille,
400 2137 545 2167 antequam
562 2132 682 2165 regimen
699 2130 804 2163 obires,
821 2137 852 2157 ea
868 2137 928 2165 qua:
945 2131 1016 2166 regi-

228 2179 308 2206 miuis
344 2183 423 2210 sunt,
458 2176 615 2212 explevisti;
649 2180 775 2203 vexatum
807 2180 1016 2211 gementemque

227 2224 274 2252 Dei
306 2224 433 2260 populum
459 2224 592 2254 visitans,
618 2223 792 2255 animamque
818 2228 866 2256 pro
888 2222 1015 2249 universa

227 2271 348 2298 Ecclesia
365 2277 467 2305 ponens
479 2289 486 2302 ,
507 2269 582 2304 prius
603 2269 732 2303 quidem,
750 2272 779 2294 ut
801 2267 862 2300 ille,
880 2269 905 2294 in
924 2267 1014 2303 fugam

227 2325 338 2349 versus.
365 2316 535 2351 postmodum
554 2321 699 2348 reversus,
722 2314 814 2342 divino
841 2319 870 2341 ut
889 2313 932 2342 ille
951 2321 1015 2341 ora-

226 2364 306 2396 culo,
337 2362 522 2397 dominicique
548 2360 641 2396 gregis
669 2360 821 2395 principatu
852 2360 1017 2387 condecora-

229 2411 293 2437 tus?
310 2409 341 2443 0,
358 2409 403 2444 qui
425 2409 516 2435 Eliaco
533 2407 669 2435 sacriﬁcio
689 2407 825 2434 sacratius
841 2406 896 2434 Deo
918 2406 1018 2434 obtuli—

227 2457 278 2489 sti;
295 2461 322 2482 ct
347 2463 419 2488 non,
441 2459 470 2481 ut.
495 2454 560 2486 ille,
581 2448 717 2481 ducentos
739 2453 782 2480 vel
805 2452 1018 2488 quadringentos

227 2501 396 2528 confusionis
413 2500 568 2527 sacerdotes
591 2499 733 2532 mactasti,
749 2498 796 2525 sed
812 2497 927 2533 vigesies
946 2498 1018 2525 mille

227 2547 378 2579 ctamplius
394 2554 457 2574 vera
469 2546 628 2573 confusione
639 2545 735 2580 dignos
745 2545 903 2572 sacerdotes
917 2544 948 2579 (ι)
968 2544 1016 2570 im-

227 2593 370 2628 pedivisti,
401 2593 586 2627 obstitistique
606 2599 639 2619 ne
658 2592 739 2626 impie
759 2590 848 2618 sacris
873 2589 1016 2624 fungeren-

1024 1498 1050 1527 Ὁ

1072 199 1123 233 δὴν
1152 200 1334 235 προσιέμενος
1356 202 1406 236 τῆς
1431 201 1543 236 καρδίας
1566 201 1636 237 ὑπὲρ
1661 202 1752 229 πᾶσαν
1776 203 1861 239 ἄλλην

1072 245 1171 280 πρᾶξιν
1195 245 1210 281 ἢ
1230 246 1367 282 θεωρίαν;
1389 246 1476 274 Νόσον
1502 247 1636 282 ἐπαφίησι
1657 247 1696 283 τῷ
1729 248 1857 285 ἱεράρχῃ,

1071 290 1165 326 ὕδερον
1187 293 1269 328 αὐτὴν
1293 294 1318 320 oi
1336 295 1424 329 ἰατροὶ
1450 294 1642 330 ὀνομάζουσιν·
1663 294 1715 322 ἔδει
1740 295 1795 332 γὰρ
1813 296 1861 324 τὸν

1071 337 1230 373 πολυδάμαν
1247 339 1294 366 καὶ
1311 340 1415 375 ταύτην
1439 340 1590 375 ὑποστῆναι
1604 341 1654 376 τὴν
1670 341 1798 376 βάσανον,
1817 343 1861 370 ἵνα

1069 381 1113 408 διὰ
1138 383 1246 410 πάντων
1262 384 1467 419 στεφανηφόρος
1491 385 1635 418 ἀναφανεῖ.
1664 384 1740 418 Ὸξὺς
1764 385 1792 411 δὲ
1821 385 1861 413 ὢν

1071 425 1117 450 καὶ
1137 426 1348 461 ἀγχινούστατος
1376 429 1390 454 ὁ
1415 427 1495 461 σοφὸς
1509 447 1517 460 ,
1533 428 1643 462 ἐπέγνω·
1655 429 1686 455 τὸ
1708 430 1796 456 αἴτιον
1809 430 1861 464 τῆς

1070 470 1203 505 παιδείας,
1219 473 1259 499 ὅτι
1272 481 1301 499 τε
1315 473 1349 499 τὰ
1364 471 1411 499 τοῦ
1428 472 1511 508 ζήλου
1525 474 1682 508 ὑπερήλατο
1698 474 1795 510 μέτρα,
1812 476 1861 502 καὶ

1070 517 1207 553 ἀποτομία
1227 519 1297 544 κατὰ
1313 518 1367 545 τῶν
1390 519 1554 554 ὑποχειρίων
1578 520 1724 554 ἐχρήσατο.
1744 521 1859 556 Συντρι-

1069 562 1125 594 Sel;
1144 561 1190 589 οὖν
1202 563 1251 599 τὴν
1265 564 1381 598 καρδίαν
1398 565 1427 591 ἐν
1444 564 1579 600 πνεῦματι
1591 565 1796 598 ταπεινώσεως,
1811 567 1860 593 καὶ

1067 608 1106 643 τῷ
1134 609 1338 646 καρδιογνώστῃ
1367 610 1637 645 ἐξομολογησάμενος
1657 608 1735 646 Θεῷ,
1760 611 1860 647 ἀφίησι

1069 655 1118 689 μὲν
1133 656 1188 686 τοῖς
1202 655 1242 686 είς
1255 655 1336 681 αὑτὸν
1354 655 1495 681 ἐπταικόσι
1511 655 1560 686 τὰς
1579 655 1699 689 ὀφειλὰς,
1717 656 1813 692 ἀφίησί
1832 656 1860 691 γ’

1066 699 1114 726 οὖν
1138 700 1213 734 ὅμως
1235 700 1391 735 ὡρισμένας
1409 701 1550 735 ἐπιτιμίας
1577 701 1657 733 τισὶν,
1679 699 1729 736 τῆς
1752 703 1792 734 είς
1809 702 1861 738 τὴν

1067 745 1143 772 θείαν
1167 745 1375 781 ἀρχιερωσύνην
1401 746 1482 782 χάριν
1511 747 1736 781 περιφρονήσεώς
1761 755 1791 774 τε
1812 748 1860 774 καὶ

1067 790 1230 822 αὐθαδείας,
1259 790 1353 825 ὥσπερ
1378 790 1431 816 civi.
1458 790 1561 825 χαλινῷ
1585 788 1647 822 τοὺς
1671 790 1857 827 θερμοτέρους

1067 837 1262 872 ἐπιστομίζων,
1275 837 1322 863 καὶ
1338 835 1409 863 οὕτω
1424 836 1518 863 λοιπὸν
1531 836 1577 863 τὸν
1591 837 1642 871 τῆς
1666 838 1792 872 οἰήσεως,
1811 838 1861 865 καὶ

1066 882 1235 918 θρασύτητος
1247 883 1373 917 δαίμονα,
1385 883 1460 914 ὅστις
1480 884 1536 914 τοῖς
1563 882 1707 911 πλουτοῦσι
1724 884 1774 918 τὴν
1792 884 1860 919 ἁρε-

1065 927 1112 962 τὴν
1124 926 1281 962 ἐπιφύεται,
1290 927 1334 953 διὰ
1344 925 1595 961 ταπεινοφροσύνης
1605 934 1634 952 τε
1646 926 1692 952 καὶ
1705 928 1860 961 πραότητος

1064 973 1323 1010 καταγωνισάμενος
1337 971 1500 1007 προστίθησι
1512 972 1566 1002 τοῖς
1579 971 1682 1002 λοιποῖς
1695 971 1776 997 αὺτοῦ
1792 980 1859 998 κατ-

1064 1018 1206 1054 ορθώμασι
1221 1038 1228 1050 ,
1245 1019 1291 1045 καὶ
1306 1018 1336 1044 τὸ
1349 1017 1421 1045 κατὰ
1437 1017 1639 1055 τῶνξόλεθρίων
1648 1017 1750 1055 τούτων
1763 1017 1860 1044 παθῶν

1067 1066 1237 1100 νικητήριον,
1257 1064 1414 1091 Κάντεῦθεν
1439 1063 1534 1090 λοιπον
1549 1063 1619 1098 πρὸς
1643 1065 1693 1098 τὴν
1713 1065 1859 1098 μακαρίαν

1065 1112 1113 1139 καὶ
1135 1111 1262 1146 ἀείμονον
1284 1111 1332 1137 κα)⁸
1355 1104 1460 1145 ἀμείνω
1488 1109 1565 1145 λῆξιν
1597 1111 1771 1145 μεταχωρεῖ,⁵
1787 1109 1861 1144 μετὰ

1065 1157 1217 1193 μαρτύρων
1237 1158 1250 1183 ὁ
1275 1157 1392 1193 Χριστοῦ
1417 1156 1537 1192 μάρτυρ,
1567 1155 1615 1182 σὺν
1640 1158 1824 1190 πατριάρχαις
1842 1157 1861 1184 ὁ

1066 1203 1245 1241 Πατριάρχης
1260 1223 1266 1235 ,
1296 1202 1365 1237 μετὰ
1395 1201 1511 1228 δικαίων
1530 1201 1576 1228 καὶ
1601 1201 1729 1235 ἀσκητῶν
1753 1203 1767 1227 ό
1792 1202 1860 1237 περὶ

1068 1249 1161 1275 πάντα
1175 1249 1278 1280 τέλειος
1297 1247 1516 1281 καταλεγόμενος
1526 1267 1534 1279 ,
1547 1247 1625 1278 τέλος
1638 1266 1645 1279 ,
1667 1247 1708 1283 τῷ
1719 1246 1861 1283 προσώπῳ

1066 1294 1190 1330 Χριστοῦ
1207 1294 1413 1329 ὀπτανόμενος,
1430 1293 1501 1328 ὑπὲρ
1523 1293 1554 1319 οὗ
1571 1293 1686 1329 μυρίους
1704 1295 1752 1320 ’καὶ
1772 1294 1861 1327 μεγά-

1067 1339 1128 1371 λους
1146 1340 1285 1374 ὑπήνεγκε
1299 1339 1397 1370 πόνους
1409 1358 1415 1370 ,
1436 1337 1582 1365 ἀπολαύων
1597 1338 1646 1373 τῆς
1661 1338 1743 1365 αὑτοῦ
1760 1338 1862 1374 ὡραιό-

1066 1393 1147 1421 τητος
1160 1385 1207 1411 καὶ
1225 1384 1392 1419 γλυκύτητος
1416 1383 1476 1411 ἀντὶ
1490 1385 1540 1419 τῆς
1565 1383 1666 1419 πικρᾶς
1676 1384 1721 1409 καὶ
1730 1383 1860 1418 ἀλγεινῆς

1067 1433 1121 1460 τῶν
1138 1432 1265 1469 βασάνων
1287 1431 1331 1460 πεί
1334 1428 1397 1467 ραςξ

1102 1535 1147 1572 ιη’.
1173 1535 1256 1567 Ἀλλ’,
1276 1531 1298 1561 ὣ
1317 1534 1394 1570 ἅρμα
1407 1534 1489 1566 θεῖον,
1510 1533 1555 1561 τὸν
1569 1533 1636 1560 Θεὸν
1653 1533 1814 1568 ἡνιοχοῦντα
1828 1541 1860 1560 σε

1066 1581 1160 1617 φέρον,
1178 1581 1212 1607 δι’
1237 1578 1266 1606 οὗ
1288 1580 1316 1606 αἱ
1343 1580 1484 1615 φάλαγγες
1502 1579 1553 1614 τῆς
1577 1580 1753 1614 μισοχρῐστου
1781 1579 1860 1614 αἱρέ-

1066 1635 1136 1658 σεως
1147 1625 1359 1662 ἐτροπώθησανι
1376 1621 1411 1651 Ὦ
1430 1626 1527 1660 στόμα,
1540 1625 1570 1651 τὺ
1582 1625 1616 1651 τὰ
1632 1624 1692 1650 θεῖα
1713 1624 1861 1658 σαλπίσαν,

1065 1671 1229 1706 ὑψηλότερον
1244 1671 1298 1697 τῶν
1313 1670 1360 1697 τοῦ
1378 1670 1457 1705 Ναυὴ
1474 1669 1642 1703 σαλπίγγων,
1653 1669 1686 1695 δι’
1700 1667 1729 1696 οὗ
1741 1669 1770 1695 τὺ
1787 1669 1862 1704 ιερὰ-

1066 1718 1146 1744 συλον
1164 1717 1219 1744 τῶν
1234 1717 1428 1752 χριστομάχων
1444 1716 1580 1751 ὀχύρωμα
1596 1715 1763 1750 κατεϐλήθη,
1780 1716 1827 1741 καὶ
1842 1716 1862 1750 ἡ

1065 1763 1182 1799 πατρῴα
1207 1762 1364 1798 ὀρθοδοξία,
1391 1763 1429 1793 ὡς
1454 1762 1522 1796 άλλη
1550 1770 1592 1793 τις
1608 1762 1643 1796 γῆ
1669 1761 1861 1794 ἐπαγγελίας,

1067 1810 1149 1836 παντὶ
1180 1808 1436 1843 κατεκληροδοτήοη
1452 1807 1490 1842 τῷ
1515 1806 1566 1846 νέιρ
1580 1806 1626 1832 τοῦ
1643 1806 1711 1843 θεοῦ
1735 1806 1859 1841 Ἰσραήλί

1065 1852 1100 1880 Ὧ
1115 1855 1162 1890 τῆς
1177 1854 1223 1881 τοῦ
1238 1853 1318 1880 Δαυῒδ
1335 1852 1475 1887 ἀριστείας
1487 1853 1535 1879 και)⁸
1548 1851 1657 1893 ζτλλῶτα
1672 1852 1719 1878 καὶ
1733 1851 1856 1886 διάδοχεί

1073 1900 1118 1933 Ὧς
1131 1900 1185 1935 γὰρ
1200 1900 1303 1931 ἐκεῖνος
1326 1899 1393 1934 λίθῳ
1408 1899 1453 1925 τὸν
1471 1897 1569 1925 Γολιᾶιθ
1595 1897 1702 1929 ἐΰαλεν,
1717 1897 1789 1925 οὕτω
1813 1897 1862 1924 καὶ

1066 1945 1147 1977 αὐτὸς
1171 1945 1217 1971 τὸν
1233 1945 1283 1979 τῆς
1306 1945 1440 1980 αἱρέσεως
1464 1944 1597 1979 πρόϐολον
1614 1944 1728 1980 δοκῆσαι
1745 1943 1794 1978 τὴν
1813 1942 1861 1969 τοῦ

1066 1991 1153 2025 Λόγου
1171 1991 1309 2025 σάρκωσιν
1322 1989 1517 2026 δυσφημοῦντα
1526 1989 1566 2025 τῷ
1577 1989 1768 2025 ἀκρογωνιαίῳ
1780 1987 1860 2023 λίθῳ,

1067 2039 1127 2074 ἦτοι
1141 2037 1261 2073 Χριστοῦ
1277 2037 1372 2072 ἀληθεῖ
1391 2035 1499 2071 σώματι
1515 2036 1735 2071 καταϐέϐληκας.
1757 2033 1792 2061 Ὦ
1812 2035 1860 2062 τοῦ

1068 2084 1210 2115 Μωῡσέως
1237 2084 1285 2110 καὶ
1306 2083 1388 2118 ζήλου
1412 2083 1461 2109 καὶ
1482 2082 1664 2117 δημαγωγίας
1685 2081 1793 2117 μιμητὰ
1812 2082 1862 2108 καὶ

1068 2130 1241 2167 κληρονομεῖ
1262 2129 1346 2164 ἦγὰρ
1368 2129 1428 2164 οὐχὶ
1445 2128 1492 2155 καὶ
1519 2128 1600 2160 αὐτὸς
1625 2128 1662 2159 ὡς
1680 2128 1783 2158 ἐκεῖνος
1805 2127 1862 2162 πρὸ

1069 2177 1119 2211 τῆς
1130 2176 1216 2212 ἀρχῆς
1231 2175 1266 2202 τὰ
1275 2176 1325 2210 τῆς
1333 2175 1421 2210 ἀρχῆς
1436 2173 1610 2206 ἐπιδέδειξαι,
1627 2170 1860 2208 ἐπισκεπτόμενος

1069 2223 1114 2250 τὸν
1132 2222 1303 2257 κακούμενον
1333 2222 1382 2248 καὶ
1408 2221 1536 2247 στένοντα
1565 2219 1707 2256 ὀρθόδοξον
1730 2219 1794 2246 λαὸν
1812 2218 1860 2245 τοῦ

1068 2269 1147 2302 Θεοῦ,
1171 2268 1217 2295 καὶ
1241 2268 1290 2302 τὴν
1309 2266 1397 2302 ψυχὴν
1422 2267 1492 2301 ὑπὲρ
1522 2267 1571 2301 τῆς
1598 2266 1661 2301 ὅλης
1693 2265 1862 2300 Ἐκκλησίας

1069 2315 1229 2350 προέμενον,
1246 2314 1340 2347 φυγὼν
1370 2312 1420 2348 μὲν
1446 2312 1508 2338 κατ’
1536 2312 1641 2338 ἐκεῖνον
1665 2311 1695 2337 το
1712 2311 1862 2346 πρότερον,

1070 2359 1241 2395 ὑποστρέψας
1254 2359 1284 2385 δὲ
1297 2359 1397 2393 ὁμοίως
1414 2358 1489 2393 ὅμως
1501 2357 1625 2392 χρησμῴς
1641 2357 1689 2384 καὶ
1719 2357 1768 2391 τῆς
1785 2356 1863 2388 θείας

1071 2406 1270 2440 ποιμνιαρχίας
1285 2405 1458 2440 ὴξιωμένοςς
1475 2402 1511 2430 Ὦ
1524 2404 1574 2439 τῆς
1594 2403 1686 2430 Ἠλίου
1711 2402 1864 2438 ἱερωτέραν

1069 2450 1165 2477 θυσίαν
1197 2449 1381 2485 προσαγαγὼν
1405 2449 1484 2483 Θεῷ,
1508 2449 1557 2476 καὶ
1579 2449 1609 2475 οὺ
1633 2448 1790 2479 διακοσίους
1815 2448 1864 2474 καὶ

1066 2497 1271 2532 τετρακοσίους,
1282 2496 1320 2527 ὡς
1330 2496 1421 2528 αὐτὸς,
1434 2495 1536 2522 ἀνελὼν
1549 2497 1633 2530 ἱερεῖς
1642 2495 1786 2529 αἰσχύνης,
1794 2494 1865 2521 ἀλλὰ

1066 2542 1231 2580 δισμυρίους
1241 2542 1287 2568 καὶ
1299 2541 1455 2577 περαιτέρω
1463 2543 1512 2577 τῆς
1525 2542 1609 2573 ὅντως
1623 2540 1754 2576 αἰσχύνης
1771 2540 1866 2572 ἀξίους

1067 2589 1149 2624 ἱερεῖς
1164 2588 1290 2620 κωλύσας
1307 2596 1336 2614 τε
1352 2588 1399 2615 καὶ
1415 2587 1564 2623 καθείρξας
1584 2586 1724 2614 δυσσεὸὦν
1738 2585 1866 2621 ἱερᾶσθαι

1036 2657 1056 2674 κ
1074 2656 1076 2659 .

262 2694 294 2730 (ι)
315 2691 453 2730 Quotquot
471 2688 637 2730 scilicet.,‘in
653 2686 894 2730 Iconomacliorum
919 2685 1015 2720 impie-

227 2721 295 2757 tat‘es
315 2721 448 2763 prolapsi,
468 2726 528 2763 jam
558 2724 660 2751 dictum
685 2723 757 2749 circa
784 2721 885 2763 Christi
913 2729 1012 2761 corpus

225 2757 346 2792 errore-tn
361 2757 593 2797 professil'urerunt
610 2767 617 2784 :
632 2765 745 2797 quorum
762 2765 823 2797 cum
836 2757 892 2783 loca
907 2757 1012 2796 naviter

222 2791 562 2830 ordinetis'sacerdotibus
576 2799 666 2821 essent
679 2792 810 2827 explenda
821 2811 828 2824 ,
848 2800 900 2819 non
923 2791 1011 2826 potuit

1072 2685 1098 2712 in
1111 2685 1207 2712 horutu
1222 2685 1327 2712 delectu
1344 2685 1396 2712 alia
1410 2685 1504 2712 haberi
1521 2684 1599 2716 ratio,
1612 2689 1641 2710 ut
1653 2691 1733 2718 supra
1748 2683 1864 2716 dictum,

1067 2728 1148 2755 quam
1163 2725 1191 2746 ut
1204 2728 1312 2754 seraper
1324 2720 1493 2747 orthodoxos
1513 2720 1598 2746 fuisse
1610 2724 1764 2748 constaret.
1783 2719 1865 2755 liget,

1065 2751 1099 2782 ob
1116 2756 1184 2782 alias
1204 2751 1270 2781 oliui
1286 2756 1407 2790 publicas
1421 2756 1515 2790 culpas
1527 2775 1534 2789 ,
1555 2762 1587 2783 eo
1602 2755 1686 2790 gradu
1699 2760 1792 2782 essent
1803 2751 1861 2781 for-

1065 2791 1146 2818 tassie
1160 2790 1272 2825 indigni.
