1948 3077
115 76 182 109 12ιὲι

878 66 975 104 VlTA.

1685 76 1753 109 1262

115 133 369 169 ἐπαισχυνομένους
398 133 540 170 ὁμολογεῖν
566 134 614 170 τὴν
644 133 747 170 ἀψευδῆ
769 133 816 160 τοῦ
846 133 912 160 Θεοῦ

967 139 1020 168 tur,
1036 136 1228 164 erubescentes
1243 136 1334 170 ueram
1349 136 1434 173 diriul
1448 136 1527 164 Verbi
1544 137 1751 168 humanitatem.

115 180 206 213 Λόγου
220 179 372 214 σάρκωσιν,
387 180 422 207 δι’
441 178 476 216 ἧς
491 180 522 207 τὸ
532 179 706 215 ἀνθρώπινον
718 181 798 214 γένος
814 180 912 211 ἀνακε-

117 226 276 257 καίνισταν,
299 225 436 260 εὐκαίρως
456 225 487 251 τὸ
503 225 552 260 τῆς
577 226 661 261 σοφῆς
679 225 831 261 παροιμίας
847 225 913 257 ἔπος

116 272 206 297 εἰπεῖν
221 280 228 286 ·
255 271 354 298 Θυσίαι
379 271 487 298 ἀσεϐῶν
505 272 642 308 βδέλυγμα
664 272 772 308 Κυρίῳ,
793 273 842 299 καὶ
859 272 913 308 γὰρ

116 317 285 352 παρανόμως
305 317 510 353 προσφέρουσιν
528 318 623 350 αὑτὰς.
645 318 690 353 Τῷ
715 318 772 346 ὗντι
788 319 840 354 γὰρ
859 327 912 344 πα-

118 364 235 398 ράνομοι
249 364 273 390 οί
288 359 418 396 τοιοῦτοι,
436 361 608 400 ἐψευσμένου
624 364 751 400 σώματος
764 366 912 392 ἀντίτυπον

119 409 211 443 σῶμα,
228 409 333 443 ψευδῶς
351 411 390 441 εἰς
406 410 502 437 Θυσίαν
521 411 792 446 παραλαμϐάνοντες.
810 409 845 437 Ὦ
861 412 911 446 τῆς

118 455 226 488 Πέτρου
243 456 329 490 θήκης
345 456 513 491 θεραπευτὰ,
526 458 574 483 καὶ
585 457 633 483 τοῦ
650 458 756 484 ἐκεῖθεν
769 457 911 493 ἁγιασμοῦ

118 501 169 535 τῆς
183 501 281 535 ἁγνίας
299 501 526 537 θησαυροφύλαξί
544 501 579 529 Ὦ
594 504 700 530 Παῦλον
713 503 838 540 [μᾶλλον]
848 505 913 531 ἀνα-

119 547 209 572 πνέων
229 547 246 582 ἧ
261 547 308 573 τὸν
326 547 396 583 ἀέρα
411 548 418 574 ί
435 546 470 574 Ὦ
482 548 574 583 πάσης
585 549 661 580 θείας
677 550 724 576 καὶ
738 550 913 585 προφητικῆς

119 592 233 626 Γραφῆς
260 593 399 626 γλῶσσαΐ
426 592 462 621 Ὦ
491 595 674 630 εὐαγγελικῆς
706 596 841 631 σαφηνίας
864 596 913 622 καὶ

118 639 231 673 χάριτος
248 638 340 673 βίϐλος
353 659 361 671 ,
386 639 540 676 Γρηγορῖου
563 642 611 667 καὶ
629 642 771 668 Βασιλείου
788 643 836 668 καὶ
857 642 912 668 τῶν

119 685 181 710 κατ’
197 685 297 716 αὐτοὺς
317 685 454 720 θεολόγων
471 687 634 722 συνθεολόγε
656 688 703 715 καὶ
720 688 856 723 σύσκηνεί
877 689 912 717 Ὦ

118 730 316 765 ἀκτημοσύνης
343 732 524 767 δυσπορίστου
549 732 670 768 κτήσεως
688 735 912 769 κτῆτορῑτοσαύ-

119 783 169 810 της
185 776 240 811 γὰρ
257 778 304 802 καὶ
318 776 415 812 ἡλίκης
433 779 590 812 περιουσίας
603 780 649 805 καὶ
664 777 789 812 ἐξουσίας
806 782 910 817 κατάρ-

121 821 180 853 ξας,
197 822 300 856 γυμνὸς
314 822 404 857 πάσης
419 822 514 857 ὑλικῆς
528 823 644 855 κτίσεως
661 824 706 852 τὸν
723 825 779 859 βίον
792 825 910 861 διῆλθες,

123 865 162 901 μὴ
178 865 321 901 ἑχωννποῢ
337 867 383 893 καὶ
398 868 478 899 αὐτὸς
493 868 651 904 ὑποσκηνὴν
665 870 848 904 προσπαθείας
863 871 912 906 τὴν

121 912 243 946 κεφαλὴν
263 911 351 939 κλῖναι
362 921 368 928 ’
381 913 395 939 ὀ
410 913 508 949 πένησι
521 915 728 949 συμπενόμενος
738 935 746 948 ,
764 917 811 942 καὶ
828 916 912 949 ξένοις

122 956 334 992 συγξενητεύων,
350 958 388 993 τῷ
406 959 456 994 μὲν
468 961 501 995 τῇ
517 960 571 986 τῶν
584 961 683 995 χρειῶν
695 962 857 996 μεταδώσει,
873 963 913 998 τῷ

121 1001 150 1026 δὲ
165 1003 198 1036 τῇ
216 1002 422 1038 ἀπροσπαθεῖᾳ.

159 1046 202 1074 ιϐ’.
222 1046 256 1074 Ὦ
270 1049 457 1086 Πατριάρχας,
481 1050 666 1088 Ὀμολογητὰς
680 1053 851 1089 ὀρθοδόξους,
866 1056 913 1082 καὶ

122 1095 229 1127 ζῶντας
249 1096 294 1122 καὶ
313 1098 502 1131 μεταστάντας
525 1099 572 1125 καὶ
594 1099 723 1132 θανόντας
740 1103 859 1137 τιμήσας
875 1103 913 1134 ὼς

122 1141 257 1175 πατέρας,
275 1140 337 1167 ὅθεν
355 1140 384 1168 εὖ
400 1151 441 1169 σοι
455 1144 602 1179 γεγένηται
614 1146 621 1172 ί
635 1143 670 1172 Ὦ
689 1148 791 1178 παντὸς
808 1147 912 1181 ἀγαθοῦ

122 1187 205 1220 ἔργον
223 1187 269 1213 καὶ
284 1186 365 1221 λόγου
385 1190 510 1223 ταμιεῖον
525 1191 540 1218 ἢ
558 1192 750 1226 καταγώγιονί
775 1193 912 1229 Πρόστηθι

121 1233 170 1258 καὶ
194 1232 241 1259 νῦν
266 1233 392 1268 συνήθως
410 1235 459 1269 τῆς
486 1236 604 1272 ποίμνης
630 1244 676 1264 σου
691 1246 697 1252 ·
716 1238 798 1274 ῥῆξον
821 1239 913 1274 ἱκετη-

123 1277 199 1313 ρίους
216 1277 309 1311 φωνὰς
329 1279 396 1314 πρὸς
413 1279 530 1315 Χριστὸν
544 1281 590 1307 τὸν
602 1282 668 1309 Θεὸν
681 1283 772 1318 mai-3v;
790 1285 914 1319 ἐπισχεῖν

122 1323 179 1349 τῶν
201 1323 347 1358 βαρϐάρων
369 1325 454 1352 ἐθνῶν
473 1327 523 1358 τὰς
545 1327 672 1361 ἐφόδους,
688 1329 843 1362 ἀπαλλάξαι
860 1330 914 1357 τῶν

123 1367 338 1402 λοιμαινομένων
350 1369 441 1405 θηρῶν
453 1370 503 1407 τὴν
519 1372 601 1399 αὐτοῦ
623 1373 798 1409 Ἐκκλησίαν,
813 1374 914 1407 ἐξελεῖν

124 1414 157 1440 τὰ
170 1414 219 1439 τοῦ
235 1415 354 1449 πονηροῦ
367 1416 513 1455 σκάνδαλα,
526 1418 655 1453 εὐνομίαν
666 1428 696 1446 τε
711 1420 758 1447 καὶ
772 1421 914 1457 εὐετηρίαν

123 1458 163 1514 ἰῷ
183 1460 378 1514 ἔριστωνιῖμῳ
398 1461 456 1497 λαῷ
478 1463 654 1499 δωρήσασθαι
666 1485 673 1497 ,
690 1468 746 1498 τοῖς
769 1467 915 1495 Βασιλεῠσι
929 1483 952 1514 C

124 1503 277 1539 βραϐεῦσαι
298 1505 332 1532 τὰ
359 1509 505 1543 νικητήρια
518 1529 524 1541 ,
541 1510 572 1536 τὸ
583 1510 634 1545 τῆς
659 1511 815 1547 ὀρθοδοξίας
831 1513 913 1540 καλὸν

124 1551 320 1585 συντηρεῖσθαι
345 1553 502 1589 ἁλώῧητον,
521 1555 647 1591 ἀκύμονα
670 1557 742 1594 ζωὴν
765 1560 833 1586 πᾶσι
857 1561 914 1592 τοῖς

124 1597 233 1627 πιστοῖς
246 1596 434 1632 δωρήσεσθαι,
459 1598 506 1626 καὶ
521 1602 590 1636 πρὸς
610 1602 717 1635 τούτοις
738 1604 842 1636 πάντας
861 1605 913 1639 ψυ-

124 1640 206 1675 χικῆς
223 1643 362 1677 σωτηρίας
381 1645 570 1679 καταξιῶσαι,
588 1647 618 1674 ἐν
633 1648 708 1683 αὐτῷ
730 1649 858 1684 Χριστῷ,
875 1649 913 1685 τῷ

127 1688 268 1720 μονογενεῖ
279 1687 335 1722 Υίῷ
349 1689 396 1716 τοῦ
412 1690 479 1716 Θεοῦ
489 1691 534 1717 καὶ
549 1692 619 1727 Θεῷ,
635 1693 694 1727 μεθ’
704 1691 735 1720 οὗ
748 1694 787 1729 τῷ
802 1695 913 1731 ὰνάρχῲ

125 1731 225 1767 Πατρὶ,
236 1733 284 1759 σὺν
299 1733 336 1768 τῷ
350 1735 476 1771 παναγίῳ
492 1737 537 1764 καὶ
550 1737 674 1774 ζωοποιῷ
690 1739 831 1775 Πνεὺματι
842 1741 916 1774 δόξα,

124 1776 193 1815 τιμὴ
211 1777 259 1804 καὶ
275 1779 452 1815 εὐχαριστία,
469 1782 517 1809 νῦν
532 1784 578 1810 καὶ
590 1785 634 1811 ἀεὶ
653 1786 760 1819 mmet;
776 1788 840 1820 τοὺς
855 1789 917 1815 ἀτε-

123 1821 277 1857 λευτήτους
294 1825 396 1858 αἰῶνας
409 1825 464 1854 τῶν
482 1829 600 1858 αίώνων.
624 1831 721 1867 Ἀμήν.

963 188 1010 216 per
1024 190 1106 216 quant
1138 190 1224 217 genus
1251 183 1398 210 humanum
1425 187 1584 210 renovatum
1604 186 1655 216 cst,
1675 184 1754 218 protl-

964 227 1034 261 teri;
1052 234 1202 263 opportune
1226 229 1368 264 prudentis
1388 229 1461 257 illius
1475 230 1611 264 proverbii
1629 237 1752 258 memor:

965 274 1107 302 Sacriﬁcia
1139 274 1284 309 itnpiorum
1311 275 1478 302 abominatio
1505 275 1637 308 Domino;
1661 282 1693 302 ea
1719 275 1755 303 si-

963 319 1072 353 quidem
1095 320 1221 354 nequiter
1237 321 1369 353 oll‘crant,
1385 321 1485 356 quippe
1505 320 1642 348 falsilicati
1657 328 1754 355 corpo-

963 366 1002 394 ris
1017 367 1191 400 ligurativum
1206 374 1304 402 corpus
1320 366 1389 394 falso
1406 368 1446 402 (ιι)
1462 367 1487 394 in
1501 367 1665 394 sacriﬁcium
1682 367 1754 395 acci¢

963 412 1082 447 pientes.
1107 412 1129 440 0
1148 413 1238 440 cultor
1261 413 1379 447 sepulcri
1395 413 1489 439 Sancti
1505 412 1591 444 Petri,
1613 418 1639 440 et
1652 414 1754 441 sancti-

965 459 1028 486 tatis
1050 458 1166 493 indeque
1191 459 1344 487 emanantis
1370 459 1538 493 castimonia:
1564 460 1751 487 thesaurariel

963 504 985 532 Ο
1003 505 1048 539 qui
1075 505 1189 533 Paulum
1212 506 1298 540 magis
1321 513 1402 540 quam
1428 513 1517 533 aerem
1534 506 1621 541 ipsum
1647 506 1751 541 spiras!

963 551 985 579 0
1011 551 1094 579 totius
1112 552 1212 579 divina:
1235 559 1268 579 ac
1292 552 1456 586 prophetiam
1474 552 1622 586 Scriptura:
1644 553 1752 588 lingua!

963 597 986 624 0
1003 597 1172 631 Erangclicae
1194 597 1430 632 interpretationis
1450 602 1476 624 et
1492 598 1586 632 gratiae
1602 598 1671 626 liher
1690 607 1753 627 cum

964 643 1114 678 Gregorio,
1134 643 1249 676 Basilio,
1271 648 1299 671 et
1316 643 1426 678 reliquis
1443 644 1590 671 secundum
1604 653 1651 671 eos
1678 646 1754 673 theo-

964 688 1050 722 logis,
1076 688 1217 723 theologus
1251 689 1333 716 etiam
1361 690 1419 724 ipse
1442 694 1469 716 et
1492 690 1711 718 contubernalis!
1731 691 1754 718 0

965 735 1134 769 paupertatis
1148 743 1203 762 non
1227 736 1262 762 ita
1279 736 1360 763 facile
1380 736 1512 770 parabilis
1531 737 1689 771 possessor!
1707 738 1754 764 tali

963 780 1037 820 enim
1061 785 1189 816 tantaque
1204 782 1341 816 opulentia
1360 787 1387 808 et
1411 783 1530 816 potentia
1552 783 1666 818 pollens,
1681 785 1755 811 omni

967 827 1100 854 materiali
1126 828 1296 862 possessione
1324 832 1421 856 exutus
1443 829 1524 856 vitam
1549 829 1681 864 exegisti,
1702 836 1754 857 non

966 872 1070 899 habens
1087 872 1131 907 ubi
1153 874 1204 901 sub
1229 874 1387 902 umbraculo
1405 873 1557 901 adiectionis
1569 879 1650 909 caput
1669 875 1754 901 decli-

967 925 1048 945 narcs
1066 927 1072 945 :
1090 919 1136 953 qui
1156 926 1217 946 eum
1240 920 1384 953 egentibus
1403 927 1455 946 una
1477 919 1576 954 egebas
1592 926 1619 947 et
1637 921 1756 956 peregri-

965 964 1087 996 nabaris,
1100 969 1155 991 tum
1167 972 1256 992 rerum
1266 965 1484 992 necessariarum
1497 967 1754 998 conuuunicationc,

967 1013 1023 1037 tum
1041 1010 1124 1037 animi
1140 1018 1273 1044 nusquam
1288 1010 1359 1037 aﬂlti
1376 1011 1511 1039 libertate.

1003 1055 1046 1082 19.
1062 1054 1086 1082 Ο
1104 1055 1150 1090 qui
1167 1055 1356 1088 Patriarchas,
1380 1055 1558 1083 Confessores
1578 1057 1754 1089 orthodoxos,

967 1105 995 1129 et
1023 1102 1102 1129 vivos
1127 1106 1154 1129 et
1179 1104 1337 1130 demortuos
1357 1103 1469 1138 jamque
1495 1109 1686 1138 consumptos,
1716 1104 1755 1131 uti

967 1153 1095 1183 parentes
1113 1148 1233 1181 coluisti,
1251 1149 1323 1176 unde
1337 1149 1427 1176 fausta
1448 1149 1497 1176 tibi
1512 1151 1640 1177 evenere!
1657 1150 1678 1178 0
1695 1151 1755 1177 uni-

968 1201 1054 1221 vcrsze
1074 1194 1163 1228 probae
1177 1195 1344 1229 operationis
1361 1197 1548 1230 sermonisque
1560 1196 1684 1223 tat-arium
1697 1196 1756 1223 sive

967 1239 1125 1273 hospitium,
1142 1247 1234 1267 curam
1248 1248 1321 1268 nunc
1335 1248 1443 1276 qucque
1456 1249 1504 1275 pro
1521 1248 1596 1269 more
1612 1242 1648 1268 tui
1665 1242 1756 1277 gregis

968 1284 1083 1318 habeto;
1102 1285 1237 1320 supplices
1264 1293 1344 1314 voces
1366 1287 1399 1314 ad
1427 1286 1562 1314 Christum
1594 1286 1678 1314 Deum
1703 1295 1753 1314 no-

967 1336 1053 1359 slrnm
1074 1331 1218 1364 eﬂundito,
1241 1337 1269 1359 ut
1286 1333 1464 1360 barbararum
1482 1333 1621 1360 uati0num
1639 1333 1755 1367 impetus

967 1383 1139 1411 compescat,
1168 1377 1319 1405 Ecclesium
1348 1385 1423 1405 suam
1460 1385 1475 1405 a
1515 1379 1756 1413 perniciosissimis

967 1423 1045 1451 bellis
1062 1424 1208 1451 imumnem
1225 1425 1336 1457 reddat,
1351 1425 1466 1460 improbi
1483 1425 1612 1453 tlzetnouis
1627 1425 1755 1453 seandala

968 1470 1108 1502 eradicet,
1131 1470 1249 1505 quietem
1270 1475 1298 1498 et
1321 1471 1516 1498 abundantiam
1537 1471 1691 1498 Christiano
1708 1479 1756 1505 po-

968 1515 1030 1549 pulo
1043 1516 1184 1551 largiatur,
1211 1517 1352 1544 victoriam
1370 1517 1583 1552 imperatoribus
1601 1517 1753 1550 ministret,

966 1562 1126 1589 orthodoxae
1164 1562 1225 1590 ﬁdei
1256 1563 1415 1597 dignitatem
1448 1563 1559 1590 illic-sam
1596 1567 1754 1596 conservet,

967 1606 1093 1634 ﬁdelibus
1116 1608 1243 1635 onmibus
1262 1608 1347 1634 vitam
1370 1608 1545 1643 tranquillam
1565 1609 1707 1640 concedat,
1728 1613 1756 1635 et

965 1659 1022 1687 prae
1039 1652 1082 1680 his
1096 1653 1220 1681 omnibus
1239 1658 1347 1681 attenta:
1363 1654 1460 1681 salutis
1481 1654 1575 1688 dignos
1595 1654 1702 1686 ctliciat,
1727 1655 1753 1682 in

966 1699 1027 1733 ipso
1051 1699 1160 1726 Christo
1184 1699 1326 1734 unigenito
1346 1701 1416 1728 Filio
1434 1702 1480 1728 Dei
1495 1706 1523 1729 et
1543 1701 1609 1734 Deo,
1622 1709 1682 1729 cum
1700 1710 1756 1736 quo

966 1745 1026 1775 sine
1042 1746 1174 1781 principio
1198 1745 1290 1780 Patri,
1313 1752 1340 1775 et
1353 1748 1526 1776 sanctissimo
1544 1753 1626 1783 atque
1649 1748 1755 1776 viviﬁco

966 1789 1096 1825 Spirituij,
1110 1792 1195 1827 gloria
1209 1812 1216 1825 ,
1232 1793 1329 1825 honor,
1343 1797 1371 1820 et
1383 1793 1532 1828 gratiarum
1547 1793 1626 1826 actio,
1642 1801 1714 1821 nunc
1727 1799 1755 1822 et

966 1844 1086 1873 semper,
1105 1844 1132 1865 et
1143 1839 1167 1865 in
1181 1839 1347 1874 sempiterna
1360 1840 1458 1868 saecula
1471 1839 1641 1868 saeculorum.
1655 1839 1753 1868 Amen.

595 1961 898 2041 ANALECTA
936 1998 1016 2044 EX
1053 1989 1275 2047 VARIIS.

810 2168 926 2197 CAPUT
946 2170 1093 2207 PRIMUM.

332 2235 508 2265 Castimonia.
525 2238 666 2268 Eruimus
682 2241 710 2268 in
726 2242 862 2277 spelunca.
882 2245 949 2272 Acta
964 2246 991 2271 iu
1013 2248 1075 2274 nuta
1095 2247 1241 2283 Theophili.
1259 2251 1406 2279 Caninium:
1422 2252 1546 2287 depulsa.

162 2301 188 2331 Ι.
201 2302 409 2333 Sanctissimum
421 2306 606 2336 Patriarcham
619 2309 782 2339 blethodiutn

125 2342 262 2383 Siculum,
275 2355 301 2377 et
320 2350 465 2387 Syracusis
477 2359 570 2381 natum
587 2342 802 2392 educatumque,
818 2366 849 2386 ac
862 2367 911 2387 va-

127 2393 177 2421 riis
186 2395 309 2423 scientiis
324 2401 350 2423 et
364 2398 497 2432 piissimis
520 2401 640 2428 moribus
652 2402 806 2430 institututn
816 2404 909 2437 fuisse,

125 2447 158 2466 ac
180 2441 241 2466 dein
259 2441 492 2478 Constantinopoli
513 2446 594 2474 vitam
611 2449 788 2476 monasticam
804 2451 910 2485 egisse,

124 2493 158 2512 ex
177 2485 251 2513 Actis
261 2486 316 2521 iam
330 2489 400 2516 datis
416 2495 533 2518 constat.
548 2492 648 2519 Ibidem
669 2487 750 2521 etiam
764 2495 833 2524 inter
845 2505 912 2531 prae-

125 2530 220 2564 cipuos
232 2533 307 2560 viros
319 2533 440 2561 habitum
450 2535 610 2570 colligimus,
621 2545 654 2565 es
664 2541 822 2574 compendio
830 2530 913 2572 histo-

125 2575 226 2602 riarum
242 2576 349 2613 Georgii
364 2579 490 2614 Cedreni,
504 2582 530 2609 in
550 2590 602 2617 quo
615 2591 675 2618 pag.
689 2585 740 2612 538
757 2586 765 2618 (
782 2594 842 2613 nam
858 2588 912 2615 uti-

95 2650 103 2656 _
123 2627 185 2648 mur
203 2622 320 2651 editione
336 2624 481 2661 Luparaea)
494 2627 593 2656 dicitur
608 2630 641 2657 ob
660 2639 668 2656 ι
684 2630 815 2660 intentata
830 2632 912 2661 Nice-

159 2698 282 2739 (u)ACum
307 2702 379 2739 enim
400 2704 503 2738 Corpus
516 2705 628 2739 Christi,
643 2709 671 2735 tit
688 2707 713 2734 in
732 2708 812 2736 Missa
831 2710 910 2738 oll'er-

123 2739 179 2777 tur,
205 2735 288 2777 figura
314 2738 352 2777 sit
367 2739 408 2765 sui
427 2735 510 2774 ipsius
522 2759 529 2772 ,
547 2746 574 2767 ut
595 2735 718 2770 in'cruce
734 2735 816 2771 oblati
829 2735 908 2777 {itan

123 2774 213 2804 potest
240 2771 276 2799 ibi
298 2773 387 2800 verius
406 2771 522 2809 corpus,
540 2784 619 2810 quam
639 2778 682 2805 hic
703 2777 812 2813 offerri;
830 2771 909 2808 adeo;

787 2313 913 2346 ,natione
929 2317 952 2345 D
966 2317 1053 2352 phoro
1072 2320 1246 2348 sanctissimo
1261 2321 1429 2350 Patrlarcha!
1445 2323 1575 2358 crimina,
1590 2323 1705 2353 Romam
1718 2326 1752 2355 ad

965 2360 1064 2396 Papam
1078 2363 1188 2392 missus.
1207 2374 1217 2391 ι
1233 2364 1332 2393 Fuerat
1343 2373 1454 2396 sanctus
1463 2368 1641 2403 Nicephorus,
1659 2370 1753 2399 Domi-

964 2406 1023 2434 nica
1038 2408 1149 2437 Pascha:
1161 2415 1231 2438 anno
1244 2411 1306 2445 806,
1319 2413 1471 2447 patriarcha
1490 2415 1630 2444 ordinatus
1641 2427 1648 2444 :
1658 2420 1750 2445 verum

965 2461 1050 2489 usque
1064 2456 1097 2483 ad
1118 2464 1218 2484 annum
1237 2458 1285 2486 8H
1308 2461 1461 2494 prohibitus
1481 2462 1531 2489 fuit
1553 2470 1568 2490 a
1597 2462 1751 2498 Nicephoro

964 2499 1144 2534 imperatore,
1170 2505 1314 2538 quominus
1337 2507 1481 2541 synodicas
1504 2508 1610 2537 litteras
1633 2510 1752 2539 mitteret

963 2543 1163 2589 Rotuamquod
1177 2549 1248 2576 dicto
1258 2549 1422 2584 imperatore
1435 2553 1488 2580 vita
1506 2553 1600 2582 functo
1611 2556 1749 2589 praestitit,

964 2591 1052 2626 primo
1077 2588 1149 2621 anno
1174 2594 1313 2624 Michaelis
1337 2601 1514 2628 successoris.
1540 2588 1617 2628 Num?
1632 2607 1695 2630 tunc
1715 2600 1750 2630 ad

963 2635 1080 2665 Leonem
1095 2637 1125 2665 Ill
1143 2647 1239 2675 papam
1263 2642 1349 2670 dictas
1364 2643 1469 2673 litteras
1494 2647 1638 2682 synodicae
1657 2647 1751 2674 tulerit

961 2719 1015 2776 (11)::
1027 2714 1199 2778 ιὲιὲἐρέῃήῳιὶ
1209 2717 1248 2746 sic
1263 2725 1368 2756 errant,
1380 2723 1438 2750 veri
1450 2723 1568 2751 nominis
1581 2724 1747 2752 sacrificium
