1948 3077
79 170 147 202 1265

832 173 931 203 VITA-

1634 167 1712 203 1206‘

77 229 194 255 cissimis
210 228 289 263 aquis
306 228 415 264 largiter
433 228 589 256 hauriebat.
608 237 618 255 ι
637 227 699 256 llatc
711 227 859 260 Mauasses,
877 234 898 261 Α
914 229 996 256 refert
1009 238 1016 261 ;
1031 229 1172 264 additque,
1189 228 1261 255 domi
1274 231 1331 255 ’sua:
1346 233 1443 253 aurum
1463 225 1488 251 in
1501 223 1608 251 sacculo
1626 232 1702 258 repr-

78 282 136 309 qua!
153 273 255 309 Glycas
271 274 380 305 brevius
396 278 497 301 narrat.

111 319 138 347 6.
155 319 296 346 Gedrenus
318 319 402 350 addit,
419 326 432 344 a
450 318 600 352 Theophilo
615 318 695 346 etiam
712 317 744 344 ad
760 317 868 352 expedi-

79 365 177 391 tionem
202 364 325 390 bellicam
354 364 483 390 eductum
500 372 512 390 ιι
533 373 542 389 t
561 364 696 390 Revocato
714 363 747 390 ab
760 363 865 394 exsilio,

79 408 177 443 inquit,
197 409 303 443 sibique
318 408 454 442 'adjuncto
470 414 564 436 sancto
581 407 727 440 Metltodio,
742 409 768 434 in
783 407 867 435 Sara-

79 463 163 483 cenos
189 460 290 483 movet.
310 455 421 482 Solebat
438 455 489 481 hoc
513 454 539 481 in
560 454 636 481 bellis
651 453 788 486 factitare,
810 453 867 481 sive

76 509 133 536 quo
147 501 205 533 eius
223 501 354 536 sapientia
368 501 395 526 in
411 499 502 526 multis
519 500 643 527 obscuris
659 505 740 534 atque
752 500 867 526 intrica-

81 545 115 573 tis
130 547 214 572 rebus
228 546 396 580 explicandis
419 550 554 577 uteretur,
577 545 634 573 sive
656 545 682 572 id
698 553 807 577 cavens,
833 552 867 572 ne

81 591 256 617 rebellionem
281 591 303 618 is
326 599 356 618 se
378 591 491 618 absente
517 591 634 625 aliquam
650 591 810 623 concitaret,
832 591 867 618 ob

81 642 222 662 sacrarum
241 636 392 669 imaginum
410 636 610 663 amolitionem.
626 635 695 663 Nam
708 635 806 663 civium
820 636 866 670 qui

81 685 159 706 erant
173 681 298 713 praecipui
316 683 395 714 atque
410 688 473 715 erga
491 681 574 708 Deum
592 681 639 716 pii,
653 688 750 715 magno
770 681 795 708 in
814 681 864 708 ho-

81 733 148 751 nore
178 726 316 753 habebant
341 726 507 753 Methodium
527 736 533 753 :
552 727 643 760 itaque
661 735 723 753 cutn
755 731 815 762 post
838 734 867 753 se

80 770 246 804 relinquere,
266 772 422 806 imperatori
445 773 596 800 cansultum
616 780 668 799 non
685 773 835 800 videbatur.
855 781 864 797 ι

114 815 142 841 7.
165 815 228 843 llaec
246 816 293 843 ibi.
308 814 413 844 Mortuo
434 819 484 845 sub
505 826 605 844 annum
626 817 679 845 842
700 817 866 852 Theophilo,

80 860 153 887 ﬁlius
167 860 226 895 eius
241 861 352 888 Michael
367 871 417 890 una
434 871 495 890 cum
511 866 605 891 sancta
622 863 762 899 Theodoro
780 868 867 891 matre

79 906 216 941 regnavit.
228 905 302 934 Tunc
315 917 324 934 t
339 907 460 936 Joannes
473 909 743 944 pseudo-patriarcha
756 909 867 943 ejusque
883 899 904 926 Β

79 951 159 984 socii,
182 947 216 978 de
245 960 294 979 suo
324 954 455 987 regimine
479 954 586 988 deiecti,
605 955 694 990 inquit
717 954 866 986 Cedrcnus,

79 1004 133 1023 non
150 1004 181 1024 se
205 998 412 1031 continuerunt,
426 996 491 1033 quin
513 1004 540 1025 et
565 1005 659 1026 contra
682 1007 775 1027 sacras
801 999 869 1026 ima-

79 1042 158 1076 gines
186 1042 289 1076 aliquid
313 1043 400 1070 adhuc
427 1043 599 1076 molirentur,
627 1048 654 1071 et
679 1045 731 1077 piis
757 1045 868 1072 insidias

79 1091 228 1114 struerem.
251 1087 310 1120 Quo
328 1088 409 1115 etiam
439 1089 519 1116 modo
541 1089 745 1124 itttegcrrimum
767 1089 868 1117 Metho-

79 1132 154 1158 dium
182 1132 316 1159 caluttmia
337 1133 554 1168 circumvenire,
582 1140 609 1162 et
631 1143 702 1173 verte
731 1136 869 1170 religionis

80 1177 230 1204 cultoribus
253 1177 372 1206 dolorem
392 1178 488 1206 allerre
504 1182 592 1208 conati
611 1185 684 1208 sunt.
707 1179 762 1208 Res
783 1188 815 1207 ea
832 1182 869 1208 ita

79 1227 150 1248 acta.
174 1222 314 1249 Mulierem
343 1225 486 1258 qtianulant
506 1225 514 1260 (
536 1230 621 1252 mater
641 1233 672 1252 ea
701 1225 752 1252 fuit
769 1225 869 1253 Metro-

79 1266 195 1300 phanis,
220 1267 265 1301 qui
290 1272 383 1302 postea
410 1269 536 1304 Smyrnae
555 1267 663 1304 "prasul
697 1271 783 1298 factus
816 1270 867 1306 est)

81 1312 167 1338 multo
184 1320 249 1339 auro
272 1313 570 1350 pollicitationibusque
596 1321 753 1351 corruptam
774 1317 870 1344 subor-

84 1362 163 1389 nant,
179 1365 239 1391 qum
251 1359 380 1393 Augnstte
398 1365 426 1387 et
446 1361 620 1395 imperatoris
638 1363 772 1389 tutoribus
795 1362 869 1390 dice-

80 1408 134 1434 ret,
156 1409 172 1428 a
203 1402 340 1431 Methodio
364 1412 393 1432 se
418 1413 478 1433 esse
497 1412 659 1441 stupratam.
679 1408 778 1435 Stalim
805 1415 870 1441 ergo

87 1447 212 1475 terribile
225 1448 357 1482 judicium
374 1459 382 1477 :
407 1451 531 1479 civilibus
542 1457 570 1479 et
586 1453 702 1480 sacratis
714 1452 870 1482 hominibus

81 1492 190 1526 cogitur
209 1493 356 1520 concilium
372 1503 379 1522 :
402 1500 490 1522 astant
507 1497 556 1531 pii,
583 1498 719 1525 mmstitim
730 1503 759 1526 et
768 1500 870 1528 doloris

80 1537 179 1572 pleni:
198 1545 251 1565 non
275 1538 373 1567 absunt
395 1540 485 1575 impii,
511 1542 629 1570 dedecus
647 1544 718 1571 haud
742 1545 869 1580 exiguum

81 1589 115 1609 ex
125 1590 158 1609 ea
175 1583 284 1611 actione
292 1584 471 1612 conciliatum
490 1587 521 1614 iri
536 1587 642 1622 piorum
654 1589 736 1616 αωιυί
757 1597 870 1624 speran-

83 1632 136 1655 tes.
155 1628 292 1656 Prodcunt
317 1630 525 1660 calumniatores
549 1633 649 1661 anitnis
679 1634 782 1668 inflati,
798 1636 870 1671 quod

81 1674 189 1700 crimen
207 1674 233 1701 id
249 1675 275 1701 in
292 1682 418 1711 promptu
441 1677 542 1705 habere
556 1680 729 1712 probationes
743 1680 869 1714 ﬁderent,

80 1720 215 1754 producta
233 1720 259 1747 in
279 1722 396 1748 medimu
414 1723 584 1758 muliercula,
601 1732 662 1759 quae
674 1732 707 1753 ex
718 1726 870 1761 composito

79 1764 218 1799 jutlicibus
233 1773 290 1793 rem
309 1773 442 1795 narraret.
462 1768 571 1798 .ludices
588 1778 653 1805 ergo
672 1776 700 1798 et
719 1773 870 1806 praecipuus

81 1810 190 1838 Manuel
211 1811 296 1846 (tutor
310 1820 342 1840 ac
363 1813 519 1842 moderator
530 1815 669 1844 Michaelis
686 1817 868 1853 itnpeeatoris)

82 1856 153 1882 tristi
170 1856 245 1883 vultu
259 1858 388 1890 assident.
405 1858 514 1894 indigne
529 1859 647 1889 ferentes
680 1862 760 1889 unius
777 1862 869 1890 homi-

80 1901 125 1928 nis
143 1901 220 1935 culpa
239 1907 338 1930 malum
356 1904 460 1937 piorum
480 1905 505 1931 in
526 1906 676 1939 periculum
694 1906 802 1934 ludibrii
822 1914 870 1935 ve-

81 1947 152 1974 nire.
177 1948 243 1979 Quas
266 1948 357 1975 omnia
372 1950 493 1977 sentiens
524 1950 685 1985 Methodius,
713 1959 742 1980 ut
763 1959 790 1981 et
808 1962 870 1988 spes

79 1991 228 2026 impiorum
246 1997 273 2020 et
295 1994 401 2028 piorum
428 1995 618 2030 aegritudinem
641 1998 772 2032 aboleret,
783 2007 870 2035 neque

79 2037 210 2065 Ecclesia!
222 2043 294 2066 esset
310 2039 378 2074 lapis
389 2039 546 2079 olfensioais
557 2062 566 2075 ,
582 2043 650 2070 nihil
667 2044 868 2073 multitudinem

79 2084 206 2110 reverius
223 2103 233 2116 ,
249 2085 329 2112 honto
345 2087 419 2113 oumi
435 2088 590 2115 reverentia
612 2094 695 2125 atque
711 2090 814 2118 honore
828 2092 869 2119 di-

78 2128 243 2162 gnissimus,
255 2130 282 2156 in
300 2136 446 2165 conspectu
458 2133 577 2160 omnium
593 2134 717 2167 pudenda
734 2137 866 2165 nudavit:

78 2181 143 2207 quae
163 2181 244 2201 nemo
258 2182 310 2202 n0u
327 2175 435 2203 videbat
447 2177 542 2205 tnorbo
557 2179 673 2212 quodam
688 2182 865 2215 emarcuisse,

78 2219 211 2254 omnique
233 2221 351 2247 naturali
373 2222 404 2249 vi
413 2229 475 2250 esse
498 2223 615 2257 privata.
633 2224 739 2253 Pudore
759 2227 811 2255 hoc
829 2228 868 2255 fa-

78 2270 155 2291 ctum
180 2266 303 2299 opplevit
326 2267 536 2296 calumniatores
560 2273 587 2297 et
609 2270 690 2298 malis
703 2272 866 2306 gaudentes,

78 2311 140 2344 pios
167 2316 258 2338 autent
277 2311 369 2340 iustitia
395 2322 402 2341 :
425 2314 470 2349 qui
490 2315 593 2349 iungenti
617 2323 679 2344 cum
696 2317 795 2352 gaudio
813 2317 869 2346 Me-

79 2355 205 2383 thodium
231 2357 384 2392 cingentes,
401 2360 556 2388 salutabant
573 2367 653 2397 atque
665 2364 868 2398 amplecteban-

79 2406 135 2434 tur,
160 2410 248 2437 neque
264 2404 402 2432 habebant
432 2408 568 2440 quontodo
595 2408 728 2444 voluptati
751 2417 808 2438 suae
822 2417 867 2438 sa-

78 2448 274 2477 tisfacerent...
291 2460 301 2477 ι

114 2494 143 2521 8.
163 2493 279 2522 Michael
302 2495 463 2530 imperator,
481 2497 679 2530 intolerabilem
701 2500 770 2528 hanc
791 2500 866 2530 frau-

77 2539 140 2567 dem
166 2539 306 2574 judicans,
330 2543 432 2574 statuit
459 2543 644 2572 mulierculam
670 2547 868 2581 quzestionibus

76 2585 221 2616 adhibere.
245 2591 284 2619 ut,
301 2595 360 2621 qua:
380 2588 476 2616 fuisset
491 2589 544 2616 doli
574 2591 699 2618 nectendi
725 2592 806 2625 ratio.
825 2593 867 2620 in-

76 2631 223 2667 telligeret.
252 2632 350 2662 Statim
373 2642 440 2670 ergo
462 2635 567 2670 gladius
596 2636 751 2672 stringitur,
784 2639 867 2673 virga:

76 2677 132 2712 igni
164 2679 314 2707 candentes
352 2680 520 2715 afferuntur,
548 2683 747 2719 carnificesque
778 2685 865 2719 parati

78 2727 170 2750 astant
187 2732 194 2750 :
220 2725 320 2758 quibus
333 2725 427 2754 infelix
447 2735 478 2755 ea
495 2729 651 2763 perterrita,
670 2730 709 2757 rei
721 2731 865 2758 veritatem

77 2769 169 2803 palam
192 2769 311 2805 fatetur;
333 2779 387 2806 quo
407 2777 488 2808 pacto
508 2779 618 2803 structa:
645 2776 761 2811 insidiae,
785 2780 867 2812 atque

79 2821 148 2843 auro
161 2821 189 2844 et
200 2817 443 2851 pollicitationibus
456 2826 583 2856 corrupta
597 2826 624 2849 et
642 2821 754 2858 decepta
768 2823 864 2856 fuerit;

81 2860 126 2895 qui
145 2862 292 2890 commenti
314 2868 459 2898 auctores;
482 2865 598 2901 denique
633 2871 716 2894 totam
747 2867 864 2895 fabulam

884 1569 906 1598 C

883 2233 906 2262 D

918 273 1041 301 riendum
1071 274 1104 301 iri
1131 274 1245 308 quadam
1274 272 1367 300 arcula
1391 270 1520 298 lrumeuti
1548 269 1650 303 plena:
1676 273 1703 296 et

918 322 1019 348 missus
1035 328 1067 348 eo
1079 321 1227 348 satellitum
1244 319 1364 354 quidam,
1378 323 1473 344 aurum
1491 316 1582 343 statim
1599 315 1702 346 attulit,

917 368 1078 401 delectaque
1093 374 1137 394 res
1151 370 1205 393 tota
1218 370 1269 393 est.
1282 365 1422 392 Dedissent
1439 370 1504 397 ergo
1518 362 1612 397 dignas
1631 360 1702 389 faci-

918 415 994 442 noris
1007 414 1050 441 sni
1063 421 1158 448 ptenas
1171 413 1391 444 calumniatores,
1405 413 1456 438 nisi
1470 410 1634 442 Methodius,
1648 417 1701 443 qua

917 463 976 486 erat
991 458 1132 493 patientia,
1148 465 1228 484 unam
1248 457 1317 484 hanc
1336 456 1466 483 ultionem
1485 455 1615 489 petisset,
1633 461 1702 488 quo-

919 505 1009 531 tannis
1024 504 1136 532 solemni
1150 502 1363 531 orthodoxorum
1376 506 1513 529 conventu
1531 500 1582 528 sibi
1597 500 1702 532 liceret,

919 557 934 576 a
962 549 1133 579 sanctissimo
1164 549 1264 584 tetnplo
1291 547 1413 582 Dciparte
1443 545 1640 574 Blachernensi
1669 544 1703 572 ad

920 594 1028 622 Sancta:
1043 594 1152 629 Sophia!
1166 595 1294 630 tcmplunt
1308 592 1517 627 praelucentibus
1533 591 1638 618 facibus
1651 591 1701 622 ire,

918 644 944 667 et
972 639 998 666 in
1026 640 1144 674 ipsorum
1165 645 1245 665 aures
1273 637 1480 664 detestationem
1507 635 1669 662 obnuntiare
1693 643 1701 662 ε

919 686 989 720 quod
1003 689 1029 712 et
1045 692 1092 719 per
1106 692 1214 711 omnem
1226 691 1321 710 eorum
1337 683 1418 709 vitam
1433 681 1587 708 factitatum
1604 684 1655 707 est.

1229 738 1343 767 CAPUT
1361 739 1392 766 ll.

919 800 954 828 In
961 802 1140 835 pntriarchatu
1149 801 1283 827 cicatrices
1291 805 1410 827 servatae.
1420 798 1526 826 Festum
1537 797 1706 835 Ortltod‘axitr

952 832 1113 862 ordinatum.
1143 835 1283 862 Trans/aut
1310 843 1420 867 corpora
1443 838 1595 860 sanctorum
1621 832 1706 858 Theo--

954 871 1015 897 ἀοι-ἰ
1032 870 1145 897 Studitm
1164 871 1187 896 et
1210 869 1355 901 ‘Nirepltori
1378 868 1548 902 patriarchae.
1573 868 1706 894 Celmi/u-

952 906 1035 932 tiones
1054 907 1141 932 editur.
1165 904 1231 934 Viue
1255 905 1355 938 aliquot
1383 909 1536 930 mutuarum
1549 907 1573 929 et
1589 902 1704 929 humilia

952 941 1067 974 scriptae.

953 996 981 1024 9.
1002 995 1145 1023 Prtemissa
1155 994 1296 1029 superiori
1314 993 1403 1029 capite
1426 1000 1459 1019 ex
1481 992 1616 1023 Cedreno,
1640 991 1704 1018 licet

919 1047 977 1069 acta
1001 1042 1056 1069 sint
1080 1046 1222 1075 postquam
1243 1039 1398 1075 patriarcha
1420 1039 1446 1065 in
1474 1038 1561 1066 locum
1589 1037 1703 1072 depositi

918 1085 1031 1113 Joannis
1046 1085 1100 1119 iam
1115 1089 1187 1112 esset
1203 1085 1346 1111 ordinatus
1360 1083 1523 1116 Methodius,
1541 1083 1706 1117 prmmittere

919 1137 1008 1159 tamen
1033 1131 1205 1159 ordinationi.
1219 1131 1278 1165 ejus
1301 1130 1394 1161 malm,
1421 1135 1450 1156 ut
1475 1137 1535 1164 qme
1557 1129 1582 1156 in
1599 1135 1705 1156 summo

920 1179 969 1205 illo
984 1178 1067 1212 gradu
1091 1177 1165 1212 egit,
1190 1176 1218 1204 in
1241 1176 1357 1203 alterum
1382 1176 1432 1202 ltoc
1447 1179 1530 1209 caput
1554 1175 1706 1206 ordinatius

919 1223 1121 1258 colligerentur.
1138 1223 1216 1250 Prius
1229 1230 1292 1257 ergo
1307 1229 1387 1256 quam
1400 1221 1445 1247 illa
1464 1222 1534 1255 apud
1549 1220 1701 1247 Gedrenutn

920 1270 1053 1304 legantur,
1073 1269 1143 1303 apud
1163 1268 1287 1295 eumdem
1305 1267 1437 1298 occurrit,
1454 1267 1589 1301 quomodo
1607 1270 1701 1293 sancta

920 1315 1061 1343 Theudom
1088 1313 1245 1349 imperatrix
1263 1314 1289 1341 itt
1317 1313 1407 1342 locum
1425 1313 1522 1349 di-jecti
1541 1311 1639 1340 Jannis
1655 1312 1706 1348 (sic

919 1368 934 1388 α
953 1361 1005 1396 piis
1031 1360 1130 1393 impius
1151 1360 1308 1394 vocabatur)
1325 1364 1449 1390 sanctum
1464 1363 1491 1386 et
1509 1358 1630 1385 divinum
1645 1357 1702 1384 Mt:-

921 1401 1042 1434 tbodium
1056 1406 1220 1438 introduxit,
1242 1406 1287 1440 qui
1302 1406 1391 1432 adhuc
1408 1404 1587 1432 confeSsiouis
1604 1411 1660 1431 sure
1679 1407 1706 1431 et

919 1452 955 1480 ob
967 1459 1027 1479 eam
1044 1451 1150 1479 tolerati
1171 1451 1297 1485 supplicii
1311 1454 1390 1477 notas
1405 1450 1431 1477 in
1448 1454 1532 1477 carne
1552 1457 1599 1477 sua
1614 1453 1706 1484 gesta-

920 1497 967 1524 bat
982 1505 989 1524 :
1006 1498 1132 1525 ontuibtts
1143 1504 1146 1505 '
1157 1497 1210 1530 piis
1224 1516 1232 1529 ,
1248 1496 1449 1528 sacerdotibus,
1463 1495 1541 1523 laticis
1557 1503 1588 1522 ac
1613 1502 1707 1522 mona-

921 1539 991 1572 chis,
1015 1546 1043 1567 et
1065 1540 1098 1570 iis
1122 1540 1205 1567 etiam
1219 1540 1266 1574 qui
1290 1540 1316 1566 in
1340 1540 1478 1567 montibus
1497 1539 1705 1570 exercebantur,

922 1592 1029 1612 summo
1045 1593 1105 1612 cum
1124 1586 1223 1619 gaudio
1241 1585 1300 1620 ejus
1317 1585 1532 1619 designationem
1551 1585 1705 1619 approban-

922 1631 1004 1663 tibus,
1024 1639 1055 1657 ac
1070 1629 1216 1658 confertim
1239 1631 1266 1658 in
1291 1631 1384 1658 urbem
1399 1631 1583 1661 venientibus,
1600 1637 1708 1664 unoque

920 1683 968 1702 ore
997 1675 1120 1703 haeresim
1136 1675 1363 1703 Icoaoclastarutn
1379 1675 1578 1703 dantnantibus
1604 1681 1708 1702 :eterno

920 1720 1102 1748 anathemate.
1121 1721 1179 1750 Hoc
1195 1721 1354 1755 prteclarum
1375 1721 1480 1748 facinus
1502 1720 1602 1755 inclyta
1618 1719 1708 1746 1beo-

920 1769 989 1796 dora
1014 1772 1042 1793 et
1066 1766 1137 1794 filius
1159 1767 1237 1795 initio
1254 1768 1360 1801 imperii
1377 1767 1592 1799 suirdiderunt,
1621 1766 1709 1801 inquit

920 1813 1072 1842 Cedrenus.
1095 1813 1265 1840 Constitutus
1282 1819 1327 1842 est
1347 1820 1412 1847 ergo
1426 1813 1577 1848 patriarcha
1595 1817 1708 1841 sanctus

921 1857 1073 1886 Methodius
1099 1864 1171 1884 anno
1188 1856 1252 1885 852.
1274 1856 1348 1890 Quas
1372 1865 1435 1885 vero
1452 1857 1632 1885 confessionis
1653 1865 1708 1885 sua.

921 1909 999 1931 notas
1024 1907 1135 1935 sanctus
1161 1903 1314 1931 Metltodius
1338 1904 1365 1930 in
1390 1911 1505 1939 corpore
1520 1904 1644 1938 gestarit.
1666 1903 1708 1930 bis

922 1948 1011 1975 verbis
1032 1948 1158 1982 explanat
1183 1947 1281 1983 Glycas
1298 1959 1304 1977 ;
1330 1948 1396 1984 Quia
1424 1949 1516 1984 make,
1536 1953 1648 1984 propter
1662 1956 1708 1974 sa-

920 2001 1028 2021 crarum
1053 1993 1200 2029 imaginum
1231 1995 1491 2029 propugnationem,
1515 1995 1708 2023 contundentlo

920 2039 991 2067 laesae
1003 2039 1152 2075 solutazque
1165 2039 1274 2079 fuerunt
1287 2048 1301 2067 a
1315 2040 1476 2077 Theophila,
1492 2046 1553 2076 post
1564 2042 1707 2076 septimam

919 2084 1052 2120 synodum
1087 2085 1300 2113 simulacrorum
1330 2087 1503 2115 eversionem
1537 2092 1706 2119 renovante;

920 2128 1031 2157 necesse
1044 2130 1169 2164 habebat,
1185 2136 1214 2158 ut
1235 2139 1283 2158 eas
1300 2133 1373 2158 tenui
1397 2133 1512 2167 quadam
1533 2132 1616 2160 fascia
1635 2132 1706 2159 linea

919 2175 1060 2209 obligaret.
1080 2175 1176 2208 Unde,
1198 2184 1256 2204 mea
1284 2177 1392 2212 quidem
1420 2179 1565 2211 sententia,
1584 2186 1641 2206 mos
1668 2179 1708 2205 in-

921 2221 1015 2254 olevit,
1032 2221 1178 2256 hodieque,
1191 2222 1304 2255 durans,
1323 2228 1351 2251 ιιι
1366 2224 1505 2259 pontiﬁces
1523 2224 1556 2251 ab
1570 2225 1707 2252 anteriore

920 2273 996 2303 parte
1010 2267 1094 2295 lineas
1110 2268 1208 2296 fascias
1222 2269 1346 2304 alligatas
1364 2270 1491 2297 habeant.

955 2312 998 2341 10.
1015 2313 1144 2348 Vigebant
1157 2321 1189 2341 eo
1207 2318 1328 2348 teutpore
1342 2315 1572 2350 Constantinopoli
1589 2315 1707 2343 illustres

919 2358 1030 2386 abbates
1039 2364 1066 2386 et
1074 2360 1197 2387 monachi
1211 2361 1366 2399 monasterii
1379 2362 1551 2394 studitarmn,
1565 2369 1597 2389 ex
1607 2361 1704 2389 ordine

918 2405 1119 2433 Acuametarum
1130 2426 1137 2437 ,
1152 2414 1265 2441 quorum
1279 2407 1387 2443 plurimi
1404 2408 1438 2435 ob
1453 2415 1591 2437 sacrarum
1611 2409 1707 2443 imagi-

919 2458 982 2478 num
999 2453 1200 2484 venerationem
1217 2453 1376 2480 inexsilium
1389 2454 1474 2485 missi,
1488 2459 1533 2480 aut
1554 2454 1636 2481 vitam
1653 2453 1706 2482 ibi~

918 2497 979 2525 dem
999 2503 1089 2525 sancte
1105 2498 1265 2530 finiret-unt,
1282 2500 1319 2526 uti
1334 2505 1444 2527 sanctus
1464 2499 1644 2533 Theodorus;
1660 2505 1707 2527 aut

919 2543 979 2572 inde
995 2544 1110 2579 regressi
1120 2549 1192 2578 sunt,
1205 2545 1242 2571 uti
1255 2544 1340 2572 sancti
1352 2544 1478 2573 Nioolaus
1491 2550 1517 2573 et
1530 2545 1704 2578 Naucratius,

919 2590 952 2627 de
967 2590 1064 2624 quibus
1079 2590 1111 2617 ad
1125 2590 1193 2618 diem
1209 2590 1225 2617 4
1242 2590 1383 2618 Februarii
1401 2591 1427 2618 in
1448 2590 1506 2618 Vita
1522 2593 1611 2620 sancti
1626 2593 1705 2620 Nico-

919 2635 952 2662 lai
968 2636 1001 2662 ab
1010 2640 1120 2663 auctore
1135 2643 1240 2668 comvo;
1254 2636 1288 2663 ibi
1303 2644 1362 2672 cap.
1377 2645 1413 2664 vn
1427 2637 1476 2664 ista
1491 2638 1617 2673 leguntur
1630 2647 1704 2665 num.

918 2683 962 2710 56.
982 2681 1049 2709 Cum
1069 2695 1077 2708 ι
1110 2682 1193 2710 Porro
1215 2682 1381 2718 Theophilus
1403 2683 1459 2718 jam
1487 2684 1558 2711 diem
1582 2685 1703 2717 obiisset,

918 2738 1024 2765 unoque
1039 2729 1141 2757 tmuulo
1154 2731 1265 2758 hmresis
1277 2731 1378 2766 pariter
1389 2733 1486 2766 merito
1497 2732 1704 2768 circumscripta

918 2777 1017 2804 misere
1033 2780 1122 2809 esset;
1136 2784 1166 2804 ac
1183 2777 1284 2805 Christi
1298 2786 1392 2806 autans
1410 2786 1478 2806 uxor
1490 2778 1547 2812 ejus
1561 2777 1703 2806 Theodora

917 2829 978 2849 cum
1005 2821 1060 2849 ﬁlio
1077 2821 1207 2850 Micltaelc
1225 2824 1368 2851 admodum
1383 2823 1492 2858 juvene,
1519 2823 1633 2851 Romani
1652 2825 1705 2852 im-

918 2868 985 2904 perii
1002 2875 1092 2896 arcem
1108 2869 1291 2904 suscepisset;
1310 2877 1475 2905 magnusque
1489 2869 1640 2898 Methodius
1653 2871 1704 2899 Et:-
