1948 3077
227 169 292 205 ΩϐἹ

741 177 772 208 s.
793 176 984 206 METHODII
1004 166 1260 206 PATRIARCHE
1281 174 1336 206 ca.

1793 177 1858 210 1268

224 228 315 255 etesia:
343 228 525 263 gurbernaculo
556 230 678 265 pontifex
704 230 859 264 obtineret;
885 231 1014 258 divinitus
1030 231 1051 258 A
1068 230 1159 257 lustris
1173 238 1283 265 quoque
1305 238 1337 256 ac
1360 229 1459 256 lartitiaa
1477 230 1554 264 plena
1580 231 1722 258 translatio
1744 232 1858 266 contigit

223 274 322 301 adlatis
337 274 464 303 Patribus
476 278 501 309 in
516 283 600 303 unum
611 277 784 309 coeuntibus,
800 278 905 304 initium
921 277 1016 304 habuit

223 318 397 347 Orthodoxite
412 321 568 354 celebritas,
585 330 646 350 eum
665 323 739 350 orbis
751 322 807 356 jatn
825 323 891 350 lines
911 323 1016 357 sereni-

223 369 265 393 tas
281 366 415 399 haberet.
435 368 593 403 Christique
615 369 805 403 confessores,
834 369 907 397 velut
930 369 1014 397 stell:c

221 412 356 446 quietiam,
368 413 524 440 universum
534 414 662 441 Ecclesia:
672 415 870 442 firmamentum
885 408 1015 442 illustrius

221 464 360 485 ornarent.
377 459 453 486 Tunc
466 460 546 494 plano
560 461 641 487 etiam
655 462 809 488 communis
825 461 905 488 Pater
921 466 1015 488 noster

221 511 253 532 ac
266 504 366 532 Christi
382 505 502 533 famulus
517 506 697 539 Naucratius,
720 508 753 534 ab
771 508 866 535 exsilio
886 508 1012 539 rediens,

219 552 294 579 venit
307 551 477 587 Byzantium.
495 561 597 588 proque
609 555 789 581 certaminum
807 555 914 588 merito,
929 556 1015 587 multo

221 605 281 625 cum
298 598 401 625 honore
418 599 451 625 ah
467 600 639 634 imperatricc
657 601 767 636 ipsoque
783 602 937 635 patriarcha
955 609 1013 628 sus-

221 649 314 677 ceptus
329 644 369 670 vir
385 645 511 679 inclytus,
528 653 620 673 eorum
638 651 732 681 rogatu
746 654 830 673 sacra:
841 647 954 673 fratrum
970 654 1013 674 so-

221 691 352 722 dalitatis,
367 691 393 718 iu
417 700 499 718 unum
518 698 580 721 tunc
592 698 771 727 congregatm,
790 693 815 720 in
834 693 1013 720 venerabilis-

221 735 290 762 simo
319 735 407 762 Studii
435 737 601 770 monasterio
636 737 825 771 prtefecturant
855 738 975 772 suscepit
1005 747 1011 764 :

221 787 303 813 quam
321 781 428 815 quidem
445 789 559 816 magnus
577 781 736 810 Theodorus
759 783 851 810 multis
870 789 955 817 nuper
972 782 1013 809 la-

221 825 333 854 boribus
361 828 501 856 enutrieus
531 828 738 863 adaugeusque,
767 830 799 856 ad
830 829 1012 856 millenarium

223 880 365 900 numerum
383 880 543 907 provexerat
563 881 570 901 2
586 879 699 910 eratque
721 883 816 902 l‘lll‘SUS
831 882 900 902 ηονο
920 875 1012 908 vigore

223 923 346 952 vegetum
362 919 463 947 Christi
477 919 541 946 illud
563 920 648 953 ovile,
662 921 745 948 veluti
766 921 873 948 cuidam
887 921 1013 955 paradiso

223 965 322 997 simile,
338 966 436 992 multas
453 966 581 995 virtutum
599 975 674 994 rosas
685 975 719 994 ac
729 968 841 1002 spiritus
855 967 1013 994 suaveolen-

224 1011 288 1036 tiam
314 1016 456 1044 aspectare
484 1012 636 1039 volentibus
656 1017 799 1046 praestans.
822 1021 832 1037 ι
860 1011 898 1038 De
918 1015 1012 1038 sancio

222 1055 368 1084 Naucratio
397 1058 502 1093 egimus
527 1058 543 1085 8
562 1057 635 1085 Junii
659 1067 666 1085 :
686 1057 721 1086 de
747 1062 841 1086 sancto
870 1056 1014 1085 Theodoro

223 1102 356 1137 agendum
375 1103 426 1130 erit
441 1104 473 1130 l2
489 1103 658 1132 Novembris.

259 1149 304 1176 Η.
317 1149 350 1175 At
361 1157 420 1184 qua:
435 1157 449 1177 a
469 1159 478 1176 (
498 1149 622 1178 Patribus
637 1150 766 1178 divinitus
779 1150 876 1178 afflatis
890 1151 916 1178 in
926 1158 1013 1177 unum

223 1195 385 1223 coeuntibus
400 1205 409 1222 ι
427 1201 527 1223 statuta
541 1204 622 1231 supra
639 1197 800 1230 innuuntur,
814 1197 915 1232 optime
930 1197 1015 1231 expli-

223 1246 321 1269 cantur
335 1242 361 1269 in
371 1242 500 1269 Oratione
515 1242 691 1278 Theophanis
704 1243 854 1278 presbyteri
871 1247 897 1271 et
909 1250 1014 1278 pracpo-

224 1289 280 1320 siti,
293 1289 326 1315 de
339 1289 435 1315 ess-ilio
449 1289 535 1316 sancti
549 1288 695 1324 Nieephori
709 1289 872 1324 patriarcha:
885 1293 910 1317 et
926 1293 1015 1317 trans-.

223 1334 326 1362 latione
344 1335 520 1370 reliquiarum
535 1336 604 1370 ejus,
620 1344 634 1364 a
650 1336 728 1364 nobis
742 1336 883 1364 illustratis
898 1336 929 1363 ad
943 1336 1015 1363 diem

225 1380 260 1407 15
281 1380 381 1413 Martii,
393 1382 438 1409 ubi
455 1382 618 1409 deseribltur
632 1382 785 1410 sollicitudo
804 1386 905 1409 sancta:
922 1381 1013 1409 Theo-

225 1428 298 1453 dorae
312 1427 503 1461 imperatricis,
518 1435 567 1463 pro
580 1428 724 1455 concordia
738 1433 765 1455 et
779 1428 840 1455 fidei
856 1427 1020 1456 sinceritate,

223 1478 325 1503 cretum
343 1472 563 1500 Ecclesiasticum
581 1474 717 1508 cogentis;
729 1481 743 1500 a
757 1481 810 1508 quo
825 1481 884 1500 cum
896 1472 1017 1501 Joannes

225 1519 422 1547 lconomaebus
442 1524 456 1547 e
481 1519 544 1547 sede
567 1519 745 1554 patriarchali
771 1524 847 1546 esset
865 1519 1015 1553 depositus,

1067 276 1236 304 Confessoris
1251 284 1282 303 ac
1297 276 1382 302 sancti
1399 274 1487 302 Patris
1503 277 1586 303 nostri
1603 276 1751 309 Theodori,
1769 286 1799 301 ειη-
1817 278 1856 304 iu-

1066 323 1124 349 sula
1142 322 1265 356 Principe
1282 322 1314 348 ad
1334 327 1455 348 nostrum
1473 322 1523 349 hoc
1541 323 1747 354 monasterium,
1767 323 1859 358 provi-

1066 369 1146 395 dente
1173 368 1293 402 piissimo
1311 368 1431 402 Angusta
1453 375 1484 395 ac
1509 376 1607 404 magno
1632 370 1777 403 pontifice,
1796 374 1859 397 ante

1067 415 1185 441 indicato
1221 413 1358 441 Mcthodio
1377 434 1384 445 ,
1415 415 1605 449 universeque,
1627 419 1700 440 ctutu
1732 413 1859 441 Eet-lesiaa

1065 462 1255 488 concurrentis
1279 469 1285 488 :
1303 460 1408 495 fuitque
1422 460 1538 494 gloriose
1554 461 1693 494 depositus
1705 481 1712 492 ,
1727 461 1859 488 vicesimo

1065 512 1141 536 sexto
1158 506 1289 538 Januarii,
1303 506 1378 540 juxta
1394 506 1524 541 inclytum
1542 509 1622 540 atque
1639 506 1768 533 divinitus
1783 505 1860 532 allia-

1066 558 1122 580 tum
1146 553 1204 587 ejus
1222 552 1385 579 avunculum
1417 551 1568 583 Platonem,
1585 557 1610 579 et
1632 553 1779 578 tumulatus
1798 560 1862 578 san-

1065 603 1125 626 ctus
1143 605 1196 625 una
1213 606 1274 625 eum
1294 598 1379 624 fratre
1395 605 1427 624 ac
1441 597 1567 632 episeopo
1583 596 1682 632 Joseph
1696 619 1709 631 ,.
1725 606 1739 625 a
1757 594 1861 625 dextris

1066 646 1098 671 ad
1114 644 1273 671 Orientalem
1289 649 1393 678 partem
1408 644 1494 670 sancti
1512 643 1691 671 Prmcursoris
1708 653 1714 670 :
1735 653 1744 669 ι
1765 645 1798 670 ad
1818 652 1862 671 cu-

1062 690 1106 725 jus
1133 689 1237 718 scilicet
1253 689 1384 718 honorem
1413 689 1514 716 dictum
1540 689 1628 716 Studii
1659 690 1859 717 monasterium

1065 736 1202 763 conditum
1227 739 1280 764 est.
1307 735 1368 762 Fuit
1395 741 1484 761 autem
1507 733 1606 768 Joseplt
1639 735 1683 762 ille
1713 736 1861 770 episcopus

1065 781 1325 814 Thessalonicensis,
1341 785 1368 807 et
1383 780 1481 808 colitur
1492 789 1506 807 a
1521 781 1624 808 Graecis
1646 781 1676 808 Ιλί
1690 785 1716 807 ct
1734 781 1766 808 l3
1779 781 1859 808 Julii.

1101 829 1144 856 15.
1163 827 1214 855 Sed
1233 828 1317 854 multo
1335 827 1429 862 majori
1445 836 1505 854 cum
1523 835 1587 854 cura
1606 827 1692 854 sancti
1714 827 1858 859 Mclhodii,

1067 875 1135 902 facta
1153 880 1194 902 est
1213 883 1284 902 anno
1301 874 1352 901 846
1370 874 1524 901 Translatio
1539 874 1626 901 sancti
1650 873 1796 908 NiCcpltori
1816 881 1861 907 pa-

1066 921 1190 948 triarcha:
1203 941 1210 953 ,
1229 928 1243 947 a
1261 921 1342 948 citato
1361 928 1441 954 supra
1460 919 1626 954 Theophane
1640 921 1783 946 sacerdote
1809 920 1862 946 de-

1065 966 1167 999 scripta
1182 966 1223 993 bis
1238 967 1337 994 verbis.
1352 976 1361 992 (
1379 966 1564 998 Quadriennio
1579 971 1639 1000 post
1653 965 1860 992 saeratissitnus

1064 1012 1227 1045 Methodius,
1240 1013 1330 1040 divino
1341 1013 1419 1047 plane
1435 1012 1529 1047 spiritu
1546 1012 1689 1046 impulsus,
1703 1017 1858 1045 opportune

1066 1060 1256 1094 sapienterque
1287 1059 1405 1086 divinam
1438 1059 1640 1093 imperatricent
1680 1056 1855 1084 Theodoram

1065 1106 1221 1138 admonuit,
1241 1113 1295 1132 non
1322 1113 1382 1132 csse
1403 1112 1435 1132 ex
1456 1104 1561 1139 imperii
1589 1110 1616 1132 et
1631 1103 1797 1138 lteipublica:
1818 1103 1857 1129 di.

1065 1155 1168 1190 guitate
1192 1153 1263 1188 quod
1290 1153 1460 1181 venerandus
1482 1157 1510 1180 et
1533 1153 1603 1180 inter
1630 1152 1801 1186 patriarchas
1826 1151 1863 1177 il-

1066 1202 1158 1230 lustris
1183 1201 1368 1236 Nicepborus,
1396 1201 1442 1235 qui
1466 1207 1516 1235 pro
1539 1200 1663 1234 gloriosa:
1691 1199 1864 1232 sinceripque

1067 1249 1127 1276 fidei
1140 1248 1298 1276 defensioue
1313 1255 1327 1274 a
1339 1247 1402 1274 sede
1413 1246 1553 1280 depulsus,
1570 1246 1595 1272 in
1612 1245 1770 1279 longissimo
1786 1244 1867 1270 exsi-t

1067 1293 1102 1321 lio
1126 1292 1270 1320 defunctus
1286 1296 1354 1324 erat,
1372 1291 1578 1326 ncgligeretur:
1602 1291 1648 1317 sed
1672 1289 1745 1316 omni
1768 1289 1865 1315 studio

1066 1341 1215 1369 curandum
1227 1347 1298 1373 esse,
1313 1343 1341 1366 ut
1358 1339 1478 1365 divinum
1493 1345 1594 1371 corpus
1611 1337 1696 1371 ipsius
1716 1337 1742 1362 in
1760 1336 1863 1363 civita-

1067 1394 1120 1414 tem
1147 1390 1341 1421 reportaretur.
1367 1384 1494 1418 Alioquin
1519 1383 1617 1418 ingrati
1646 1383 1727 1410 animi
1744 1383 1862 1413 vitium,

1068 1432 1163 1467 inquit,
1179 1439 1231 1458 non
1245 1431 1418 1462 evitabimus,
1433 1430 1455 1456 si
1469 1434 1530 1464 post
1542 1434 1655 1456 mortem
1667 1429 1750 1455 etiam
1766 1428 1863 1462 ipsum

1068 1479 1093 1506 in
1111 1478 1224 1510 exsilio,
1245 1483 1371 1512 tauquam
1385 1477 1447 1511 jure
1462 1476 1631 1507 damnatum,
1649 1474 1867 1508 reliquerimus;

1068 1525 1217 1560 prwsertitn
1233 1532 1295 1551 eum
1322 1531 1374 1550 non
1391 1524 1547 1558 ignoremus
1571 1529 1629 1552 eos,
1646 1521 1692 1556 qui
1709 1527 1742 1547 ex
1760 1527 1869 1554 genere

227 1575 237 1591 ⁴
255 1565 417 1599 Μθ¹¹¹⁰¹¹ῖυεν
437 1566 479 1593 νίν
495 1570 522 1594 ει
534 1566 587 1593 vim
602 1570 629 1593 ει
649 1566 770 1593 tio-Cirin“
782 1566 861 1593 “me
877 1565 1015 1600 ΡΓοῦθιυετ
1031 1578 1052 1607 (ζ
1069 1579 1148 1600 erant
1167 1571 1267 1606 .loscph
1281 1591 1288 1603 ,
1308 1570 1334 1598 in
1357 1569 1556 1597 benedictionis
1581 1572 1659 1603 parte
1675 1567 1812 1602 posuisse,
1833 1570 1867 1593 ut

225 1616 253 1638 et
269 1612 315 1646 qui
331 1620 380 1647 pro
397 1612 511 1640 veritate
524 1617 551 1640 et
567 1612 697 1647 religione
710 1619 758 1647 per
770 1611 854 1638 multa
868 1612 1016 1639 certamina

224 1657 376 1693 et'longum
397 1658 522 1685 exsilium
535 1658 700 1692 pertulerat,
714 1662 797 1692 atque
815 1657 876 1684 inde
892 1657 976 1691 plagis
990 1661 1018 1684 et

226 1711 337 1731 carcere
348 1704 391 1731 diu
407 1704 545 1731 cruciatus
558 1704 686 1735 redierat,
704 1703 830 1731 omnibus
844 1704 869 1730 in
886 1703 1018 1737 dignitate

225 1749 379 1776 constitutis
400 1749 622 1784 approbantibus,
641 1749 743 1776 electtts
764 1752 822 1781 est,
843 1749 888 1783 qui
912 1756 1017 1776 sacram

224 1795 325 1830 regium
337 1796 443 1823 urbium
456 1796 548 1823 sedem
561 1796 707 1823 obtineret.
723 1795 801 1823 Tunc
813 1795 908 1823 Nictctc
920 1795 1018 1822 divini-

226 1847 270 1869 tus
286 1842 399 1869 edoctus
410 1847 533 1869 sanctum
550 1842 747 1871 oecumenicum
761 1842 904 1869 concilium
918 1849 1016 1868 secun-

225 1887 300 1922 duml
313 1888 384 1923 quod
397 1888 480 1916 l-rentc
495 1889 675 1924 impcratricis
685 1908 693 1922 ,
712 1889 746 1915 ab
761 1889 819 1922 ipsa
840 1895 905 1922 pace
923 1894 1017 1914 verum

226 1942 325 1962 nomen
346 1935 490 1967 habentis,
505 1940 532 1962 et
555 1935 661 1962 Tarasii
679 1935 790 1961 maximi
807 1935 1018 1969 beatissimique

225 1982 387 2017 patriarchae
412 1983 502 2009 stmlio
528 1981 694 2009 celebratum
716 1985 774 2012 est,
791 1981 888 2008 tnerito
912 1980 1017 2008 firmam

226 2028 343 2056 obtinuit
368 2028 556 2056 auctoritatem
575 2035 606 2055 ac
629 2028 728 2060 robur;
747 2034 807 2054 cum
829 2033 940 2060 omnes,
960 2034 1019 2061 quae

226 2075 282 2103 Deo
296 2076 434 2109 aspiraute
457 2075 483 2102 in
505 2075 564 2110 ipso
580 2075 688 2103 decreta
712 2074 829 2105 fuerant,
855 2075 1018 2109 comproba-

226 2126 296 2149 rent.
314 2121 390 2149 Tunc
407 2129 501 2148 omnes
519 2120 646 2148 Eaclesite
667 2128 744 2147 suum
760 2120 858 2155 ubique
877 2120 960 2146 decus
977 2127 1019 2147 re-

226 2172 366 2202 ceperunt,
385 2173 412 2195 et
429 2167 622 2194 venerabilium
637 2166 784 2201 imaginum
800 2165 945 2200 splendore
962 2165 1018 2193 fne-

227 2218 291 2241 ruut
310 2213 453 2241 illustratus
471 2223 477 2240 :
493 2212 643 2247 cjectisque
659 2212 712 2241 illis
733 2212 777 2247 qui
796 2213 899 2239 nefarie
917 2219 963 2239 eas
975 2211 1019 2239 in-

1069 1618 1154 1653 patris
1168 1625 1229 1644 ossa
1246 1621 1307 1651 post
1321 1615 1501 1650 quadraginta
1521 1614 1577 1641 fere
1588 1621 1674 1640 annos
1691 1621 1722 1640 ex
1739 1612 1868 1647 Egypto

1070 1665 1096 1692 in
1106 1664 1313 1692 Cbauanitidem
1325 1667 1515 1696 exportarenl.
1527 1661 1603 1694 Quod
1616 1668 1676 1688 cum
1691 1660 1726 1686 ita
1740 1660 1785 1690 sit,
1799 1667 1866 1689 nos.

1069 1712 1113 1746 qui
1131 1719 1225 1738 sutnus
1236 1710 1346 1744 pietatis
1360 1709 1418 1740 filii,
1433 1709 1534 1735 diutius
1551 1707 1651 1742 privari
1667 1707 1802 1741 patiemur
1814 1705 1868 1731 Pa-

1071 1757 1120 1783 tris
1132 1756 1205 1782 illitts
1218 1755 1373 1789 prarseutia,
1389 1761 1402 1780 a
1421 1761 1474 1788 quo
1494 1752 1594 1779 dirinis
1608 1751 1779 1778 documentis
1792 1758 1868 1776 emt-

1070 1802 1126 1828 triti
1144 1800 1257 1828 sumus?
1278 1800 1340 1826 Haec
1366 1798 1491 1833 quidem,
1511 1797 1634 1824 omnium
1656 1803 1725 1830 quas
1739 1796 1870 1822 intuetur

1069 1846 1108 1874 sol
1122 1846 1227 1873 urbium
1249 1844 1471 1880 prtestantissima
1485 1862 1491 1874 ,
1509 1846 1536 1868 et
1558 1842 1630 1875 regia
1654 1840 1750 1867 civitas
1762 1860 1769 1871 ,
1790 1840 1868 1866 sacri

1070 1893 1145 1920 ducis
1159 1897 1240 1927 atque
1252 1891 1370 1926 pastoris
1385 1890 1425 1916 sui
1438 1888 1569 1922 reliquias
1585 1891 1695 1914 sanctas
1710 1885 1866 1916 desiderat,

1070 1945 1142 1972 quas
1151 1938 1195 1972 pie
1211 1940 1354 1964 conservet
1371 1940 1397 1961 et
1420 1933 1503 1961 colat.
1525 1931 1625 1967 Sponsi
1651 1931 1692 1958 sui
1715 1931 1870 1964 praesentia

1071 1984 1176 2011 fruatur
1188 1989 1296 2009 rursum
1308 1981 1428 2008 Ecclesia
1441 1979 1527 2013 ipsius
1540 1977 1728 2004 amantissima
1746 1985 1753 2003 :
1767 1980 1794 2002 et
1809 1983 1872 2010 quo

1069 2030 1131 2057 vivo
1155 2027 1336 2062 iniustissima
1358 2024 1534 2060 Imperatoris
1557 2030 1638 2049 manu
1665 2021 1781 2056 spoliata
1800 2021 1870 2052 fuit,

1070 2076 1169 2104 mortui
1183 2081 1293 2108 corpus,
1313 2076 1451 2100 annuente
1466 2070 1587 2097 studiosa
1603 2067 1727 2095 Pastoris
1742 2066 1875 2101 Impera-

1072 2122 1149 2152 tricc,
1167 2119 1374 2154 complectatur.
1388 2117 1495 2148 Cernis,
1512 2114 1739 2150 quemadmodum
1752 2113 1798 2139 hic
1814 2120 1877 2147 po-

1071 2167 1160 2202 pulus,
1184 2165 1230 2198 qui
1251 2172 1301 2199 per
1322 2168 1348 2191 te
1371 2170 1484 2190 securus
1508 2162 1535 2188 in
1558 2168 1622 2187 vera
1640 2159 1773 2193 religione
1797 2166 1877 2185 con—

1071 2212 1197 2248 quiescit,
1216 2210 1368 2238 incredibili
1383 2208 1473 2236 studio
1489 2208 1570 2235 etiam
1587 2212 1649 2241 post
1670 2210 1798 2236 mortem,
1819 2212 1879 2231 vo-

226 2260 413 2291 scclabautur,
437 2259 595 2286 sacerdotes
610 2259 636 2285 in
660 2259 700 2286 eis
716 2265 746 2285 ac
764 2258 864 2289 duces,
886 2259 951 2285 recti
970 2258 1018 2285 do—
1034 2257 1056 2287 ι)
1072 2267 1130 2287 cem
1144 2258 1202 2292 eius
1214 2258 1239 2285 in
1257 2257 1352 2292 spiritu
1370 2255 1465 2282 audire
1477 2252 1669 2288 ccueupiscit?
1687 2251 1764 2284 Quod
1781 2251 1806 2277 si
1825 2257 1877 2276 ta-

225 2308 326 2342 gmatis
337 2306 463 2339 studiosi,
479 2310 543 2333 sunt
557 2305 707 2333 constituti.
733 2314 742 2331 ι
764 2304 792 2332 lu
810 2305 871 2332 Vita
898 2303 1016 2335 Tarasii,

224 2355 261 2382 ‘25
276 2354 417 2382 Februarii
432 2353 577 2385 illustrata,
591 2353 623 2380 de
639 2353 710 2380 dicto
726 2351 847 2379 Concilio
861 2350 943 2377 latius
958 2351 1017 2386 agi-

226 2408 281 2432 tur.
291 2406 317 2428 et
330 2401 459 2435 mempria
472 2399 668 2428 sanctaelrena:
681 2397 866 2432 imperatricis
882 2397 1016 2424 recolitnr

227 2448 262 2475 l3
275 2447 389 2482 Augusti
405 2456 412 2474 :
433 2447 543 2474 haeresis
559 2453 624 2474 vero
636 2445 877 2476 lconoclastarum,
896 2451 955 2477 qum
970 2443 1020 2469 sub

226 2494 317 2522 Leone
326 2494 420 2521 lsauro
434 2497 528 2520 exorta
538 2514 545 2526 ,
560 2492 609 2520 sub
622 2492 713 2520 Leone
726 2492 845 2518 Armeuo
859 2490 1019 2516 resuscitata

227 2541 329 2572 fuerat,
346 2543 406 2575 post
420 2546 506 2567 annos
523 2545 631 2566 centum
643 2543 671 2565 et
687 2537 781 2574 viginti
799 2537 877 2570 plane
893 2535 1019 2569 dissipata

228 2587 336 2614 tandem
354 2591 407 2618 est,
433 2590 514 2618 atque
535 2585 688 2612 institututn
711 2584 808 2609 festum
827 2581 1020 2614 Orthodoxim,

227 2643 281 2668 qtto
299 2641 438 2661 sacrarum
457 2631 604 2666 imaginum
626 2629 761 2656 restitutio
783 2627 930 2662 quotannis
948 2627 1020 2653 cclc-

226 2682 323 2709 hratur
336 2679 477 2707 Dominica
487 2678 574 2712 prima
587 2675 817 2710 Quadragesimm,
831 2674 911 2701 ducta
928 2673 1021 2707 pra-lu-

228 2727 354 2755 centibus
381 2725 486 2753 facibus
502 2723 678 2757 processiorte
704 2722 737 2748 ab
760 2720 881 2748 Ecclesia
900 2719 1021 2754 Dciparre

226 2771 422 2806 Blachcrncnsi
452 2770 485 2797 ad
515 2769 736 2804 augustissimum
776 2766 883 2793 Sanctm
914 2765 1021 2801 Sophim

228 2820 356 2855 templum
363 2840 369 2847 .

265 2868 308 2895 12.
328 2867 380 2894 Per
395 2866 421 2893 id
436 2870 541 2900 tempus
562 2864 700 2900 religionis
715 2865 865 2895 restitutae.
880 2867 905 2890 ut
923 2861 1022 2896 legitur

230 2916 256 2950 in
272 2915 355 2942 citata
375 2913 462 2942 sancti
478 2912 582 2942 Nicolai
603 2913 716 2941 Studita.‘
730 2911 791 2940 Vita
807 2919 881 2939 num.
899 2910 944 2944 37,
966 2919 974 2934 ε
991 2908 1022 2936 il-

1071 2305 1246 2333 bernaculum
1267 2303 1325 2337 eius
1340 2307 1444 2329 tantum
1459 2301 1491 2328 ad
1510 2307 1539 2328 se
1565 2300 1680 2327 relatum
1702 2298 1847 2332 aspexerit
1867 2319 1878 2330 ,

1070 2358 1100 2380 se
1113 2351 1186 2378 illum
1205 2351 1294 2385 ipsum
1318 2349 1455 2383 recepisse
1469 2348 1617 2382 spirantem
1640 2345 1824 2375 existiumbit,
1841 2350 1884 2372 et

1071 2402 1201 2433 tanquam
1217 2397 1374 2424 thesaurum
1390 2395 1507 2428 aliquem
1522 2392 1752 2428 pretiOsissimum
1767 2399 1885 2418 recon-

1071 2444 1116 2471 det
1131 2447 1159 2470 et
1173 2442 1341 2470 observabit.
1366 2441 1413 2469 His
1425 2440 1551 2475 precibus
1561 2460 1569 2473 ,
1586 2443 1614 2466 et
1625 2438 1887 2466 cohortationibus

1071 2489 1214 2517 celerrime
1223 2495 1255 2515 ac
1267 2487 1446 2515 libentissime
1459 2486 1558 2520 inclyta
1572 2485 1670 2512 annuit
1681 2484 1848 2518 imperatrix
1874 2495 1884 2512 :

1072 2528 1247 2570 Perspicuum
1265 2538 1307 2561 est
1326 2533 1415 2565 enim,
1431 2533 1529 2567 inquit,
1546 2532 1597 2558 hoc
1614 2531 1683 2566 apud
1703 2533 1801 2557 omnes
1819 2538 1881 2564 po-

1071 2587 1170 2614 steros,
1182 2585 1209 2608 et
1220 2580 1286 2607 mihi
1301 2584 1327 2607 et
1343 2579 1436 2606 liberis
1451 2578 1518 2606 meis
1532 2578 1626 2605 honori
1646 2576 1778 2603 futurum.
1801 2585 1810 2601 ι

1108 2629 1153 2657 Η.
1169 2628 1246 2655 Tunc
1263 2633 1340 2654 sacer
1360 2625 1478 2653 civitatis
1495 2625 1610 2651 antistes
1621 2644 1628 2656 ,
1642 2631 1702 2650 cum
1719 2623 1893 2651 saccrd-ui.

1072 2676 1122 2702 bus
1134 2679 1160 2702 et
1175 2673 1314 2700 monachis
1324 2673 1503 2705 universoque
1511 2670 1620 2705 populo,
1635 2669 1668 2696 ad
1682 2669 1768 2696 sancti
1783 2668 1896 2698 Theo.

1072 2722 1130 2748 dori
1155 2721 1284 2755 templum
1312 2718 1441 2746 accedit:
1460 2718 1487 2744 in
1504 2725 1558 2752 quo
1581 2716 1667 2751 gratia
1687 2716 1773 2748 plena:
1795 2714 1895 2745 Rcli-

1072 2769 1142 2803 quia:
1155 2768 1280 2802 jacebant
1294 2787 1300 2799 ,
1316 2772 1415 2799 easque
1431 2772 1493 2792 cum
1509 2764 1682 2791 veneratione
1697 2767 1724 2790 et
1740 2762 1900 2797 lacrymis

1072 2814 1273 2849 complectens,
1291 2817 1414 2838 sanctum
1432 2817 1561 2846 tanquam
1580 2810 1715 2836 viventem
1740 2808 1781 2834 sic
1802 2809 1900 2839 alio-

1072 2865 1152 2887 cutus
1167 2864 1206 2886 cst
1228 2867 1234 2885 :
1251 2858 1273 2885 0
1287 2859 1327 2884 vir
1347 2857 1516 2888 beatissime.
1535 2855 1579 2890 qui
1599 2854 1704 2882 eisdem
1723 2853 1902 2888 laborihus

1073 2912 1099 2935 et
1113 2906 1253 2939 azrumnis,
1270 2904 1368 2940 quibus
1383 2909 1494 2931 sanctus
1506 2901 1626 2929 Joannes
1640 2901 1885 2932 CIM’}£OSInn‘:1s
