1948 3077
79 163 150 196 126⁸]-

839 169 923 198 νΙΤΑ
930 195 934 200 .

1645 170 1719 203 1ῈΙΤ

76 221 187 249 atieclus
203 229 241 253 cs.
257 222 327 249 sicut
342 222 436 249 eodem
458 222 594 258 religionis
613 222 704 250 studio
719 222 865 250 ctdieendi
882 223 981 253 Aldus
1004 224 1111 257 Martii,
1141 232 1194 259 quo
1223 225 1331 260 quidem
1353 225 1395 252 die
1416 225 1442 252 in
1472 225 1599 253 exsilium
1631 228 1712 253 etiam

76 269 200 296 ﬁbertate
213 269 377 303 pratstabas;
393 269 492 304 quique
503 270 606 303 pariter
618 273 643 295 et
655 269 720 296 sedc
733 268 867 303 privatus.

77 321 103 342 et
118 314 247 342 multatus
268 315 365 342 exsilio
378 336 384 348 ,
400 320 426 342 et
439 315 547 350 triginta
565 315 645 342 trium
661 323 795 342 annorum
812 322 869 348 spa-

78 362 144 388 tium
171 362 290 389 extorris
312 367 367 389 tum
392 362 478 394 vivus,
501 367 555 388 tum
578 366 701 389 mortuus
721 362 868 396 transegit;

77 415 150 434 nunc
169 412 194 434 te
211 408 286 434 nobis
302 408 338 434 tui
354 408 550 435 amantissimis
567 408 690 440 restituo,
707 412 787 442 atque
806 408 871 434 hinc

77 451 224 482 discedens
246 455 278 480 ad
295 455 404 489 propria
430 455 499 486 rcdi.
518 459 547 480 ut
570 459 596 481 te
619 462 690 481 nunc
704 474 711 486 ,
731 460 759 480 ut
784 454 871 487 ipsum

77 499 162 532 olim,
180 500 294 533 populus
310 502 346 526 tui
364 500 580 527 studiosissimus
597 508 658 527 cum
673 501 772 535 gaudio
785 500 873 527 susci-

79 546 146 580 piat.
164 545 225 572 Tibi
245 553 258 572 a
275 546 329 572 Deo
344 546 448 572 alienus
464 547 611 580 imperator
625 547 725 573 viventi
743 547 872 574 adversa-

82 596 124 617 tus
142 596 195 623 est,
211 596 237 617 et
252 592 452 619 ittconsiderate
467 593 500 618 ab
514 592 635 620 Ecclesia
649 597 675 620 te
689 593 809 627 depulit;
828 594 874 621 sed

81 638 178 672 dignas
193 637 284 664 furore
297 645 346 664 suo
364 646 459 673 poenas
476 639 560 670 dedit,
575 639 788 674 miserandoque
801 641 874 666 exitu

83 684 198 718 imperio
211 683 290 711 simul
304 690 331 711 et
348 685 401 711 vita
416 686 539 719 privatus
554 689 606 716 est,
627 685 802 721 audaciaeque
819 695 874 713 sua:

82 730 173 757 debita
187 731 297 764 praemia
310 731 380 758 tulit.
397 731 483 759 llodie
499 733 688 766 imperatores,
700 732 754 759 Deo
764 737 874 767 propter

85 783 193 802 morum
211 777 338 811 pietatem
355 778 517 810 charissimi,
531 783 638 806 mortuo
653 778 800 805 Ecclesium
814 777 876 805 red-

83 822 167 853 dunt;
180 830 271 856 quatit.
285 823 321 850 uti
338 823 384 850 ﬁlii
402 831 448 858 per
462 824 638 858 Evangelium
652 823 752 857 eﬁ‘ecti,
768 831 873 851 mecttm

84 870 267 903 constituunt,
283 879 336 897 non
353 871 497 899 habentem
512 872 644 899 maculam
665 879 752 907 neque
766 879 874 907 rugam,

85 915 194 950 qualem
229 917 283 942 tuis
314 922 437 943 ornatam
465 921 492 943 et
520 917 709 945 conﬁrmatam
742 917 876 944 institutis

86 962 235 996 reliquisti.
253 962 352 996 Aspice
367 967 394 989 et
406 962 467 989 vide
480 968 659 998 congregatos
673 963 754 994 ﬁlios,
776 963 820 997 qtti
843 971 875 990 ev

86 1008 242 1043 propinquo
260 1013 402 1041 venerunt,
423 1017 485 1036 cum
511 1010 607 1044 reliqui
631 1009 724 1044 procul
750 1015 824 1036 tuutn
843 1009 876 1036 ad

88 1062 117 1082 se
147 1054 266 1081 reditum
293 1059 467 1090 exspectent;
489 1063 557 1090 quos
580 1060 624 1088 ιιι,
645 1056 715 1083 velut
731 1056 877 1090 orphanos,

87 1099 142 1126 noli
173 1104 217 1126 tua
244 1106 391 1127 mmrentes
419 1101 541 1128 absentia
578 1101 745 1135 relinquere.
775 1099 878 1128 Habeat

87 1146 185 1173 civitas
225 1150 280 1178 tua,
309 1146 370 1173 loco
400 1147 521 1174 muneris
562 1147 771 1182 pretiosissimi,
804 1153 878 1174 tuum

87 1192 277 1219 beatiSsintuut
306 1193 515 1219 tabcrttaculttm
528 1212 535 1225 ,
558 1201 610 1226 quo
627 1193 712 1228 magis
730 1200 812 1228 quam
830 1193 880 1220 itu—

87 1239 154 1273 perii
176 1239 354 1272 amplitudine
370 1244 476 1271 ornata,
492 1239 623 1274 glorietur
640 1244 665 1267 et
681 1240 807 1275 gaudeat.

126 1284 169 1311 15.
196 1284 259 1310 llaec
282 1291 346 1311 voce
377 1283 458 1311 ﬂebili
499 1285 653 1319 supplicans
679 1285 880 1312 sacratissimus

88 1330 245 1365 patriarcha
261 1330 423 1361 Methodius,
442 1335 603 1360 nocturnum
622 1330 802 1359 Psalmorum
816 1338 880 1358 can-

89 1382 145 1403 tum
171 1380 199 1403 et
229 1377 372 1412 mysticum
398 1377 565 1404 sacriﬁcium
591 1385 654 1404 cum
683 1376 780 1412 populo
809 1377 879 1404 ﬁdt'”

88 1422 245 1456 perﬁciens,
273 1422 433 1456 przeclarum
459 1430 474 1449 e
504 1423 607 1450 tumulo
634 1430 734 1458 corpus
766 1423 880 1453 retexit,

89 1468 162 1502 quod
181 1458 346 1502 undeviginti
362 1476 497 1495 annorum
510 1469 598 1503 spatio
620 1469 754 1503 integrant
771 1469 882 1497 omnino

89 1521 246 1548 purumque
266 1519 422 1548 manserat;
439 1515 507 1542 etin
527 1522 590 1542 arca
612 1515 646 1542 ab
664 1515 722 1550 ipso
748 1516 884 1550 composi-

920 271 1022 304 cjertus
1038 270 1136 303 fuerat,
1155 276 1184 297 ut
1202 276 1315 306 utraque
1332 279 1361 298 re
1376 272 1410 298 sit
1423 271 1617 298 memorabilis.

958 316 1000 343 t7.
1027 315 1099 343 inter
1118 316 1186 343 alios
1215 316 1334 350 ejusdem
1369 317 1498 351 temporis
1523 317 1640 344 athletas
1664 316 1716 344 fuit

923 367 1032 393 sanctus
1057 362 1215 389 Joannicius
1235 363 1320 390 abbas
1340 363 1365 389 itt
1383 362 1523 398 Bithynia,
1549 363 1626 396 cujus
1652 363 1715 390 illu—

923 409 988 436 stria
1015 414 1074 435 acta
1099 413 1127 435 et
1160 409 1312 436 certamina
1339 409 1543 443 descripserunt
1570 409 1659 436 Sabas
1689 414 1717 437 et

924 454 1018 481 Petrus
1037 455 1174 487 monachi,
1186 462 1245 488 quae
1261 454 1355 483 Graeca
1373 456 1504 482 habemus
1516 455 1623 490 singula
1636 455 1716 482 valde

924 500 1013 534 leuga,
1034 500 1125 527 Ronuc
1145 505 1170 527 et
1188 500 1301 527 Parisiis
1331 500 1475 534 acquisita,
1506 505 1533 527 et
1549 501 1581 528 ad
1611 502 1683 528 diem
1699 501 1717 528 4

925 547 1087 573 Novembris
1109 546 1279 574 clucidanda.
1301 546 1358 573 Alia
1378 547 1441 573 item
1468 546 1609 579 habemus,
1630 547 1715 574 Meta-

926 593 1043 630 phrasta:
1067 593 1167 619 tributa
1179 613 1186 623 ,
1216 600 1274 626 qua:
1291 599 1306 619 a
1324 592 1457 619 Gentiauo
1490 592 1605 620 Ilcrveto
1623 593 1717 620 Latine

926 639 1035 666 reddita
1056 639 1140 666 edidit
1165 638 1331 672 Lipomanus
1362 643 1435 665 touto
1457 637 1488 670 V,
1514 642 1541 665 et
1572 639 1667 665 Surius
1684 639 1717 666 ad

927 683 1028 711 dictum
1046 684 1062 710 4
1088 683 1257 717 Novembris,
1275 684 1346 711 unde
1366 692 1400 711 ex
1427 691 1541 711 numero
1567 683 1596 710 5i
1631 684 1719 718 placet

928 729 1247 764 decerpereseqnentia.
1276 739 1286 756 ‹
1324 729 1495 763 Theophilus
1520 737 1552 756 ex
1585 730 1635 756 hac
1663 730 1718 757 vita

929 775 1054 807 cxredit;
1069 775 1183 802 Michael
1198 783 1262 802 vero
1274 780 1301 802 et
1318 775 1462 802 Theodora
1476 775 1620 810 imperium
1635 777 1721 803 susci-

929 822 1014 855 piunt.
1032 821 1183 848 Methodius
1202 826 1302 853 autem,
1316 821 1356 848 vir
1371 828 1465 848 revera
1479 827 1671 849 sacrosanctus
1688 826 1717 848 et

929 868 1011 894 homo
1027 867 1083 900 Dei,
1100 868 1126 894 in
1152 867 1239 895 sacris
1265 867 1414 895 collocatur
1443 868 1563 895 sedibus.
1593 867 1646 895 Sed
1677 867 1720 903 (ut

929 913 1011 940 semel
1029 913 1127 949 dicam)
1151 921 1212 941 curn
1237 914 1328 942 omnia
1345 915 1386 942 'ah
1402 921 1434 942 eo
1454 914 1568 942 fuissent
1597 915 1727 942 traducta

929 959 963 986 ad
977 959 1154 987 orthodoxam
1173 960 1264 993 ﬁdem.
1287 961 1446 996 sopitusque
1471 966 1543 988 esset
1561 960 1649 988 omnis
1671 960 1723 987 ﬁu-

930 1010 999 1039 ctus,
1019 1013 1050 1034 ac
1070 1007 1162 1033 sedata
1182 1011 1337 1042 tempestas,
1354 1012 1381 1034 et
1402 1015 1445 1034 res
1460 1007 1577 1042 quietzo;
1594 1008 1719 1042 qnirdant

931 1051 981 1078 alia
1001 1052 1098 1078 seditio
1115 1052 1253 1079 excitatur
1267 1060 1280 1079 τι
1297 1053 1359 1087 piis,
1376 1057 1403 1080 et
1419 1061 1461 1080 res
1477 1053 1607 1081 Ecclesia:
1621 1054 1720 1080 iterum

931 1101 1009 1124 erant
1021 1096 1125 1130 diviszc,
1140 1103 1219 1132 atque
1232 1098 1348 1126 redacta:
1366 1098 1471 1126 induas
1485 1099 1639 1134 opiniones.
1652 1098 1720 1126 Nam

931 1142 977 1170 alii
1000 1143 1110 1178 quidem
1133 1144 1262 1171 volebant
1288 1145 1406 1172 retinere
1436 1145 1461 1172 in
1485 1145 1637 1172 ministerio
1664 1153 1721 1177 eos,

931 1189 976 1224 qui
993 1189 1153 1224 dignitatem
1173 1189 1319 1217 sacerdotii
1338 1196 1501 1225 acceperant
1525 1191 1558 1217 ab
1580 1186 1723 1218 Iconoma-

931 1236 1000 1266 chis,
1020 1239 1112 1270 utpote
1137 1236 1208 1270 quod
1227 1237 1277 1264 hoc
1307 1236 1373 1263 nihil
1397 1236 1489 1271 pietati
1512 1235 1651 1263 ofﬁceret:
1677 1236 1722 1263 alii

933 1287 1020 1309 autem
1039 1282 1160 1316 profanis
1178 1289 1271 1309 sancta
1295 1282 1402 1309 tradere
1428 1282 1570 1315 manibus,
1594 1281 1725 1316 putabant

932 1329 1042 1355 omnino
1058 1335 1117 1356 esse
1147 1328 1268 1362 impium,
1294 1332 1322 1355 et
1339 1329 1450 1355 minime
1470 1328 1524 1355 Deo
1551 1333 1655 1363 gratum
1675 1335 1724 1355 nec

933 1375 1140 1403 admittendum.
1159 1375 1278 1403 Ferebat
1293 1375 1319 1402 id
1338 1383 1420 1410 trgre,
1435 1375 1479 1409 qui
1501 1375 1555 1402 Deo
1568 1383 1630 1402 vere
1647 1375 1721 1402 vive-

933 1420 978 1447 bat
992 1420 1152 1454 lilethodius,
1171 1420 1377 1455 angebaturquc
1394 1424 1420 1447 et
1432 1420 1604 1448 lacerabatur
1621 1420 1725 1453 corde;

934 1467 1124 1502 putabatenim
1141 1475 1266 1503 magnum
1280 1467 1391 1494 Paulum
1410 1474 1540 1494 resonare
1558 1466 1585 1493 in
1602 1465 1725 1497 auribus.

935 1512 992 1540 lucc
1012 1513 1205 1548 propemodum
1221 1513 1376 1548 loquentem
1394 1523 1400 1540 :
1425 1512 1533 1541 Utinam
1551 1513 1601 1540 sim
1615 1520 1629 1539 a
1647 1512 1727 1539 Chrio

91 1565 162 1592 tum,
174 1565 201 1587 et
219 1561 391 1596 saperdotum
412 1561 536 1588 manibus
553 1562 700 1594 sublatum,
716 1569 777 1589 cum
798 1562 880 1589 lumi-
897 1570 917 1598 ο
935 1564 977 1587 sto
991 1559 1134 1586 anathema
1149 1567 1198 1594 pro
1213 1559 1343 1586 fratribus
1358 1559 1425 1586 meis
1437 1559 1586 1586 secundum
1601 1566 1725 1588 carnem.

91 1607 176 1633 nibus
196 1610 222 1633 et
243 1606 376 1641 frequenti
397 1607 566 1635 Psalmorum
584 1613 675 1640 cantu,
697 1608 722 1635 in
740 1609 828 1635 navim
850 1609 883 1636 ad

92 1652 146 1678 hoc
161 1656 284 1686 paratam
303 1653 404 1680 illatum
420 1659 473 1680 est.
491 1653 543 1680 Sed
563 1661 624 1681 cum
642 1654 741 1681 fretum
756 1655 882 1689 trajeris-

93 1703 147 1729 set.
167 1703 195 1725 et
211 1699 243 1725 ad
262 1699 336 1726 urbis
358 1699 434 1726 littus
458 1700 711 1735 appropinquasset,
742 1699 789 1727 Dei
818 1708 883 1728 cura

92 1743 210 1770 Michael
225 1744 371 1778 imperator
392 1745 512 1779 juvenis,
529 1749 556 1772 et
571 1745 746 1780 amplissimis
765 1746 885 1780 dignita-

95 1791 169 1817 tibus
185 1794 346 1824 p‘rrestantes
362 1791 422 1822 viri,
440 1795 468 1817 et
487 1791 604 1825 patricii,
632 1795 658 1818 et
686 1792 781 1826 reliqui
797 1792 884 1824 cives,

96 1835 150 1863 Κτειί
177 1836 302 1870 facesque
320 1836 445 1862 manibus
463 1839 598 1868 tenentes,
617 1836 725 1863 obviam
739 1843 884 1872 processe-

96 1886 160 1909 runt
177 1891 183 1908 :
200 1886 227 1909 et
240 1889 330 1908 arcam
349 1882 421 1908 illam
437 1883 594 1916 pretiosam.
613 1890 673 1909 cum
687 1883 738 1910 ﬁde
753 1891 784 1911 ac
805 1891 885 1911 vene-

96 1928 213 1960 ratione,
227 1928 345 1954 humeris
360 1928 417 1956 suis
429 1928 586 1959 subeuntes.
600 1928 632 1954 ad
655 1937 779 1964 magnam
798 1937 885 1965 usque

93 1977 238 2007 gestarant
267 1973 429 2006 ecclesiam,
449 1982 481 2001 ex
504 1981 573 2009 qua,
593 1975 730 2010 pontiﬁcio
754 1975 885 2011 dignitate

93 2018 238 2054 spoliatus,
256 2020 358 2053 cjcctus
374 2019 470 2047 fuerat.

130 2066 178 2092 i6.
200 2065 264 2092 inde
282 2073 401 2098 rursum,
417 2066 534 2094 assiduis
549 2066 594 2094 diu
614 2071 750 2102 noctuque
766 2067 886 2095 Psalmo-

95 2119 157 2138 rum
176 2110 335 2138 festivorum
360 2112 485 2138 cautibus
501 2111 622 2139 vicissim
642 2117 758 2145 utentes,
782 2117 808 2139 ct
824 2120 885 2140 cum

94 2157 169 2184 omni
187 2157 318 2183 luminum
342 2164 440 2191 genere
468 2165 514 2192 per
532 2159 646 2185 mediam
675 2159 769 2186 urbem
798 2160 884 2193 ipsutn

95 2207 244 2237 gestantes.
263 2202 289 2229 in
310 2202 473 2230 Sanctorum
496 2202 687 2238 Apostolorum
714 2205 811 2239 templo
829 2205 885 2232 col-

94 2249 231 2276 locarunt.
260 2249 345 2276 Tanta
368 2254 459 2277 autem
489 2254 549 2276 erat
576 2250 766 2278 concurrentis
794 2251 884 2286 populi

94 2296 219 2322 virorum
240 2300 267 2322 et
296 2295 475 2327 feminarum,
512 2301 592 2330 atque
626 2301 735 2323 relatum
763 2297 882 2323 oumium

93 2340 252 2373 tntiltitudo,
269 2345 297 2367 ut
314 2341 451 2368 numerari
466 2348 518 2368 non
544 2346 645 2375 posset.
669 2342 697 2369 In
714 2341 793 2368 biviis
813 2342 885 2369 enim

93 2392 118 2414 et
134 2387 285 2421 porticibus
303 2387 511 2421 premebantur;
528 2392 555 2414 et
573 2388 673 2422 ubique
691 2395 739 2422 per
758 2388 811 2414 vim
835 2387 886 2415 sibi

93 2433 199 2459 exitum
214 2433 359 2467 parabant,
381 2433 450 2460 adeo
463 2438 501 2466 ut,
518 2434 641 2468 quamvis
656 2434 759 2463 multm.
777 2439 887 2468 propter

94 2480 278 2514 imperatores
300 2484 326 2505 et
342 2479 507 2512 sacerdotes,
533 2480 616 2507 variis
639 2480 806 2515 temporibus
818 2479 887 2507 cele-

92 2525 211 2552 britates
226 2524 392 2556 exstiterint,
410 2525 483 2552 nulla
508 2530 670 2552 tamencum
699 2525 750 2553 hac
768 2525 885 2552 conferri

93 2573 187 2604 queat.
211 2567 339 2595 Nonnulli
357 2569 439 2595 etiam
464 2569 491 2596 in
509 2570 550 2596 via
571 2569 711 2603 spiritibus
739 2570 887 2598 immundis

93 2615 198 2645 vexati,
221 2615 284 2641 dum
309 2614 343 2641 ab
359 2615 419 2642 aliis
436 2615 698 2650 comprimereutur,
716 2616 887 2644 miserandas

93 2665 180 2696 atque
199 2660 347 2688 maledicas
370 2669 450 2688 voces
465 2661 644 2694 emittebant;
661 2669 775 2696 quorum
798 2670 812 2689 e
836 2670 887 2689 nu-

93 2714 173 2734 mero
198 2707 308 2742 quidam
328 2708 362 2735 ab
386 2708 444 2742 ipso
471 2708 556 2735 curati
582 2712 653 2734 sunt.
684 2707 778 2742 Populi
807 2708 888 2742 igitur

94 2753 200 2787 impetu
218 2753 262 2779 vix
279 2753 391 2786 evitato,
405 2759 530 2781 sanctum
545 2754 638 2781 eximii
654 2753 817 2788 patriarchae
832 2761 888 2780 cor-

94 2805 148 2833 pus
171 2799 198 2825 in
225 2798 404 2827 celeberrimo
430 2799 621 2834 Apostolorum
649 2799 767 2834 templo,
802 2799 888 2828 sacris

95 2844 238 2880 myucriis
255 2844 310 2872 Deo
324 2845 452 2880 peractis,
468 2846 493 2873 in
509 2845 636 2881 sepulcro
650 2852 746 2873 recens
759 2850 888 2872 constru-

99 2896 154 2923 cto,
174 2890 301 2918 manibus
327 2890 411 2927 ipsius
437 2889 566 2919 Methodii
587 2889 766 2926 compositum
788 2893 839 2924 cst,
856 2897 886 2919 tu

937 1604 957 1632 si
975 1606 1054 1632 modo
1069 1605 1199 1632 steteritis
1209 1605 1362 1638 nobiscum,
1376 1609 1403 1632 et
1417 1605 1599 1632 communiter
1615 1604 1725 1639 quidem

938 1650 1100 1678 Trinitatem
1128 1650 1383 1686 gloriﬁcaverimus.
1399 1650 1433 1677 Et
1453 1650 1496 1677 ille
1519 1650 1626 1685 quidem
1643 1651 1682 1677 sic
1695 1657 1729 1676 se-

936 1696 1070 1730 habebat;
1092 1697 1138 1724 Dei
1157 1701 1246 1724 autem
1268 1697 1372 1724 amicus
1403 1695 1574 1728 Joanuicius,
1602 1696 1727 1723 incidens

937 1743 964 1771 in
978 1751 1020 1771 res
1037 1743 1105 1771 adeo
1123 1743 1502 1778 turbatas...archiepiscopi
1521 1742 1648 1770 Methodii
1670 1741 1729 1776 jam

936 1789 1072 1817 labantem
1101 1790 1242 1817 recreabat
1274 1790 1430 1817 animum...
1459 1789 1603 1817 Scribebat
1635 1793 1727 1816 autent

937 1834 1084 1870 Metho‘dio,
1105 1841 1134 1863 ut
1159 1836 1220 1863 illos
1249 1836 1340 1871 potius
1365 1836 1477 1863 haberet
1505 1836 1578 1863 circa
1606 1835 1727 1863 divinum

937 1882 1112 1915 sacriﬁcium,
1129 1889 1196 1917 quos
1212 1887 1304 1909 nosset
1316 1890 1378 1909 cum
1396 1889 1428 1909 eo
1443 1882 1547 1909 sentire
1562 1881 1587 1908 in
1602 1882 1728 1915 dogmate
1769 1885 1771 1887 ’

937 1928 1144 1956 Orthodoxiaz...
1167 1929 1236 1956 Cum
1257 1928 1298 1956 hie
1326 1928 1465 1955 venissent
1491 1928 1600 1959 litterae,
1618 1927 1729 1955 divinus

937 1975 1046 2010 quidem
1079 1974 1231 2003 Methodius
1270 1974 1406 2002 memorias
1439 1974 1578 2000 mandavit
1610 1980 1641 2000 ea
1669 1982 1729 2008 quae

937 2021 1036 2056 scripta
1053 2021 1168 2048 fuerant.
1191 2030 1199 2047 I
1217 2020 1278 2048 Haec
1292 2021 1341 2053 ibi,
1355 2020 1481 2047 dicuntur
1496 2025 1587 2047 autem
1602 2028 1615 2046 a
1630 2025 1729 2047 sancto

937 2066 1078 2096 Joannicio
1097 2067 1204 2102 plurimi
1226 2068 1343 2095 hmretici
1358 2067 1481 2096 conversi
1495 2075 1502 2097 ς
1518 2066 1578 2094 dein
1604 2075 1680 2094 Itum.
1695 2067 1728 2093 57

938 2114 987 2141 ista
1005 2114 1037 2141 de
1048 2119 1143 2141 sancto
1159 2113 1294 2141 Mcthodio
1315 2114 1459 2140 habentur.

974 2159 1016 2187 18.
1030 2159 1130 2192 Quinto
1147 2167 1217 2186 anno
1232 2159 1337 2193 imperii
1351 2158 1499 2192 Michaelis,
1514 2159 1559 2192 qui
1575 2158 1726 2185 Ecclesium

939 2205 1047 2239 regebat
1063 2204 1227 2236 Methodius,
1242 2212 1303 2231 cum
1323 2205 1411 2238 ma,;ni
1426 2204 1559 2230 Joannicii
1581 2204 1613 2230 ad
1635 2203 1727 2230 Domi-

940 2259 1002 2278 num
1017 2251 1157 2278 decessum
1175 2250 1357 2285 praeseivisset
1368 2250 1602 2285 appropinquare,
1617 2249 1649 2276 ad
1665 2257 1727 2276 eunt
1768 2247 1773 2256 ⁸

941 2297 1023 2329 venit,
1042 2300 1069 2323 et
1096 2296 1206 2322 ultimas
1232 2303 1327 2330 preces
1350 2296 1383 2323 ab
1405 2303 1438 2323 eo
1459 2296 1544 2330 petiit.
1561 2295 1610 2323 ille
1633 2300 1726 2324 autem

940 2340 1049 2369 maximi
1066 2341 1169 2368 faciens
1186 2342 1325 2368 conveniri
1344 2349 1358 2368 a
1375 2340 1522 2374 Methodio,
1541 2347 1683 2377 postquam
1701 2346 1730 2369 et

939 2389 964 2415 iu
980 2389 1087 2423 longum
1103 2393 1210 2423 tempus
1230 2396 1291 2416 cum
1316 2397 1347 2415 eo
1365 2388 1536 2424 produxisset
1561 2396 1728 2420 sermonem,
1767 2387 1771 2412 ὲ

938 2437 964 2460 et
980 2433 1076 2461 deinde
1090 2441 1167 2461 sacro
1180 2434 1261 2461 ccetui
1276 2438 1355 2468 atque
1373 2441 1468 2460 recens
1479 2433 1566 2460 electo
1580 2434 1654 2467 gregi
1669 2441 1729 2467 quae

939 2479 1047 2512 pietatis
1074 2483 1152 2505 erant
1180 2479 1328 2512 suasisset,
1361 2479 1465 2512 dicens,
1493 2483 1523 2506 ut
1551 2479 1730 2507 immobiliter

939 2529 1130 2559 permanerent
1148 2524 1174 2551 in
1187 2525 1238 2553 lide
1253 2525 1418 2556 orthodoxa,
1434 2532 1522 2560 neque
1538 2531 1727 2553 everterentur

938 2578 952 2597 a
967 2570 1088 2605 profanis
1104 2571 1215 2599 vocibus
1234 2572 1435 2603 haereticorum,
1448 2576 1476 2599 et
1488 2572 1560 2600 inter
1573 2579 1602 2599 se
1616 2579 1729 2609 conser—

938 2621 1034 2644 varcnt
1051 2617 1235 2650 concordiam,
1253 2624 1341 2653 neque
1356 2618 1553 2653 blasphemiam
1570 2622 1597 2645 et
1615 2617 1729 2644 maledi-

938 2669 998 2688 cam
1018 2667 1159 2689 moverent
1182 2663 1208 2689 in
1230 2665 1404 2698 pontiﬁcem;
1421 2664 1561 2698 subjunxit
1580 2663 1652 2698 quod
1673 2670 1726 2690 non

939 2707 1052 2735 multum
1069 2713 1175 2744 tempus
1188 2714 1248 2743 post
1259 2717 1336 2737 suum
1346 2710 1490 2738 decessum
1504 2710 1610 2737 viveret
1625 2708 1731 2736 Metho-

939 2754 1009 2781 dius.
1032 2753 1089 2787 Qua
1113 2755 1139 2781 in
1164 2762 1193 2782 re
1209 2763 1261 2782 non
1289 2756 1339 2783 fuit
1360 2757 1464 2790 falsus;
1489 2755 1571 2783 tertio
1590 2756 1661 2783 enim
1685 2755 1730 2782 die

938 2805 1081 2834 postquam
1100 2801 1158 2828 hzec
1172 2801 1305 2835 dixisset,
1319 2801 1485 2834 Joannicius,
1503 2801 1600 2836 spiritu
1613 2801 1724 2836 quidem

939 2844 1038 2880 migrat
1057 2845 1090 2872 ad
1106 2853 1137 2873 ea
1153 2854 1212 2881 qua:
1232 2846 1371 2882 diligebat,
1388 2847 1518 2874 deductus
1538 2853 1552 2872 ει
1570 2845 1655 2872 choro
1672 2852 1724 2871 an-

940 2891 1072 2926 gclorum.
1089 2912 1097 2920 .
1116 2911 1124 2920 .
1146 2912 1153 2919 .
1174 2891 1326 2921 Methodius
1339 2897 1440 2927 autem,
1460 2892 1508 2928 qui
1525 2891 1595 2921 inter
1610 2891 1728 2928 patriar-
