1948 3077
226 145 293 179 1231

737 150 768 179 S.
789 150 978 183 METHODII
998 148 1248 179 PATRIARCHJE
1268 149 1322 180 (ΣΡ.

1776 145 1848 178 12η

224 207 289 232 chas
304 205 453 233 clarissime
469 205 561 239 fulsit,
579 206 635 240 ipse
653 213 777 241 quoque,
803 212 899 234 octavo
917 214 1008 234 mense
1022 208 1044 236 Α
1060 206 1203 240 Methodio,
1220 207 1246 232 in
1259 214 1291 233 ea
1309 205 1469 240 scriptione.
1484 212 1564 239 quam
1579 206 1611 233 de
1632 204 1690 240 ipsa
1711 205 1845 239 beataque

224 254 285 284 post
311 250 381 277 illius
397 251 557 283 decessum,
578 253 695 279 excessit
711 260 744 279 ex
766 252 816 279 hac
837 253 891 280 vita
913 257 1008 287 quarto

224 295 330 322 decimo
345 294 428 325 Junii.

260 339 303 368 19.
319 339 450 368 Baronius
465 349 536 368 anno
550 341 613 374 852,
630 350 704 369 nttm.
717 342 784 369 20H
799 342 848 375 Qui
860 342 952 377 igitur,
968 343 1009 370 in-

225 385 293 419 quit,
309 390 371 419 post
386 391 424 413 tot
440 386 567 414 Ecclesia:
581 387 889 422 Constantinopolitanae
903 381 1009 416 naufra-

225 431 277 464 κὶα,
294 431 352 465 ejus
365 431 482 464 clavum,
497 440 511 460 e
527 433 653 460 manibus
671 434 860 461 haereticorum
875 435 1008 466 evulsum.

226 476 419 504 moderandum
441 479 560 512 suscepit
574 478 727 512 patriarcha
748 479 920 514 Methodius;
939 488 1008 514 quo,-

227 529 279 557 que
313 523 471 550 revocandis
503 524 536 550 ad
561 524 709 551 Ecclesium
736 525 818 560 lapsis
839 525 1008 555 allaboravit.

227 569 303 600 Quod
319 576 382 596 vero
399 568 425 596 hi
443 570 625 603 reperirentur
640 571 720 597 variae
737 566 824 598 mtaiis
842 572 1010 606 diversaeque

228 613 389 642 conditionis
402 634 410 647 ,
428 622 463 642 ne
481 616 621 643 vitesccret
646 617 830 647 ecclesiastica
849 619 988 652 disciplina
1000 639 1008 652 ,

227 660 335 686 cosdetn
352 667 445 688 omnes
459 661 564 688 diverso
585 664 664 690 modo
678 670 798 691 censura:
820 665 1010 692 ecclesiastica:

227 705 310 731 voluit
325 712 384 733 esse
401 703 547 741 subjectos.
565 718 575 734 ι
594 708 631 736 Ea
643 710 817 742 constitutio,
833 718 893 736 cum
907 711 1010 738 oratio-

227 750 307 778 nibus
319 752 402 779 variis
414 757 441 779 et
459 753 565 786 ritibus,
581 759 670 782 exstat
684 755 777 783 Gratce
791 761 818 782 et
829 755 925 784 Latine
937 757 1009 784 edita

227 803 241 821 a
260 794 395 824 Ludovico
411 796 481 825 Goar
501 798 528 825 in
553 799 716 834 Euchologio
736 800 794 828 sive
811 801 914 828 Rituali
932 801 1009 828 Grae-

226 848 319 868 corum
341 850 401 876 pag.
418 842 470 870 676
487 849 513 870 et
528 844 620 871 decem
632 847 825 880 sequentibus,
842 848 892 874 sub
909 848 959 875 hoc
974 848 1009 874 ti-

227 889 292 914 tulo.
321 896 331 913 ε
358 887 486 916 Methodii
513 890 676 924 patriarcha:
692 892 955 926 Constantinopolis,
975 894 1008 921 de

226 931 260 958 iis
278 932 323 967 qui
341 933 519 968 abnegarunt,
540 936 688 963 secundum
702 937 824 964 diversas
837 945 966 972 personas
981 942 1009 966 et

225 983 333 1011 aetates,
350 983 377 1006 et
395 980 428 1006 ad
449 980 627 1009 orthodoxam
645 989 792 1017 veramque
812 983 891 1011 Iidem
918 991 1009 1012 rever-
1026 1013 1029 1016 ,

226 1027 328 1051 tuntur.
344 1033 354 1050 ι
373 1024 458 1060 Hujus
468 1033 531 1060 pars
542 1026 631 1061 aliqua
642 1032 730 1055 exstat
744 1029 825 1055 etiam
839 1030 908 1063 apml
918 1029 1008 1056 Theo-

224 1069 319 1096 dorum
335 1069 541 1105 Balsamonem.
558 1077 585 1100 et
600 1080 633 1100 ex
649 1081 681 1100 eo
696 1074 765 1109 apud
780 1074 928 1103 Baronium
948 1074 1008 1103 loco

223 1115 305 1149 supra
322 1115 416 1144 relato.

257 1158 303 1189 ΞΟ.
322 1158 463 1190 Edidimus
489 1171 539 1193 nos
562 1165 596 1192 ad
618 1165 688 1193 diem
716 1166 838 1201 quintum
867 1167 1008 1196 Februarii

223 1205 342 1240 ejusdem
369 1208 456 1236 sancti
486 1208 614 1239 Methodii
640 1210 796 1249 Orationem
825 1212 851 1239 in
882 1217 1007 1240 sanctum

223 1250 369 1285 Aga‘tliam.
391 1253 511 1288 quinque
527 1255 661 1289 capitibus
686 1264 700 1282 τι
724 1257 802 1283 nobis
817 1256 973 1284 distinctatn
998 1265 1005 1288 ξ

223 1296 355 1324 edidimus
370 1298 451 1325 etiam
469 1300 501 1327 ad
517 1301 588 1328 diem
608 1301 642 1328 η
659 1301 748 1329 Martii
764 1301 897 1336 duplicem
920 1301 1006 1330 Vitam

224 1343 311 1370 s'ancti
329 1343 517 1379 Theophanis,
535 1340 678 1381 hegumeni
695 1353 721 1375 et
738 1349 921 1381 confessoris,
935 1349 1008 1383 prio-

225 1391 282 1414 rem
297 1394 407 1417 auctore
422 1397 516 1418 sancto
538 1392 681 1420 Theodoro
700 1392 804 1421 Studita
823 1399 868 1421 aut
881 1393 933 1421 alio
952 1401 1008 1420 ιιιο-

223 1435 310 1461 nacho
330 1442 437 1468 coaevo;
459 1437 571 1464 alteram
589 1443 717 1471 auctore,
741 1444 770 1466 ut
784 1440 900 1472 videtur,
924 1440 1007 1467 Meta-

223 1480 333 1514 phra‘ste
363 1490 370 1508 :
398 1483 443 1516 qui
467 1491 539 1510 num.
560 1483 588 1510 Η
616 1489 728 1511 excusat
753 1493 794 1518 se,
823 1486 894 1520 quod
915 1487 1008 1515 uxoris

1060 252 1143 286 ipsius
1159 253 1213 279 vita
1227 251 1388 286 composuit.
1407 261 1416 276 ι
1432 251 1507 278 Ilane
1523 251 1698 286 scriptionem
1711 251 1845 279 hactenus

1060 306 1113 324 non
1129 298 1204 324 licuit
1219 298 1320 324 videre.
1339 297 1433 324 Exstat
1451 297 1532 324 etiam
1553 298 1624 325 inter
1646 305 1726 331 opera
1749 301 1843 325 sancto

1062 343 1185 378 Dionysio
1198 343 1368 378 Areopagitae
1383 343 1524 376 attributa,
1540 343 1609 378 apud
1623 342 1731 369 Petrum
1745 342 1844 370 Lause-

1059 389 1124 417 Iium
1142 394 1170 416 et
1192 389 1377 416 Balthasarem
1393 381 1565 420 Corderinm,
1587 389 1657 416 illius
1672 388 1843 424 Martyrium,

1060 440 1171 462 auctore
1198 434 1344 468 .‘ilethodio,
1366 435 1407 461 vel
1432 435 1478 469 (nt
1494 434 1560 467 alii)
1586 435 1749 461 Metrodoro.
1776 434 1843 461 Illud

1060 480 1310 522 sancto'Methodio
1334 480 1494 516 patriarcha:
1521 480 1660 507 ascribunt
1681 480 1844 507 Anastasius

1060 526 1290 558 bibliothecarius,
1305 526 1330 553 in
1346 525 1459 559 epistola
1476 525 1507 552 ad
1525 524 1652 552 Carolnm
1668 525 1800 557 Calvum;
1817 528 1845 550 et

1060 571 1241 604 Fiodoardus,
1259 571 1306 598 lib.
1324 579 1355 598 ttt
1373 571 1498 598 Historia:
1514 570 1659 597 Remensis
1677 578 1739 604 cap.
1760 577 1843 602 xvnt;

1060 618 1275 647 ubivrccensens
1296 617 1433 644 llincmari
1461 616 1581 651 episcopi
1609 616 1721 649 scripta,
1750 615 1844 648 addit;

1063 673 1072 690 ‹
1089 664 1125 691 De
1134 664 1259 698 passione
1271 663 1356 690 sancti
1371 662 1502 698 Dionysii,
1513 669 1526 688 ιι
1541 661 1676 688 Methodio
1688 660 1847 688 Constanti-

1060 710 1216 744 nopolitano
1236 708 1329 736 Graece
1344 709 1454 740 dictata,
1472 711 1498 735 et
1510 707 1544 734 ab
1558 707 1701 734 Anastasio
1715 706 1846 733 Romana:

1060 756 1131 784 sedis
1145 755 1240 782 Latine
1254 755 1365 788 scripta.
1385 764 1395 780 ι
1413 753 1465 780 Sed
1481 753 1538 780 haec
1551 753 1584 780 ad
1602 753 1672 779 diem
1689 752 1704 779 9
1721 751 1846 778 Octobris

1060 806 1139 828 erunt
1150 800 1340 828 exatninanda.
1353 799 1470 833 Denique
1478 798 1596 825 Iacobus
1605 796 1761 828 Gretserus,
1773 801 1847 822 torno

1061 849 1179 874 secundo
1196 847 1228 873 de
1242 845 1328 873 Crucc
1338 866 1345 878 ,
1368 845 1438 871 inter
1453 843 1588 870 Ilomelias
1601 843 1634 869 de
1648 846 1741 870 sancta
1757 840 1846 868 Cruee

1059 892 1144 920 edidit
1158 892 1274 926 aliquam
1287 890 1413 918 Methodii
1425 889 1554 924 episcopi,
1570 889 1603 915 ad
1617 895 1664 915 eos
1678 887 1723 921 qui
1738 886 1844 918 dicunt.

1061 947 1071 964 ι
1092 938 1160 970 Quid
1177 937 1278 972 profuit
1294 936 1371 963 nobis
1389 934 1472 962 Filius
1491 934 1536 961 Dei
1554 932 1701 960 cruciﬁxus
1715 931 1742 958 in
1756 935 1844 963 terra,

1059 988 1086 1012 et
1098 984 1177 1011 homo
1189 982 1328 1009 factus?et
1342 988 1427 1016 quare
1439 980 1528 1008 erucis
1542 979 1625 1014 ﬁgura
1638 979 1692 1013 pati
1705 977 1845 1009 sustinuit,

1058 1033 1086 1056 et
1103 1035 1155 1055 non
1180 1027 1288 1062 aliquod
1310 1026 1381 1053 aliud
1403 1024 1582 1060 supplicium?
1606 1028 1633 1051 et
1658 1031 1718 1058 qua:
1742 1023 1846 1050 utilitas

1059 1075 1166 1102 erucis?
1182 1084 1191 1100 ι
1208 1073 1274 1100 ltetn
1288 1073 1367 1099 aliam
1380 1071 1500 1105 ejusdem
1513 1070 1653 1102 Metltodii,
1669 1069 1703 1096 ad
1718 1076 1764 1096 eos
1776 1076 1847 1103 quos

1059 1120 1139 1154 pudet
1156 1117 1245 1146 crucis
1259 1117 1360 1145 Christi
1374 1116 1422 1151 (l).
1436 1125 1445 1142 ι
1456 1108 1551 1142 Εκὲιίιι
1562 1115 1643 1141 etiam
1655 1113 1845 1146 apudcitatnm

1058 1165 1245 1192 Balsamonem
1255 1163 1349 1190 Canon
1363 1163 1396 1189 de
1409 1161 1653 1196 segregationibns,
1665 1160 1723 1186 sive
1735 1166 1845 1186 excom-

1058 1209 1304 1240 municationibus.
1322 1212 1348 1236 et
1364 1207 1472 1243 quidem
1492 1205 1649 1234 monasticis
1660 1225 1668 1237 ,
1684 1205 1723 1232 uti
1739 1204 1847 1231 videtur

1058 1264 1092 1284 ex
1119 1256 1195 1283 titulo
1219 1254 1318 1289 colligi.
1343 1253 1399 1281 Nec
1424 1252 1580 1280 dubitamus
1602 1250 1667 1286 quin
1685 1249 1763 1276 varia
1787 1249 1847 1283 ejus

1058 1306 1234 1330 monutnenta
1259 1301 1348 1328 adhuc
1368 1300 1472 1326 lateant
1494 1297 1520 1324 in
1547 1297 1630 1323 variis
1647 1295 1817 1323 bibliothecis
1835 1303 1842 1321 :

1057 1349 1180 1384 quaedam
1193 1347 1276 1375 etiam
1289 1342 1440 1380 prodierint
1452 1344 1502 1372 sub
1518 1343 1627 1370 nomine
1642 1342 1731 1369 sancti
1745 1340 1847 1367 Metho-

1058 1394 1105 1426 dii,
1119 1393 1235 1428 episcopi
1248 1399 1281 1420 ac
1292 1391 1417 1426 martyris
1427 1391 1452 1417 in
1461 1389 1551 1424 Lycia,
1565 1396 1594 1416 ιιι
1606 1395 1666 1415 eam.
1681 1394 1740 1421 qua
1751 1393 1847 1413 revera

1059 1437 1352 1473 Constantinopolitani
1368 1436 1447 1470 hujus
1462 1436 1531 1468 sint;
1548 1439 1630 1468 atque
1647 1432 1780 1467 imprimis
1793 1439 1825 1458 ea
1837 1450 1846 1462 .

1059 1491 1139 1518 quam
1160 1482 1178 1509 2
1192 1481 1334 1509 Februarii
1354 1480 1467 1516 allegavi
1489 1487 1522 1506 ex
1544 1477 1718 1508 Combelisio,
1742 1476 1775 1502 de
1800 1475 1848 1501 ειη

223 1523 309 1552 ianeti
328 1525 510 1562 Theophanis,
533 1529 588 1563 iam
607 1529 768 1557 monacham
789 1530 898 1564 indulta,
915 1537 1005 1558 certa-
1019 1540 1042 1568 ε
1059 1535 1155 1556 meone
1168 1532 1196 1555 et
1211 1527 1287 1553 Anna
1304 1525 1360 1560 (9);
1377 1532 1514 1560 quamq!”
1525 1523 1673 1552 είλεῖῐηίτυε
1690 1521 1801 1552 omni”,
1819 1520 1847 1548 i"

224 1569 296 1596 mina
313 1573 341 1597 et
361 1571 490 1599 miracula
511 1573 631 1600 scribere
649 1575 865 1608 praetermiserit,
882 1583 914 1601 eo
937 1577 1008 1610 quod

226 1615 237 1640 ι
251 1614 384 1644 Praeclare
400 1617 434 1644 ab
446 1618 502 1652 ipsa
519 1617 651 1646 factorum
669 1627 742 1654 pars.
756 1620 789 1647 ad
803 1619 946 1655 legentium
957 1622 1009 1648 nti-

224 1658 328 1688 Iitatem
348 1661 454 1697 vulgata
475 1669 604 1691 noscatur
618 1671 634 1690 a
653 1664 825 1692 sanctissimo
850 1664 1007 1699 patriarcha

259 1718 298 1752 (l)
313 1717 426 1749 Exstant
441 1721 521 1755 hujus
538 1720 707 1758 Patrologiw,
726 1727 745 1749 ι.
760 1721 852 1756 XVIII,
865 1723 917 1750 col.
932 1723 995 1751 598.

1060 1573 1250 1609 Supplemento
1274 1571 1524 1599 Ecclesiasticorum
1551 1569 1727 1604 scriptorum.
1749 1570 1849 1594 merito

1060 1620 1160 1648 seniori
1178 1619 1223 1647 isti
1243 1618 1388 1653 abjudicat.

1102 1721 1140 1757 (2)
1158 1721 1250 1749 Exstat
1263 1719 1328 1746 ibid.
1343 1717 1395 1745 col.
1409 1717 1472 1745 547.

226 1763 1827 1787 _______________________________________.

701 1863 960 1921 SANCTI
1012 1857 1370 1923 METHODII

366 1978 630 2030 HOMILIA
667 1984 740 2028 DE
777 1984 965 2029 CRUCE
1003 1981 1078 2028 ET
1113 1979 1399 2027 PASSIONE
1437 1976 1698 2026 CHRISTI.

700 2079 830 2110 (caussa.
839 2078 872 2105 de
882 2081 965 2113 sancta
977 2082 1059 2109 cruce,
1071 2078 1090 2102 t.
1103 2077 1134 2108 ll,
1147 2077 1188 2102 ed.
1203 2082 1259 2101 nov.
1273 2083 1297 2107 ι).
1311 2074 1377 2106 tot.)

365 2153 474 2188 (Exstat
488 2154 556 2181 inter
569 2155 654 2187 Opera
670 2152 700 2180 S.
721 2151 848 2179 Met/tedii
862 2151 998 2186 martyris,
1011 2150 1091 2183 huius
1104 2149 1267 2184 Patrologite
1298 2153 1363 2175 tom.
1381 2145 1471 2179 XVIII,
1488 2145 1540 2173 col.
1556 2145 1608 2172 597
1625 2141 1696 2178 seq.)

227 2226 1840 2256 ________________________________.

707 2322 964 2381 SANCTI
1015 2317 1372 2376 METHODII

641 2435 905 2469 PATRIARCHAE
936 2427 1433 2464 CONSTANTINOPOLITANI,

521 2526 749 2577 ORATIO
787 2526 850 2571 IN
898 2520 1163 2568 SANCTAM
1202 2517 1480 2564 AGATHA‘M
1515 2528 1554 2574 ιι,

842 2623 981 2654 (ιιεοπιιιωο
993 2619 1058 2644 Pus
1071 2618 1234 2649 Interprete.)

260 2712 286 2741 Ι.
309 2711 441 2745 Quoniam
457 2709 571 2744 ipsumet
588 2704 731 2734 admiratio
745 2710 787 2731 me
808 2702 840 2729 ad
863 2700 1007 2728 dicendum
1024 2697 1046 2725 Ι)
1061 2695 1124 2723 dum
1140 2702 1183 2722 me
1194 2693 1323 2745 impellit;
1343 2696 1438 2720 contra
1447 2698 1518 2743 'vero
1533 2688 1859 2745 ἰ[ἴξιιιιιιιιοῗιηςὶθς-ῑιιεξξιιτη

223 2757 353 2786 excitavit
363 2765 371 2789 ;
381 2756 509 2791 quoniam
526 2752 649 2780 voluntas
657 2751 720 2778 item
735 2749 793 2784 ipsa
807 2748 839 2775 ad
854 2745 1009 2774 desideran-

1064 2742 1129 2769 mibi
1159 2740 1303 2775 persuadet
1328 2744 1358 2765 ut
1383 2738 1501 2764 maxime
1518 2737 1596 2764 velint
1625 2737 1700 2763 vobis
1723 2734 1858 2762 omnibus

262 2814 270 2825 ⁶
285 2813 405 2840 Cnun‘zr.
431 2811 560 2840 Biblioth.
587 2808 710 2837 concion.
742 2812 760 2834 ι.
781 2806 823 2838 Vl,
839 2813 865 2841 p.
889 2804 953 2832 723.
973 2802 1012 2832 Ex
1027 2808 1079 2831 ms.
1100 2799 1152 2827 PP.
1177 2797 1295 2827 Oratorii
1318 2797 1422 2829 Romae,
1440 2795 1616 2831 producente.
1646 2793 1726 2821 Joan.
1749 2791 1861 2820 Rollin.

226 2849 261 2878 ad
275 2848 290 2876 5
305 2848 384 2876 Febr.
