1948 3077
103 139 170 172 1273

101 248 184 275 prope
205 247 249 267 me
263 239 381 274 astatis),
399 244 427 266 ut
445 247 479 267 ex
491 248 550 267 mea
569 241 758 269 taciturnitate
774 242 799 268 in
812 241 893 269 verba

100 293 274 320 prorumpam
291 285 474 312 admiratione
487 290 637 320 permotus,
657 291 684 313 et
704 286 832 313 desiderii
854 287 893 314 si-

100 331 233 366 lentiique
262 332 312 359 mei
330 332 444 358 vinculis
473 332 636 359 solutionem
654 332 792 360 inveniam
806 354 812 365 ,
843 334 895 360 hac

99 378 275 405 memoranda
295 377 337 404 die
350 382 450 404 sancte
464 378 592 414 martyris
603 377 714 412 Agathae
729 379 894 406 cruciatibus

98 427 281 455 consecrata;
311 423 439 457 quodque
468 429 517 449 vos
542 423 675 450 attonitos
703 423 809 455 reddit,
844 423 895 451 ltoc

98 469 225 502 equidem
251 475 283 494 es
304 475 362 494 mea
386 467 427 494 vel
452 467 577 502 loquendi
602 467 762 503 impotentia
777 469 893 496 admira-

97 514 207 541 bundus
235 514 359 548 eloquar.
387 512 457 540 Sunt
482 513 595 545 etenim,
615 519 677 540 sunt
696 514 832 541 nonnullae
850 523 894 541 res

98 559 212 585 omnino
232 564 329 593 praeter
356 557 512 593 opinionem
531 558 717 592 admirabiles,
740 567 800 594 quae
824 560 894 587 sicut

99 604 247 639 aliquando
268 604 406 631 silentium
430 604 552 639 pariunt,
581 605 618 632 ita
643 606 727 632 etiam
747 606 894 639 aliquando

99 654 250 684 suggerunt
264 649 420 678 facundiam
434 658 441 676 :
458 650 529 685 quod
545 656 690 686 utrumque
705 651 777 685 parit
791 652 895 685 magni-

98 695 166 724 tudo
186 695 326 727 miraculi,
344 700 426 730 atque
447 695 506 731 ipsa
527 696 606 730 plane
626 697 778 730 argumenti
799 687 895 732 ampli-

98 740 177 767 tudo.
193 740 250 768 Hoc
275 745 365 767 autem
390 741 528 775 publicum
544 747 625 776 atque
648 742 808 769 inusitatum
832 737 894 778 spe;

98 788 237 813 ctacnlutn
251 807 258 819 ,
275 787 318 813 cui
344 787 386 814 vel
405 788 455 823 ipsi
475 788 546 815 oculi
568 787 669 815 faciunt
687 788 765 816 fidem
784 789 895 824 (quippe

97 832 180 858 valde
197 837 295 866 praeter
312 833 467 867 opinionem
483 832 539 866 jam
557 833 661 868 pridem
681 833 743 865 fuit)
769 834 894 862 adductis

99 875 131 909 in
160 875 280 902 medium
310 877 461 904 rationibus
487 878 624 912 explicare
646 879 821 906 contendam.
847 879 895 907 Est

98 922 186 954 enim,
204 927 246 948 cst
272 922 342 950 sicut
359 923 385 948 in
404 923 563 957 compositis
590 925 772 957 sermonibus,
801 933 894 953 semen

100 967 225 994 fecunda:
251 969 392 1003 sapientia}
416 969 473 1002 ipsa
499 974 696 1004 praeceptorum
721 970 893 1004 observatio,

99 1014 140 1042 ita
158 1014 350 1041 miraculorum
367 1014 498 1042 exltibitio
510 1021 619 1042 emanat
635 1024 668 1042 ex
691 1016 822 1052 martyrio
833 1024 895 1051 pro-

99 1065 164 1094 pter
181 1060 274 1093 Deum,
290 1065 372 1095 atque
383 1069 417 1088 ex
432 1062 589 1096 virginitate
604 1067 632 1088 et
646 1062 764 1096 puritate
783 1063 894 1095 mentis,

99 1113 164 1140 qna:
193 1110 255 1133 Stlttl
279 1113 342 1133 vera
370 1105 526 1134 divinarum
552 1107 682 1133 virtutum
712 1107 894 1136 imitamenta.

99 1150 180 1183 Quod
198 1150 281 1184 igitur
303 1151 337 1178 ad
363 1151 559 1178 miraculorum
585 1149 754 1179 cﬂectionem
779 1157 894 1186 spectat,

99 1195 152 1222 sttb
172 1195 254 1222 finem
283 1196 359 1223 vobis
387 1196 547 1224 edisseram.
562 1196 639 1224 Nunc
662 1205 737 1230 vero,
753 1199 895 1232 utprinci-

100 1241 178 1275 pium
195 1241 325 1267 narrandi
346 1240 456 1274 faciant,
473 1241 561 1276 ipsam
588 1247 736 1277 martyrem
755 1251 895 1271 commen-

102 1286 188 1318 dabo;
219 1294 279 1320 quze
306 1287 427 1321 quidem,
454 1288 492 1315 uti
510 1288 646 1321 dicebam,
677 1288 736 1316 fons
756 1296 797 1317 est
815 1295 897 1325 atque

101 1332 181 1367 origo
195 1333 409 1366 miraculorum;
424 1338 452 1360 et
467 1334 584 1368 primum
599 1335 708 1369 quidem
730 1336 853 1368 ubinam,
870 1341 898 1364 et

102 1386 186 1413 quam
201 1378 235 1405 ob
245 1385 353 1406 causam
366 1381 553 1411 c0nvenimus,
570 1381 648 1415 plane
664 1382 823 1408 edisseram.

139 1424 167 1451 2.
183 1425 382 1452 Aunivcrsaria
406 1430 507 1452 sanctm
521 1427 652 1462 martyris
673 1428 897 1455 commemoratio

103 1471 132 1498 itt
144 1479 229 1498 unum
245 1471 319 1499 hunc
332 1471 423 1498 locum
436 1479 486 1499 nos
497 1480 591 1500 omnes
602 1474 720 1509 collegit,
737 1480 767 1502 ut
777 1476 871 1508 nostis,
881 1483 896 1502 ο

103 1518 157 1544 mei
173 1517 323 1551 auditores,
340 1518 459 1551 antiqua:
474 1518 583 1552 quidem
600 1521 728 1555 martyris
742 1525 768 1547 et
793 1521 897 1556 prima-

104 1565 154 1593 τίω
179 1570 289 1600 propter
312 1565 418 1600 insigne
434 1570 587 1598 certamen,
617 1567 665 1594 sed
683 1576 747 1595 vero
769 1569 895 1602 recentis,

105 1618 166 1645 qua:
181 1611 260 1646 quasi
290 1618 362 1638 nunc
380 1611 545 1639 decertando
560 1612 651 1641 vincat
668 1618 779 1648 propter
807 1614 895 1641 divina

105 1657 248 1688 miracula,
273 1657 371 1691 quibus
392 1657 515 1691 quotidie
544 1663 704 1691 coronatur,
730 1659 898 1694 pulchreque

105 1704 263 1731 decoratur.
279 1702 414 1738 Martyris,
428 1711 488 1738 quas
502 1709 655 1738 opportuno
670 1704 779 1739 quidem
796 1710 898 1739 tempo-

107 1757 136 1777 re
148 1749 269 1776 ostendit
285 1749 387 1776 amoris
404 1749 530 1776 ardorem
548 1749 590 1776 sui
606 1757 669 1782 erga
688 1751 783 1782 Deum,
810 1751 896 1778 conti-

105 1795 168 1822 nuis
180 1801 245 1821 vero
260 1793 466 1828 tempestatibus
483 1793 510 1820 itt
529 1801 611 1821 tnanu
637 1793 719 1821 habet
752 1794 898 1822 tnit‘aculo-

106 1848 166 1867 rum
179 1840 218 1875 (l)
233 1844 394 1874 potestatem
408 1844 435 1866 et
448 1838 619 1866 efﬁcientiam
630 1847 678 1874 pro
689 1840 764 1874 justa
774 1848 899 1867 remune-

108 1886 214 1912 ratiOue
224 1894 232 1917 ;
243 1884 466 1919 quandoquidem
475 1888 502 1912 et
514 1883 592 1912 fortis
605 1885 689 1912 animi
703 1886 898 1920 prontplitudo,

106 1941 160 1966 qua
176 1932 287 1966 prmdita
303 1936 373 1963 erat,
388 1935 415 1958 et
434 1938 547 1965 corpore
561 1935 673 1965 propter
690 1931 774 1958 Dettnt
793 1932 900 1966 penitus

107 1979 236 2008 dilectum
264 1977 430 2009 declaratur,
452 1981 480 2002 ιιι
499 1983 666 2011 quaecunque
682 1977 835 2011 acciperet,
857 1985 899 2004 rc-

108 2023 252 2050 tribueret.
271 2022 321 2048 Dat
337 2022 446 2056 quidem
460 2021 504 2048 illa
521 2028 630 2056 corpus,
646 2026 674 2048 et
686 2021 792 2048 firmum
809 2021 901 2050 liberte

108 2068 254 2096 voluntatis
266 2067 445 2102 propositum.
462 2072 545 2102 atque
566 2067 623 2094 [nec
646 2075 660 2094 a
677 2066 732 2094 Deo
754 2068 898 2096 obfirmata

105 2115 182 2150 juxta
205 2113 325 2141 divinam
352 2113 523 2145 eiectionem,
549 2113 648 2148 recipit
670 2118 760 2140 autem
783 2114 899 2142 nontinis

107 2160 271 2191 claritatem,
292 2163 320 2185 et
344 2158 446 2193 regium
461 2159 597 2190 diadema,
629 2159 761 2185 illustrior
788 2158 898 2191 effecta,

688 141 830 172 ORATIO
851 141 892 171 IN
914 141 944 171 S.
967 142 1161 173 AGATHAM.

101 196 208 229 (Patres
231 193 384 228 fratresque
400 198 532 229 quotquot
562 193 642 222 simul
663 195 707 222 hic
729 195 847 227 adestis,
863 202 895 222 ac
910 198 933 226 Α

1673 139 1740 174 1274

985 195 1034 230 (5).
1051 195 1084 222 Et
1100 195 1228 230 quoniam
1250 195 1282 222 de
1296 194 1339 226 iis,
1354 201 1414 228 qua:
1429 194 1462 221 ad
1478 192 1578 221 liberos
1592 194 1741 228 gignendos

944 242 1091 276 pertinent,
1101 241 1224 273 memitti,
1233 243 1319 275 deque
1328 240 1401 275 regio
1411 239 1564 267 diademate
1574 241 1740 267 mentionem

944 285 1007 319 feci,
1038 287 1131 314 dicere
1156 287 1212 321 jam
1230 287 1370 320 incipiam.
1390 284 1486 312 Mulier
1502 285 1612 319 quidem
1627 290 1670 312 est
1691 292 1741 319 per

945 332 1030 360 solam
1049 337 1190 371 naturam,
1209 340 1263 360 non
1284 331 1394 366 quidem
1414 338 1462 365 per
1482 331 1656 364 electionem,
1672 330 1742 358 sicut

949 379 1083 413 rcliqutttn
1098 378 1260 405 feminarum
1282 377 1363 413 273
1392 384 1492 412 genus;
1513 384 1641 410 quarum,
1661 375 1740 409 quasi

945 425 1166 460 praesagientium
1185 424 1288 456 futura,
1304 423 1472 451 consuetudo
1484 424 1565 449 etiam
1584 423 1612 450 in
1627 421 1740 449 ludicris

945 471 1113 506 puellaribus
1130 478 1242 506 operam
1261 475 1344 497 navat
1360 469 1453 496 libcris
1469 469 1618 496 educandis
1635 476 1666 496 ac
1691 476 1742 495 nu—

947 516 1060 544 triendis
1077 524 1084 542 :
1101 517 1149 543 sed
1162 516 1252 549 virgo,
1265 522 1327 550 quae
1343 522 1375 541 ne
1392 514 1510 541 ludendo
1527 514 1636 549 quidem
1662 513 1740 548 puel-

947 561 1148 597 laresincptias
1175 562 1322 596 aliquando
1344 559 1469 594 efﬁngere
1490 560 1546 586 visa
1564 564 1615 586 est.
1633 558 1740 591 Mulier,

945 606 1014 639 dixi,
1029 606 1076 633 sed
1095 606 1198 638 addidi,
1216 605 1301 638 virgo.
1326 605 1421 631 Mulier
1446 604 1554 639 quidem
1569 625 1576 637 ,
1594 607 1740 639 propterea

946 653 1017 687 quod
1032 659 1046 678 ξι
1061 652 1194 687 principio
1213 652 1246 679 ab
1262 653 1386 686 sapiente
1400 651 1485 678 Adam
1505 651 1576 686 (erat
1589 650 1661 676 enim
1677 655 1741 676 tunc

947 706 1009 726 vere
1020 699 1145 734 sapiens,
1169 699 1268 733 quippe
1292 698 1411 724 nondum
1431 698 1456 724 in
1482 696 1740 732 pcccatumlapsus)

946 744 1100 780 impositum
1131 745 1181 772 hoc
1201 751 1300 772 nomen
1314 744 1373 770 fuit.
1389 743 1519 771 Scribens
1536 742 1608 770 enim
1623 741 1740 777 Moyses,

947 791 1064 825 ingenue
1095 789 1179 816 etiam
1216 789 1333 815 nominis
1363 787 1634 820 interpretationem,
1659 793 1741 820 quan

947 835 1068 862 Adantus
1079 834 1195 867 addidit,
1211 834 1352 865 indicavit,
1370 834 1462 860 dicens
1476 842 1482 860 :
1502 832 1566 859 Ha‘c
1582 836 1691 858 vocatur
1703 831 1742 858 υἰε

947 887 1021 913 rago,
1039 879 1164 914 quoniam
1181 886 1213 905 ex
1236 878 1290 905 viro
1305 881 1410 912 sumpta
1433 881 1470 903 est
1493 877 1522 909 ¹;
1541 876 1623 910 Virgo
1638 880 1739 907 autem,

947 925 1018 959 quod
1034 932 1068 951 ex
1082 924 1246 951 immortalis
1270 924 1315 950 Dei
1334 922 1411 949 Verbi
1427 922 1508 957 (qqu
1525 922 1607 948 etiam
1630 925 1740 956 propter

947 978 990 997 tne
1009 970 1034 996 itt
1050 977 1132 997 carne
1148 977 1196 996 sua
1214 973 1328 996 mortem
1346 968 1475 1003 gustavit)
1495 968 1666 1001 indivisoqne
1693 966 1740 993 Dei

946 1015 1016 1043 Filio
1027 1020 1088 1042 nata
1102 1020 1155 1048 est,
1172 1020 1200 1042 ιιι
1213 1014 1497 1049 loquitnr'l‘lteologus
1511 1013 1639 1043 Joannes,
1655 1011 1740 1044 Quot-

946 1067 1009 1097 quot
1042 1067 1129 1089 autent
1157 1066 1308 1094 receperunt
1334 1067 1404 1090 eum,
1425 1060 1498 1086 dedit
1527 1059 1564 1086 eis
1585 1062 1741 1092 poteslatem

947 1109 1017 1142 ﬁlios
1038 1107 1085 1134 Dei
1109 1107 1201 1142 ﬁeri',
1216 1111 1270 1133 etc.
1291 1105 1387 1132 Mulier
1400 1105 1482 1139 igitur
1499 1104 1588 1138 virgo,
1606 1111 1666 1138 qua:
1694 1109 1741 1129 vos

947 1153 1075 1182 invitavit
1093 1154 1126 1180 ad
1153 1157 1276 1180 nostrum
1306 1151 1462 1186 religiosum
1487 1150 1614 1185 epulum,
1632 1148 1677 1175 illa
1699 1152 1742 1175 est

947 1201 1044 1228 mulier
1060 1201 1128 1227 bene
1158 1199 1292 1233 desponsa
1309 1198 1355 1224 ttni
1372 1197 1431 1224 viro
1448 1196 1558 1224 Christo
1574 1195 1594 1227 ',
1608 1199 1635 1222 ιιι
1651 1195 1741 1221 verbis

948 1250 1008 1273 utar
1031 1237 1146 1279 apostoli
1166 1244 1239 1271 l’auli
1256 1238 1409 1271 ilelltalatui
1427 1241 1618 1276 conjunctione
1631 1250 1637 1274 ;
1649 1241 1740 1275 Virgil.

948 1292 991 1319 cui
1009 1292 1091 1319 etiam
1115 1291 1170 1325 ipse
1187 1289 1304 1324 coniugii
1323 1297 1426 1323 auspex
1450 1297 1503 1315 nott
1523 1288 1636 1315 incussit
1663 1286 1743 1313 timo-

949 1346 1017 1369 rctn,
1036 1341 1126 1363 utrnnt
1139 1335 1319 1369 deciperetur,
1334 1333 1476 1362 sicutolim
1489 1333 1556 1360 avia).
1568 1336 1667 1360 nostra:
1681 1332 1743 1358 Eva;

949 1383 1066 1410 Satanas
1082 1389 1130 1416 per
1144 1381 1307 1408 insidiosum
1323 1383 1492 1415 serpentem.
1510 1378 1616 1410 Mulier,
1631 1385 1690 1411 qua:
1705 1383 1739 1402 ne

948 1434 1039 1455 notam
1052 1427 1161 1462 quidem
1180 1426 1288 1454 inflictae
1298 1426 1348 1453 sibi
1357 1433 1381 1459 \a
1399 1425 1480 1453 Decio
1494 1424 1580 1451 refert
1595 1422 1741 1450 laceratio-

948 1476 991 1502 nis
1010 1484 1016 1502 :
1034 1475 1129 1510 Virgo,
1154 1482 1216 1508 qua:
1232 1473 1393 1501 vulneribus
1416 1481 1431 1500 a
1453 1471 1603 1504 Quintiano
1631 1469 1739 1501 affecta,

949 1521 1110 1548 dissimulat.
1127 1520 1235 1552 Mulier,
1251 1527 1311 1555 quae
1328 1519 1532 1554 tyrannlcorum
1559 1515 1670 1552 ponderi
1683 1515 1742 1542 odio

948 1572 1054 1594 ctorutn
1078 1574 1131 1593 non
1160 1573 1190 1594 se
1218 1565 1361 1597 submisit;
1389 1565 1473 1599 virgo,
1498 1571 1558 1598 (llliB
1584 1562 1739 1597 principum

950 1617 1036 1639 (ostro
1068 1612 1234 1646 percitorum
1251 1611 1344 1637 rabido
1359 1609 1443 1637 furori
1465 1617 1517 1636 nott
1534 1608 1626 1636 cessit.
1637 1607 1744 1638 Mulier,

948 1666 1009 1692 quat
1026 1657 1051 1684 in
1069 1661 1230 1690 tempestate
1255 1655 1473 1690 imperiosiorum
1500 1655 1630 1681 fluctuum
1657 1653 1744 1680 haud-

949 1709 1087 1736 quaquam
1098 1701 1267 1735 naufragium
1285 1700 1367 1733 fecit;
1383 1701 1470 1734 virgo,
1485 1707 1544 1734 quae
1562 1700 1588 1726 in
1607 1699 1673 1726 retia
1694 1706 1743 1733 ge-

949 1748 1068 1776 rentium
1086 1745 1267 1782 principatum
1285 1754 1338 1773 nou
1354 1747 1463 1773 incidit.
1482 1745 1587 1778 Mulicr,
1606 1753 1666 1779 quae
1691 1746 1744 1772 fert

947 1794 1061 1829 iustitia:
1083 1793 1173 1828 leges;
1204 1793 1292 1828 virgo,
1307 1800 1366 1827 quae
1385 1793 1494 1828 propria
1516 1792 1637 1825 scribere
1658 1798 1738 1818 manu

949 1847 1027 1868 suum
1043 1847 1096 1866 non
1109 1844 1218 1866 veretur
1233 1839 1398 1866 institutmn.
1415 1837 1520 1870 Mulier,
1537 1845 1597 1873 qua:
1612 1837 1743 1864 ttttnidttm

949 1885 1085 1919 superbiae
1111 1885 1215 1912 fastum
1242 1884 1415 1919 subjugavit;
1439 1884 1525 1918 virgo,
1545 1891 1604 1918 quat
1619 1882 1745 1916 martyris

950 1939 1059 1959 cursum
1076 1936 1187 1958 strenuo
1206 1930 1319 1965 peregit.
1340 1929 1445 1963 Mulier,
1459 1938 1519 1964 quae
1547 1937 1599 1956 tton
1626 1935 1745 1963 purpura

950 1977 1000 2013 (εὶ),
1019 1978 1171 2011 fucatisque
1184 1976 1299 2008 umbris,
1312 1980 1339 2004 et
1352 1976 1511 2003 velamentis
1527 1975 1615 2002 vultus
1629 1974 1745 2002 formant

950 2022 1060 2051 mentiri
1073 2030 1150 2049 suam
1167 2030 1245 2056 passa
1259 2027 1312 2055 est,
1330 2029 1420 2056 neque
1437 2021 1652 2053 medicamentis,
1667 2025 1695 2047 et
1709 2027 1743 2049 ex

951 2069 1012 2095 vivo
1025 2073 1138 2103 argento
1165 2067 1308 2100 confectis,
1324 2073 1414 2095 vestes
1425 2088 1432 2101 ,
1453 2074 1636 2102 manuumque
1652 2067 1741 2094 linea-

950 2118 1042 2140 menta
1064 2113 1191 2147 inlicere;
1217 2113 1264 2140 sed
1297 2114 1384 2146 virgo,
1404 2120 1465 2147 quae
1480 2111 1654 2140 conscientia“:
1672 2120 1686 2138 a
1703 2111 1744 2137 ιιιτ

952 2160 1036 2191 mine,
1056 2159 1206 2194 coloreque
1231 2159 1372 2194 sanguinis
1390 2158 1447 2185 veri
1466 2158 1609 2192 divinique
1629 2157 1698 2192 Λειιὶ
1718 2161 1746 2184 ot

107 2212 189 2240 quam
216 2203 240 2232 si
264 2203 335 2231 ﬁlios
356 2207 402 2230 aut
428 2203 497 2230 filias
524 2207 706 2238 procreasset,
724 2207 806 2238 atque
826 2202 894 2230 adeo
915 2209 935 2236 [)
950 2203 1021 2230 labia
1036 2210 1085 2230 sua
1103 2209 1130 2231 et
1145 2211 1230 2238 genas
1250 2208 1277 2230 et
1294 2203 1413 2235 linguam
1429 2202 1639 2237 pnrpurissabat
1662 2209 1744 2228 exure

108 2249 182 2278 omni
200 2250 282 2285 prolis
300 2249 372 2277 fmda
391 2249 530 2283 voluptate
548 2249 676 2284 despecta
692 2249 849 2280 sublimior.

143 2331 153 2346 ί
173 2330 242 2358 Gen.
259 2337 289 2360 tt,
308 2328 354 2356 25.
404 2327 503 2354 ’Joan.
526 2335 545 2361 t,
567 2328 610 2355 12.

656 2328 665 2343 ³
685 2327 704 2354 ll
725 2328 787 2356 Cor.
807 2336 845 2361 ιιι,
864 2328 890 2354 2.

146 2399 184 2433 (l)
205 2397 273 2425 llinc
287 2401 361 2430 patet
374 2397 457 2424 mttlta
470 2396 535 2423 olitn
550 2401 653 2433 sancta:
665 2396 776 2433 Agatlta:
789 2397 895 2423 tuleritis

109 2431 243 2461 accidisse
256 2433 396 2464 tttiracula,
413 2439 475 2458 cum
488 2436 586 2464 praeter
600 2432 625 2458 id
646 2432 717 2464 quod
735 2431 761 2457 in
785 2439 893 2464 repns-

109 2471 149 2496 sis
166 2467 280 2496 Aituzeis
296 2467 403 2502 ignibus
420 2467 514 2497 eluxit,
530 2466 632 2492 mdium
643 2466 722 2492 ntodo
737 2471 823 2493 exstet
835 2473 898 2493 ante

110 2504 212 2530 relatas
232 2501 464 2536 Constantinopoli
483 2501 612 2536 reliquias
629 2501 740 2536 factum.

147 2539 186 2572 (Ξ)
198 2537 334 2570 Conjicias
353 2535 426 2567 hinc,
447 2543 529 2570 atque
544 2544 576 2562 ex
599 2536 673 2562 Actis
683 2535 799 2566 Latinis,
813 2536 855 2572 ubi
872 2537 896 2563 ei

110 2574 399 2608 cxprolwattyrannns
412 2572 483 2606 quod
499 2571 625 2598 servilem
643 2579 788 2604 personam
803 2571 896 2608 induc-

110 2609 159 2639 rit,
171 2615 242 2639 eam,
258 2616 309 2634 non
331 2607 451 2642 quidem,
468 2612 496 2632 ιιι
512 2614 573 2641 qum
590 2614 662 2632 nttnc
670 2612 778 2633 sanctae
793 2607 896 2642 munia-

112 2644 166 2670 letn
182 2643 264 2670 vitam
280 2644 442 2676 proiitentur
454 2642 584 2676 virgines,
604 2641 647 2668 vili
662 2642 810 2668 induuntur
821 2641 897 2668 ltalti-

113 2683 153 2710 tu,
168 2679 320 2713 quitatnen
334 2678 404 2712 apud
424 2677 536 2713 virtutis
551 2684 629 2704 veros
643 2677 814 2713 estitnatores
836 2684 900 2710 per-

113 2712 280 2741 honorificus
295 2718 347 2744 est,
369 2713 406 2738 ita
421 2717 475 2738 lum
496 2712 582 2746 palam
610 2719 701 2738 rerum
717 2712 899 2738 humanarum

111 2752 296 2782 contemptum
320 2747 386 2779 ipsis
409 2747 578 2774 veStituenlis
594 2751 781 2779 ostentantes;
807 2747 900 2773 luxum

112 2787 205 2810 tamen
222 2784 407 2816 mundumque
424 2782 583 2809 muliebrem
604 2787 772 2814 aversatam,
791 2790 822 2809 ac
843 2789 902 2809 mo-

113 2818 192 2846 desto
214 2826 290 2844 usam
316 2819 428 2844 atnictu.
456 2816 668 2844 Conciouatorie
693 2817 718 2844 id
739 2824 902 2851 exagorasse

111 2854 221 2883 videtur
239 2857 349 2881 sanctus
371 2851 526 2881 Vincentius
550 2852 693 2880 Ferrerius
719 2852 745 2880 in
773 2853 900 2880 serm.de

954 2251 1112 2285 nabatquc:
1130 2257 1236 2277 necnon
1259 2249 1342 2277 etiam
1367 2249 1494 2277 continua
1517 2248 1614 2276 mentis
1628 2256 1683 2275 suae
1703 2256 1747 2274 εον

953 2403 1048 2423 sancta
1062 2396 1189 2430 Agatlta:
1209 2405 1216 2420 ι
1242 2394 1358 2422 Mortuis
1374 2395 1545 2430 parentibus,
1575 2394 1673 2427 inquit,
1701 2401 1744 2419 ro-

952 2432 1054 2458 ntansit
1068 2429 1154 2457 Ιιξυνοεέ
1173 2431 1246 2458 illius
1266 2431 1356 2464 magni
1378 2429 1469 2464 palatii
1495 2429 1581 2463 patris
1596 2429 1637 2456 sui
1654 2438 1661 2456 :
1685 2437 1746 2462 quae

951 2466 1075 2501 exemplo
1106 2465 1209 2493 Christi
1232 2465 1337 2492 dimisit
1353 2464 1483 2500 palatium
1511 2464 1597 2498 patris
1618 2470 1644 2501 et
1664 2471 1746 2501 orna.

953 2498 1043 2528 menta
1060 2506 1087 2528 et
1107 2508 1170 2527 vasa
1191 2508 1275 2527 aurea
1296 2505 1324 2526 ct
1347 2498 1488 2534 argentea,
1513 2503 1541 2526 et
1559 2498 1701 2526 restrinxit
1716 2507 1747 2525 su

952 2536 979 2562 in
997 2537 1112 2570 quadam
1130 2543 1211 2570 parva
1229 2535 1319 2565 domn,
1345 2540 1374 2560 ιιι
1397 2534 1510 2568 simplex
1528 2541 1644 2568 persona
1667 2543 1673 2560 :
1693 2543 1702 2560 ι
1719 2539 1745 2560 ct

951 2569 1046 2605 paucis
1072 2571 1247 2604 interiectis:
1267 2579 1276 2595 ‹
1300 2569 1391 2597 Voluit
1419 2569 1493 2596 indui
1516 2569 1691 2603 pauperrintc
1712 2574 1739 2595 ut

952 2606 1085 2640 Beguiua,
1107 2613 1132 2633 ct
1147 2606 1228 2632 dabat
1247 2605 1442 2640 patrimonium
1467 2605 1635 2639 pauperibus
1651 2612 1745 2630 amore

951 2641 1011 2672 Dci,
1032 2647 1059 2668 et
1085 2642 1192 2668 vivebat
1217 2641 1334 2675 propriis
1358 2639 1494 2671 manilius,
1524 2640 1618 2671 tilavit,
1635 2640 1700 2675 suit,
1718 2643 1746 2666 et

952 2677 1049 2709 texuit,
1063 2677 1126 2711 quia
1142 2673 1229 2702 nullus
1242 2681 1332 2711 potest
1350 2675 1479 2711 continue
1499 2681 1589 2702 orare.
1610 2683 1618 2699 ι
1633 2673 1745 2711 Proba-

951 2711 1031 2738 Itilius
1050 2708 1118 2738 forte
1136 2708 1375 2739 Paulus/Eminus
1397 2709 1578 2737 Sauctoritts:
1599 2718 1608 2734 ι
1631 2708 1689 2734 Non
1703 2709 1743 2735 si-

952 2747 1044 2774 nuosis
1060 2747 1098 2773 uti
1123 2748 1254 2779 vestibus,
1271 2754 1324 2773 non
1341 2753 1445 2780 gemma
1458 2745 1585 2778 capillum
1602 2743 1743 2777 insignire.

951 2786 998 2808 aut
1012 2786 1150 2816 unguento
1164 2782 1254 2814 linire,
1278 2781 1326 2808 sed
1343 2779 1433 2816 serico
1451 2788 1458 2805 :
1473 2780 1577 2816 antltini
1594 2779 1652 2805 velo
1668 2779 1743 2805 colu-

951 2817 988 2843 ris
1016 2814 1098 2851 (quod
1126 2818 1214 2844 adhuc
1242 2817 1389 2850 aspicimus
1408 2814 1528 2851 Cataute)
1553 2814 1706 2851 obtegere:
1729 2822 1740 2839 ι

951 2852 996 2879 ubi
1018 2849 1109 2879 luxum
1135 2849 1451 2886 romeret,'tuodcratum
1471 2850 1586 2877 nitorem
1614 2849 1732 2876 admittit
