1948 3077
202 155 270 186 1Ξ75

201 209 323 243 gnitioue
344 215 438 234 necem
459 208 498 234 sui
518 208 634 235 studiosi
655 210 795 239 amatoris.
810 210 885 243 quasi
905 216 990 243 nuper
1005 211 1025 236 Α

201 254 334 288 sanguine
351 254 498 285 madentis,
516 254 682 286 revolrehat,
706 255 833 288 intusque
847 254 992 282 circumfe-

201 301 296 333 rebat;
313 304 342 326 ut
367 300 423 326 haec
442 299 508 326 stola
527 299 587 334 ejus
613 299 794 326 confessionis
819 307 871 326 non
904 299 990 326 soluat

202 345 372 372 indelebilem
387 344 471 372 ferret
487 345 587 372 Christi
601 349 693 372 notam
709 345 836 379 purpttrei
850 345 992 380 sanguinis

202 391 254 417 alte
281 390 335 423 jam
362 391 488 422 imbibiti,
516 391 562 417 sed
575 391 656 417 etiam
671 391 808 425 virginalis
830 390 994 425 eloquentia

202 437 345 463 thesauros
357 437 394 471 (3)
407 437 612 463 advenientibus
624 437 742 470 posteris
766 437 903 471 elegantes
918 427 992 471 ejus-

202 483 272 508 modi
289 482 394 508 colores
406 490 457 508 una
472 490 532 508 cum
545 490 597 508 non
611 482 754 508 deﬁciente
766 483 910 509 verborum
928 489 991 509 sca-

203 527 318 561 turigine
337 527 497 561 impartirt-t.

236 573 262 598 4.
290 573 352 598 [hoc
369 572 459 605 ilnqttc
483 579 545 598 vere
561 571 643 603 bona,
657 571 753 606 quippe
774 571 819 598 Dei
838 579 902 606 pars
923 571 992 598 exsi-

200 623 285 650 stens,
298 619 385 644 eidem
401 625 499 650 sponso
520 624 580 648 suo,
596 622 622 643 et
639 625 732 643 rursus
749 617 826 643 nobis
843 617 904 643 boni
921 625 992 643 com-

200 662 338 692 munione,
355 669 407 694 qua
427 661 545 686 nominis
563 662 604 686 sui
626 660 680 686 vim
711 660 991 694 signiﬁcationemque

200 707 294 738 rciert,
312 707 414 740 Agatho
430 706 481 741 (ἰ),
501 707 534 732 ab
555 707 612 739 ipso
625 706 753 732 bonitatis
768 707 840 731 lonte
853 706 906 732 Deo
927 713 992 732 con-

199 752 424 785 cessa,donoque
438 751 511 778 data.
529 751 597 783 Quid
612 756 700 777 autent
721 751 806 784 magis
826 751 989 783 beneﬁcum,

200 795 282 831 Quam
299 804 432 823 snnuunm
456 796 574 822 bonum?
592 800 619 822 et
633 796 696 829 quid
706 796 788 830 magis
798 795 990 823 celebrandum

200 841 308 867 laudum
337 841 480 875 praeconiis
502 841 638 875 quispiam
661 841 796 872 inveniat,
811 849 891 875 quant
917 842 990 876 Aga-

713 156 742 186 S.
764 157 953 186 METHODH
975 154 1225 185 PA'I‘BIARCH.E
1245 155 1298 184 (ΣΡ.
1582 176 1593 183 .

1766 147 1840 180 12ἵ6

1042 217 1105 236 num
1123 210 1292 242 liberumque
1305 206 1472 241 propositum
1483 207 1645 239 praeparata,
1658 203 1843 237 quemadmo-

1044 254 1107 280 dum
1120 253 1200 287 Virgo
1215 257 1305 279 nostra
1333 251 1445 278 Domina
1466 247 1650 276 habitaculum
1675 247 1723 274 Dei
1738 247 1834 275 elfecla

1043 299 1102 326 fuit.
1120 299 1159 325 Ab
1177 299 1226 325 hac
1241 298 1312 324 enim
1328 297 1384 331 ipsa
1403 301 1428 323 et
1453 295 1533 322 unica
1554 293 1668 320 Domina
1698 299 1725 320 et
1745 294 1835 328 virgi-

1044 353 1106 371 num
1117 344 1201 371 Matre
1217 344 1343 377 Deipara,
1357 346 1384 368 et
1398 341 1483 368 Matre
1498 340 1610 374 Virgine
1626 339 1683 366 haec
1702 339 1834 374 discipula

1044 390 1172 418 etancilla
1187 390 1226 425 (ut
1241 390 1276 416 ita
1299 388 1398 422 dicam)
1416 387 1536 421 Deiparzc
1557 386 1622 418 ﬁlia,
1651 385 1765 412 Domino
1784 392 1836 413 suo

1042 442 1069 464 et
1084 437 1148 468 Deo,
1167 441 1193 463 et
1206 443 1295 462 rerum
1306 435 1426 462 ontnium
1439 433 1536 468 Opiﬁci
1553 439 1613 460 sese
1634 438 1761 466 sponsam
1779 435 1836 458 tra-

1042 482 1106 509 dere
1126 481 1228 508 didicit.

1078 527 1105 555 6.
1135 526 1241 560 Agatha
1271 525 1352 560 igitur
1382 531 1476 551 revera
1505 524 1586 555 bona.
1613 523 1711 557 etjure
1729 523 1835 557 optimo

1044 573 1098 599 Deo
1115 572 1268 606 gratissima
1286 570 1384 600 antica,
1408 570 1464 595 hcce
1484 569 1596 602 pertulit
1610 568 1718 602 quidem
1733 572 1760 593 ut
1776 575 1837 594 mu-

1042 618 1092 645 lier
1107 622 1189 648 esset,
1208 622 1235 643 et
1251 616 1283 642 ad
1300 616 1447 642 liberorum
1469 615 1683 649 procreationem
1705 621 1756 639 non
1776 614 1835 640 ine-

1043 670 1105 699 pta;
1133 670 1226 689 verum
1247 667 1275 688 ut
1304 661 1489 695 virginitatem
1515 667 1591 686 suam
1619 659 1777 690 custodiret,
1807 663 1836 685 et

1043 709 1155 736 summis
1183 707 1252 733 votis
1282 706 1431 740 exoptavit;
1447 709 1473 731 et
1491 705 1602 731 omnino
1618 704 1748 730 decrevit.
1764 702 1834 729 Cum

1043 755 1125 789 igitur
1140 754 1249 783 audiret
1262 753 1390 786 St‘l‘iplttm
1416 750 1551 786 quoddam
1570 749 1643 776 Decii
1660 748 1835 782 imperatoris

1042 809 1090 835 per
1107 806 1191 826 totam
1209 799 1357 825 “Dttlﬂtlﬂln
1373 797 1502 824 ditionem
1523 797 1623 830 passim
1639 795 1754 829 vulgari,
1767 794 1834 820 illud

1043 847 1146 879 Agatho
1162 846 1274 872 derisit:
1300 851 1416 878 cumque
1441 843 1514 870 velut
1539 841 1638 868 ostium
1667 841 1754 868 ventis
1770 847 1837 875 per-

201 885 295 912 "tam?
310 885 426 919 Λείιιιιῖι,
443 886 520 920 cujus
536 886 642 912 bonitas
662 886 694 912 ml
710 894 819 918 nomen.
838 887 869 912 ad
887 886 989 920 ερειιιιι-
1005 885 1026 912 Β
1043 892 1171 919 ﬂantibus
1198 890 1310 918 humani
1338 897 1488 916 consensus
1507 889 1674 920 obserasset,
1704 887 1753 920 ipsi
1778 894 1828 913 na-

200 939 253 965 que
268 939 324 958 rem
340 933 476 965 quadrat;
493 932 608 966 Agatha,
625 940 684 966 qut-.c
706 933 786 958 rebus
800 933 929 966 prznclare
945 940 990 968 ge-

199 978 248 1003 stis
263 977 363 1004 bonum
384 986 480 1005 nomen
494 986 549 1012 prae
572 987 601 1005 se
621 979 684 1010 fert,
701 983 728 1005 et
755 979 781 1006 in
804 979 861 1013 ipso
882 981 990 1007 nomine

198 1022 328 1056 protelare
340 1024 388 1049 abs
404 1031 432 1049 se
451 1028 527 1054 gesta
543 1024 724 1057 demonstrat;
738 1025 852 1058 Agathe,
871 1032 932 1058 qua‘:
948 1024 989 1051 vel

200 1073 250 1093 suo
275 1067 385 1094 nomine
403 1068 497 1098 allicit.
519 1073 547 1095 ut
564 1069 596 1094 ad
612 1076 672 1095 sese
692 1076 787 1096 omnes
807 1069 990 1103 maximopere

198 1118 365 1140 occurrant:
391 1121 451 1147 qua:
474 1113 557 1140 etiam
579 1121 628 1140 suo
657 1114 781 1148 exemplo
803 1114 900 1147 docet,
914 1120 942 1141 ιιι
957 1115 991 1142 ad

198 1165 293 1185 verum
321 1159 420 1185 bonum
436 1179 444 1192 ,
465 1160 510 1194 qui
530 1159 603 1187 solus
629 1161 698 1186 Deus
724 1165 782 1192 est,
808 1167 903 1188 omnes
931 1161 991 1188 sine

199 1211 274 1230 mora
303 1211 394 1232 secum
430 1206 604 1232 contendant.
633 1206 755 1241 Agatha,
788 1214 847 1240 quin
881 1207 990 1242 signum

199 1249 296 1280 erexit,
313 1250 375 1284 quid
389 1250 422 1276 de
440 1258 469 1276 se
482 1252 621 1278 decretum
638 1250 742 1284 fuerat,
758 1255 788 1278 ut
807 1251 893 1284 ﬁeret,
909 1257 991 1286 atque

199 1293 322 1320 inlucem
342 1294 424 1326 edita,
450 1295 522 1329 quod
550 1303 598 1330 per
622 1297 738 1329 gratiam
766 1297 905 1323 decretum
920 1302 989 1330 erat,

199 1340 444 1374 peregitmgatha,
460 1349 508 1375 per
523 1342 678 1368 vaticinium
694 1343 852 1376 parentibus
867 1342 905 1377 (5)
921 1350 992 1377 prte-

199 1386 333 1418 nuntiata,
347 1392 427 1420 atque
442 1394 456 1412 a
471 1386 523 1413 Deo
536 1387 569 1413 ab
577 1393 678 1414 reteruo
690 1389 864 1423 przeeognita.
874 1389 991 1424 Agatlta,

199 1438 259 1465 qua!
273 1431 354 1458 etiam
369 1429 428 1458 ilius
443 1440 495 1459 non
510 1432 615 1466 refellit,
634 1434 678 1468 qui
697 1435 746 1460 hoc
766 1435 790 1460 ei
820 1442 917 1461 nomen
940 1435 992 1462 im-

198 1483 332 1510 posuere:
351 1484 378 1504 et
393 1478 579 1506 invocantibus
596 1487 695 1506 nomen
711 1480 762 1507 hoc
774 1487 871 1514 pratsto
881 1485 933 1514 est,
947 1481 991 1508 fu-

198 1522 305 1556 cileque
321 1523 478 1557 respondet.

233 1568 260 1595 5.
281 1568 388 1595 Etenim
409 1569 464 1595 Deo
478 1570 575 1604 singuli
593 1571 730 1598 manifesti
744 1575 827 1605 sunt,
851 1577 880 1599 ut
899 1573 989 1607 loqui-
1003 1566 1024 1595 (ἶ

199 1617 244 1641 tur
258 1622 334 1641 sacra
349 1615 504 1649 Scriptura:
518 1616 612 1643 Omnia
625 1617 706 1648 mula,
719 1623 842 1651 etaperto
854 1624 913 1645 sunt
927 1627 990 1645 ocu-

197 1659 230 1686 lis
244 1659 312 1694 ejus,
327 1660 443 1694 mir/Item
457 1669 540 1687 scruta
557 1658 645 1688 noster
660 1662 810 1695 col/inint‘;
823 1670 916 1690 verum
932 1671 992 1691 om-

199 1706 243 1733 nia
268 1707 434 1741 prmdeﬁnita
464 1712 527 1734 Sttttl
556 1715 570 1734 a
591 1713 787 1742 cognoscente:
809 1709 865 1744 ipsa
890 1710 990 1736 ctenim

199 1753 372 1787 prmcognitio
397 1753 582 1787 procreatoris
598 1753 642 1780 Dei
657 1754 729 1781 circa
744 1762 786 1781 res
806 1755 925 1789 singulas
942 1763 989 1781 co-

198 1798 441 1832 gnitionem,qum|
463 1799 571 1833 quidem
594 1804 623 1826 et
649 1800 781 1826 rationem
801 1800 882 1827 habet
906 1796 992 1828 divini

198 1843 316 1874 consilii,
328 1848 355 1869 et
369 1851 529 1875 concursus,
540 1847 565 1870 et
579 1849 710 1878 prieterca
723 1845 829 1870 modum
840 1845 930 1871 libera:
943 1853 990 1872 vo-

199 1887 310 1914 luntatis
325 1896 417 1914 eorum
430 1908 438 1921 ,
456 1889 500 1922 qui
518 1889 609 1915 divino
637 1889 723 1915 solum
745 1889 915 1923 beneplacito
929 1898 991 1924 pro-

199 1934 294 1965 creati,
309 1934 393 1961 libere
407 1934 432 1960 itt
443 1942 509 1968 opus
527 1935 670 1968 prodeunt.
686 1934 889 1961 l’rmdcstinatio
906 1943 970 1962 vero
982 1955 990 1968 ,

198 1985 349 2006 extremum
364 1987 457 2006 eorum
471 1980 574 2014 lapsum
592 1988 644 2007 non
663 1981 806 2015 permittit,
823 1982 869 2007 sed
887 1981 993 2008 confert

199 2025 232 2051 ad
247 2033 320 2058 eum,
344 2026 389 2061 qui
413 2027 631 2060 prtetlestiuatur,
657 2027 754 2053 bonam
781 2032 807 2053 et
829 2034 990 2060 propensam

197 2071 363 2099 voluntatem
387 2072 492 2106 opilicis
509 2073 553 2099 Dei
574 2080 634 2098 cum
661 2072 746 2098 libero
768 2073 887 2098 humano
917 2073 992 2099 arbi-

199 2119 273 2144 trio:
295 2122 366 2144 etut
390 2118 464 2144 omni
487 2118 593 2145 ratione
619 2118 774 2144 beatissima
797 2119 869 2144 inter
885 2126 991 2151 omnes,

198 2167 225 2190 et
237 2163 411 2189 sanctissima
434 2163 544 2189 Domina
565 2168 655 2190 nostra
682 2164 772 2198 regina
789 2163 869 2197 Virgo
888 2163 991 2198 Deique

198 2215 306 2242 parens,
321 2216 334 2234 a
349 2209 438 2235 divino
458 2208 557 2240 Verbo,
574 2209 644 2243 quod
665 2209 690 2235 in
706 2217 737 2235 ea
755 2209 898 2242 habitarit,
918 2217 990 2236 eaut-

197 2260 251 2287 que
272 2254 391 2286 eﬁinxit,
411 2261 444 2280 ex
462 2255 588 2281 omnibus
607 2255 732 2289 gentibus
751 2255 852 2282 delecta
866 2255 932 2288 fuit;
953 2257 988 2282 ita

197 2301 280 2326 etiam
304 2302 359 2327 hmc
378 2301 499 2335 ejusdem
527 2301 647 2335 Deiparte
673 2301 726 2327 lilia
753 2306 778 2328 et
797 2302 893 2328 ancilla
916 2301 988 2337 (qum

198 2353 270 2373 nunc
295 2345 391 2373 faustis
420 2346 663 2373 acclamationibus
687 2347 832 2373 decoratur
856 2356 869 2373 ιι
898 2348 988 2380 nobis,

198 2399 310 2426 qumque
323 2398 414 2419 nostra
429 2393 576 2427 prmcnnia,
594 2398 757 2427 nostrasque
782 2393 930 2426 gratiarum
943 2402 990 2421 ac-

199 2439 285 2465 tiones
303 2439 356 2465 Deo
378 2447 425 2472 per
449 2438 586 2472 Virginem
604 2439 745 2472 Dciparam
769 2439 857 2473 oﬁ'ert)
884 2440 989 2472 praede-

198 2483 298 2510 stinata
315 2485 402 2511 fuerat
414 2490 442 2512 ut
458 2491 559 2519 nun-lyr
572 2490 642 2512 esset
658 2487 780 2512 etelecta
794 2504 801 2518 ,
822 2490 848 2512 et
860 2493 906 2520 per
924 2485 992 2512 divi-

234 2572 244 2588 ⁵
263 2572 345 2600 llebr.
364 2581 400 2600 tv.
424 2574 467 2601 1'3.
507 2575 516 2590 ⁵
538 2574 634 2602 Matth.
653 2583 691 2606 ix,
710 2574 756 2601 9.0.

240 2647 278 2682 (5)
299 2649 335 2675 De
352 2654 452 2677 saneta:
476 2649 588 2681 Agathm
613 2650 765 2684 eloquentia
781 2650 844 2676 illud
860 2655 948 2677 rxslat
966 2651 992 2677 in

198 2682 307 2710 Mem-eis
323 2685 440 2719 elogium
454 2695 460 2712 :
479 2685 579 2712 Dill‘usa
594 2692 636 2712 est
658 2682 744 2718 gratia
762 2686 787 2711 in
801 2686 880 2711 labiis
893 2685 956 2716 tuis.
971 2693 988 2712 0

199 2719 299 2752 Martyr
319 2727 332 2745 a
360 2720 480 2747 bonitate
514 2729 612 2747 nomen
635 2721 753 2755 indepta.
783 2721 889 2747 Diserte
912 2722 985 2747 enim

199 2755 345 2781 ronl'utasti
373 2760 467 2788 aperte
498 2755 695 2790 impudentem,
722 2757 830 2790 eloquio
858 2756 988 2783 divinitus

200 2790 300 2817 tradito
318 2790 491 2823 locupletato.

235 2823 274 2858 (4)
296 2824 408 2859 Ἀγαθὸς
426 2827 524 2863 quippe
544 2826 642 2854 bonum
671 2825 816 2861 signiﬁcat,
836 2826 925 2862 ἀγροὴ
942 2826 989 2854 bo—

201 2866 274 2888 nam.

1043 942 1110 965 tune
1127 942 1219 971 postes
1240 935 1385 970 opposuit;
1408 939 1435 961 et
1453 934 1656 960 interminatam
1676 932 1836 966 propensio-

1043 991 1103 1010 nem
1121 983 1228 1012 anitum.
1247 987 1273 1008 et
1294 988 1403 1014 corpus;
1422 980 1494 1007 velut
1511 979 1538 1006 in
1553 978 1644 1005 medio
1659 977 1749 1011 templi
1769 977 1841 1004 Ilic—

1044 1027 1231 1063 rosolymitani
1249 1027 1336 1053 velum
1351 1027 1468 1054 cordata:
1485 1025 1583 1052 mentis
1601 1024 1747 1058 interjecit,
1762 1023 1836 1057 quod

1043 1081 1204 1101 consensum
1220 1073 1461 1107 arceret;ipsaquc
1483 1070 1582 1096 mentis
1606 1069 1850 1103 contemplatione

1043 1119 1200 1154 Seraphicis
1217 1118 1344 1151 adjuncta
1358 1117 1512 1151 spiritibus,
1524 1120 1565 1142 ter
1582 1121 1706 1142 sanctum
1724 1115 1765 1141 sui
1787 1122 1838 1140 nu-

1043 1173 1104 1192 men
1118 1166 1204 1191 solum
1220 1164 1252 1189 ad
1264 1162 1476 1190 misericordiam
1487 1161 1684 1195 impetrandam
1697 1159 1837 1194 supplica-

1043 1210 1088 1237 bat
1104 1208 1289 1242 hujuscemodi
1305 1215 1440 1242 usurpans
1451 1207 1533 1234 vcrba
1550 1207 1641 1233 liberte
1659 1206 1850 1240 ingenua‘que

1043 1254 1191 1291 gratiarum
1219 1253 1333 1280 actionis
1357 1253 1426 1287 apud
1444 1252 1538 1279 Deum.
1558 1251 1596 1277 Tu
1615 1251 1735 1285 quidem,
1751 1258 1768 1277 ο
1783 1251 1838 1277 Do-

1043 1303 1125 1332 mine.
1138 1300 1300 1335 jampridem
1320 1299 1425 1326 hostem
1444 1297 1568 1332 corporis
1596 1297 1648 1324 mei
1666 1304 1746 1324 causa
1775 1296 1836 1324 bel-

1042 1347 1098 1374 lttm
1115 1345 1289 1376 inferentem,
1307 1349 1332 1371 et
1342 1343 1414 1370 velut
1425 1350 1522 1376 equum
1539 1342 1595 1376 ipsa
1612 1342 1734 1376 corporis
1748 1349 1838 1368 ntem-

1043 1393 1090 1420 bra
1107 1391 1292 1422 adhibentem,
1309 1395 1391 1424 atque
1407 1393 1527 1416 utentem
1551 1389 1609 1422 ipsa
1627 1392 1722 1415 natura
1739 1392 1835 1414 contra

1044 1442 1181 1469 naturam,
1199 1437 1326 1470 dignatus
1351 1442 1380 1462 es
1403 1442 1445 1461 me
1459 1439 1489 1460 ut
1503 1433 1672 1467 subjugarim
1684 1437 1711 1459 et
1729 1432 1841 1459 concul-

1043 1482 1145 1512 carim;
1169 1485 1195 1507 ιιι
1223 1481 1286 1506 item
1310 1479 1393 1506 etiam
1422 1485 1503 1509 nunc,
1525 1485 1541 1504 ο
1560 1483 1665 1503 amator
1683 1476 1837 1509 hominum,

1044 1528 1088 1562 qui
1105 1527 1303 1554 indeﬁeientem
1321 1533 1409 1552 meum
1428 1532 1490 1557 erga
1507 1528 1533 1550 te
1549 1530 1669 1550 amorem
1682 1523 1764 1557 probe
1784 1529 1838 1549 no-

1042 1574 1087 1605 sti,
1103 1573 1140 1600 sis
1155 1572 1221 1608 mihi
1236 1572 1261 1598 in
1280 1572 1331 1598 boc
1347 1570 1496 1597 certamine
1519 1569 1666 1603 epitnlator
1678 1577 1685 1600 ;
1696 1572 1723 1596 et
1738 1568 1783 1602 qui
1802 1575 1843 1595 ex:

1043 1619 1146 1649 inlimis
1162 1617 1278 1651 erumpit
1291 1616 1458 1650 praecordiis,
1473 1615 1573 1643 fontem
1591 1614 1686 1647 excipe
1697 1614 1835 1648 Iacryam-

1043 1673 1112 1697 rum,
1134 1672 1165 1691 ac
1181 1664 1270 1690 tribue
1286 1663 1319 1689 de
1333 1663 1391 1696 ipso
1407 1663 1484 1688 hoste
1501 1661 1566 1688 mihi
1585 1661 1731 1695 gloriosam
1751 1661 1839 1686 victo-

1041 1711 1121 1741 riam,
1136 1717 1151 1736 ο
1167 1710 1319 1736 animarqu
1343 1708 1507 1741 humanique
1529 1707 1636 1741 generis
1652 1712 1774 1739 amator;
1790 1707 1844 1740 qui.

1041 1757 1135 1787 etiam,
1149 1756 1220 1790 quod
1242 1755 1349 1789 propria
1376 1761 1456 1780 manu
1478 1753 1730 1780 victoriosissitmtm
1749 1759 1839 1779 certa—

1043 1810 1102 1828 men
1118 1808 1178 1828 cum
1198 1806 1292 1827 nostro
1317 1800 1411 1826 eodem
1440 1799 1518 1826 hoste
1540 1799 1635 1830 iniisti,
1651 1798 1727 1825 nobis
1756 1799 1843 1825 ascri-

1041 1845 1105 1872 bere
1128 1853 1159 1872 ac
1184 1846 1303 1872 tribuere
1326 1844 1520 1879 benignissime
1540 1852 1570 1871 es
1587 1845 1714 1878 dignatus
1731 1852 1737 1870 :
1753 1852 1837 1878 quam

1041 1893 1122 1918 etiam
1139 1893 1306 1923 obcausam,
1322 1899 1337 1919 ο
1351 1891 1455 1925 peccati
1474 1897 1571 1924 expers
1587 1890 1711 1922 Domine,
1733 1890 1766 1917 de
1792 1898 1840 1918 no-

1042 1942 1098 1964 stra
1109 1943 1247 1972 sumptam
1263 1945 1311 1971 pro
1329 1937 1408 1963 nobis
1425 1943 1534 1963 carnem
1553 1936 1680 1962 induisti.

1077 1983 1102 2009 7.
1117 1982 1163 2009 Illa
1179 1990 1242 2009 vero
1259 1983 1316 2009 lucc
1325 1983 1461 2009 Christum
1478 1981 1652 2016 precabatur.
1669 1989 1721 2007 non
1735 1986 1762 2008 ut
1775 1989 1839 2008 eer-

1043 2032 1131 2055 tztmcn
1148 2029 1278 2060 cvitaret,
1295 2027 1342 2054 sed
1366 2033 1395 2054 ut
1421 2028 1492 2054 vires
1516 2027 1568 2054 sibi
1592 2026 1782 2053 sullicerentnr
1804 2027 1838 2052 ad

1043 2075 1214 2109 martyrium.
1246 2073 1410 2100 Exaudierat
1427 2073 1498 2099 enim
1523 2072 1628 2106 Agatlta
1648 2071 1839 2098 mulierculam

1043 2121 1187 2155 quamdam
1207 2119 1335 2154 pessimis
1350 2119 1456 2144 artibus
1472 2118 1592 2144 deditam
1609 2124 1670 2144 cum
1689 2116 1840 2149 Quintiano

1043 2166 1075 2192 de
1091 2174 1119 2192 se
1134 2165 1380 2192 communicantem
1393 2184 1400 2196 ,
1429 2169 1456 2191 ct
1479 2164 1582 2190 idcirco
1603 2170 1733 2197 perquam
1758 2169 1839 2196 para-

1045 2211 1148 2239 tissima
1179 2218 1265 2245 prono
1290 2211 1315 2237 itt
1335 2215 1434 2236 terram
1469 2209 1584 2244 procidit
1606 2209 1697 2239 vultu,
1721 2207 1840 2242 odioque

1043 2261 1136 2283 ευιιιΓςι
1161 2261 1383 2290 persecutorem,
1406 2259 1557 2289 COllll'Mllle
1581 2255 1668 2289 ipsum
1685 2258 1839 2287 peccatum,

1043 2302 1149 2328 ardenti
1164 2302 1245 2328 etiam
1261 2301 1363 2328 amoris
1374 2308 1438 2336 erga
1456 2300 1538 2329 Deum
1554 2300 1672 2327 excitato
1692 2299 1840 2330 desiderio,

1043 2348 1076 2375 ad
1090 2348 1206 2374 intactos
1231 2347 1336 2374 Domini
1361 2349 1444 2382 pedes
1464 2347 1629 2376 advolvitur,
1646 2346 1716 2373 sicut
1730 2346 1762 2372 ad
1779 2344 1842 2379 ejus

1045 2394 1131 2420 vestis
1156 2393 1288 2428 laciniam
1307 2393 1350 2420 illa
1375 2393 1439 2420 olim
1458 2392 1687 2420 ltzentorrboissa'
1701 2401 1708 2419 ;
1722 2396 1750 2418 et
1776 2398 1842 2425 pro-

1046 2439 1155 2466 ﬂuvium
1165 2439 1274 2474 quidem
1290 2447 1342 2465 tton
1359 2439 1476 2465 inhibuit
1489 2439 1551 2468 (hoc
1561 2439 1634 2464 enim
1650 2446 1701 2464 non
1714 2437 1838 2471 patieba~

1046 2492 1106 2518 tur;
1119 2486 1206 2520 potius
1219 2493 1283 2512 vero
1297 2485 1377 2519 (sicut
1388 2484 1506 2513 Joannes
1523 2485 1598 2519 virgo
1614 2484 1744 2511 ﬂuentum
1761 2483 1841 2510 theo-

1086 2651 1124 2686 (5)
1147 2649 1259 2684 luueges
1281 2655 1361 2686 negat
1389 2651 1452 2677 hinc
1475 2649 1564 2684 sequi,
1585 2652 1710 2683 parentes
1734 2653 1837 2686 sancta:

1046 2683 1157 2721 Agatltze
1172 2683 1256 2712 fuisso
1276 2683 1460 2716 christianos;
1478 2683 1658 2719 praeterquam
1671 2684 1743 2718 quod
1756 2683 1834 2721 iden-

1041 2718 1123 2748 tidem
1146 2722 1297 2747 oratiouent
1325 2722 1406 2753 hanc,
1429 2721 1564 2755 principio
1585 2718 1836 2755 exrcpto,procla-

1042 2762 1094 2782 mel
1123 2756 1248 2782 Metltodii
1272 2764 1324 2783 non
1356 2754 1435 2785 esse,
1454 2756 1500 2782 sed
1542 2755 1665 2781 ntoderni
1686 2754 1835 2786 cujuSpiam

1043 2791 1198 2825 srriptoris,
1209 2799 1259 2818 nec
1271 2792 1378 2826 dignam
1395 2791 1457 2818 ﬁde.
1469 2790 1582 2817 l'ra‘lert
1592 2789 1650 2823 ipse
1662 2788 1836 2826 vaticinium,

1043 2828 1115 2887 «Surgit
1145 2835 1227 2876 squra
1250 2834 1284 2854 ex
1300 2824 1393 2854 codice
1421 2826 1617 2854 l‘auormitano
1645 2824 1760 2851 relatum
1793 2828 1835 2851 est.

1096 2883 1101 2887 .
1126 2871 1153 2887 ιι.
1172 2862 1215 2887 .56.

1046 2862 1101 2897 §8,
1126 2871 1153 2890 ιι.
1172 2862 1215 2889 56.
