  <div class='ocr_page' id='page_1' title='image "/cluster/home/n/w/nwhite01/storage/ocr_20150623/100/njp.32101077772869/689.png"; bbox 0 0 1948 3077; ppageno 0'>
   <div class='ocr_carea' id='block_1_1' title="bbox 189 141 261 176">
    <p class='ocr_par' dir='ltr' id='par_1_1' title="bbox 189 141 261 176">
     <span class='ocr_line' id='line_1_1' title="bbox 189 141 261 176; baseline -0.014 0"><span class='ocrx_word' id='word_1_1' title='bbox 189 141 261 176; x_wconf 75' lang='lat'><strong>1279</strong></span> 
     </span>
    </p>
   </div>
   <div class='ocr_carea' id='block_1_2' title="bbox 188 197 1017 238">
    <p class='ocr_par' dir='ltr' id='par_1_2' title="bbox 188 197 1017 238">
     <span class='ocr_line' id='line_1_2' title="bbox 188 197 1017 238; baseline 0.006 -12"><span class='ocrx_word' id='word_1_2' title='bbox 188 203 234 226; x_wconf 85' lang='lat' dir='ltr'><strong>tus</strong></span> <span class='ocrx_word' id='word_1_3' title='bbox 252 197 340 226; x_wconf 87' lang='lat' dir='ltr'><strong>fuerat</strong></span> <span class='ocrx_word' id='word_1_4' title='bbox 360 205 374 225; x_wconf 85' lang='lat' dir='ltr'><strong>a</strong></span> <span class='ocrx_word' id='word_1_5' title='bbox 401 199 583 233; x_wconf 84' lang='lat' dir='ltr'><strong>satellitibus,</strong></span> <span class='ocrx_word' id='word_1_6' title='bbox 600 201 632 228; x_wconf 92' lang='lat' dir='ltr'><strong>ad</strong></span> <span class='ocrx_word' id='word_1_7' title='bbox 648 201 783 236; x_wconf 77' lang='lat' dir='ltr'><strong>Agatham</strong></span> <span class='ocrx_word' id='word_1_8' title='bbox 807 203 978 238; x_wconf 77' lang='lat' dir='ltr'><strong>salutandam</strong></span> <span class='ocrx_word' id='word_1_9' title='bbox 994 206 1017 234; x_wconf 78' lang='grc' dir='ltr'><strong>Α</strong></span> 
     </span>
    </p>
   </div>
   <div class='ocr_carea' id='block_1_3' title="bbox 189 244 979 282">
    <p class='ocr_par' dir='ltr' id='par_1_3' title="bbox 189 244 979 282">
     <span class='ocr_line' id='line_1_3' title="bbox 189 244 979 282; baseline 0.008 -12"><span class='ocrx_word' id='word_1_10' title='bbox 189 244 363 278; x_wconf 84' lang='lat' dir='ltr'><strong>accedentes,</strong></span> <span class='ocrx_word' id='word_1_11' title='bbox 378 244 402 271; x_wconf 91' lang='lat' dir='ltr'><strong>in</strong></span> <span class='ocrx_word' id='word_1_12' title='bbox 417 245 510 272; x_wconf 89' lang='lat' dir='ltr'><strong>osculo</strong></span> <span class='ocrx_word' id='word_1_13' title='bbox 528 251 624 274; x_wconf 87' lang='lat' dir='ltr'><strong>sancto</strong></span> <span class='ocrx_word' id='word_1_14' title='bbox 644 254 702 274; x_wconf 88' lang='lat' dir='ltr'><strong>eam</strong></span> <span class='ocrx_word' id='word_1_15' title='bbox 719 253 915 282; x_wconf 85' lang='lat' dir='ltr'><strong>susceperunt;</strong></span> <span class='ocrx_word' id='word_1_16' title='bbox 930 250 979 276; x_wconf 85' lang='lat' dir='ltr'><strong>de-</strong></span> 
     </span>
    </p>
   </div>
   <div class='ocr_carea' id='block_1_4' title="bbox 190 289 980 327">
    <p class='ocr_par' dir='ltr' id='par_1_4' title="bbox 190 289 980 327">
     <span class='ocr_line' id='line_1_4' title="bbox 190 289 980 327; baseline 0.009 -14"><span class='ocrx_word' id='word_1_17' title='bbox 190 296 243 322; x_wconf 87' lang='lat' dir='ltr'><strong>que</strong></span> <span class='ocrx_word' id='word_1_18' title='bbox 258 289 343 315; x_wconf 79' lang='lat' dir='ltr'><strong>reditu</strong></span> <span class='ocrx_word' id='word_1_19' title='bbox 364 289 507 323; x_wconf 58' lang='lat' dir='ltr'><strong>gratulatio.</strong></span> <span class='ocrx_word' id='word_1_20' title='bbox 530 291 651 318; x_wconf 89' lang='lat' dir='ltr'><strong>animum</strong></span> <span class='ocrx_word' id='word_1_21' title='bbox 675 291 790 327; x_wconf 82' lang='lat' dir='ltr'><strong>faciunt,</strong></span> <span class='ocrx_word' id='word_1_22' title='bbox 808 297 838 320; x_wconf 94' lang='lat' dir='ltr'><strong>ut</strong></span> <span class='ocrx_word' id='word_1_23' title='bbox 862 294 980 320; x_wconf 87' lang='lat' dir='ltr'><strong>stadium</strong></span> 
     </span>
    </p>
   </div>
   <div class='ocr_carea' id='block_1_5' title="bbox 190 335 981 372">
    <p class='ocr_par' dir='ltr' id='par_1_5' title="bbox 190 335 981 372">
     <span class='ocr_line' id='line_1_5' title="bbox 190 335 981 372; baseline 0.004 -11"><span class='ocrx_word' id='word_1_24' title='bbox 190 341 268 361; x_wconf 75' lang='lat' dir='ltr'><strong>ouum</strong></span> <span class='ocrx_word' id='word_1_25' title='bbox 287 335 412 362; x_wconf 86' lang='lat' dir='ltr'><strong>conficiat</strong></span> <span class='ocrx_word' id='word_1_26' title='bbox 432 335 532 362; x_wconf 89' lang='lat' dir='ltr'><strong>virtute</strong></span> <span class='ocrx_word' id='word_1_27' title='bbox 559 336 670 370; x_wconf 83' lang='lat' dir='ltr'><strong>dignum</strong></span> <span class='ocrx_word' id='word_1_28' title='bbox 697 345 705 364; x_wconf 85' lang='lat'><strong>:</strong></span> <span class='ocrx_word' id='word_1_29' title='bbox 722 342 751 364; x_wconf 91' lang='lat' dir='ltr'><strong>et</strong></span> <span class='ocrx_word' id='word_1_30' title='bbox 767 345 826 372; x_wconf 65' lang='lat' dir='ltr'><strong>qua:</strong></span> <span class='ocrx_word' id='word_1_31' title='bbox 848 343 900 364; x_wconf 87' lang='lat' dir='ltr'><strong>tam</strong></span> <span class='ocrx_word' id='word_1_32' title='bbox 920 346 981 366; x_wconf 88' lang='lat' dir='ltr'><strong>con-</strong></span> 
     </span>
    </p>
   </div>
   <div class='ocr_carea' id='block_1_6' title="bbox 190 376 980 418">
    <p class='ocr_par' dir='ltr' id='par_1_6' title="bbox 190 376 980 418">
     <span class='ocr_line' id='line_1_6' title="bbox 190 376 980 418; baseline 0.005 -11"><span class='ocrx_word' id='word_1_33' title='bbox 190 384 294 407; x_wconf 83' lang='lat' dir='ltr'><strong>stanter</strong></span> <span class='ocrx_word' id='word_1_34' title='bbox 304 381 393 413; x_wconf 86' lang='lat' dir='ltr'><strong>primo</strong></span> <span class='ocrx_word' id='word_1_35' title='bbox 408 376 558 408; x_wconf 83' lang='lat' dir='ltr'><strong>certamine</strong></span> <span class='ocrx_word' id='word_1_36' title='bbox 575 383 715 410; x_wconf 62' lang='lat' dir='ltr'><strong>servandae</strong></span> <span class='ocrx_word' id='word_1_37' title='bbox 734 383 839 418; x_wconf 88' lang='lat' dir='ltr'><strong>Sponso</strong></span> <span class='ocrx_word' id='word_1_38' title='bbox 862 392 913 411; x_wconf 90' lang='lat' dir='ltr'><strong>suo</strong></span> <span class='ocrx_word' id='word_1_39' title='bbox 928 385 980 411; x_wconf 87' lang='lat' dir='ltr'><strong>vir-</strong></span> 
     </span>
    </p>
   </div>
   <div class='ocr_carea' id='block_1_7' title="bbox 190 426 982 466">
    <p class='ocr_par' dir='ltr' id='par_1_7' title="bbox 190 426 982 466">
     <span class='ocr_line' id='line_1_7' title="bbox 190 426 982 466; baseline 0.009 -15"><span class='ocrx_word' id='word_1_40' title='bbox 190 426 312 460; x_wconf 84' lang='lat' dir='ltr'><strong>ginitatis</strong></span> <span class='ocrx_word' id='word_1_41' title='bbox 324 426 411 453; x_wconf 91' lang='lat' dir='ltr'><strong>solum</strong></span> <span class='ocrx_word' id='word_1_42' title='bbox 431 428 572 462; x_wconf 80' lang='lat' dir='ltr'><strong>migrando</strong></span> <span class='ocrx_word' id='word_1_43' title='bbox 583 429 716 461; x_wconf 78' lang='lat' dir='ltr'><strong>cucurrit,</strong></span> <span class='ocrx_word' id='word_1_44' title='bbox 732 437 763 457; x_wconf 92' lang='lat' dir='ltr'><strong>ac</strong></span> <span class='ocrx_word' id='word_1_45' title='bbox 778 429 905 465; x_wconf 86' lang='lat' dir='ltr'><strong>fugiendo</strong></span> <span class='ocrx_word' id='word_1_46' title='bbox 919 439 982 466; x_wconf 86' lang='lat' dir='ltr'><strong>per-</strong></span> 
     </span>
    </p>
   </div>
   <div class='ocr_carea' id='block_1_8' title="bbox 191 471 983 511">
    <p class='ocr_par' dir='ltr' id='par_1_8' title="bbox 191 471 983 511">
     <span class='ocr_line' id='line_1_8' title="bbox 191 471 983 511; baseline 0.008 -14"><span class='ocrx_word' id='word_1_47' title='bbox 191 471 254 498; x_wconf 92' lang='lat' dir='ltr'><strong>vicit</strong></span> <span class='ocrx_word' id='word_1_48' title='bbox 278 472 401 505; x_wconf 80' lang='lat' dir='ltr'><strong>hostem;</strong></span> <span class='ocrx_word' id='word_1_49' title='bbox 420 481 491 500; x_wconf 91' lang='lat' dir='ltr'><strong>nunc</strong></span> <span class='ocrx_word' id='word_1_50' title='bbox 516 473 542 500; x_wconf 91' lang='lat' dir='ltr'><strong>in</strong></span> <span class='ocrx_word' id='word_1_51' title='bbox 559 474 646 501; x_wconf 89' lang='lat' dir='ltr'><strong>altero</strong></span> <span class='ocrx_word' id='word_1_52' title='bbox 664 481 751 509; x_wconf 81' lang='lat' dir='ltr'><strong>agone</strong></span> <span class='ocrx_word' id='word_1_53' title='bbox 768 483 817 509; x_wconf 90' lang='lat' dir='ltr'><strong>pro</strong></span> <span class='ocrx_word' id='word_1_54' title='bbox 834 476 893 503; x_wconf 84' lang='lat' dir='ltr'><strong>fidei</strong></span> <span class='ocrx_word' id='word_1_55' title='bbox 919 484 983 511; x_wconf 89' lang='lat' dir='ltr'><strong>pro-</strong></span> 
     </span>
    </p>
   </div>
   <div class='ocr_carea' id='block_1_9' title="bbox 190 516 983 556">
    <p class='ocr_par' dir='ltr' id='par_1_9' title="bbox 190 516 983 556">
     <span class='ocr_line' id='line_1_9' title="bbox 190 516 983 556; baseline 0.009 -12"><span class='ocrx_word' id='word_1_56' title='bbox 190 516 308 545; x_wconf 80' lang='lat' dir='ltr'><strong>fessione</strong></span> <span class='ocrx_word' id='word_1_57' title='bbox 318 526 403 552; x_wconf 89' lang='lat' dir='ltr'><strong>usque</strong></span> <span class='ocrx_word' id='word_1_58' title='bbox 421 521 454 546; x_wconf 89' lang='lat' dir='ltr'><strong>ad</strong></span> <span class='ocrx_word' id='word_1_59' title='bbox 468 525 582 546; x_wconf 90' lang='lat' dir='ltr'><strong>mortem</strong></span> <span class='ocrx_word' id='word_1_60' title='bbox 600 520 708 548; x_wconf 83' lang='lat' dir='ltr'><strong>fortiter</strong></span> <span class='ocrx_word' id='word_1_61' title='bbox 719 521 885 555; x_wconf 74' lang='lat' dir='ltr'><strong>dimicando,</strong></span> <span class='ocrx_word' id='word_1_62' title='bbox 899 522 983 556; x_wconf 82' lang='lat' dir='ltr'><strong>Quin-</strong></span> 
     </span>
    </p>
   </div>
   <div class='ocr_carea' id='block_1_10' title="bbox 191 562 981 601">
    <p class='ocr_par' dir='ltr' id='par_1_10' title="bbox 191 562 981 601">
     <span class='ocr_line' id='line_1_10' title="bbox 191 562 981 601; baseline 0.008 -12"><span class='ocrx_word' id='word_1_63' title='bbox 191 562 293 590; x_wconf 85' lang='lat' dir='ltr'><strong>tianum</strong></span> <span class='ocrx_word' id='word_1_64' title='bbox 325 563 460 596; x_wconf 82' lang='lat' dir='ltr'><strong>debellet,</strong></span> <span class='ocrx_word' id='word_1_65' title='bbox 483 572 514 592; x_wconf 88' lang='lat' dir='ltr'><strong>ac</strong></span> <span class='ocrx_word' id='word_1_66' title='bbox 547 565 688 593; x_wconf 88' lang='lat' dir='ltr'><strong>moriendo</strong></span> <span class='ocrx_word' id='word_1_67' title='bbox 723 567 840 601; x_wconf 74' lang='lat' dir='ltr'><strong>gloriose</strong></span> <span class='ocrx_word' id='word_1_68' title='bbox 874 569 981 595; x_wconf 83' lang='lat' dir='ltr'><strong>tandem</strong></span> 
     </span>
    </p>
   </div>
   <div class='ocr_carea' id='block_1_11' title="bbox 191 610 985 647">
    <p class='ocr_par' dir='ltr' id='par_1_11' title="bbox 191 610 985 647">
     <span class='ocr_line' id='line_1_11' title="bbox 191 610 985 647; baseline 0.006 -11"><span class='ocrx_word' id='word_1_69' title='bbox 191 610 349 645; x_wconf 87' lang='lat' dir='ltr'><strong>triumphet.</strong></span> <span class='ocrx_word' id='word_1_70' title='bbox 364 610 408 637; x_wconf 91' lang='lat' dir='ltr'><strong>llla</strong></span> <span class='ocrx_word' id='word_1_71' title='bbox 424 618 497 643; x_wconf 89' lang='lat' dir='ltr'><strong>vere,</strong></span> <span class='ocrx_word' id='word_1_72' title='bbox 508 611 581 638; x_wconf 86' lang='lat' dir='ltr'><strong>Meas</strong></span> <span class='ocrx_word' id='word_1_73' title='bbox 593 612 706 646; x_wconf 86' lang='lat' dir='ltr'><strong>,inquit,</strong></span> <span class='ocrx_word' id='word_1_74' title='bbox 716 620 777 647; x_wconf 85' lang='lat' dir='ltr'><strong>spes</strong></span> <span class='ocrx_word' id='word_1_75' title='bbox 788 614 814 640; x_wconf 94' lang='lat' dir='ltr'><strong>in</strong></span> <span class='ocrx_word' id='word_1_76' title='bbox 829 613 882 640; x_wconf 87' lang='lat' dir='ltr'><strong>Deo</strong></span> <span class='ocrx_word' id='word_1_77' title='bbox 902 614 985 641; x_wconf 77' lang='lat' dir='ltr'><strong>collo-</strong></span> 
     </span>
    </p>
   </div>
   <div class='ocr_carea' id='block_1_12' title="bbox 190 656 985 692">
    <p class='ocr_par' dir='ltr' id='par_1_12' title="bbox 190 656 985 692">
     <span class='ocr_line' id='line_1_12' title="bbox 190 656 985 692; baseline 0.006 -10"><span class='ocrx_word' id='word_1_78' title='bbox 190 657 271 683; x_wconf 90' lang='lat' dir='ltr'><strong>cavi:</strong></span> <span class='ocrx_word' id='word_1_79' title='bbox 299 656 357 690; x_wconf 85' lang='lat' dir='ltr'><strong>ejus</strong></span> <span class='ocrx_word' id='word_1_80' title='bbox 380 656 445 682; x_wconf 89' lang='lat' dir='ltr'><strong>mihi</strong></span> <span class='ocrx_word' id='word_1_81' title='bbox 478 656 562 683; x_wconf 78' lang='lat' dir='ltr'><strong>Filius</strong></span> <span class='ocrx_word' id='word_1_82' title='bbox 578 658 650 684; x_wconf 87' lang='lat' dir='ltr'><strong>vires</strong></span> <span class='ocrx_word' id='word_1_83' title='bbox 678 658 803 686; x_wconf 78' lang='lat' dir='ltr'><strong>sufficiet.</strong></span> <span class='ocrx_word' id='word_1_84' title='bbox 829 658 893 692; x_wconf 84' lang='lat' dir='ltr'><strong>Ejus</strong></span> <span class='ocrx_word' id='word_1_85' title='bbox 912 659 985 687; x_wconf 81' lang='lat' dir='ltr'><strong>freta</strong></span> 
     </span>
    </p>
   </div>
   <div class='ocr_carea' id='block_1_13' title="bbox 190 702 984 737">
    <p class='ocr_par' dir='ltr' id='par_1_13' title="bbox 190 702 984 737">
     <span class='ocr_line' id='line_1_13' title="bbox 190 702 984 737; baseline 0.006 -10"><span class='ocrx_word' id='word_1_86' title='bbox 190 702 308 734; x_wconf 84' lang='lat' dir='ltr'><strong>auxiliis,</strong></span> <span class='ocrx_word' id='word_1_87' title='bbox 336 702 443 737; x_wconf 78' lang='lat' dir='ltr'><strong>tyranni</strong></span> <span class='ocrx_word' id='word_1_88' title='bbox 473 703 571 734; x_wconf 80' lang='lat' dir='ltr'><strong>minus,</strong></span> <span class='ocrx_word' id='word_1_89' title='bbox 590 703 722 735; x_wconf 85' lang='lat' dir='ltr'><strong>verbera,</strong></span> <span class='ocrx_word' id='word_1_90' title='bbox 751 708 898 737; x_wconf 89' lang='lat' dir='ltr'><strong>tormenta,</strong></span> <span class='ocrx_word' id='word_1_91' title='bbox 920 712 984 733; x_wconf 86' lang='lat' dir='ltr'><strong>cru-</strong></span> 
     </span>
    </p>
   </div>
   <div class='ocr_carea' id='block_1_14' title="bbox 191 748 986 790">
    <p class='ocr_par' dir='ltr' id='par_1_14' title="bbox 191 748 986 790">
     <span class='ocr_line' id='line_1_14' title="bbox 191 748 986 790; baseline 0.005 -17"><span class='ocrx_word' id='word_1_92' title='bbox 191 748 287 778; x_wconf 81' lang='lat' dir='ltr'><strong>ciatus,</strong></span> <span class='ocrx_word' id='word_1_93' title='bbox 310 753 423 775; x_wconf 88' lang='lat' dir='ltr'><strong>mortem</strong></span> <span class='ocrx_word' id='word_1_94' title='bbox 438 748 554 782; x_wconf 90' lang='lat' dir='ltr'><strong>denique</strong></span> <span class='ocrx_word' id='word_1_95' title='bbox 578 750 663 790; x_wconf 74' lang='lat' dir='ltr'><strong>ipsam</strong></span> <span class='ocrx_word' id='word_1_96' title='bbox 690 749 886 777; x_wconf 86' lang='lat' dir='ltr'><strong>devincendam</strong></span> <span class='ocrx_word' id='word_1_97' title='bbox 904 757 986 785; x_wconf 85' lang='lat' dir='ltr'><strong>spero</strong></span> 
     </span>
    </p>
   </div>
   <div class='ocr_carea' id='block_1_15' title="bbox 190 798 357 828">
    <p class='ocr_par' dir='ltr' id='par_1_15' title="bbox 190 798 357 828">
     <span class='ocr_line' id='line_1_15' title="bbox 190 798 357 828; baseline 0.006 -9"><span class='ocrx_word' id='word_1_98' title='bbox 190 798 271 828; x_wconf 84' lang='lat' dir='ltr'><strong>atque</strong></span> <span class='ocrx_word' id='word_1_99' title='bbox 285 798 357 827; x_wconf 91' lang='lat' dir='ltr'><strong>opto.</strong></span> 
     </span>
    </p>
   </div>
   <div class='ocr_carea' id='block_1_16' title="bbox 227 839 984 875">
    <p class='ocr_par' dir='ltr' id='par_1_16' title="bbox 227 839 984 875">
     <span class='ocr_line' id='line_1_16' title="bbox 227 839 984 875; baseline 0.003 -9"><span class='ocrx_word' id='word_1_100' title='bbox 227 839 271 866; x_wconf 69' lang='grc'><strong>12.</strong></span> <span class='ocrx_word' id='word_1_101' title='bbox 287 839 389 867; x_wconf 65' lang='grc' dir='ltr'><strong>Ριοωεεε</strong></span> <span class='ocrx_word' id='word_1_102' title='bbox 406 847 482 871; x_wconf 89' lang='lat' dir='ltr'><strong>vero,</strong></span> <span class='ocrx_word' id='word_1_103' title='bbox 499 840 543 866; x_wconf 92' lang='lat' dir='ltr'><strong>ubi</strong></span> <span class='ocrx_word' id='word_1_104' title='bbox 559 840 664 874; x_wconf 76' lang='lat' dir='ltr'><strong>accepit</strong></span> <span class='ocrx_word' id='word_1_105' title='bbox 680 840 812 875; x_wconf 72' lang='lat' dir='ltr'><strong>Agatham</strong></span> <span class='ocrx_word' id='word_1_106' title='bbox 836 841 869 868; x_wconf 88' lang='lat' dir='ltr'><strong>ad</strong></span> <span class='ocrx_word' id='word_1_107' title='bbox 888 841 984 869; x_wconf 86' lang='lat' dir='ltr'><strong>urbem</strong></span> 
     </span>
    </p>
   </div>
   <div class='ocr_carea' id='block_1_17' title="bbox 191 885 1019 921">
    <p class='ocr_par' dir='ltr' id='par_1_17' title="bbox 191 885 1019 921">
     <span class='ocr_line' id='line_1_17' title="bbox 191 885 1019 921; baseline 0.004 -9"><span class='ocrx_word' id='word_1_108' title='bbox 191 885 350 919; x_wconf 84' lang='lat' dir='ltr'><strong>adventare,</strong></span> <span class='ocrx_word' id='word_1_109' title='bbox 367 889 396 912; x_wconf 84' lang='lat' dir='ltr'><strong>tit</strong></span> <span class='ocrx_word' id='word_1_110' title='bbox 413 885 756 920; x_wconf 83' lang='lat' dir='ltr'><strong>aliquantisperturbatam</strong></span> <span class='ocrx_word' id='word_1_111' title='bbox 776 887 934 921; x_wconf 80' lang='lat' dir='ltr'><strong>civitatem,</strong></span> <span class='ocrx_word' id='word_1_112' title='bbox 951 895 982 915; x_wconf 80' lang='lat' dir='ltr'><strong>ac</strong></span> <span class='ocrx_word' id='word_1_113' title='bbox 998 885 1019 912; x_wconf 82' lang='grc' dir='ltr'><strong>Β</strong></span> 
     </span>
    </p>
   </div>
   <div class='ocr_carea' id='block_1_18' title="bbox 191 930 982 966">
    <p class='ocr_par' dir='ltr' id='par_1_18' title="bbox 191 930 982 966">
     <span class='ocr_line' id='line_1_18' title="bbox 191 930 982 966; baseline 0.006 -10"><span class='ocrx_word' id='word_1_114' title='bbox 191 930 342 965; x_wconf 71' lang='grc' dir='ltr'><strong>ρτωςθηίηι</strong></span> <span class='ocrx_word' id='word_1_115' title='bbox 363 931 469 958; x_wconf 89' lang='lat' dir='ltr'><strong>animos</strong></span> <span class='ocrx_word' id='word_1_116' title='bbox 495 932 758 966; x_wconf 84' lang='lat' dir='ltr'><strong>consanguineorum</strong></span> <span class='ocrx_word' id='word_1_117' title='bbox 784 933 927 966; x_wconf 79' lang='lat' dir='ltr'><strong>mulceret,</strong></span> <span class='ocrx_word' id='word_1_118' title='bbox 956 934 982 961; x_wconf 91' lang='lat' dir='ltr'><strong>in</strong></span> 
     </span>
    </p>
   </div>
   <div class='ocr_carea' id='block_1_19' title="bbox 190 975 984 1010">
    <p class='ocr_par' dir='ltr' id='par_1_19' title="bbox 190 975 984 1010">
     <span class='ocr_line' id='line_1_19' title="bbox 190 975 984 1010; baseline 0.004 -9"><span class='ocrx_word' id='word_1_119' title='bbox 190 975 360 1009; x_wconf 56' lang='lat' dir='ltr'><strong>Aphrodisias</strong></span> <span class='ocrx_word' id='word_1_120' title='bbox 380 976 479 1003; x_wconf 82' lang='lat' dir='ltr'><strong>nobilis</strong></span> <span class='ocrx_word' id='word_1_121' title='bbox 494 975 618 1009; x_wconf 74' lang='lat' dir='ltr'><strong>feminae,</strong></span> <span class='ocrx_word' id='word_1_122' title='bbox 645 978 692 1004; x_wconf 87' lang='lat' dir='ltr'><strong>sed</strong></span> <span class='ocrx_word' id='word_1_123' title='bbox 720 976 852 1010; x_wconf 60' lang='lat' dir='ltr'><strong>famosae,</strong></span> <span class='ocrx_word' id='word_1_124' title='bbox 873 977 984 1005; x_wconf 91' lang='lat' dir='ltr'><strong>dommn</strong></span> 
     </span>
    </p>
   </div>
   <div class='ocr_carea' id='block_1_20' title="bbox 191 1020 985 1058">
    <p class='ocr_par' dir='ltr' id='par_1_20' title="bbox 191 1020 985 1058">
     <span class='ocr_line' id='line_1_20' title="bbox 191 1020 985 1058; baseline 0.003 -11"><span class='ocrx_word' id='word_1_125' title='bbox 191 1020 329 1048; x_wconf 83' lang='lat' dir='ltr'><strong>divertere</strong></span> <span class='ocrx_word' id='word_1_126' title='bbox 342 1021 427 1054; x_wconf 87' lang='lat' dir='ltr'><strong>illam,</strong></span> <span class='ocrx_word' id='word_1_127' title='bbox 441 1026 523 1056; x_wconf 88' lang='lat' dir='ltr'><strong>atque</strong></span> <span class='ocrx_word' id='word_1_128' title='bbox 539 1022 817 1050; x_wconf 79' lang='lat' dir='ltr'><strong>honorificentissime</strong></span> <span class='ocrx_word' id='word_1_129' title='bbox 835 1023 922 1057; x_wconf 75' lang='lat' dir='ltr'><strong>excipi</strong></span> <span class='ocrx_word' id='word_1_130' title='bbox 938 1023 985 1058; x_wconf 85' lang='lat' dir='ltr'><strong>ju-</strong></span> 
     </span>
    </p>
   </div>
   <div class='ocr_carea' id='block_1_21' title="bbox 191 1065 985 1102">
    <p class='ocr_par' dir='ltr' id='par_1_21' title="bbox 191 1065 985 1102">
     <span class='ocr_line' id='line_1_21' title="bbox 191 1065 985 1102; baseline 0.005 -11"><span class='ocrx_word' id='word_1_131' title='bbox 191 1065 247 1097; x_wconf 89' lang='lat' dir='ltr'><strong>bet,</strong></span> <span class='ocrx_word' id='word_1_132' title='bbox 262 1072 360 1092; x_wconf 86' lang='lat' dir='ltr'><strong>cavens</strong></span> <span class='ocrx_word' id='word_1_133' title='bbox 385 1073 419 1092; x_wconf 91' lang='lat' dir='ltr'><strong>ne</strong></span> <span class='ocrx_word' id='word_1_134' title='bbox 438 1066 554 1100; x_wconf 76' lang='lat' dir='ltr'><strong>aliquem</strong></span> <span class='ocrx_word' id='word_1_135' title='bbox 567 1074 600 1093; x_wconf 77' lang='lat' dir='ltr'><strong>ex</strong></span> <span class='ocrx_word' id='word_1_136' title='bbox 617 1066 774 1102; x_wconf 91' lang='lat' dir='ltr'><strong>propinquis</strong></span> <span class='ocrx_word' id='word_1_137' title='bbox 786 1067 844 1101; x_wconf 87' lang='lat' dir='ltr'><strong>ejus</strong></span> <span class='ocrx_word' id='word_1_138' title='bbox 860 1068 923 1095; x_wconf 91' lang='lat' dir='ltr'><strong>illuc</strong></span> <span class='ocrx_word' id='word_1_139' title='bbox 944 1068 985 1095; x_wconf 91' lang='lat' dir='ltr'><strong>iu-</strong></span> 
     </span>
    </p>
   </div>
   <div class='ocr_carea' id='block_1_22' title="bbox 192 1111 984 1148">
    <p class='ocr_par' dir='ltr' id='par_1_22' title="bbox 192 1111 984 1148">
     <span class='ocr_line' id='line_1_22' title="bbox 192 1111 984 1148; baseline 0.004 -10"><span class='ocrx_word' id='word_1_140' title='bbox 192 1111 296 1139; x_wconf 85' lang='lat' dir='ltr'><strong>troduci</strong></span> <span class='ocrx_word' id='word_1_141' title='bbox 313 1117 459 1146; x_wconf 80' lang='lat' dir='ltr'><strong>pateretur.</strong></span> <span class='ocrx_word' id='word_1_142' title='bbox 477 1113 599 1146; x_wconf 60' lang='lat' dir='ltr'><strong>Quatibi</strong></span> <span class='ocrx_word' id='word_1_143' title='bbox 613 1120 689 1140; x_wconf 89' lang='lat' dir='ltr'><strong>mens</strong></span> <span class='ocrx_word' id='word_1_144' title='bbox 703 1114 785 1140; x_wconf 86' lang='lat' dir='ltr'><strong>animi</strong></span> <span class='ocrx_word' id='word_1_145' title='bbox 802 1119 867 1141; x_wconf 88' lang='lat' dir='ltr'><strong>tunc</strong></span> <span class='ocrx_word' id='word_1_146' title='bbox 883 1115 984 1148; x_wconf 88' lang='lat' dir='ltr'><strong>inerat,</strong></span> 
     </span>
    </p>
   </div>
   <div class='ocr_carea' id='block_1_23' title="bbox 193 1157 986 1196">
    <p class='ocr_par' dir='ltr' id='par_1_23' title="bbox 193 1157 986 1196">
     <span class='ocr_line' id='line_1_23' title="bbox 193 1157 986 1196; baseline 0.005 -12"><span class='ocrx_word' id='word_1_147' title='bbox 193 1157 275 1192; x_wconf 82' lang='lat' dir='ltr'><strong>Virgo</strong></span> <span class='ocrx_word' id='word_1_148' title='bbox 300 1159 472 1193; x_wconf 84' lang='lat' dir='ltr'><strong>integerrima</strong></span> <span class='ocrx_word' id='word_1_149' title='bbox 485 1178 492 1191; x_wconf 96' lang='lat'><strong>,</strong></span> <span class='ocrx_word' id='word_1_150' title='bbox 513 1166 576 1186; x_wconf 93' lang='lat' dir='ltr'><strong>cum</strong></span> <span class='ocrx_word' id='word_1_151' title='bbox 595 1164 620 1186; x_wconf 90' lang='lat' dir='ltr'><strong>te</strong></span> <span class='ocrx_word' id='word_1_152' title='bbox 645 1159 779 1187; x_wconf 87' lang='lat' dir='ltr'><strong>inclusam</strong></span> <span class='ocrx_word' id='word_1_153' title='bbox 797 1161 942 1196; x_wconf 84' lang='lat' dir='ltr'><strong>spectabas</strong></span> <span class='ocrx_word' id='word_1_154' title='bbox 959 1161 986 1188; x_wconf 91' lang='lat' dir='ltr'><strong>in</strong></span> 
     </span>
    </p>
   </div>
   <div class='ocr_carea' id='block_1_24' title="bbox 193 1203 986 1238">
    <p class='ocr_par' dir='ltr' id='par_1_24' title="bbox 193 1203 986 1238">
     <span class='ocr_line' id='line_1_24' title="bbox 193 1203 986 1238; baseline 0.001 -6"><span class='ocrx_word' id='word_1_155' title='bbox 193 1203 240 1232; x_wconf 85' lang='lat' dir='ltr'><strong>illo</strong></span> <span class='ocrx_word' id='word_1_156' title='bbox 261 1204 451 1237; x_wconf 73' lang='lat' dir='ltr'><strong>Aphrodisite,</strong></span> <span class='ocrx_word' id='word_1_157' title='bbox 473 1211 625 1238; x_wconf 84' lang='lat' dir='ltr'><strong>novemque</strong></span> <span class='ocrx_word' id='word_1_158' title='bbox 655 1205 877 1232; x_wconf 84' lang='lat' dir='ltr'><strong>muliercularum</strong></span> <span class='ocrx_word' id='word_1_159' title='bbox 907 1207 986 1233; x_wconf 91' lang='lat' dir='ltr'><strong>matri</strong></span> 
     </span>
    </p>
   </div>
   <div class='ocr_carea' id='block_1_25' title="bbox 193 1250 987 1286">
    <p class='ocr_par' dir='ltr' id='par_1_25' title="bbox 193 1250 987 1286">
     <span class='ocr_line' id='line_1_25' title="bbox 193 1250 987 1286; baseline 0.001 -8"><span class='ocrx_word' id='word_1_160' title='bbox 193 1257 243 1285; x_wconf 84' lang='lat' dir='ltr'><strong>per</strong></span> <span class='ocrx_word' id='word_1_161' title='bbox 256 1258 336 1284; x_wconf 87' lang='lat' dir='ltr'><strong>quam</strong></span> <span class='ocrx_word' id='word_1_162' title='bbox 355 1250 503 1282; x_wconf 82' lang='lat' dir='ltr'><strong>similium,</strong></span> <span class='ocrx_word' id='word_1_163' title='bbox 519 1250 672 1286; x_wconf 80' lang='lat' dir='ltr'><strong>prostibula</strong></span> <span class='ocrx_word' id='word_1_164' title='bbox 690 1251 790 1285; x_wconf 83' lang='lat' dir='ltr'><strong>potius,</strong></span> <span class='ocrx_word' id='word_1_165' title='bbox 807 1259 888 1285; x_wconf 86' lang='lat' dir='ltr'><strong>quam</strong></span> <span class='ocrx_word' id='word_1_166' title='bbox 907 1252 987 1279; x_wconf 85' lang='lat' dir='ltr'><strong>nobi-</strong></span> 
     </span>
    </p>
   </div>
   <div class='ocr_carea' id='block_1_26' title="bbox 194 1296 988 1332">
    <p class='ocr_par' dir='ltr' id='par_1_26' title="bbox 194 1296 988 1332">
     <span class='ocr_line' id='line_1_26' title="bbox 194 1296 988 1332; baseline 0.003 -10"><span class='ocrx_word' id='word_1_167' title='bbox 194 1296 258 1323; x_wconf 92' lang='lat' dir='ltr'><strong>limn</strong></span> <span class='ocrx_word' id='word_1_168' title='bbox 275 1296 388 1324; x_wconf 85' lang='lat' dir='ltr'><strong>honesta</strong></span> <span class='ocrx_word' id='word_1_169' title='bbox 400 1296 500 1323; x_wconf 80' lang='lat' dir='ltr'><strong>domo?</strong></span> <span class='ocrx_word' id='word_1_170' title='bbox 526 1297 659 1330; x_wconf 84' lang='lat' dir='ltr'><strong>Quidnam</strong></span> <span class='ocrx_word' id='word_1_171' title='bbox 677 1297 769 1325; x_wconf 87' lang='lat' dir='ltr'><strong>animo</strong></span> <span class='ocrx_word' id='word_1_172' title='bbox 786 1297 912 1332; x_wconf 77' lang='lat' dir='ltr'><strong>virginali</strong></span> <span class='ocrx_word' id='word_1_173' title='bbox 931 1305 988 1324; x_wconf 91' lang='lat' dir='ltr'><strong>me-</strong></span> 
     </span>
    </p>
   </div>
   <div class='ocr_carea' id='block_1_27' title="bbox 194 1341 986 1370">
    <p class='ocr_par' dir='ltr' id='par_1_27' title="bbox 194 1341 986 1370">
     <span class='ocr_line' id='line_1_27' title="bbox 194 1341 986 1370; baseline 0.001 -1"><span class='ocrx_word' id='word_1_174' title='bbox 194 1342 324 1369; x_wconf 87' lang='lat' dir='ltr'><strong>ditabaris</strong></span> <span class='ocrx_word' id='word_1_175' title='bbox 341 1342 366 1368; x_wconf 89' lang='lat' dir='ltr'><strong>in</strong></span> <span class='ocrx_word' id='word_1_176' title='bbox 387 1342 497 1370; x_wconf 80' lang='lat' dir='ltr'><strong>sordido</strong></span> <span class='ocrx_word' id='word_1_177' title='bbox 511 1343 555 1369; x_wconf 93' lang='lat' dir='ltr'><strong>illo</strong></span> <span class='ocrx_word' id='word_1_178' title='bbox 570 1342 715 1369; x_wconf 80' lang='lat' dir='ltr'><strong>infantium</strong></span> <span class='ocrx_word' id='word_1_179' title='bbox 729 1341 857 1370; x_wconf 85' lang='lat' dir='ltr'><strong>Sirenum</strong></span> <span class='ocrx_word' id='word_1_180' title='bbox 868 1350 986 1370; x_wconf 41' lang='lat' dir='ltr'><strong>.cmnoso</strong></span> 
     </span>
    </p>
   </div>
   <div class='ocr_carea' id='block_1_28' title="bbox 194 1388 986 1424">
    <p class='ocr_par' dir='ltr' id='par_1_28' title="bbox 194 1388 986 1424">
     <span class='ocr_line' id='line_1_28' title="bbox 194 1388 986 1424; baseline 0.003 -9"><span class='ocrx_word' id='word_1_181' title='bbox 194 1388 316 1422; x_wconf 78' lang='lat' dir='ltr'><strong>lupanari</strong></span> <span class='ocrx_word' id='word_1_182' title='bbox 342 1389 444 1422; x_wconf 85' lang='lat' dir='ltr'><strong>verius,</strong></span> <span class='ocrx_word' id='word_1_183' title='bbox 463 1397 545 1424; x_wconf 85' lang='lat' dir='ltr'><strong>quam</strong></span> <span class='ocrx_word' id='word_1_184' title='bbox 563 1392 678 1422; x_wconf 87' lang='lat' dir='ltr'><strong>remoto,</strong></span> <span class='ocrx_word' id='word_1_185' title='bbox 699 1389 833 1424; x_wconf 86' lang='lat' dir='ltr'><strong>dignoque</strong></span> <span class='ocrx_word' id='word_1_186' title='bbox 853 1389 986 1424; x_wconf 80' lang='lat' dir='ltr'><strong>virginum</strong></span> 
     </span>
    </p>
   </div>
   <div class='ocr_carea' id='block_1_29' title="bbox 195 1434 988 1469">
    <p class='ocr_par' dir='ltr' id='par_1_29' title="bbox 195 1434 988 1469">
     <span class='ocr_line' id='line_1_29' title="bbox 195 1434 988 1469; baseline 0.003 -8"><span class='ocrx_word' id='word_1_187' title='bbox 195 1434 341 1469; x_wconf 64' lang='lat' dir='ltr'><strong>gynaeceo?</strong></span> <span class='ocrx_word' id='word_1_188' title='bbox 355 1434 414 1462; x_wconf 85' lang='lat' dir='ltr'><strong>Non</strong></span> <span class='ocrx_word' id='word_1_189' title='bbox 432 1443 529 1462; x_wconf 85' lang='lat' dir='ltr'><strong>vereor</strong></span> <span class='ocrx_word' id='word_1_190' title='bbox 542 1455 549 1467; x_wconf 93' lang='lat'><strong>,</strong></span> <span class='ocrx_word' id='word_1_191' title='bbox 566 1442 600 1461; x_wconf 87' lang='lat' dir='ltr'><strong>ne</strong></span> <span class='ocrx_word' id='word_1_192' title='bbox 629 1442 684 1461; x_wconf 91' lang='lat' dir='ltr'><strong>non</strong></span> <span class='ocrx_word' id='word_1_193' title='bbox 714 1440 742 1462; x_wconf 92' lang='lat' dir='ltr'><strong>tu</strong></span> <span class='ocrx_word' id='word_1_194' title='bbox 761 1436 889 1463; x_wconf 89' lang='lat' dir='ltr'><strong>honestas</strong></span> <span class='ocrx_word' id='word_1_195' title='bbox 908 1443 988 1463; x_wconf 84' lang='lat' dir='ltr'><strong>aures</strong></span> 
     </span>
    </p>
   </div>
   <div class='ocr_carea' id='block_1_30' title="bbox 196 1479 988 1518">
    <p class='ocr_par' dir='ltr' id='par_1_30' title="bbox 196 1479 988 1518">
     <span class='ocr_line' id='line_1_30' title="bbox 196 1479 988 1518; baseline 0.005 -12"><span class='ocrx_word' id='word_1_196' title='bbox 196 1479 319 1518; x_wconf 75' lang='lat' dir='ltr'><strong>profanis</strong></span> <span class='ocrx_word' id='word_1_197' title='bbox 347 1481 455 1508; x_wconf 84' lang='lat' dir='ltr'><strong>illarum</strong></span> <span class='ocrx_word' id='word_1_198' title='bbox 484 1480 696 1508; x_wconf 82' lang='lat' dir='ltr'><strong>incantamentis</strong></span> <span class='ocrx_word' id='word_1_199' title='bbox 721 1481 910 1515; x_wconf 80' lang='lat' dir='ltr'><strong>obturaveris,</strong></span> <span class='ocrx_word' id='word_1_200' title='bbox 939 1482 988 1510; x_wconf 86' lang='lat' dir='ltr'><strong>sed</strong></span> 
     </span>
    </p>
   </div>
   <div class='ocr_carea' id='block_1_31' title="bbox 195 1526 986 1561">
    <p class='ocr_par' dir='ltr' id='par_1_31' title="bbox 195 1526 986 1561">
     <span class='ocr_line' id='line_1_31' title="bbox 195 1526 986 1561; baseline 0.001 -8"><span class='ocrx_word' id='word_1_201' title='bbox 195 1526 268 1554; x_wconf 78' lang='lat' dir='ltr'><strong>scire</strong></span> <span class='ocrx_word' id='word_1_202' title='bbox 282 1534 348 1553; x_wconf 83' lang='lat' dir='ltr'><strong>sane</strong></span> <span class='ocrx_word' id='word_1_203' title='bbox 359 1527 456 1560; x_wconf 82' lang='lat' dir='ltr'><strong>gestio,</strong></span> <span class='ocrx_word' id='word_1_204' title='bbox 472 1526 494 1553; x_wconf 92' lang='lat' dir='ltr'><strong>si</strong></span> <span class='ocrx_word' id='word_1_205' title='bbox 514 1526 555 1553; x_wconf 91' lang='lat' dir='ltr'><strong>fas</strong></span> <span class='ocrx_word' id='word_1_206' title='bbox 570 1530 642 1554; x_wconf 84' lang='lat' dir='ltr'><strong>esset</strong></span> <span class='ocrx_word' id='word_1_207' title='bbox 654 1545 661 1558; x_wconf 88' lang='lat'><strong>,</strong></span> <span class='ocrx_word' id='word_1_208' title='bbox 688 1526 715 1553; x_wconf 91' lang='lat' dir='ltr'><strong>in</strong></span> <span class='ocrx_word' id='word_1_209' title='bbox 739 1533 870 1561; x_wconf 90' lang='lat' dir='ltr'><strong>quasnam</strong></span> <span class='ocrx_word' id='word_1_210' title='bbox 897 1535 986 1554; x_wconf 83' lang='lat' dir='ltr'><strong>rerum</strong></span> 
     </span>
    </p>
   </div>
   <div class='ocr_carea' id='block_1_32' title="bbox 197 1568 1024 1608">
    <p class='ocr_par' dir='ltr' id='par_1_32' title="bbox 197 1568 1024 1608">
     <span class='ocr_line' id='line_1_32' title="bbox 197 1568 1024 1608; baseline -0.001 -9"><span class='ocrx_word' id='word_1_211' title='bbox 197 1572 347 1600; x_wconf 88' lang='lat' dir='ltr'><strong>divinarum</strong></span> <span class='ocrx_word' id='word_1_212' title='bbox 365 1572 555 1600; x_wconf 86' lang='lat' dir='ltr'><strong>meditationes</strong></span> <span class='ocrx_word' id='word_1_213' title='bbox 572 1573 644 1607; x_wconf 87' lang='lat' dir='ltr'><strong>ipsos</strong></span> <span class='ocrx_word' id='word_1_214' title='bbox 667 1573 780 1608; x_wconf 78' lang='lat' dir='ltr'><strong>triginta</strong></span> <span class='ocrx_word' id='word_1_215' title='bbox 802 1572 860 1599; x_wconf 84' lang='lat' dir='ltr'><strong>dies</strong></span> <span class='ocrx_word' id='word_1_216' title='bbox 873 1577 983 1599; x_wconf 86' lang='lat' dir='ltr'><strong>uoctcs-</strong></span> <span class='ocrx_word' id='word_1_217' title='bbox 1003 1568 1024 1598; x_wconf 75' lang='grc' dir='ltr'><strong>ϐ</strong></span> 
     </span>
    </p>
   </div>
   <div class='ocr_carea' id='block_1_33' title="bbox 197 1616 992 1652">
    <p class='ocr_par' dir='ltr' id='par_1_33' title="bbox 197 1616 992 1652">
     <span class='ocr_line' id='line_1_33' title="bbox 197 1616 992 1652; baseline 0.001 -9"><span class='ocrx_word' id='word_1_218' title='bbox 197 1622 252 1652; x_wconf 86' lang='lat' dir='ltr'><strong>que</strong></span> <span class='ocrx_word' id='word_1_219' title='bbox 282 1616 482 1644; x_wconf 80' lang='lat' dir='ltr'><strong>sanctissimam</strong></span> <span class='ocrx_word' id='word_1_220' title='bbox 519 1622 638 1645; x_wconf 87' lang='lat' dir='ltr'><strong>mentem</strong></span> <span class='ocrx_word' id='word_1_221' title='bbox 667 1623 738 1645; x_wconf 89' lang='lat' dir='ltr'><strong>tuam</strong></span> <span class='ocrx_word' id='word_1_222' title='bbox 770 1617 909 1645; x_wconf 77' lang='lat' dir='ltr'><strong>defixeris.</strong></span> <span class='ocrx_word' id='word_1_223' title='bbox 937 1616 992 1644; x_wconf 86' lang='lat' dir='ltr'><strong>Sed</strong></span> 
     </span>
    </p>
   </div>
   <div class='ocr_carea' id='block_1_34' title="bbox 197 1663 992 1699">
    <p class='ocr_par' dir='ltr' id='par_1_34' title="bbox 197 1663 992 1699">
     <span class='ocr_line' id='line_1_34' title="bbox 197 1663 992 1699; baseline 0 -9"><span class='ocrx_word' id='word_1_224' title='bbox 197 1663 324 1699; x_wconf 89' lang='lat' dir='ltr'><strong>quoniatn</strong></span> <span class='ocrx_word' id='word_1_225' title='bbox 338 1664 406 1697; x_wconf 63' lang='lat' dir='ltr'><strong>haec,</strong></span> <span class='ocrx_word' id='word_1_226' title='bbox 416 1663 517 1699; x_wconf 90' lang='lat' dir='ltr'><strong>quibus</strong></span> <span class='ocrx_word' id='word_1_227' title='bbox 535 1663 604 1690; x_wconf 89' lang='lat' dir='ltr'><strong>nihil</strong></span> <span class='ocrx_word' id='word_1_228' title='bbox 619 1664 746 1691; x_wconf 81' lang='lat' dir='ltr'><strong>arcanius</strong></span> <span class='ocrx_word' id='word_1_229' title='bbox 763 1669 825 1689; x_wconf 89' lang='lat' dir='ltr'><strong>esse</strong></span> <span class='ocrx_word' id='word_1_230' title='bbox 837 1663 927 1695; x_wconf 83' lang='lat' dir='ltr'><strong>debet,</strong></span> <span class='ocrx_word' id='word_1_231' title='bbox 943 1670 992 1690; x_wconf 84' lang='lat' dir='ltr'><strong>nos</strong></span> 
     </span>
    </p>
   </div>
   <div class='ocr_carea' id='block_1_35' title="bbox 197 1708 992 1744">
    <p class='ocr_par' dir='ltr' id='par_1_35' title="bbox 197 1708 992 1744">
     <span class='ocr_line' id='line_1_35' title="bbox 197 1708 992 1744; baseline -0.004 -6"><span class='ocrx_word' id='word_1_232' title='bbox 197 1710 327 1738; x_wconf 84' lang='lat' dir='ltr'><strong>mortales</strong></span> <span class='ocrx_word' id='word_1_233' title='bbox 340 1710 374 1737; x_wconf 87' lang='lat' dir='ltr'><strong>de</strong></span> <span class='ocrx_word' id='word_1_234' title='bbox 391 1714 416 1737; x_wconf 87' lang='lat' dir='ltr'><strong>te</strong></span> <span class='ocrx_word' id='word_1_235' title='bbox 436 1710 464 1736; x_wconf 92' lang='lat' dir='ltr'><strong>in</strong></span> <span class='ocrx_word' id='word_1_236' title='bbox 476 1710 545 1737; x_wconf 68' lang='lat' dir='ltr'><strong>c0310</strong></span> <span class='ocrx_word' id='word_1_237' title='bbox 557 1709 673 1744; x_wconf 84' lang='lat' dir='ltr'><strong>degente</strong></span> <span class='ocrx_word' id='word_1_238' title='bbox 691 1709 786 1737; x_wconf 84' lang='lat' dir='ltr'><strong>audire</strong></span> <span class='ocrx_word' id='word_1_239' title='bbox 805 1716 859 1736; x_wconf 91' lang='lat' dir='ltr'><strong>non</strong></span> <span class='ocrx_word' id='word_1_240' title='bbox 875 1709 949 1741; x_wconf 87' lang='lat' dir='ltr'><strong>licet,</strong></span> <span class='ocrx_word' id='word_1_241' title='bbox 960 1708 992 1735; x_wconf 92' lang='lat' dir='ltr'><strong>li-</strong></span> 
     </span>
    </p>
   </div>
   <div class='ocr_carea' id='block_1_36' title="bbox 198 1755 993 1790">
    <p class='ocr_par' dir='ltr' id='par_1_36' title="bbox 198 1755 993 1790">
     <span class='ocr_line' id='line_1_36' title="bbox 198 1755 993 1790; baseline -0.003 -7"><span class='ocrx_word' id='word_1_242' title='bbox 198 1760 258 1783; x_wconf 88' lang='lat' dir='ltr'><strong>ceat</strong></span> <span class='ocrx_word' id='word_1_243' title='bbox 273 1756 338 1782; x_wconf 88' lang='lat' dir='ltr'><strong>mihi</strong></span> <span class='ocrx_word' id='word_1_244' title='bbox 362 1759 437 1784; x_wconf 85' lang='lat' dir='ltr'><strong>certe</strong></span> <span class='ocrx_word' id='word_1_245' title='bbox 462 1763 544 1788; x_wconf 88' lang='lat' dir='ltr'><strong>nunc,</strong></span> <span class='ocrx_word' id='word_1_246' title='bbox 565 1756 669 1783; x_wconf 87' lang='lat' dir='ltr'><strong>sanctis</strong></span> <span class='ocrx_word' id='word_1_247' title='bbox 693 1755 761 1783; x_wconf 87' lang='lat' dir='ltr'><strong>viris</strong></span> <span class='ocrx_word' id='word_1_248' title='bbox 777 1755 823 1790; x_wconf 90' lang='lat' dir='ltr'><strong>qui</strong></span> <span class='ocrx_word' id='word_1_249' title='bbox 847 1755 874 1782; x_wconf 90' lang='lat' dir='ltr'><strong>in</strong></span> <span class='ocrx_word' id='word_1_250' title='bbox 899 1755 993 1790; x_wconf 82' lang='lat' dir='ltr'><strong>hujus-</strong></span> 
     </span>
    </p>
   </div>
   <div class='ocr_carea' id='block_1_37' title="bbox 199 1802 893 1837">
    <p class='ocr_par' dir='ltr' id='par_1_37' title="bbox 199 1802 893 1837">
     <span class='ocr_line' id='line_1_37' title="bbox 199 1802 893 1837; baseline -0.001 -8"><span class='ocrx_word' id='word_1_251' title='bbox 199 1802 272 1831; x_wconf 85' lang='lat' dir='ltr'><strong>modi</strong></span> <span class='ocrx_word' id='word_1_252' title='bbox 291 1802 461 1830; x_wconf 77' lang='lat' dir='ltr'><strong>calamitates</strong></span> <span class='ocrx_word' id='word_1_253' title='bbox 477 1802 642 1832; x_wconf 85' lang='lat' dir='ltr'><strong>inciderunt.</strong></span> <span class='ocrx_word' id='word_1_254' title='bbox 670 1805 695 1829; x_wconf 86' lang='lat' dir='ltr'><strong>te</strong></span> <span class='ocrx_word' id='word_1_255' title='bbox 721 1809 893 1837; x_wconf 88' lang='lat' dir='ltr'><strong>comparare.</strong></span> 
     </span>
    </p>
   </div>
   <div class='ocr_carea' id='block_1_38' title="bbox 234 1857 994 1893">
    <p class='ocr_par' dir='ltr' id='par_1_38' title="bbox 234 1857 994 1893">
     <span class='ocr_line' id='line_1_38' title="bbox 234 1857 994 1893; baseline 0 -9"><span class='ocrx_word' id='word_1_256' title='bbox 234 1858 279 1885; x_wconf 67' lang='grc'><strong>13.</strong></span> <span class='ocrx_word' id='word_1_257' title='bbox 306 1858 375 1891; x_wconf 87' lang='lat' dir='ltr'><strong>Quid</strong></span> <span class='ocrx_word' id='word_1_258' title='bbox 397 1858 497 1885; x_wconf 88' lang='lat' dir='ltr'><strong>etenim</strong></span> <span class='ocrx_word' id='word_1_259' title='bbox 516 1863 540 1886; x_wconf 91' lang='lat' dir='ltr'><strong>te</strong></span> <span class='ocrx_word' id='word_1_260' title='bbox 553 1858 692 1893; x_wconf 78' lang='lat' dir='ltr'><strong>Virginem</strong></span> <span class='ocrx_word' id='word_1_261' title='bbox 717 1857 918 1884; x_wconf 84' lang='lat' dir='ltr'><strong>sanctissimam</strong></span> <span class='ocrx_word' id='word_1_262' title='bbox 943 1857 994 1884; x_wconf 89' lang='lat' dir='ltr'><strong>Da-</strong></span> 
     </span>
    </p>
   </div>
   <div class='ocr_carea' id='block_1_39' title="bbox 199 1901 994 1938">
    <p class='ocr_par' dir='ltr' id='par_1_39' title="bbox 199 1901 994 1938">
     <span class='ocr_line' id='line_1_39' title="bbox 199 1901 994 1938; baseline 0 -9"><span class='ocrx_word' id='word_1_263' title='bbox 199 1903 253 1930; x_wconf 90' lang='lat' dir='ltr'><strong>vidi</strong></span> <span class='ocrx_word' id='word_1_264' title='bbox 266 1910 346 1938; x_wconf 82' lang='lat' dir='ltr'><strong>quant</strong></span> <span class='ocrx_word' id='word_1_265' title='bbox 361 1903 669 1938; x_wconf 86' lang='lat' dir='ltr'><strong>simillimamjudiccm,</strong></span> <span class='ocrx_word' id='word_1_266' title='bbox 685 1903 732 1938; x_wconf 90' lang='lat' dir='ltr'><strong>qui</strong></span> <span class='ocrx_word' id='word_1_267' title='bbox 746 1902 838 1931; x_wconf 84' lang='lat' dir='ltr'><strong>Saulis</strong></span> <span class='ocrx_word' id='word_1_268' title='bbox 856 1903 927 1937; x_wconf 85' lang='lat' dir='ltr'><strong>regis</strong></span> <span class='ocrx_word' id='word_1_269' title='bbox 951 1901 994 1929; x_wconf 87' lang='lat' dir='ltr'><strong>fu-</strong></span> 
     </span>
    </p>
   </div>
   <div class='ocr_carea' id='block_1_40' title="bbox 199 1948 995 1983">
    <p class='ocr_par' dir='ltr' id='par_1_40' title="bbox 199 1948 995 1983">
     <span class='ocr_line' id='line_1_40' title="bbox 199 1948 995 1983; baseline 0 -7"><span class='ocrx_word' id='word_1_270' title='bbox 199 1956 289 1976; x_wconf 83' lang='lat' dir='ltr'><strong>rorem</strong></span> <span class='ocrx_word' id='word_1_271' title='bbox 305 1949 444 1976; x_wconf 84' lang='lat' dir='ltr'><strong>declinans</strong></span> <span class='ocrx_word' id='word_1_272' title='bbox 462 1950 488 1976; x_wconf 95' lang='lat' dir='ltr'><strong>in</strong></span> <span class='ocrx_word' id='word_1_273' title='bbox 506 1948 625 1976; x_wconf 87' lang='lat' dir='ltr'><strong>ferarum</strong></span> <span class='ocrx_word' id='word_1_274' title='bbox 642 1949 778 1983; x_wconf 84' lang='lat' dir='ltr'><strong>speluncis</strong></span> <span class='ocrx_word' id='word_1_275' title='bbox 795 1949 919 1976; x_wconf 89' lang='lat' dir='ltr'><strong>lalitabat</strong></span> <span class='ocrx_word' id='word_1_276' title='bbox 936 1948 995 1983; x_wconf 83' lang='lat' dir='ltr'><strong>qui~</strong></span> 
     </span>
    </p>
   </div>
   <div class='ocr_carea' id='block_1_41' title="bbox 200 1994 994 2028">
    <p class='ocr_par' dir='ltr' id='par_1_41' title="bbox 200 1994 994 2028">
     <span class='ocr_line' id='line_1_41' title="bbox 200 1994 994 2028; baseline -0.003 -6"><span class='ocrx_word' id='word_1_277' title='bbox 200 1995 262 2023; x_wconf 91' lang='lat' dir='ltr'><strong>dem</strong></span> <span class='ocrx_word' id='word_1_278' title='bbox 276 2015 283 2027; x_wconf 90' lang='lat'><strong>,</strong></span> <span class='ocrx_word' id='word_1_279' title='bbox 303 1995 349 2022; x_wconf 89' lang='lat' dir='ltr'><strong>sed</strong></span> <span class='ocrx_word' id='word_1_280' title='bbox 364 1994 462 2022; x_wconf 89' lang='lat' dir='ltr'><strong>ibidem</strong></span> <span class='ocrx_word' id='word_1_281' title='bbox 478 2002 540 2022; x_wconf 81' lang='lat' dir='ltr'><strong>curn</strong></span> <span class='ocrx_word' id='word_1_282' title='bbox 557 1994 611 2021; x_wconf 84' lang='lat' dir='ltr'><strong>Deo</strong></span> <span class='ocrx_word' id='word_1_283' title='bbox 623 1994 784 2028; x_wconf 86' lang='lat' dir='ltr'><strong>colloquens</strong></span> <span class='ocrx_word' id='word_1_284' title='bbox 795 2014 804 2026; x_wconf 83' lang='lat'><strong>,</strong></span> <span class='ocrx_word' id='word_1_285' title='bbox 820 1994 891 2022; x_wconf 84' lang='lat' dir='ltr'><strong>sicut</strong></span> <span class='ocrx_word' id='word_1_286' title='bbox 905 1994 931 2020; x_wconf 92' lang='lat' dir='ltr'><strong>in</strong></span> <span class='ocrx_word' id='word_1_287' title='bbox 947 2001 994 2021; x_wconf 88' lang='lat' dir='ltr'><strong>au-</strong></span> 
     </span>
    </p>
   </div>
   <div class='ocr_carea' id='block_1_42' title="bbox 200 2040 992 2076">
    <p class='ocr_par' dir='ltr' id='par_1_42' title="bbox 200 2040 992 2076">
     <span class='ocr_line' id='line_1_42' title="bbox 200 2040 992 2076; baseline 0 -9"><span class='ocrx_word' id='word_1_288' title='bbox 200 2046 279 2076; x_wconf 86' lang='lat' dir='ltr'><strong>gusto</strong></span> <span class='ocrx_word' id='word_1_289' title='bbox 296 2044 323 2068; x_wconf 85' lang='lat' dir='ltr'><strong>et</strong></span> <span class='ocrx_word' id='word_1_290' title='bbox 341 2041 466 2075; x_wconf 84' lang='lat' dir='ltr'><strong>religioso</strong></span> <span class='ocrx_word' id='word_1_291' title='bbox 487 2041 588 2076; x_wconf 88' lang='lat' dir='ltr'><strong>templo</strong></span> <span class='ocrx_word' id='word_1_292' title='bbox 608 2047 672 2068; x_wconf 88' lang='lat' dir='ltr'><strong>aute</strong></span> <span class='ocrx_word' id='word_1_293' title='bbox 686 2040 806 2068; x_wconf 81' lang='lat' dir='ltr'><strong>divinam</strong></span> <span class='ocrx_word' id='word_1_294' title='bbox 831 2048 906 2067; x_wconf 89' lang='lat' dir='ltr'><strong>aram</strong></span> <span class='ocrx_word' id='word_1_295' title='bbox 929 2047 992 2074; x_wconf 91' lang='lat' dir='ltr'><strong>pro-</strong></span> 
     </span>
    </p>
   </div>
   <div class='ocr_carea' id='block_1_43' title="bbox 200 2085 990 2121">
    <p class='ocr_par' dir='ltr' id='par_1_43' title="bbox 200 2085 990 2121">
     <span class='ocr_line' id='line_1_43' title="bbox 200 2085 990 2121; baseline -0.004 -7"><span class='ocrx_word' id='word_1_296' title='bbox 200 2091 303 2115; x_wconf 85' lang='lat' dir='ltr'><strong>stratus</strong></span> <span class='ocrx_word' id='word_1_297' title='bbox 317 2087 368 2114; x_wconf 88' lang='lat' dir='ltr'><strong>sibi</strong></span> <span class='ocrx_word' id='word_1_298' title='bbox 378 2094 438 2114; x_wconf 88' lang='lat' dir='ltr'><strong>esse</strong></span> <span class='ocrx_word' id='word_1_299' title='bbox 450 2086 592 2114; x_wconf 87' lang='lat' dir='ltr'><strong>videbatur</strong></span> <span class='ocrx_word' id='word_1_300' title='bbox 605 2095 613 2117; x_wconf 81' lang='lat'><strong>;</strong></span> <span class='ocrx_word' id='word_1_301' title='bbox 629 2086 674 2114; x_wconf 92' lang='lat' dir='ltr'><strong>ubi</strong></span> <span class='ocrx_word' id='word_1_302' title='bbox 688 2093 783 2120; x_wconf 87' lang='lat' dir='ltr'><strong>preces</strong></span> <span class='ocrx_word' id='word_1_303' title='bbox 799 2085 990 2121; x_wconf 87' lang='lat' dir='ltr'><strong>lacrymasque</strong></span> 
     </span>
    </p>
   </div>
   <div class='ocr_carea' id='block_1_44' title="bbox 200 2131 993 2167">
    <p class='ocr_par' dir='ltr' id='par_1_44' title="bbox 200 2131 993 2167">
     <span class='ocr_line' id='line_1_44' title="bbox 200 2131 993 2167; baseline -0.004 -6"><span class='ocrx_word' id='word_1_304' title='bbox 200 2134 344 2167; x_wconf 80' lang='lat' dir='ltr'><strong>fundebat,</strong></span> <span class='ocrx_word' id='word_1_305' title='bbox 357 2133 400 2160; x_wconf 93' lang='lat' dir='ltr'><strong>ubi</strong></span> <span class='ocrx_word' id='word_1_306' title='bbox 415 2134 536 2160; x_wconf 89' lang='lat' dir='ltr'><strong>divinum</strong></span> <span class='ocrx_word' id='word_1_307' title='bbox 561 2133 726 2167; x_wconf 84' lang='lat' dir='ltr'><strong>implorabat</strong></span> <span class='ocrx_word' id='word_1_308' title='bbox 742 2132 884 2164; x_wconf 82' lang='lat' dir='ltr'><strong>auxilium,</strong></span> <span class='ocrx_word' id='word_1_309' title='bbox 901 2131 945 2158; x_wconf 93' lang='lat' dir='ltr'><strong>ubi</strong></span> <span class='ocrx_word' id='word_1_310' title='bbox 963 2138 993 2159; x_wconf 86' lang='lat' dir='ltr'><strong>se</strong></span> 
     </span>
    </p>
   </div>
   <div class='ocr_carea' id='block_1_45' title="bbox 201 2178 993 2213">
    <p class='ocr_par' dir='ltr' id='par_1_45' title="bbox 201 2178 993 2213">
     <span class='ocr_line' id='line_1_45' title="bbox 201 2178 993 2213; baseline -0.004 -5"><span class='ocrx_word' id='word_1_311' title='bbox 201 2187 234 2209; x_wconf 82' lang='lat' dir='ltr'><strong>ac</strong></span> <span class='ocrx_word' id='word_1_312' title='bbox 247 2180 330 2207; x_wconf 84' lang='lat' dir='ltr'><strong>vitam</strong></span> <span class='ocrx_word' id='word_1_313' title='bbox 347 2187 423 2206; x_wconf 89' lang='lat' dir='ltr'><strong>suam</strong></span> <span class='ocrx_word' id='word_1_314' title='bbox 440 2187 489 2213; x_wconf 91' lang='lat' dir='ltr'><strong>pro</strong></span> <span class='ocrx_word' id='word_1_315' title='bbox 503 2179 612 2206; x_wconf 88' lang='lat' dir='ltr'><strong>victima</strong></span> <span class='ocrx_word' id='word_1_316' title='bbox 629 2180 684 2206; x_wconf 88' lang='lat' dir='ltr'><strong>Deo</strong></span> <span class='ocrx_word' id='word_1_317' title='bbox 706 2178 847 2206; x_wconf 85' lang='lat' dir='ltr'><strong>offerebat.</strong></span> <span class='ocrx_word' id='word_1_318' title='bbox 873 2178 912 2205; x_wconf 89' lang='lat' dir='ltr'><strong>Tu</strong></span> <span class='ocrx_word' id='word_1_319' title='bbox 927 2185 993 2205; x_wconf 88' lang='lat' dir='ltr'><strong>vero</strong></span> 
     </span>
    </p>
   </div>
   <div class='ocr_carea' id='block_1_46' title="bbox 200 2225 1033 2272">
    <p class='ocr_par' dir='ltr' id='par_1_46' title="bbox 200 2225 1033 2272">
     <span class='ocr_line' id='line_1_46' title="bbox 200 2225 1033 2272; baseline -0.002 -18"><span class='ocrx_word' id='word_1_320' title='bbox 200 2226 227 2254; x_wconf 89' lang='lat' dir='ltr'><strong>in</strong></span> <span class='ocrx_word' id='word_1_321' title='bbox 243 2227 448 2262; x_wconf 57' lang='lat' dir='ltr'><strong>Aphrodisias...</strong></span> <span class='ocrx_word' id='word_1_322' title='bbox 464 2227 522 2254; x_wconf 69' lang='lat' dir='ltr'><strong>haec</strong></span> <span class='ocrx_word' id='word_1_323' title='bbox 541 2226 648 2261; x_wconf 88' lang='lat' dir='ltr'><strong>aliaque</strong></span> <span class='ocrx_word' id='word_1_324' title='bbox 665 2226 751 2253; x_wconf 91' lang='lat' dir='ltr'><strong>multo</strong></span> <span class='ocrx_word' id='word_1_325' title='bbox 762 2225 856 2260; x_wconf 86' lang='lat' dir='ltr'><strong>majori</strong></span> <span class='ocrx_word' id='word_1_326' title='bbox 871 2233 932 2252; x_wconf 91' lang='lat' dir='ltr'><strong>cum</strong></span> <span class='ocrx_word' id='word_1_327' title='bbox 946 2233 992 2252; x_wconf 89' lang='lat' dir='ltr'><strong>ar-</strong></span> <span class='ocrx_word' id='word_1_328' title='bbox 1007 2241 1033 2272; x_wconf 68' lang='grc' dir='ltr'><strong><em>υ</em></strong></span> 
     </span>
    </p>
   </div>
   <div class='ocr_carea' id='block_1_47' title="bbox 200 2271 988 2307">
    <p class='ocr_par' dir='ltr' id='par_1_47' title="bbox 200 2271 988 2307">
     <span class='ocr_line' id='line_1_47' title="bbox 200 2271 988 2307; baseline -0.003 -7"><span class='ocrx_word' id='word_1_329' title='bbox 200 2273 267 2300; x_wconf 85' lang='lat' dir='ltr'><strong>dore</strong></span> <span class='ocrx_word' id='word_1_330' title='bbox 283 2272 392 2300; x_wconf 87' lang='lat' dir='ltr'><strong>Christo</strong></span> <span class='ocrx_word' id='word_1_331' title='bbox 407 2272 541 2304; x_wconf 90' lang='lat' dir='ltr'><strong>obtulisti,</strong></span> <span class='ocrx_word' id='word_1_332' title='bbox 557 2274 602 2307; x_wconf 89' lang='lat' dir='ltr'><strong>qui</strong></span> <span class='ocrx_word' id='word_1_333' title='bbox 619 2276 647 2299; x_wconf 86' lang='lat' dir='ltr'><strong>te</strong></span> <span class='ocrx_word' id='word_1_334' title='bbox 668 2279 683 2298; x_wconf 91' lang='lat' dir='ltr'><strong>a</strong></span> <span class='ocrx_word' id='word_1_335' title='bbox 702 2271 754 2298; x_wconf 92' lang='lat' dir='ltr'><strong>tuis</strong></span> <span class='ocrx_word' id='word_1_336' title='bbox 771 2271 915 2298; x_wconf 85' lang='lat' dir='ltr'><strong>desideriis</strong></span> <span class='ocrx_word' id='word_1_337' title='bbox 934 2279 988 2298; x_wconf 94' lang='lat' dir='ltr'><strong>non</strong></span> 
     </span>
    </p>
   </div>
   <div class='ocr_carea' id='block_1_48' title="bbox 200 2316 994 2352">
    <p class='ocr_par' dir='ltr' id='par_1_48' title="bbox 200 2316 994 2352">
     <span class='ocr_line' id='line_1_48' title="bbox 200 2316 994 2352; baseline -0.004 -6"><span class='ocrx_word' id='word_1_338' title='bbox 200 2318 345 2347; x_wconf 80' lang='lat' dir='ltr'><strong>fraudavit.</strong></span> <span class='ocrx_word' id='word_1_339' title='bbox 361 2318 432 2352; x_wconf 87' lang='lat' dir='ltr'><strong>Quin</strong></span> <span class='ocrx_word' id='word_1_340' title='bbox 445 2319 527 2346; x_wconf 89' lang='lat' dir='ltr'><strong>etiam</strong></span> <span class='ocrx_word' id='word_1_341' title='bbox 545 2318 643 2345; x_wconf 84' lang='lat' dir='ltr'><strong>ibidem</strong></span> <span class='ocrx_word' id='word_1_342' title='bbox 672 2317 837 2351; x_wconf 89' lang='lat' dir='ltr'><strong>mancipata,</strong></span> <span class='ocrx_word' id='word_1_343' title='bbox 854 2316 942 2344; x_wconf 86' lang='lat' dir='ltr'><strong>virum</strong></span> <span class='ocrx_word' id='word_1_344' title='bbox 962 2316 994 2343; x_wconf 92' lang='lat' dir='ltr'><strong>il-</strong></span> 
     </span>
    </p>
   </div>
   <div class='ocr_carea' id='block_1_49' title="bbox 201 2362 995 2397">
    <p class='ocr_par' dir='ltr' id='par_1_49' title="bbox 201 2362 995 2397">
     <span class='ocr_line' id='line_1_49' title="bbox 201 2362 995 2397; baseline -0.004 -5"><span class='ocrx_word' id='word_1_345' title='bbox 201 2365 255 2392; x_wconf 92' lang='lat' dir='ltr'><strong>lum</strong></span> <span class='ocrx_word' id='word_1_346' title='bbox 264 2365 458 2392; x_wconf 86' lang='lat' dir='ltr'><strong>desideriorum</strong></span> <span class='ocrx_word' id='word_1_347' title='bbox 474 2364 611 2391; x_wconf 88' lang='lat' dir='ltr'><strong>Danielem</strong></span> <span class='ocrx_word' id='word_1_348' title='bbox 624 2363 789 2396; x_wconf 88' lang='lat' dir='ltr'><strong>imitabaris,</strong></span> <span class='ocrx_word' id='word_1_349' title='bbox 801 2362 849 2397; x_wconf 86' lang='lat' dir='ltr'><strong>qui</strong></span> <span class='ocrx_word' id='word_1_350' title='bbox 864 2362 891 2390; x_wconf 94' lang='lat' dir='ltr'><strong>in</strong></span> <span class='ocrx_word' id='word_1_351' title='bbox 906 2362 995 2390; x_wconf 88' lang='lat' dir='ltr'><strong>fetido</strong></span> 
     </span>
    </p>
   </div>
   <div class='ocr_carea' id='block_1_50' title="bbox 201 2409 994 2445">
    <p class='ocr_par' dir='ltr' id='par_1_50' title="bbox 201 2409 994 2445">
     <span class='ocr_line' id='line_1_50' title="bbox 201 2409 994 2445; baseline -0.001 -7"><span class='ocrx_word' id='word_1_352' title='bbox 201 2411 309 2438; x_wconf 89' lang='lat' dir='ltr'><strong>leonum</strong></span> <span class='ocrx_word' id='word_1_353' title='bbox 322 2411 382 2438; x_wconf 90' lang='lat' dir='ltr'><strong>lacu</strong></span> <span class='ocrx_word' id='word_1_354' title='bbox 398 2410 563 2438; x_wconf 87' lang='lat' dir='ltr'><strong>odoriferum</strong></span> <span class='ocrx_word' id='word_1_355' title='bbox 581 2409 714 2437; x_wconf 88' lang='lat' dir='ltr'><strong>orationis</strong></span> <span class='ocrx_word' id='word_1_356' title='bbox 727 2409 874 2445; x_wconf 81' lang='lat' dir='ltr'><strong>thymiama</strong></span> <span class='ocrx_word' id='word_1_357' title='bbox 886 2416 994 2437; x_wconf 91' lang='lat' dir='ltr'><strong>summo</strong></span> 
     </span>
    </p>
   </div>
   <div class='ocr_carea' id='block_1_51' title="bbox 201 2454 992 2491">
    <p class='ocr_par' dir='ltr' id='par_1_51' title="bbox 201 2454 992 2491">
     <span class='ocr_line' id='line_1_51' title="bbox 201 2454 992 2491; baseline -0.003 -7"><span class='ocrx_word' id='word_1_358' title='bbox 201 2456 310 2484; x_wconf 85' lang='lat' dir='ltr'><strong>Nutnini</strong></span> <span class='ocrx_word' id='word_1_359' title='bbox 327 2457 506 2489; x_wconf 88' lang='lat' dir='ltr'><strong>incendebat;</strong></span> <span class='ocrx_word' id='word_1_360' title='bbox 522 2456 675 2491; x_wconf 86' lang='lat' dir='ltr'><strong>meruitque</strong></span> <span class='ocrx_word' id='word_1_361' title='bbox 693 2456 801 2483; x_wconf 87' lang='lat' dir='ltr'><strong>tandem</strong></span> <span class='ocrx_word' id='word_1_362' title='bbox 818 2455 934 2489; x_wconf 89' lang='lat' dir='ltr'><strong>septimo</strong></span> <span class='ocrx_word' id='word_1_363' title='bbox 949 2454 992 2482; x_wconf 85' lang='lat' dir='ltr'><strong>die</strong></span> 
     </span>
    </p>
   </div>
   <div class='ocr_carea' id='block_1_52' title="bbox 201 2501 995 2538">
    <p class='ocr_par' dir='ltr' id='par_1_52' title="bbox 201 2501 995 2538">
     <span class='ocr_line' id='line_1_52' title="bbox 201 2501 995 2538; baseline -0.006 -7"><span class='ocrx_word' id='word_1_364' title='bbox 201 2511 216 2531; x_wconf 70' lang='grc' dir='ltr'><strong><em>ι</em></strong></span> <span class='ocrx_word' id='word_1_365' title='bbox 233 2502 333 2538; x_wconf 84' lang='lat' dir='ltr'><strong>jejunis</strong></span> <span class='ocrx_word' id='word_1_366' title='bbox 360 2506 463 2536; x_wconf 87' lang='lat' dir='ltr'><strong>septem</strong></span> <span class='ocrx_word' id='word_1_367' title='bbox 491 2503 598 2529; x_wconf 88' lang='lat' dir='ltr'><strong>leonum</strong></span> <span class='ocrx_word' id='word_1_368' title='bbox 618 2502 742 2529; x_wconf 86' lang='lat' dir='ltr'><strong>faucibus</strong></span> <span class='ocrx_word' id='word_1_369' title='bbox 765 2501 910 2529; x_wconf 87' lang='lat' dir='ltr'><strong>incolumis</strong></span> <span class='ocrx_word' id='word_1_370' title='bbox 931 2508 995 2528; x_wconf 83' lang='lat' dir='ltr'><strong>eva-</strong></span> 
     </span>
    </p>
   </div>
   <div class='ocr_carea' id='block_1_53' title="bbox 202 2546 994 2583">
    <p class='ocr_par' dir='ltr' id='par_1_53' title="bbox 202 2546 994 2583">
     <span class='ocr_line' id='line_1_53' title="bbox 202 2546 994 2583; baseline -0.005 -6"><span class='ocrx_word' id='word_1_371' title='bbox 202 2551 276 2577; x_wconf 85' lang='lat' dir='ltr'><strong>dere.</strong></span> <span class='ocrx_word' id='word_1_372' title='bbox 294 2548 333 2576; x_wconf 86' lang='lat' dir='ltr'><strong>Tu</strong></span> <span class='ocrx_word' id='word_1_373' title='bbox 347 2555 411 2575; x_wconf 87' lang='lat' dir='ltr'><strong>vero</strong></span> <span class='ocrx_word' id='word_1_374' title='bbox 423 2556 484 2575; x_wconf 92' lang='lat' dir='ltr'><strong>cum</strong></span> <span class='ocrx_word' id='word_1_375' title='bbox 506 2547 577 2582; x_wconf 85' lang='lat' dir='ltr'><strong>ipsos</strong></span> <span class='ocrx_word' id='word_1_376' title='bbox 594 2548 704 2583; x_wconf 79' lang='lat' dir='ltr'><strong>triginta</strong></span> <span class='ocrx_word' id='word_1_377' title='bbox 721 2547 789 2579; x_wconf 84' lang='lat' dir='ltr'><strong>dies,</strong></span> <span class='ocrx_word' id='word_1_378' title='bbox 808 2547 885 2581; x_wconf 73' lang='lat' dir='ltr'><strong>virgo</strong></span> <span class='ocrx_word' id='word_1_379' title='bbox 901 2546 994 2581; x_wconf 90' lang='lat' dir='ltr'><strong>puris-</strong></span> 
     </span>
    </p>
   </div>
   <div class='ocr_carea' id='block_1_54' title="bbox 202 2592 994 2626">
    <p class='ocr_par' dir='ltr' id='par_1_54' title="bbox 202 2592 994 2626">
     <span class='ocr_line' id='line_1_54' title="bbox 202 2592 994 2626; baseline -0.006 -3"><span class='ocrx_word' id='word_1_380' title='bbox 202 2595 281 2626; x_wconf 88' lang='lat' dir='ltr'><strong>sima,</strong></span> <span class='ocrx_word' id='word_1_381' title='bbox 304 2595 434 2622; x_wconf 89' lang='lat' dir='ltr'><strong>adversus</strong></span> <span class='ocrx_word' id='word_1_382' title='bbox 452 2595 545 2622; x_wconf 86' lang='lat' dir='ltr'><strong>decem</strong></span> <span class='ocrx_word' id='word_1_383' title='bbox 559 2594 657 2622; x_wconf 72' lang='lat' dir='ltr'><strong>leaenas</strong></span> <span class='ocrx_word' id='word_1_384' title='bbox 672 2595 698 2622; x_wconf 90' lang='lat' dir='ltr'><strong>in</strong></span> <span class='ocrx_word' id='word_1_385' title='bbox 714 2595 865 2621; x_wconf 87' lang='lat' dir='ltr'><strong>domestico</strong></span> <span class='ocrx_word' id='word_1_386' title='bbox 888 2593 947 2620; x_wconf 91' lang='lat' dir='ltr'><strong>lacu</strong></span> <span class='ocrx_word' id='word_1_387' title='bbox 969 2592 994 2619; x_wconf 95' lang='lat' dir='ltr'><strong>in</strong></span> 
     </span>
    </p>
   </div>
   <div class='ocr_carea' id='block_1_55' title="bbox 203 2639 997 2675">
    <p class='ocr_par' dir='ltr' id='par_1_55' title="bbox 203 2639 997 2675">
     <span class='ocr_line' id='line_1_55' title="bbox 203 2639 997 2675; baseline -0.005 -6"><span class='ocrx_word' id='word_1_388' title='bbox 203 2642 337 2669; x_wconf 78' lang='lat' dir='ltr'><strong>servanda</strong></span> <span class='ocrx_word' id='word_1_389' title='bbox 354 2640 410 2668; x_wconf 87' lang='lat' dir='ltr'><strong>Deo</strong></span> <span class='ocrx_word' id='word_1_390' title='bbox 425 2641 579 2675; x_wconf 67' lang='lat' dir='ltr'><strong>Mginitate</strong></span> <span class='ocrx_word' id='word_1_391' title='bbox 606 2642 794 2671; x_wconf 87' lang='lat' dir='ltr'><strong>decertasses,</strong></span> <span class='ocrx_word' id='word_1_392' title='bbox 823 2639 907 2667; x_wconf 91' lang='lat' dir='ltr'><strong>multo</strong></span> <span class='ocrx_word' id='word_1_393' title='bbox 928 2639 997 2666; x_wconf 87' lang='lat' dir='ltr'><strong>inte-</strong></span> 
     </span>
    </p>
   </div>
   <div class='ocr_carea' id='block_1_56' title="bbox 203 2683 997 2724">
    <p class='ocr_par' dir='ltr' id='par_1_56' title="bbox 203 2683 997 2724">
     <span class='ocr_line' id='line_1_56' title="bbox 203 2683 997 2724; baseline -0.006 -8"><span class='ocrx_word' id='word_1_394' title='bbox 203 2689 277 2724; x_wconf 90' lang='lat' dir='ltr'><strong>grior</strong></span> <span class='ocrx_word' id='word_1_395' title='bbox 290 2689 405 2716; x_wconf 86' lang='lat' dir='ltr'><strong>evadere</strong></span> <span class='ocrx_word' id='word_1_396' title='bbox 432 2688 565 2715; x_wconf 85' lang='lat' dir='ltr'><strong>meruisti.</strong></span> <span class='ocrx_word' id='word_1_397' title='bbox 587 2687 679 2722; x_wconf 84' lang='lat' dir='ltr'><strong>Neque</strong></span> <span class='ocrx_word' id='word_1_398' title='bbox 698 2686 905 2715; x_wconf 86' lang='lat' dir='ltr'><strong>obliviscebaris</strong></span> <span class='ocrx_word' id='word_1_399' title='bbox 921 2683 997 2712; x_wconf 62' lang='lat' dir='ltr'><strong>Jonas</strong></span> 
     </span>
    </p>
   </div>
   <div class='ocr_carea' id='block_1_57' title="bbox 203 2733 997 2771">
    <p class='ocr_par' dir='ltr' id='par_1_57' title="bbox 203 2733 997 2771">
     <span class='ocr_line' id='line_1_57' title="bbox 203 2733 997 2771; baseline -0.008 -7"><span class='ocrx_word' id='word_1_400' title='bbox 203 2736 249 2771; x_wconf 88' lang='lat' dir='ltr'><strong>qui</strong></span> <span class='ocrx_word' id='word_1_401' title='bbox 262 2735 287 2763; x_wconf 91' lang='lat' dir='ltr'><strong>in</strong></span> <span class='ocrx_word' id='word_1_402' title='bbox 302 2737 431 2771; x_wconf 87' lang='lat' dir='ltr'><strong>abyssum</strong></span> <span class='ocrx_word' id='word_1_403' title='bbox 448 2734 578 2769; x_wconf 80' lang='lat' dir='ltr'><strong>dejectus,</strong></span> <span class='ocrx_word' id='word_1_404' title='bbox 598 2734 655 2769; x_wconf 88' lang='lat' dir='ltr'><strong>ipso</strong></span> <span class='ocrx_word' id='word_1_405' title='bbox 670 2733 752 2768; x_wconf 88' lang='lat' dir='ltr'><strong>piscis</strong></span> <span class='ocrx_word' id='word_1_406' title='bbox 761 2737 854 2761; x_wconf 87' lang='lat' dir='ltr'><strong>ventre</strong></span> <span class='ocrx_word' id='word_1_407' title='bbox 869 2737 997 2768; x_wconf 84' lang='lat' dir='ltr'><strong>tanquam</strong></span> 
     </span>
    </p>
   </div>
   <div class='ocr_carea' id='block_1_58' title="bbox 238 2819 1015 2887">
    <p class='ocr_par' dir='ltr' id='par_1_58' title="bbox 238 2819 1015 2887">
     <span class='ocr_line' id='line_1_58' title="bbox 238 2819 1015 2887; baseline -0.004 -37"><span class='ocrx_word' id='word_1_408' title='bbox 238 2823 276 2857; x_wconf 87' lang='lat'><strong>(8)</strong></span> <span class='ocrx_word' id='word_1_409' title='bbox 368 2824 498 2852; x_wconf 86' lang='lat' dir='ltr'><strong>nimirum</strong></span> <span class='ocrx_word' id='word_1_410' title='bbox 513 2822 584 2856; x_wconf 87' lang='lat' dir='ltr'><strong>apud</strong></span> <span class='ocrx_word' id='word_1_411' title='bbox 599 2821 706 2850; x_wconf 74' lang='lat' dir='ltr'><strong>Annam</strong></span> <span class='ocrx_word' id='word_1_412' title='bbox 735 2819 895 2849; x_wconf 80' lang='lat' dir='ltr'><strong>Pontificem</strong></span> <span class='ocrx_word' id='word_1_413' title='bbox 913 2829 923 2846; x_wconf 79' lang='grc' dir='ltr'>ι</span> <span class='ocrx_word' id='word_1_414' title='bbox 943 2826 1015 2847; x_wconf 90' lang='lat' dir='ltr'><strong>unus</strong></span> 
     </span>
     <span class='ocr_line' id='line_1_59' title="bbox 238 2866 346 2887; baseline 0 0"><span class='ocrx_word' id='word_1_415' title='bbox 238 2866 285 2887; x_wconf 81' lang='lat' dir='ltr'><strong>‘ltl.</strong></span> <span class='ocrx_word' id='word_1_416' title='bbox 341 2879 346 2887; x_wconf 99' lang='lat'><strong>.</strong></span> 
     </span>
    </p>
   </div>
   <div class='ocr_carea' id='block_1_59' title="bbox 206 2866 346 2894">
    <p class='ocr_par' dir='ltr' id='par_1_59' title="bbox 206 2866 346 2894">
     <span class='ocr_line' id='line_1_60' title="bbox 206 2866 346 2894; baseline 0.007 -8"><span class='ocrx_word' id='word_1_417' title='bbox 206 2866 285 2894; x_wconf 67' lang='lat' dir='ltr'><strong>xvtn,</strong></span> <span class='ocrx_word' id='word_1_418' title='bbox 302 2866 346 2887; x_wconf 75' lang='lat' dir='ltr'><strong>zz.</strong></span> 
     </span>
    </p>
   </div>
   <div class='ocr_carea' id='block_1_60' title="bbox 702 145 1292 178">
    <p class='ocr_par' dir='ltr' id='par_1_60' title="bbox 702 145 1292 178">
     <span class='ocr_line' id='line_1_61' title="bbox 702 145 1292 178; baseline 0.005 -3"><span class='ocrx_word' id='word_1_419' title='bbox 702 146 735 178; x_wconf 89' lang='lat' dir='ltr'><strong>S.</strong></span> <span class='ocrx_word' id='word_1_420' title='bbox 753 145 944 177; x_wconf 78' lang='grc' dir='ltr'><strong>ΜΕΤΗΟΒΙΙ</strong></span> <span class='ocrx_word' id='word_1_421' title='bbox 964 146 1219 177; x_wconf 78' lang='lat' dir='ltr'><strong>PATRIARCH/E</strong></span> <span class='ocrx_word' id='word_1_422' title='bbox 1237 148 1292 178; x_wconf 75' lang='grc' dir='ltr'><strong>ΕΡ.</strong></span> 
     </span>
    </p>
   </div>
   <div class='ocr_carea' id='block_1_61' title="bbox 1759 147 1834 181">
    <p class='ocr_par' dir='ltr' id='par_1_61' title="bbox 1759 147 1834 181">
     <span class='ocr_line' id='line_1_62' title="bbox 1759 147 1834 181; baseline 0.027 -2"><span class='ocrx_word' id='word_1_423' title='bbox 1759 147 1834 181; x_wconf 77' lang='lat'><strong>1280</strong></span> 
     </span>
    </p>
   </div>
   <div class='ocr_carea' id='block_1_62' title="bbox 1031 203 1835 239">
    <p class='ocr_par' dir='ltr' id='par_1_62' title="bbox 1031 203 1835 239">
     <span class='ocr_line' id='line_1_63' title="bbox 1031 203 1835 239; baseline 0.004 -8"><span class='ocrx_word' id='word_1_424' title='bbox 1031 203 1277 239; x_wconf 82' lang='lat' dir='ltr'><strong>llierosolymitano</strong></span> <span class='ocrx_word' id='word_1_425' title='bbox 1296 204 1395 239; x_wconf 88' lang='lat' dir='ltr'><strong>templo</strong></span> <span class='ocrx_word' id='word_1_426' title='bbox 1409 212 1486 237; x_wconf 86' lang='lat' dir='ltr'><strong>usus,</strong></span> <span class='ocrx_word' id='word_1_427' title='bbox 1503 204 1597 234; x_wconf 90' lang='lat' dir='ltr'><strong>laudes</strong></span> <span class='ocrx_word' id='word_1_428' title='bbox 1621 204 1678 234; x_wconf 84' lang='lat' dir='ltr'><strong>Deo</strong></span> <span class='ocrx_word' id='word_1_429' title='bbox 1697 205 1835 234; x_wconf 77' lang='lat' dir='ltr'><strong>fundebat</strong></span> 
     </span>
    </p>
   </div>
   <div class='ocr_carea' id='block_1_63' title="bbox 1032 250 1834 286">
    <p class='ocr_par' dir='ltr' id='par_1_63' title="bbox 1032 250 1834 286">
     <span class='ocr_line' id='line_1_64' title="bbox 1032 250 1834 286; baseline 0.005 -10"><span class='ocrx_word' id='word_1_430' title='bbox 1032 258 1062 278; x_wconf 84' lang='lat' dir='ltr'><strong>ac</strong></span> <span class='ocrx_word' id='word_1_431' title='bbox 1078 257 1189 285; x_wconf 88' lang='lat' dir='ltr'><strong>preces;</strong></span> <span class='ocrx_word' id='word_1_432' title='bbox 1205 250 1304 284; x_wconf 81' lang='lat' dir='ltr'><strong>quibus</strong></span> <span class='ocrx_word' id='word_1_433' title='bbox 1318 258 1333 278; x_wconf 86' lang='lat' dir='ltr'><strong>a</strong></span> <span class='ocrx_word' id='word_1_434' title='bbox 1349 251 1404 278; x_wconf 79' lang='lat' dir='ltr'><strong>Deo</strong></span> <span class='ocrx_word' id='word_1_435' title='bbox 1419 251 1532 282; x_wconf 87' lang='lat' dir='ltr'><strong>attditis,</strong></span> <span class='ocrx_word' id='word_1_436' title='bbox 1546 259 1580 279; x_wconf 80' lang='lat' dir='ltr'><strong>ex</strong></span> <span class='ocrx_word' id='word_1_437' title='bbox 1592 259 1641 279; x_wconf 87' lang='lat' dir='ltr'><strong>ore</strong></span> <span class='ocrx_word' id='word_1_438' title='bbox 1650 252 1734 286; x_wconf 86' lang='lat' dir='ltr'><strong>piscis</strong></span> <span class='ocrx_word' id='word_1_439' title='bbox 1747 253 1834 280; x_wconf 87' lang='lat' dir='ltr'><strong>vivus</strong></span> 
     </span>
    </p>
   </div>
   <div class='ocr_carea' id='block_1_64' title="bbox 1031 294 1825 331">
    <p class='ocr_par' dir='ltr' id='par_1_64' title="bbox 1031 294 1825 331">
     <span class='ocr_line' id='line_1_65' title="bbox 1031 294 1825 331; baseline 0.001 -10"><span class='ocrx_word' id='word_1_440' title='bbox 1031 294 1135 329; x_wconf 88' lang='lat' dir='ltr'><strong>ejectus</strong></span> <span class='ocrx_word' id='word_1_441' title='bbox 1150 294 1176 321; x_wconf 89' lang='lat' dir='ltr'><strong>in</strong></span> <span class='ocrx_word' id='word_1_442' title='bbox 1200 298 1304 321; x_wconf 85' lang='lat' dir='ltr'><strong>terram</strong></span> <span class='ocrx_word' id='word_1_443' title='bbox 1325 295 1431 329; x_wconf 89' lang='lat' dir='ltr'><strong>publice</strong></span> <span class='ocrx_word' id='word_1_444' title='bbox 1451 295 1693 323; x_wconf 85' lang='lat' dir='ltr'><strong>concionabundus</strong></span> <span class='ocrx_word' id='word_1_445' title='bbox 1717 304 1825 331; x_wconf 63' lang='lat' dir='ltr'><strong>magna!</strong></span> 
     </span>
    </p>
   </div>
   <div class='ocr_carea' id='block_1_65' title="bbox 1032 339 1830 373">
    <p class='ocr_par' dir='ltr' id='par_1_65' title="bbox 1032 339 1830 373">
     <span class='ocr_line' id='line_1_66' title="bbox 1032 339 1830 373; baseline 0.001 -6"><span class='ocrx_word' id='word_1_446' title='bbox 1032 339 1151 367; x_wconf 87' lang='lat' dir='ltr'><strong>civitatis</strong></span> <span class='ocrx_word' id='word_1_447' title='bbox 1164 339 1245 366; x_wconf 85' lang='lat' dir='ltr'><strong>saluti</strong></span> <span class='ocrx_word' id='word_1_448' title='bbox 1257 340 1404 366; x_wconf 85' lang='lat' dir='ltr'><strong>consuluit.</strong></span> <span class='ocrx_word' id='word_1_449' title='bbox 1419 339 1459 366; x_wconf 90' lang='lat' dir='ltr'><strong>Tu</strong></span> <span class='ocrx_word' id='word_1_450' title='bbox 1473 347 1547 372; x_wconf 85' lang='lat' dir='ltr'><strong>vero,</strong></span> <span class='ocrx_word' id='word_1_451' title='bbox 1563 340 1679 373; x_wconf 76' lang='lat' dir='ltr'><strong>Agatba,</strong></span> <span class='ocrx_word' id='word_1_452' title='bbox 1696 348 1759 367; x_wconf 88' lang='lat' dir='ltr'><strong>vere</strong></span> <span class='ocrx_word' id='word_1_453' title='bbox 1777 340 1830 368; x_wconf 84' lang='lat' dir='ltr'><strong>tibi</strong></span> 
     </span>
    </p>
   </div>
   <div class='ocr_carea' id='block_1_66' title="bbox 1033 385 1836 420">
    <p class='ocr_par' dir='ltr' id='par_1_66' title="bbox 1033 385 1836 420">
     <span class='ocr_line' id='line_1_67' title="bbox 1033 385 1836 420; baseline 0.005 -8"><span class='ocrx_word' id='word_1_454' title='bbox 1033 385 1110 420; x_wconf 82' lang='lat' dir='ltr'><strong>virgo</strong></span> <span class='ocrx_word' id='word_1_455' title='bbox 1131 385 1219 417; x_wconf 89' lang='lat' dir='ltr'><strong>bona,</strong></span> <span class='ocrx_word' id='word_1_456' title='bbox 1236 385 1304 413; x_wconf 86' lang='lat' dir='ltr'><strong>bona</strong></span> <span class='ocrx_word' id='word_1_457' title='bbox 1326 386 1424 420; x_wconf 86' lang='lat' dir='ltr'><strong>quippe</strong></span> <span class='ocrx_word' id='word_1_458' title='bbox 1441 386 1542 420; x_wconf 88' lang='lat' dir='ltr'><strong>quibus</strong></span> <span class='ocrx_word' id='word_1_459' title='bbox 1558 391 1631 413; x_wconf 88' lang='lat' dir='ltr'><strong>tuam</strong></span> <span class='ocrx_word' id='word_1_460' title='bbox 1655 387 1680 414; x_wconf 88' lang='lat' dir='ltr'><strong>in</strong></span> <span class='ocrx_word' id='word_1_461' title='bbox 1704 388 1836 416; x_wconf 76' lang='lat' dir='ltr'><strong>maximis</strong></span> 
     </span>
    </p>
   </div>
   <div class='ocr_carea' id='block_1_67' title="bbox 1033 431 1835 467">
    <p class='ocr_par' dir='ltr' id='par_1_67' title="bbox 1033 431 1835 467">
     <span class='ocr_line' id='line_1_68' title="bbox 1033 431 1835 467; baseline 0.001 -8"><span class='ocrx_word' id='word_1_462' title='bbox 1033 431 1163 460; x_wconf 69' lang='lat' dir='ltr'><strong>aerumnis</strong></span> <span class='ocrx_word' id='word_1_463' title='bbox 1175 432 1355 458; x_wconf 82' lang='lat' dir='ltr'><strong>constantiam</strong></span> <span class='ocrx_word' id='word_1_464' title='bbox 1369 432 1555 465; x_wconf 83' lang='lat' dir='ltr'><strong>intuentibus,</strong></span> <span class='ocrx_word' id='word_1_465' title='bbox 1570 437 1651 467; x_wconf 88' lang='lat' dir='ltr'><strong>atque</strong></span> <span class='ocrx_word' id='word_1_466' title='bbox 1668 434 1835 460; x_wconf 77' lang='lat' dir='ltr'><strong>admiranti-</strong></span> 
     </span>
    </p>
   </div>
   <div class='ocr_carea' id='block_1_68' title="bbox 1033 476 1834 510">
    <p class='ocr_par' dir='ltr' id='par_1_68' title="bbox 1033 476 1834 510">
     <span class='ocr_line' id='line_1_69' title="bbox 1033 476 1834 510; baseline 0.001 -6"><span class='ocrx_word' id='word_1_467' title='bbox 1033 476 1084 504; x_wconf 83' lang='lat' dir='ltr'><strong>bus</strong></span> <span class='ocrx_word' id='word_1_468' title='bbox 1108 477 1247 510; x_wconf 87' lang='lat' dir='ltr'><strong>specimen</strong></span> <span class='ocrx_word' id='word_1_469' title='bbox 1263 476 1479 504; x_wconf 85' lang='lat' dir='ltr'><strong>christianarnm</strong></span> <span class='ocrx_word' id='word_1_470' title='bbox 1501 477 1633 504; x_wconf 90' lang='lat' dir='ltr'><strong>virtutum</strong></span> <span class='ocrx_word' id='word_1_471' title='bbox 1659 478 1775 510; x_wconf 82' lang='lat' dir='ltr'><strong>dedisti;</strong></span> <span class='ocrx_word' id='word_1_472' title='bbox 1793 480 1834 506; x_wconf 83' lang='lat' dir='ltr'><strong>ita</strong></span> 
     </span>
    </p>
   </div>
   <div class='ocr_carea' id='block_1_69' title="bbox 1034 521 1835 556">
    <p class='ocr_par' dir='ltr' id='par_1_69' title="bbox 1034 521 1835 556">
     <span class='ocr_line' id='line_1_70' title="bbox 1034 521 1835 556; baseline 0.001 -8"><span class='ocrx_word' id='word_1_473' title='bbox 1034 526 1063 549; x_wconf 92' lang='lat' dir='ltr'><strong>ut</strong></span> <span class='ocrx_word' id='word_1_474' title='bbox 1079 528 1168 555; x_wconf 87' lang='lat' dir='ltr'><strong>neque</strong></span> <span class='ocrx_word' id='word_1_475' title='bbox 1183 521 1341 548; x_wconf 82' lang='lat' dir='ltr'><strong>divitiarum</strong></span> <span class='ocrx_word' id='word_1_476' title='bbox 1371 521 1628 556; x_wconf 81' lang='lat' dir='ltr'><strong>pollicitationibus,</strong></span> <span class='ocrx_word' id='word_1_477' title='bbox 1653 529 1741 556; x_wconf 87' lang='lat' dir='ltr'><strong>neque</strong></span> <span class='ocrx_word' id='word_1_478' title='bbox 1765 529 1835 556; x_wconf 85' lang='lat' dir='ltr'><strong>pro-</strong></span> 
     </span>
    </p>
   </div>
   <div class='ocr_carea' id='block_1_70' title="bbox 1033 566 1836 606">
    <p class='ocr_par' dir='ltr' id='par_1_70' title="bbox 1033 566 1836 606">
     <span class='ocr_line' id='line_1_71' title="bbox 1033 566 1836 606; baseline 0.002 -13"><span class='ocrx_word' id='word_1_479' title='bbox 1033 566 1131 601; x_wconf 86' lang='lat' dir='ltr'><strong>positis</strong></span> <span class='ocrx_word' id='word_1_480' title='bbox 1146 566 1308 606; x_wconf 82' lang='lat' dir='ltr'><strong>deliciarum</strong></span> <span class='ocrx_word' id='word_1_481' title='bbox 1325 566 1554 598; x_wconf 87' lang='lat' dir='ltr'><strong>oblectamentis,</strong></span> <span class='ocrx_word' id='word_1_482' title='bbox 1581 574 1668 600; x_wconf 88' lang='lat' dir='ltr'><strong>neque</strong></span> <span class='ocrx_word' id='word_1_483' title='bbox 1691 568 1759 594; x_wconf 86' lang='lat' dir='ltr'><strong>adeo</strong></span> <span class='ocrx_word' id='word_1_484' title='bbox 1775 573 1836 595; x_wconf 86' lang='lat' dir='ltr'><strong>tor-</strong></span> 
     </span>
    </p>
   </div>
   <div class='ocr_carea' id='block_1_71' title="bbox 1035 612 1836 647">
    <p class='ocr_par' dir='ltr' id='par_1_71' title="bbox 1035 612 1836 647">
     <span class='ocr_line' id='line_1_72' title="bbox 1035 612 1836 647; baseline 0 -7"><span class='ocrx_word' id='word_1_485' title='bbox 1035 617 1188 640; x_wconf 87' lang='lat' dir='ltr'><strong>mentorum</strong></span> <span class='ocrx_word' id='word_1_486' title='bbox 1206 612 1288 639; x_wconf 87' lang='lat' dir='ltr'><strong>minis</strong></span> <span class='ocrx_word' id='word_1_487' title='bbox 1302 619 1333 639; x_wconf 85' lang='lat' dir='ltr'><strong>ac</strong></span> <span class='ocrx_word' id='word_1_488' title='bbox 1352 612 1493 646; x_wconf 86' lang='lat' dir='ltr'><strong>periculis,</strong></span> <span class='ocrx_word' id='word_1_489' title='bbox 1506 620 1593 646; x_wconf 86' lang='lat' dir='ltr'><strong>neque</strong></span> <span class='ocrx_word' id='word_1_490' title='bbox 1605 620 1668 640; x_wconf 87' lang='lat' dir='ltr'><strong>vero</strong></span> <span class='ocrx_word' id='word_1_491' title='bbox 1681 613 1836 647; x_wconf 76' lang='lat' dir='ltr'><strong>impurato-</strong></span> 
     </span>
    </p>
   </div>
   <div class='ocr_carea' id='block_1_72' title="bbox 1036 657 1833 692">
    <p class='ocr_par' dir='ltr' id='par_1_72' title="bbox 1036 657 1833 692">
     <span class='ocr_line' id='line_1_73' title="bbox 1036 657 1833 692; baseline -0.001 -7"><span class='ocrx_word' id='word_1_492' title='bbox 1036 659 1075 686; x_wconf 90' lang='lat' dir='ltr'><strong>ris</strong></span> <span class='ocrx_word' id='word_1_493' title='bbox 1091 658 1163 685; x_wconf 88' lang='lat' dir='ltr'><strong>Decii</strong></span> <span class='ocrx_word' id='word_1_494' title='bbox 1183 657 1293 684; x_wconf 86' lang='lat' dir='ltr'><strong>decreto</strong></span> <span class='ocrx_word' id='word_1_495' title='bbox 1305 657 1338 685; x_wconf 91' lang='lat' dir='ltr'><strong>de</strong></span> <span class='ocrx_word' id='word_1_496' title='bbox 1363 657 1512 685; x_wconf 87' lang='lat' dir='ltr'><strong>subeundis</strong></span> <span class='ocrx_word' id='word_1_497' title='bbox 1526 657 1630 686; x_wconf 86' lang='lat' dir='ltr'><strong>ultimis</strong></span> <span class='ocrx_word' id='word_1_498' title='bbox 1650 659 1833 692; x_wconf 60' lang='lat' dir='ltr'><strong>cruciatibus,</strong></span> 
     </span>
    </p>
   </div>
   <div class='ocr_carea' id='block_1_73' title="bbox 1036 703 1834 738">
    <p class='ocr_par' dir='ltr' id='par_1_73' title="bbox 1036 703 1834 738">
     <span class='ocr_line' id='line_1_74' title="bbox 1036 703 1834 738; baseline 0 -7"><span class='ocrx_word' id='word_1_499' title='bbox 1036 703 1165 731; x_wconf 85' lang='lat' dir='ltr'><strong>dimoveri</strong></span> <span class='ocrx_word' id='word_1_500' title='bbox 1182 703 1303 738; x_wconf 84' lang='lat' dir='ltr'><strong>potueris</strong></span> <span class='ocrx_word' id='word_1_501' title='bbox 1322 711 1336 730; x_wconf 87' lang='lat' dir='ltr'><strong>a</strong></span> <span class='ocrx_word' id='word_1_502' title='bbox 1368 703 1510 738; x_wconf 85' lang='lat' dir='ltr'><strong>proposito</strong></span> <span class='ocrx_word' id='word_1_503' title='bbox 1529 703 1671 731; x_wconf 72' lang='lat' dir='ltr'><strong>servandae</strong></span> <span class='ocrx_word' id='word_1_504' title='bbox 1687 703 1834 738; x_wconf 84' lang='lat' dir='ltr'><strong>virginita-</strong></span> 
     </span>
    </p>
   </div>
   <div class='ocr_carea' id='block_1_74' title="bbox 1037 749 1835 786">
    <p class='ocr_par' dir='ltr' id='par_1_74' title="bbox 1037 749 1835 786">
     <span class='ocr_line' id='line_1_75' title="bbox 1037 749 1835 786; baseline 0.001 -9"><span class='ocrx_word' id='word_1_505' title='bbox 1037 751 1082 783; x_wconf 91' lang='lat' dir='ltr'><strong>tis,</strong></span> <span class='ocrx_word' id='word_1_506' title='bbox 1098 750 1213 785; x_wconf 84' lang='lat' dir='ltr'><strong>fideique</strong></span> <span class='ocrx_word' id='word_1_507' title='bbox 1237 749 1400 776; x_wconf 70' lang='lat' dir='ltr'><strong>Christianae</strong></span> <span class='ocrx_word' id='word_1_508' title='bbox 1428 749 1608 784; x_wconf 86' lang='lat' dir='ltr'><strong>professione.</strong></span> <span class='ocrx_word' id='word_1_509' title='bbox 1636 750 1702 777; x_wconf 86' lang='lat' dir='ltr'><strong>Eras</strong></span> <span class='ocrx_word' id='word_1_510' title='bbox 1730 752 1835 786; x_wconf 83' lang='lat' dir='ltr'><strong>quippe</strong></span> 
     </span>
    </p>
   </div>
   <div class='ocr_carea' id='block_1_75' title="bbox 1038 795 1834 832">
    <p class='ocr_par' dir='ltr' id='par_1_75' title="bbox 1038 795 1834 832">
     <span class='ocr_line' id='line_1_76' title="bbox 1038 795 1834 832; baseline 0.003 -11"><span class='ocrx_word' id='word_1_511' title='bbox 1038 796 1113 832; x_wconf 85' lang='lat' dir='ltr'><strong>quasi</strong></span> <span class='ocrx_word' id='word_1_512' title='bbox 1127 796 1219 822; x_wconf 88' lang='lat' dir='ltr'><strong>firmus</strong></span> <span class='ocrx_word' id='word_1_513' title='bbox 1235 795 1261 822; x_wconf 92' lang='lat' dir='ltr'><strong>in</strong></span> <span class='ocrx_word' id='word_1_514' title='bbox 1279 795 1373 830; x_wconf 78' lang='lat' dir='ltr'><strong>pelago</strong></span> <span class='ocrx_word' id='word_1_515' title='bbox 1394 796 1538 830; x_wconf 79' lang='lat' dir='ltr'><strong>scopulus;</strong></span> <span class='ocrx_word' id='word_1_516' title='bbox 1555 795 1601 831; x_wconf 93' lang='lat' dir='ltr'><strong>qui</strong></span> <span class='ocrx_word' id='word_1_517' title='bbox 1624 802 1765 823; x_wconf 85' lang='lat' dir='ltr'><strong>venturum</strong></span> <span class='ocrx_word' id='word_1_518' title='bbox 1783 797 1834 823; x_wconf 81' lang='lat' dir='ltr'><strong>fla-</strong></span> 
     </span>
    </p>
   </div>
   <div class='ocr_carea' id='block_1_76' title="bbox 1023 841 1835 877">
    <p class='ocr_par' dir='ltr' id='par_1_76' title="bbox 1023 841 1835 877">
     <span class='ocr_line' id='line_1_77' title="bbox 1023 841 1835 877; baseline 0.001 -8"><span class='ocrx_word' id='word_1_519' title='bbox 1023 848 1092 875; x_wconf 85' lang='lat' dir='ltr'><strong>‘tus,</strong></span> <span class='ocrx_word' id='word_1_520' title='bbox 1109 842 1289 877; x_wconf 68' lang='lat' dir='ltr'><strong>ingruentium</strong></span> <span class='ocrx_word' id='word_1_521' title='bbox 1307 842 1458 876; x_wconf 87' lang='lat' dir='ltr'><strong>pluviarum</strong></span> <span class='ocrx_word' id='word_1_522' title='bbox 1473 841 1577 876; x_wconf 85' lang='lat' dir='ltr'><strong>lapsus,</strong></span> <span class='ocrx_word' id='word_1_523' title='bbox 1593 842 1764 870; x_wconf 88' lang='lat' dir='ltr'><strong>frementium</strong></span> <span class='ocrx_word' id='word_1_524' title='bbox 1779 851 1835 870; x_wconf 88' lang='lat' dir='ltr'><strong>un-</strong></span> 
     </span>
    </p>
   </div>
   <div class='ocr_carea' id='block_1_77' title="bbox 1034 887 1834 923">
    <p class='ocr_par' dir='ltr' id='par_1_77' title="bbox 1034 887 1834 923">
     <span class='ocr_line' id='line_1_78' title="bbox 1034 887 1834 923; baseline -0.001 -7"><span class='ocrx_word' id='word_1_525' title='bbox 1034 890 1129 916; x_wconf 84' lang='lat' dir='ltr'><strong>darum</strong></span> <span class='ocrx_word' id='word_1_526' title='bbox 1152 888 1268 923; x_wconf 88' lang='lat' dir='ltr'><strong>impetus</strong></span> <span class='ocrx_word' id='word_1_527' title='bbox 1282 887 1433 914; x_wconf 87' lang='lat' dir='ltr'><strong>contemnit</strong></span> <span class='ocrx_word' id='word_1_528' title='bbox 1457 887 1547 921; x_wconf 90' lang='lat' dir='ltr'><strong>potius</strong></span> <span class='ocrx_word' id='word_1_529' title='bbox 1575 896 1658 922; x_wconf 87' lang='lat' dir='ltr'><strong>quam</strong></span> <span class='ocrx_word' id='word_1_530' title='bbox 1677 889 1764 921; x_wconf 83' lang='lat' dir='ltr'><strong>timet,</strong></span> <span class='ocrx_word' id='word_1_531' title='bbox 1789 889 1834 915; x_wconf 83' lang='lat' dir='ltr'><strong>di-</strong></span> 
     </span>
    </p>
   </div>
   <div class='ocr_carea' id='block_1_78' title="bbox 1035 932 1580 969">
    <p class='ocr_par' dir='ltr' id='par_1_78' title="bbox 1035 932 1580 969">
     <span class='ocr_line' id='line_1_79' title="bbox 1035 932 1580 969; baseline -0.004 -7"><span class='ocrx_word' id='word_1_532' title='bbox 1035 935 1197 969; x_wconf 87' lang='lat' dir='ltr'><strong>stringitque</strong></span> <span class='ocrx_word' id='word_1_533' title='bbox 1211 933 1318 964; x_wconf 89' lang='lat' dir='ltr'><strong>fortius,</strong></span> <span class='ocrx_word' id='word_1_534' title='bbox 1335 939 1415 967; x_wconf 88' lang='lat' dir='ltr'><strong>quam</strong></span> <span class='ocrx_word' id='word_1_535' title='bbox 1430 932 1483 959; x_wconf 88' lang='lat' dir='ltr'><strong>illis</strong></span> <span class='ocrx_word' id='word_1_536' title='bbox 1498 933 1580 960; x_wconf 87' lang='lat' dir='ltr'><strong>cedit.</strong></span> 
     </span>
    </p>
   </div>
   <div class='ocr_carea' id='block_1_79' title="bbox 1072 978 1833 1014">
    <p class='ocr_par' dir='ltr' id='par_1_79' title="bbox 1072 978 1833 1014">
     <span class='ocr_line' id='line_1_80' title="bbox 1072 978 1833 1014; baseline -0.001 -7"><span class='ocrx_word' id='word_1_537' title='bbox 1072 980 1115 1008; x_wconf 71' lang='lat' dir='ltr'><strong>t4.</strong></span> <span class='ocrx_word' id='word_1_538' title='bbox 1135 980 1207 1013; x_wconf 81' lang='lat' dir='ltr'><strong>Quas</strong></span> <span class='ocrx_word' id='word_1_539' title='bbox 1218 979 1327 1013; x_wconf 88' lang='lat' dir='ltr'><strong>quidem</strong></span> <span class='ocrx_word' id='word_1_540' title='bbox 1349 978 1462 1014; x_wconf 74' lang='lat' dir='ltr'><strong>Agathze</strong></span> <span class='ocrx_word' id='word_1_541' title='bbox 1479 978 1594 1006; x_wconf 83' lang='lat' dir='ltr'><strong>virtutes</strong></span> <span class='ocrx_word' id='word_1_542' title='bbox 1611 986 1673 1006; x_wconf 89' lang='lat' dir='ltr'><strong>cum</strong></span> <span class='ocrx_word' id='word_1_543' title='bbox 1691 983 1763 1006; x_wconf 85' lang='lat' dir='ltr'><strong>esset</strong></span> <span class='ocrx_word' id='word_1_544' title='bbox 1782 978 1833 1006; x_wconf 85' lang='lat' dir='ltr'><strong>ad-</strong></span> 
     </span>
    </p>
   </div>
   <div class='ocr_carea' id='block_1_80' title="bbox 1037 1024 1835 1057">
    <p class='ocr_par' dir='ltr' id='par_1_80' title="bbox 1037 1024 1835 1057">
     <span class='ocr_line' id='line_1_81' title="bbox 1037 1024 1835 1057; baseline -0.006 -4"><span class='ocrx_word' id='word_1_545' title='bbox 1037 1027 1134 1053; x_wconf 86' lang='lat' dir='ltr'><strong>mirata</strong></span> <span class='ocrx_word' id='word_1_546' title='bbox 1160 1025 1249 1052; x_wconf 87' lang='lat' dir='ltr'><strong>omnis</strong></span> <span class='ocrx_word' id='word_1_547' title='bbox 1278 1024 1323 1051; x_wconf 87' lang='lat' dir='ltr'><strong>illa</strong></span> <span class='ocrx_word' id='word_1_548' title='bbox 1356 1024 1576 1052; x_wconf 84' lang='lat' dir='ltr'><strong>muliercularum</strong></span> <span class='ocrx_word' id='word_1_549' title='bbox 1611 1024 1762 1057; x_wconf 87' lang='lat' dir='ltr'><strong>colluvies,</strong></span> <span class='ocrx_word' id='word_1_550' title='bbox 1793 1024 1835 1052; x_wconf 88' lang='lat' dir='ltr'><strong>ad.</strong></span> 
     </span>
    </p>
   </div>
   <div class='ocr_carea' id='block_1_81' title="bbox 1036 1069 1834 1105">
    <p class='ocr_par' dir='ltr' id='par_1_81' title="bbox 1036 1069 1834 1105">
     <span class='ocr_line' id='line_1_82' title="bbox 1036 1069 1834 1105; baseline -0.001 -7"><span class='ocrx_word' id='word_1_551' title='bbox 1036 1071 1211 1105; x_wconf 84' lang='lat' dir='ltr'><strong>Quintianum</strong></span> <span class='ocrx_word' id='word_1_552' title='bbox 1231 1069 1319 1104; x_wconf 78' lang='lat' dir='ltr'><strong>pergit</strong></span> <span class='ocrx_word' id='word_1_553' title='bbox 1336 1069 1509 1104; x_wconf 86' lang='lat' dir='ltr'><strong>Aphrodisia,</strong></span> <span class='ocrx_word' id='word_1_554' title='bbox 1540 1069 1699 1104; x_wconf 83' lang='lat' dir='ltr'><strong>nuntiatque</strong></span> <span class='ocrx_word' id='word_1_555' title='bbox 1721 1076 1781 1097; x_wconf 88' lang='lat' dir='ltr'><strong>sese</strong></span> <span class='ocrx_word' id='word_1_556' title='bbox 1798 1077 1834 1098; x_wconf 82' lang='lat' dir='ltr'><strong>ac</strong></span> 
     </span>
    </p>
   </div>
   <div class='ocr_carea' id='block_1_82' title="bbox 1037 1114 1831 1151">
    <p class='ocr_par' dir='ltr' id='par_1_82' title="bbox 1037 1114 1831 1151">
     <span class='ocr_line' id='line_1_83' title="bbox 1037 1114 1831 1151; baseline -0.003 -7"><span class='ocrx_word' id='word_1_557' title='bbox 1037 1117 1106 1145; x_wconf 86' lang='lat' dir='ltr'><strong>ﬁlias</strong></span> <span class='ocrx_word' id='word_1_558' title='bbox 1122 1124 1232 1151; x_wconf 86' lang='lat' dir='ltr'><strong>operam</strong></span> <span class='ocrx_word' id='word_1_559' title='bbox 1246 1115 1412 1150; x_wconf 87' lang='lat' dir='ltr'><strong>perdidisse;</strong></span> <span class='ocrx_word' id='word_1_560' title='bbox 1431 1115 1592 1150; x_wconf 84' lang='lat' dir='ltr'><strong>faciliusque</strong></span> <span class='ocrx_word' id='word_1_561' title='bbox 1602 1114 1699 1142; x_wconf 68' lang='lat' dir='ltr'><strong>Etuea</strong></span> <span class='ocrx_word' id='word_1_562' title='bbox 1719 1123 1783 1142; x_wconf 73' lang='lat' dir='ltr'><strong>saxa</strong></span> <span class='ocrx_word' id='word_1_563' title='bbox 1803 1116 1831 1142; x_wconf 86' lang='lat' dir='ltr'><strong>in</strong></span> 
     </span>
    </p>
   </div>
   <div class='ocr_carea' id='block_1_83' title="bbox 1037 1160 1834 1200">
    <p class='ocr_par' dir='ltr' id='par_1_83' title="bbox 1037 1160 1834 1200">
     <span class='ocr_line' id='line_1_84' title="bbox 1037 1160 1834 1200; baseline -0.003 -10"><span class='ocrx_word' id='word_1_564' title='bbox 1037 1170 1126 1190; x_wconf 90' lang='lat' dir='ltr'><strong>ceram</strong></span> <span class='ocrx_word' id='word_1_565' title='bbox 1142 1161 1262 1190; x_wconf 83' lang='lat' dir='ltr'><strong>converti</strong></span> <span class='ocrx_word' id='word_1_566' title='bbox 1274 1181 1282 1192; x_wconf 87' lang='lat'><strong>,</strong></span> <span class='ocrx_word' id='word_1_567' title='bbox 1297 1168 1378 1195; x_wconf 87' lang='lat' dir='ltr'><strong>quam</strong></span> <span class='ocrx_word' id='word_1_568' title='bbox 1394 1160 1506 1195; x_wconf 70' lang='lat' dir='ltr'><strong>Agathte</strong></span> <span class='ocrx_word' id='word_1_569' title='bbox 1530 1168 1578 1200; x_wconf 77' lang='lat' dir='ltr'><strong>cor</strong></span> <span class='ocrx_word' id='word_1_570' title='bbox 1602 1161 1628 1187; x_wconf 92' lang='lat' dir='ltr'><strong>in</strong></span> <span class='ocrx_word' id='word_1_571' title='bbox 1647 1160 1834 1188; x_wconf 79' lang='lat' dir='ltr'><strong>obstinatione</strong></span> 
     </span>
    </p>
   </div>
   <div class='ocr_carea' id='block_1_84' title="bbox 1037 1205 1831 1240">
    <p class='ocr_par' dir='ltr' id='par_1_84' title="bbox 1037 1205 1831 1240">
     <span class='ocr_line' id='line_1_85' title="bbox 1037 1205 1831 1240; baseline -0.004 -5"><span class='ocrx_word' id='word_1_572' title='bbox 1037 1208 1227 1236; x_wconf 61' lang='lat' dir='ltr'><strong>conservandae</strong></span> <span class='ocrx_word' id='word_1_573' title='bbox 1249 1206 1359 1234; x_wconf 88' lang='lat' dir='ltr'><strong>Christo</strong></span> <span class='ocrx_word' id='word_1_574' title='bbox 1376 1206 1541 1240; x_wconf 68' lang='lat' dir='ltr'><strong>virginitatis</strong></span> <span class='ocrx_word' id='word_1_575' title='bbox 1561 1206 1726 1233; x_wconf 86' lang='lat' dir='ltr'><strong>obduratum</strong></span> <span class='ocrx_word' id='word_1_576' title='bbox 1744 1205 1831 1232; x_wconf 81' lang='lat' dir='ltr'><strong>emol-</strong></span> 
     </span>
    </p>
   </div>
   <div class='ocr_carea' id='block_1_85' title="bbox 1038 1251 1832 1288">
    <p class='ocr_par' dir='ltr' id='par_1_85' title="bbox 1038 1251 1832 1288">
     <span class='ocr_line' id='line_1_86' title="bbox 1038 1251 1832 1288; baseline -0.004 -7"><span class='ocrx_word' id='word_1_577' title='bbox 1038 1254 1081 1281; x_wconf 92' lang='lat' dir='ltr'><strong>liri</strong></span> <span class='ocrx_word' id='word_1_578' title='bbox 1096 1252 1294 1288; x_wconf 87' lang='lat' dir='ltr'><strong>aliquantulmn</strong></span> <span class='ocrx_word' id='word_1_579' title='bbox 1317 1259 1406 1287; x_wconf 90' lang='lat' dir='ltr'><strong>posse.</strong></span> <span class='ocrx_word' id='word_1_580' title='bbox 1430 1251 1498 1278; x_wconf 89' lang='lat' dir='ltr'><strong>Tum</strong></span> <span class='ocrx_word' id='word_1_581' title='bbox 1530 1251 1574 1279; x_wconf 91' lang='lat' dir='ltr'><strong>ille</strong></span> <span class='ocrx_word' id='word_1_582' title='bbox 1599 1251 1632 1278; x_wconf 88' lang='lat' dir='ltr'><strong>ad</strong></span> <span class='ocrx_word' id='word_1_583' title='bbox 1656 1259 1734 1279; x_wconf 86' lang='lat' dir='ltr'><strong>suum</strong></span> <span class='ocrx_word' id='word_1_584' title='bbox 1752 1251 1832 1278; x_wconf 86' lang='lat' dir='ltr'><strong>citari</strong></span> 
     </span>
    </p>
   </div>
   <div class='ocr_carea' id='block_1_86' title="bbox 1039 1298 1833 1335">
    <p class='ocr_par' dir='ltr' id='par_1_86' title="bbox 1039 1298 1833 1335">
     <span class='ocr_line' id='line_1_87' title="bbox 1039 1298 1833 1335; baseline -0.004 -7"><span class='ocrx_word' id='word_1_585' title='bbox 1039 1301 1173 1335; x_wconf 87' lang='lat' dir='ltr'><strong>virginem</strong></span> <span class='ocrx_word' id='word_1_586' title='bbox 1196 1299 1313 1326; x_wconf 88' lang='lat' dir='ltr'><strong>tribunal</strong></span> <span class='ocrx_word' id='word_1_587' title='bbox 1330 1298 1482 1333; x_wconf 86' lang='lat' dir='ltr'><strong>jubet;qui</strong></span> <span class='ocrx_word' id='word_1_588' title='bbox 1513 1303 1689 1326; x_wconf 83' lang='lat' dir='ltr'><strong>reuascentes</strong></span> <span class='ocrx_word' id='word_1_589' title='bbox 1711 1298 1833 1332; x_wconf 78' lang='lat' dir='ltr'><strong>pristinae</strong></span> 
     </span>
    </p>
   </div>
   <div class='ocr_carea' id='block_1_87' title="bbox 1039 1344 1834 1381">
    <p class='ocr_par' dir='ltr' id='par_1_87' title="bbox 1039 1344 1834 1381">
     <span class='ocr_line' id='line_1_88' title="bbox 1039 1344 1834 1381; baseline -0.004 -8"><span class='ocrx_word' id='word_1_590' title='bbox 1039 1345 1194 1381; x_wconf 87' lang='lat' dir='ltr'><strong>cupiditatis</strong></span> <span class='ocrx_word' id='word_1_591' title='bbox 1209 1345 1310 1380; x_wconf 79' lang='lat' dir='ltr'><strong>iraeque</strong></span> <span class='ocrx_word' id='word_1_592' title='bbox 1323 1344 1444 1372; x_wconf 81' lang='lat' dir='ltr'><strong>flammas</strong></span> <span class='ocrx_word' id='word_1_593' title='bbox 1461 1352 1523 1372; x_wconf 88' lang='lat' dir='ltr'><strong>cum</strong></span> <span class='ocrx_word' id='word_1_594' title='bbox 1539 1345 1584 1371; x_wconf 92' lang='lat' dir='ltr'><strong>diu</strong></span> <span class='ocrx_word' id='word_1_595' title='bbox 1604 1351 1652 1378; x_wconf 87' lang='lat' dir='ltr'><strong>per</strong></span> <span class='ocrx_word' id='word_1_596' title='bbox 1667 1346 1755 1371; x_wconf 88' lang='lat' dir='ltr'><strong>astum</strong></span> <span class='ocrx_word' id='word_1_597' title='bbox 1771 1351 1834 1378; x_wconf 87' lang='lat' dir='ltr'><strong>sup-</strong></span> 
     </span>
    </p>
   </div>
   <div class='ocr_carea' id='block_1_88' title="bbox 1039 1389 1830 1426">
    <p class='ocr_par' dir='ltr' id='par_1_88' title="bbox 1039 1389 1830 1426">
     <span class='ocr_line' id='line_1_89' title="bbox 1039 1389 1830 1426; baseline -0.005 -7"><span class='ocrx_word' id='word_1_598' title='bbox 1039 1392 1193 1426; x_wconf 86' lang='lat' dir='ltr'><strong>pressisset,</strong></span> <span class='ocrx_word' id='word_1_599' title='bbox 1214 1391 1304 1417; x_wconf 65' lang='lat' dir='ltr'><strong>Adtuaa</strong></span> <span class='ocrx_word' id='word_1_600' title='bbox 1321 1390 1429 1422; x_wconf 89' lang='lat' dir='ltr'><strong>similis,</strong></span> <span class='ocrx_word' id='word_1_601' title='bbox 1449 1396 1530 1424; x_wconf 86' lang='lat' dir='ltr'><strong>quem</strong></span> <span class='ocrx_word' id='word_1_602' title='bbox 1549 1397 1602 1415; x_wconf 88' lang='lat' dir='ltr'><strong>non</strong></span> <span class='ocrx_word' id='word_1_603' title='bbox 1621 1397 1727 1423; x_wconf 82' lang='lat' dir='ltr'><strong>semper</strong></span> <span class='ocrx_word' id='word_1_604' title='bbox 1740 1389 1830 1423; x_wconf 75' lang='lat' dir='ltr'><strong>ignem</strong></span> 
     </span>
    </p>
   </div>
   <div class='ocr_carea' id='block_1_89' title="bbox 1038 1435 1832 1470">
    <p class='ocr_par' dir='ltr' id='par_1_89' title="bbox 1038 1435 1832 1470">
     <span class='ocr_line' id='line_1_90' title="bbox 1038 1435 1832 1470; baseline -0.004 -5"><span class='ocrx_word' id='word_1_605' title='bbox 1038 1439 1072 1465; x_wconf 87' lang='lat' dir='ltr'><strong>ab</strong></span> <span class='ocrx_word' id='word_1_606' title='bbox 1084 1437 1226 1465; x_wconf 88' lang='lat' dir='ltr'><strong>horrendis</strong></span> <span class='ocrx_word' id='word_1_607' title='bbox 1244 1436 1364 1463; x_wconf 86' lang='lat' dir='ltr'><strong>faucibus</strong></span> <span class='ocrx_word' id='word_1_608' title='bbox 1385 1435 1513 1470; x_wconf 86' lang='lat' dir='ltr'><strong>ejaculari</strong></span> <span class='ocrx_word' id='word_1_609' title='bbox 1535 1435 1636 1468; x_wconf 89' lang='lat' dir='ltr'><strong>ferunt,</strong></span> <span class='ocrx_word' id='word_1_610' title='bbox 1649 1435 1695 1462; x_wconf 87' lang='lat' dir='ltr'><strong>sed</strong></span> <span class='ocrx_word' id='word_1_611' title='bbox 1714 1436 1832 1469; x_wconf 87' lang='lat' dir='ltr'><strong>quibus-</strong></span> 
     </span>
    </p>
   </div>
   <div class='ocr_carea' id='block_1_90' title="bbox 1039 1479 1835 1516">
    <p class='ocr_par' dir='ltr' id='par_1_90' title="bbox 1039 1479 1835 1516">
     <span class='ocr_line' id='line_1_91' title="bbox 1039 1479 1835 1516; baseline -0.005 -6"><span class='ocrx_word' id='word_1_612' title='bbox 1039 1484 1101 1510; x_wconf 90' lang='lat' dir='ltr'><strong>dam</strong></span> <span class='ocrx_word' id='word_1_613' title='bbox 1126 1481 1276 1516; x_wconf 86' lang='lat' dir='ltr'><strong>interjectis</strong></span> <span class='ocrx_word' id='word_1_614' title='bbox 1306 1486 1459 1515; x_wconf 90' lang='lat' dir='ltr'><strong>temporum</strong></span> <span class='ocrx_word' id='word_1_615' title='bbox 1487 1479 1638 1506; x_wconf 87' lang='lat' dir='ltr'><strong>intervallis</strong></span> <span class='ocrx_word' id='word_1_616' title='bbox 1672 1480 1835 1507; x_wconf 87' lang='lat' dir='ltr'><strong>ebullientes</strong></span> 
     </span>
    </p>
   </div>
   <div class='ocr_carea' id='block_1_91' title="bbox 1041 1520 1834 1560">
    <p class='ocr_par' dir='ltr' id='par_1_91' title="bbox 1041 1520 1834 1560">
     <span class='ocr_line' id='line_1_92' title="bbox 1041 1520 1834 1560; baseline -0.006 -3"><span class='ocrx_word' id='word_1_617' title='bbox 1041 1530 1112 1557; x_wconf 87' lang='lat' dir='ltr'><strong>intus</strong></span> <span class='ocrx_word' id='word_1_618' title='bbox 1127 1520 1253 1555; x_wconf 82' lang='lat' dir='ltr'><strong>ﬂammas</strong></span> <span class='ocrx_word' id='word_1_619' title='bbox 1269 1527 1315 1554; x_wconf 88' lang='lat' dir='ltr'><strong>ubi</strong></span> <span class='ocrx_word' id='word_1_620' title='bbox 1331 1526 1480 1558; x_wconf 89' lang='lat' dir='ltr'><strong>continuit,</strong></span> <span class='ocrx_word' id='word_1_621' title='bbox 1497 1526 1622 1560; x_wconf 87' lang='lat' dir='ltr'><strong>protinus</strong></span> <span class='ocrx_word' id='word_1_622' title='bbox 1640 1525 1757 1560; x_wconf 84' lang='lat' dir='ltr'><strong>majores</strong></span> <span class='ocrx_word' id='word_1_623' title='bbox 1770 1533 1834 1553; x_wconf 89' lang='lat' dir='ltr'><strong>evo-</strong></span> 
     </span>
    </p>
   </div>
   <div class='ocr_carea' id='block_1_92' title="bbox 1043 1571 1835 1608">
    <p class='ocr_par' dir='ltr' id='par_1_92' title="bbox 1043 1571 1835 1608">
     <span class='ocr_line' id='line_1_93' title="bbox 1043 1571 1835 1608; baseline -0.004 -7"><span class='ocrx_word' id='word_1_624' title='bbox 1043 1573 1202 1608; x_wconf 83' lang='lat' dir='ltr'><strong>mitignitos</strong></span> <span class='ocrx_word' id='word_1_625' title='bbox 1223 1573 1330 1605; x_wconf 88' lang='lat' dir='ltr'><strong>ﬂuvios,</strong></span> <span class='ocrx_word' id='word_1_626' title='bbox 1349 1571 1498 1607; x_wconf 80' lang='lat' dir='ltr'><strong>globosque</strong></span> <span class='ocrx_word' id='word_1_627' title='bbox 1522 1571 1682 1606; x_wconf 76' lang='lat' dir='ltr'><strong>ejaculatur.</strong></span> <span class='ocrx_word' id='word_1_628' title='bbox 1706 1571 1750 1603; x_wconf 79' lang='lat' dir='ltr'><strong>Et.</strong></span> <span class='ocrx_word' id='word_1_629' title='bbox 1770 1571 1835 1598; x_wconf 85' lang='lat' dir='ltr'><strong>Scio</strong></span> 
     </span>
    </p>
   </div>
   <div class='ocr_carea' id='block_1_93' title="bbox 1043 1617 1836 1655">
    <p class='ocr_par' dir='ltr' id='par_1_93' title="bbox 1043 1617 1836 1655">
     <span class='ocr_line' id='line_1_94' title="bbox 1043 1617 1836 1655; baseline -0.005 -8"><span class='ocrx_word' id='word_1_630' title='bbox 1043 1620 1180 1655; x_wconf 90' lang='lat' dir='ltr'><strong>equidem,</strong></span> <span class='ocrx_word' id='word_1_631' title='bbox 1202 1618 1306 1653; x_wconf 89' lang='lat' dir='ltr'><strong>inquit,</strong></span> <span class='ocrx_word' id='word_1_632' title='bbox 1330 1623 1357 1644; x_wconf 84' lang='lat' dir='ltr'><strong>te</strong></span> <span class='ocrx_word' id='word_1_633' title='bbox 1371 1625 1405 1644; x_wconf 82' lang='lat' dir='ltr'><strong>ex</strong></span> <span class='ocrx_word' id='word_1_634' title='bbox 1434 1617 1517 1644; x_wconf 91' lang='lat' dir='ltr'><strong>nubili</strong></span> <span class='ocrx_word' id='word_1_635' title='bbox 1537 1617 1718 1651; x_wconf 82' lang='lat' dir='ltr'><strong>opuletitoque</strong></span> <span class='ocrx_word' id='word_1_636' title='bbox 1735 1623 1836 1652; x_wconf 80' lang='lat' dir='ltr'><strong>genere</strong></span> 
     </span>
    </p>
   </div>
   <div class='ocr_carea' id='block_1_94' title="bbox 1043 1663 1836 1698">
    <p class='ocr_par' dir='ltr' id='par_1_94' title="bbox 1043 1663 1836 1698">
     <span class='ocr_line' id='line_1_95' title="bbox 1043 1663 1836 1698; baseline -0.005 -6"><span class='ocrx_word' id='word_1_637' title='bbox 1043 1671 1130 1693; x_wconf 88' lang='lat' dir='ltr'><strong>ortam</strong></span> <span class='ocrx_word' id='word_1_638' title='bbox 1145 1672 1222 1698; x_wconf 85' lang='lat' dir='ltr'><strong>esse;</strong></span> <span class='ocrx_word' id='word_1_639' title='bbox 1251 1664 1344 1698; x_wconf 88' lang='lat' dir='ltr'><strong>tuique</strong></span> <span class='ocrx_word' id='word_1_640' title='bbox 1360 1663 1502 1697; x_wconf 81' lang='lat' dir='ltr'><strong>sanguinis</strong></span> <span class='ocrx_word' id='word_1_641' title='bbox 1530 1663 1705 1697; x_wconf 80' lang='lat' dir='ltr'><strong>splendorem</strong></span> <span class='ocrx_word' id='word_1_642' title='bbox 1726 1663 1836 1697; x_wconf 82' lang='lat' dir='ltr'><strong>cognati</strong></span> 
     </span>
    </p>
   </div>
   <div class='ocr_carea' id='block_1_95' title="bbox 1044 1709 1836 1746">
    <p class='ocr_par' dir='ltr' id='par_1_95' title="bbox 1044 1709 1836 1746">
     <span class='ocr_line' id='line_1_96' title="bbox 1044 1709 1836 1746; baseline -0.004 -7"><span class='ocrx_word' id='word_1_643' title='bbox 1044 1712 1095 1744; x_wconf 87' lang='lat' dir='ltr'><strong>tui,</strong></span> <span class='ocrx_word' id='word_1_644' title='bbox 1108 1719 1222 1746; x_wconf 86' lang='lat' dir='ltr'><strong>quorum</strong></span> <span class='ocrx_word' id='word_1_645' title='bbox 1235 1718 1316 1746; x_wconf 87' lang='lat' dir='ltr'><strong>opera</strong></span> <span class='ocrx_word' id='word_1_646' title='bbox 1332 1710 1358 1736; x_wconf 92' lang='lat' dir='ltr'><strong>in</strong></span> <span class='ocrx_word' id='word_1_647' title='bbox 1375 1710 1479 1744; x_wconf 84' lang='lat' dir='ltr'><strong>magnis</strong></span> <span class='ocrx_word' id='word_1_648' title='bbox 1495 1709 1599 1742; x_wconf 84' lang='lat' dir='ltr'><strong>imperii</strong></span> <span class='ocrx_word' id='word_1_649' title='bbox 1619 1709 1697 1736; x_wconf 82' lang='lat' dir='ltr'><strong>rebus</strong></span> <span class='ocrx_word' id='word_1_650' title='bbox 1720 1717 1773 1735; x_wconf 90' lang='lat' dir='ltr'><strong>non</strong></span> <span class='ocrx_word' id='word_1_651' title='bbox 1791 1716 1836 1736; x_wconf 89' lang='lat' dir='ltr'><strong>se-</strong></span> 
     </span>
    </p>
   </div>
   <div class='ocr_carea' id='block_1_96' title="bbox 1043 1755 1837 1789">
    <p class='ocr_par' dir='ltr' id='par_1_96' title="bbox 1043 1755 1837 1789">
     <span class='ocr_line' id='line_1_97' title="bbox 1043 1755 1837 1789; baseline -0.005 -4"><span class='ocrx_word' id='word_1_652' title='bbox 1043 1758 1097 1785; x_wconf 88' lang='lat' dir='ltr'><strong>mel</strong></span> <span class='ocrx_word' id='word_1_653' title='bbox 1117 1765 1182 1784; x_wconf 87' lang='lat' dir='ltr'><strong>usus</strong></span> <span class='ocrx_word' id='word_1_654' title='bbox 1197 1764 1268 1788; x_wconf 85' lang='lat' dir='ltr'><strong>sum,</strong></span> <span class='ocrx_word' id='word_1_655' title='bbox 1282 1759 1434 1783; x_wconf 78' lang='lat' dir='ltr'><strong>testantur:</strong></span> <span class='ocrx_word' id='word_1_656' title='bbox 1451 1755 1514 1789; x_wconf 92' lang='lat' dir='ltr'><strong>quid</strong></span> <span class='ocrx_word' id='word_1_657' title='bbox 1532 1755 1613 1789; x_wconf 72' lang='lat' dir='ltr'><strong>igitur</strong></span> <span class='ocrx_word' id='word_1_658' title='bbox 1626 1762 1714 1782; x_wconf 70' lang='lat' dir='ltr'><strong>causa:</strong></span> <span class='ocrx_word' id='word_1_659' title='bbox 1729 1759 1788 1787; x_wconf 80' lang='lat' dir='ltr'><strong>est,</strong></span> <span class='ocrx_word' id='word_1_660' title='bbox 1807 1759 1837 1781; x_wconf 86' lang='lat' dir='ltr'><strong>ut</strong></span> 
     </span>
    </p>
   </div>
   <div class='ocr_carea' id='block_1_97' title="bbox 1043 1799 1834 1838">
    <p class='ocr_par' dir='ltr' id='par_1_97' title="bbox 1043 1799 1834 1838">
     <span class='ocr_line' id='line_1_98' title="bbox 1043 1799 1834 1838; baseline -0.006 -8"><span class='ocrx_word' id='word_1_661' title='bbox 1043 1803 1205 1838; x_wconf 87' lang='lat' dir='ltr'><strong>posthabitis</strong></span> <span class='ocrx_word' id='word_1_662' title='bbox 1231 1801 1331 1828; x_wconf 87' lang='lat' dir='ltr'><strong>nostris</strong></span> <span class='ocrx_word' id='word_1_663' title='bbox 1344 1801 1395 1827; x_wconf 90' lang='lat' dir='ltr'><strong>diis</strong></span> <span class='ocrx_word' id='word_1_664' title='bbox 1412 1800 1541 1828; x_wconf 88' lang='lat' dir='ltr'><strong>humilem</strong></span> <span class='ocrx_word' id='word_1_665' title='bbox 1557 1799 1777 1826; x_wconf 77' lang='lat' dir='ltr'><strong>Christianorum</strong></span> <span class='ocrx_word' id='word_1_666' title='bbox 1795 1800 1834 1826; x_wconf 81' lang='lat' dir='ltr'><strong>vi-</strong></span> 
     </span>
    </p>
   </div>
   <div class='ocr_carea' id='block_1_98' title="bbox 1045 1845 1838 1880">
    <p class='ocr_par' dir='ltr' id='par_1_98' title="bbox 1045 1845 1838 1880">
     <span class='ocr_line' id='line_1_99' title="bbox 1045 1845 1838 1880; baseline -0.004 -4"><span class='ocrx_word' id='word_1_667' title='bbox 1045 1854 1099 1876; x_wconf 85' lang='lat' dir='ltr'><strong>tam</strong></span> <span class='ocrx_word' id='word_1_668' title='bbox 1124 1848 1281 1875; x_wconf 86' lang='lat' dir='ltr'><strong>ancillarum</strong></span> <span class='ocrx_word' id='word_1_669' title='bbox 1312 1847 1339 1874; x_wconf 91' lang='lat' dir='ltr'><strong>in</strong></span> <span class='ocrx_word' id='word_1_670' title='bbox 1365 1854 1478 1878; x_wconf 89' lang='lat' dir='ltr'><strong>morem,</strong></span> <span class='ocrx_word' id='word_1_671' title='bbox 1503 1846 1529 1873; x_wconf 91' lang='lat' dir='ltr'><strong>iu</strong></span> <span class='ocrx_word' id='word_1_672' title='bbox 1553 1846 1670 1873; x_wconf 83' lang='lat' dir='ltr'><strong>obscuro</strong></span> <span class='ocrx_word' id='word_1_673' title='bbox 1701 1845 1785 1880; x_wconf 81' lang='lat' dir='ltr'><strong>agas?</strong></span> <span class='ocrx_word' id='word_1_674' title='bbox 1804 1845 1838 1873; x_wconf 83' lang='grc' dir='ltr'><strong>Ει</strong></span> 
     </span>
    </p>
   </div>
   <div class='ocr_carea' id='block_1_99' title="bbox 1043 1891 1839 1924">
    <p class='ocr_par' dir='ltr' id='par_1_99' title="bbox 1043 1891 1839 1924">
     <span class='ocr_line' id='line_1_100' title="bbox 1043 1891 1839 1924; baseline -0.005 -2"><span class='ocrx_word' id='word_1_675' title='bbox 1043 1894 1088 1922; x_wconf 88' lang='lat' dir='ltr'><strong>illa</strong></span> <span class='ocrx_word' id='word_1_676' title='bbox 1101 1903 1108 1922; x_wconf 89' lang='lat'><strong>:</strong></span> <span class='ocrx_word' id='word_1_677' title='bbox 1125 1893 1207 1921; x_wconf 78' lang='lat' dir='ltr'><strong>Recte</strong></span> <span class='ocrx_word' id='word_1_678' title='bbox 1216 1900 1258 1920; x_wconf 91' lang='lat' dir='ltr'><strong>me</strong></span> <span class='ocrx_word' id='word_1_679' title='bbox 1273 1891 1399 1919; x_wconf 87' lang='lat' dir='ltr'><strong>ancillam</strong></span> <span class='ocrx_word' id='word_1_680' title='bbox 1411 1896 1536 1918; x_wconf 82' lang='lat' dir='ltr'><strong>autumas</strong></span> <span class='ocrx_word' id='word_1_681' title='bbox 1549 1899 1556 1924; x_wconf 87' lang='lat'><strong>;</strong></span> <span class='ocrx_word' id='word_1_682' title='bbox 1571 1899 1630 1918; x_wconf 87' lang='lat' dir='ltr'><strong>sum</strong></span> <span class='ocrx_word' id='word_1_683' title='bbox 1644 1891 1716 1918; x_wconf 88' lang='lat' dir='ltr'><strong>enim</strong></span> <span class='ocrx_word' id='word_1_684' title='bbox 1733 1891 1839 1919; x_wconf 81' lang='lat' dir='ltr'><strong>Christi</strong></span> 
     </span>
    </p>
   </div>
   <div class='ocr_carea' id='block_1_100' title="bbox 1044 1936 1836 1968">
    <p class='ocr_par' dir='ltr' id='par_1_100' title="bbox 1044 1936 1836 1968">
     <span class='ocr_line' id='line_1_101' title="bbox 1044 1936 1836 1968; baseline -0.005 -2"><span class='ocrx_word' id='word_1_685' title='bbox 1044 1939 1091 1966; x_wconf 88' lang='lat' dir='ltr'><strong>Dei</strong></span> <span class='ocrx_word' id='word_1_686' title='bbox 1109 1939 1160 1966; x_wconf 89' lang='lat' dir='ltr'><strong>mei</strong></span> <span class='ocrx_word' id='word_1_687' title='bbox 1176 1938 1283 1968; x_wconf 88' lang='lat' dir='ltr'><strong>ancilla,</strong></span> <span class='ocrx_word' id='word_1_688' title='bbox 1295 1937 1341 1967; x_wconf 79' lang='lat' dir='ltr'><strong>cui</strong></span> <span class='ocrx_word' id='word_1_689' title='bbox 1353 1939 1447 1964; x_wconf 81' lang='lat' dir='ltr'><strong>omnes</strong></span> <span class='ocrx_word' id='word_1_690' title='bbox 1457 1940 1556 1963; x_wconf 75' lang='lat' dir='ltr'><strong>creata:</strong></span> <span class='ocrx_word' id='word_1_691' title='bbox 1575 1943 1628 1967; x_wconf 86' lang='lat' dir='ltr'><strong>res,</strong></span> <span class='ocrx_word' id='word_1_692' title='bbox 1640 1936 1725 1963; x_wconf 85' lang='lat' dir='ltr'><strong>velint</strong></span> <span class='ocrx_word' id='word_1_693' title='bbox 1740 1936 1836 1968; x_wconf 87' lang='lat' dir='ltr'><strong>nolint,</strong></span> 
     </span>
    </p>
   </div>
   <div class='ocr_carea' id='block_1_101' title="bbox 1044 1981 1839 2016">
    <p class='ocr_par' dir='ltr' id='par_1_101' title="bbox 1044 1981 1839 2016">
     <span class='ocr_line' id='line_1_102' title="bbox 1044 1981 1839 2016; baseline -0.004 -5"><span class='ocrx_word' id='word_1_694' title='bbox 1044 1983 1219 2012; x_wconf 87' lang='lat' dir='ltr'><strong>famulantur.</strong></span> <span class='ocrx_word' id='word_1_695' title='bbox 1241 1983 1339 2010; x_wconf 85' lang='lat' dir='ltr'><strong>Verum</strong></span> <span class='ocrx_word' id='word_1_696' title='bbox 1357 1984 1413 2009; x_wconf 69' lang='lat' dir='ltr'><strong>hanc</strong></span> <span class='ocrx_word' id='word_1_697' title='bbox 1423 1981 1544 2008; x_wconf 86' lang='lat' dir='ltr'><strong>conditio</strong></span> <span class='ocrx_word' id='word_1_698' title='bbox 1562 1988 1615 2008; x_wconf 90' lang='lat' dir='ltr'><strong>nou</strong></span> <span class='ocrx_word' id='word_1_699' title='bbox 1633 1982 1779 2016; x_wconf 80' lang='lat' dir='ltr'><strong>ingenitam</strong></span> <span class='ocrx_word' id='word_1_700' title='bbox 1798 1981 1839 2008; x_wconf 87' lang='lat' dir='ltr'><strong>fa-</strong></span> 
     </span>
    </p>
   </div>
   <div class='ocr_carea' id='block_1_102' title="bbox 1044 2026 1839 2058">
    <p class='ocr_par' dir='ltr' id='par_1_102' title="bbox 1044 2026 1839 2058">
     <span class='ocr_line' id='line_1_103' title="bbox 1044 2026 1839 2058; baseline -0.003 -2"><span class='ocrx_word' id='word_1_701' title='bbox 1044 2030 1127 2057; x_wconf 52' lang='lat' dir='ltr'><strong>miliae.</strong></span> <span class='ocrx_word' id='word_1_702' title='bbox 1143 2036 1210 2056; x_wconf 76' lang='lat' dir='ltr'><strong>mea:</strong></span> <span class='ocrx_word' id='word_1_703' title='bbox 1227 2028 1397 2056; x_wconf 84' lang='lat' dir='ltr'><strong>nobilitatem</strong></span> <span class='ocrx_word' id='word_1_704' title='bbox 1413 2026 1554 2058; x_wconf 85' lang='lat' dir='ltr'><strong>obscurat,</strong></span> <span class='ocrx_word' id='word_1_705' title='bbox 1585 2027 1632 2054; x_wconf 87' lang='lat' dir='ltr'><strong>sed</strong></span> <span class='ocrx_word' id='word_1_706' title='bbox 1653 2026 1771 2054; x_wconf 86' lang='lat' dir='ltr'><strong>illustrat</strong></span> <span class='ocrx_word' id='word_1_707' title='bbox 1787 2034 1839 2054; x_wconf 85' lang='lat' dir='ltr'><strong>ma-</strong></span> 
     </span>
    </p>
   </div>
   <div class='ocr_carea' id='block_1_103' title="bbox 1043 2072 1838 2110">
    <p class='ocr_par' dir='ltr' id='par_1_103' title="bbox 1043 2072 1838 2110">
     <span class='ocr_line' id='line_1_104' title="bbox 1043 2072 1838 2110; baseline -0.003 -8"><span class='ocrx_word' id='word_1_708' title='bbox 1043 2076 1085 2110; x_wconf 85' lang='lat' dir='ltr'><strong>gis</strong></span> <span class='ocrx_word' id='word_1_709' title='bbox 1100 2083 1108 2102; x_wconf 83' lang='lat'><strong>:</strong></span> <span class='ocrx_word' id='word_1_710' title='bbox 1128 2082 1216 2109; x_wconf 84' lang='lat' dir='ltr'><strong>neque</strong></span> <span class='ocrx_word' id='word_1_711' title='bbox 1229 2082 1278 2108; x_wconf 77' lang='lat' dir='ltr'><strong>ego</strong></span> <span class='ocrx_word' id='word_1_712' title='bbox 1299 2081 1342 2101; x_wconf 88' lang='lat' dir='ltr'><strong>me</strong></span> <span class='ocrx_word' id='word_1_713' title='bbox 1368 2073 1485 2100; x_wconf 91' lang='lat' dir='ltr'><strong>nobilem</strong></span> <span class='ocrx_word' id='word_1_714' title='bbox 1502 2078 1584 2107; x_wconf 87' lang='lat' dir='ltr'><strong>atque</strong></span> <span class='ocrx_word' id='word_1_715' title='bbox 1605 2072 1752 2107; x_wconf 83' lang='lat' dir='ltr'><strong>ingenuam</strong></span> <span class='ocrx_word' id='word_1_716' title='bbox 1768 2079 1838 2107; x_wconf 68' lang='lat' dir='ltr'><strong>prae-</strong></span> 
     </span>
    </p>
   </div>
   <div class='ocr_carea' id='block_1_104' title="bbox 1043 2117 1840 2154">
    <p class='ocr_par' dir='ltr' id='par_1_104' title="bbox 1043 2117 1840 2154">
     <span class='ocr_line' id='line_1_105' title="bbox 1043 2117 1840 2154; baseline -0.009 -4"><span class='ocrx_word' id='word_1_717' title='bbox 1043 2122 1176 2154; x_wconf 88' lang='lat' dir='ltr'><strong>dicarem,</strong></span> <span class='ocrx_word' id='word_1_718' title='bbox 1192 2121 1214 2148; x_wconf 89' lang='lat' dir='ltr'><strong>si</strong></span> <span class='ocrx_word' id='word_1_719' title='bbox 1236 2128 1288 2147; x_wconf 91' lang='lat' dir='ltr'><strong>non</strong></span> <span class='ocrx_word' id='word_1_720' title='bbox 1307 2120 1389 2146; x_wconf 91' lang='lat' dir='ltr'><strong>unico</strong></span> <span class='ocrx_word' id='word_1_721' title='bbox 1401 2126 1523 2153; x_wconf 86' lang='lat' dir='ltr'><strong>veroque</strong></span> <span class='ocrx_word' id='word_1_722' title='bbox 1536 2118 1602 2149; x_wconf 83' lang='lat' dir='ltr'><strong>Deo,</strong></span> <span class='ocrx_word' id='word_1_723' title='bbox 1616 2117 1729 2152; x_wconf 87' lang='lat' dir='ltr'><strong>ejusque</strong></span> <span class='ocrx_word' id='word_1_724' title='bbox 1744 2118 1840 2152; x_wconf 84' lang='lat' dir='ltr'><strong>unige-</strong></span> 
     </span>
    </p>
   </div>
   <div class='ocr_carea' id='block_1_105' title="bbox 1043 2164 1839 2200">
    <p class='ocr_par' dir='ltr' id='par_1_105' title="bbox 1043 2164 1839 2200">
     <span class='ocr_line' id='line_1_106' title="bbox 1043 2164 1839 2200; baseline -0.008 -4"><span class='ocrx_word' id='word_1_725' title='bbox 1043 2168 1101 2196; x_wconf 89' lang='lat' dir='ltr'><strong>nito</strong></span> <span class='ocrx_word' id='word_1_726' title='bbox 1117 2167 1196 2199; x_wconf 83' lang='lat' dir='ltr'><strong>Filio,</strong></span> <span class='ocrx_word' id='word_1_727' title='bbox 1219 2170 1293 2194; x_wconf 83' lang='lat' dir='ltr'><strong>caste</strong></span> <span class='ocrx_word' id='word_1_728' title='bbox 1311 2165 1409 2200; x_wconf 86' lang='lat' dir='ltr'><strong>pieque</strong></span> <span class='ocrx_word' id='word_1_729' title='bbox 1423 2165 1574 2194; x_wconf 81' lang='lat' dir='ltr'><strong>servirem:</strong></span> <span class='ocrx_word' id='word_1_730' title='bbox 1594 2164 1641 2191; x_wconf 89' lang='lat' dir='ltr'><strong>sed</strong></span> <span class='ocrx_word' id='word_1_731' title='bbox 1657 2164 1732 2190; x_wconf 87' lang='lat' dir='ltr'><strong>vitiis</strong></span> <span class='ocrx_word' id='word_1_732' title='bbox 1749 2171 1779 2191; x_wconf 85' lang='lat' dir='ltr'><strong>ac</strong></span> <span class='ocrx_word' id='word_1_733' title='bbox 1792 2171 1839 2191; x_wconf 84' lang='lat' dir='ltr'><strong>vo-</strong></span> 
     </span>
    </p>
   </div>
   <div class='ocr_carea' id='block_1_106' title="bbox 1045 2209 1843 2248">
    <p class='ocr_par' dir='ltr' id='par_1_106' title="bbox 1045 2209 1843 2248">
     <span class='ocr_line' id='line_1_107' title="bbox 1045 2209 1843 2248; baseline -0.008 -8"><span class='ocrx_word' id='word_1_734' title='bbox 1045 2212 1193 2248; x_wconf 88' lang='lat' dir='ltr'><strong>luptatibus</strong></span> <span class='ocrx_word' id='word_1_735' title='bbox 1206 2212 1278 2246; x_wconf 65' lang='lat' dir='ltr'><strong>vitae,</strong></span> <span class='ocrx_word' id='word_1_736' title='bbox 1288 2211 1395 2246; x_wconf 87' lang='lat' dir='ltr'><strong>diisque</strong></span> <span class='ocrx_word' id='word_1_737' title='bbox 1407 2210 1524 2244; x_wconf 84' lang='lat' dir='ltr'><strong>vestris,_</strong></span> <span class='ocrx_word' id='word_1_738' title='bbox 1534 2217 1587 2237; x_wconf 93' lang='lat' dir='ltr'><strong>non</strong></span> <span class='ocrx_word' id='word_1_739' title='bbox 1599 2216 1663 2236; x_wconf 85' lang='lat' dir='ltr'><strong>vere</strong></span> <span class='ocrx_word' id='word_1_740' title='bbox 1678 2209 1741 2242; x_wconf 89' lang='lat' dir='ltr'><strong>diis,</strong></span> <span class='ocrx_word' id='word_1_741' title='bbox 1751 2216 1843 2237; x_wconf 78' lang='lat' dir='ltr'><strong>essem.</strong></span> 
     </span>
    </p>
   </div>
   <div class='ocr_carea' id='block_1_107' title="bbox 1045 2259 1175 2287">
    <p class='ocr_par' dir='ltr' id='par_1_107' title="bbox 1045 2259 1175 2287">
     <span class='ocr_line' id='line_1_108' title="bbox 1045 2259 1175 2287; baseline -0.015 0"><span class='ocrx_word' id='word_1_742' title='bbox 1045 2259 1175 2287; x_wconf 80' lang='lat' dir='ltr'><strong>obnoxia.</strong></span> 
     </span>
    </p>
   </div>
   <div class='ocr_carea' id='block_1_108' title="bbox 1084 2311 1838 2348">
    <p class='ocr_par' dir='ltr' id='par_1_108' title="bbox 1084 2311 1838 2348">
     <span class='ocr_line' id='line_1_109' title="bbox 1084 2311 1838 2348; baseline -0.007 -6"><span class='ocrx_word' id='word_1_743' title='bbox 1084 2315 1127 2342; x_wconf 77' lang='grc'><strong>15.</strong></span> <span class='ocrx_word' id='word_1_744' title='bbox 1146 2314 1210 2342; x_wconf 66' lang='grc' dir='ltr'><strong>Ηατο</strong></span> <span class='ocrx_word' id='word_1_745' title='bbox 1227 2313 1294 2342; x_wconf 87' lang='lat' dir='ltr'><strong>satis</strong></span> <span class='ocrx_word' id='word_1_746' title='bbox 1318 2313 1451 2348; x_wconf 88' lang='lat' dir='ltr'><strong>intrepide</strong></span> <span class='ocrx_word' id='word_1_747' title='bbox 1467 2312 1539 2348; x_wconf 79' lang='lat' dir='ltr'><strong>apud</strong></span> <span class='ocrx_word' id='word_1_748' title='bbox 1566 2311 1710 2347; x_wconf 76' lang='lat' dir='ltr'><strong>praesidem</strong></span> <span class='ocrx_word' id='word_1_749' title='bbox 1726 2311 1838 2347; x_wconf 64' lang='lat' dir='ltr'><strong>Agatho:</strong></span> 
     </span>
    </p>
   </div>
   <div class='ocr_carea' id='block_1_109' title="bbox 1048 2356 1840 2396">
    <p class='ocr_par' dir='ltr' id='par_1_109' title="bbox 1048 2356 1840 2396">
     <span class='ocr_line' id='line_1_110' title="bbox 1048 2356 1840 2396; baseline -0.005 -8"><span class='ocrx_word' id='word_1_750' title='bbox 1048 2360 1207 2396; x_wconf 87' lang='lat' dir='ltr'><strong>alloqucuti,</strong></span> <span class='ocrx_word' id='word_1_751' title='bbox 1226 2360 1349 2394; x_wconf 87' lang='lat' dir='ltr'><strong>protinus</strong></span> <span class='ocrx_word' id='word_1_752' title='bbox 1372 2359 1482 2387; x_wconf 86' lang='lat' dir='ltr'><strong>satelles</strong></span> <span class='ocrx_word' id='word_1_753' title='bbox 1498 2366 1579 2385; x_wconf 92' lang='lat' dir='ltr'><strong>manu</strong></span> <span class='ocrx_word' id='word_1_754' title='bbox 1598 2358 1731 2392; x_wconf 85' lang='lat' dir='ltr'><strong>sacrilega</strong></span> <span class='ocrx_word' id='word_1_755' title='bbox 1757 2357 1784 2384; x_wconf 92' lang='lat' dir='ltr'><strong>in</strong></span> <span class='ocrx_word' id='word_1_756' title='bbox 1801 2356 1840 2384; x_wconf 88' lang='lat' dir='ltr'><strong>fa-</strong></span> 
     </span>
    </p>
   </div>
   <div class='ocr_carea' id='block_1_110' title="bbox 1049 2404 1838 2441">
    <p class='ocr_par' dir='ltr' id='par_1_110' title="bbox 1049 2404 1838 2441">
     <span class='ocr_line' id='line_1_111' title="bbox 1049 2404 1838 2441; baseline -0.005 -7"><span class='ocrx_word' id='word_1_757' title='bbox 1049 2408 1118 2434; x_wconf 90' lang='lat' dir='ltr'><strong>ciem</strong></span> <span class='ocrx_word' id='word_1_758' title='bbox 1137 2406 1280 2441; x_wconf 88' lang='lat' dir='ltr'><strong>colaphum</strong></span> <span class='ocrx_word' id='word_1_759' title='bbox 1298 2405 1434 2441; x_wconf 85' lang='lat' dir='ltr'><strong>impingit,</strong></span> <span class='ocrx_word' id='word_1_760' title='bbox 1444 2409 1475 2433; x_wconf 90' lang='lat' dir='ltr'><strong>ut</strong></span> <span class='ocrx_word' id='word_1_761' title='bbox 1488 2405 1563 2440; x_wconf 78' lang='lat' dir='ltr'><strong>virgo</strong></span> <span class='ocrx_word' id='word_1_762' title='bbox 1578 2404 1682 2432; x_wconf 89' lang='lat' dir='ltr'><strong>Christi</strong></span> <span class='ocrx_word' id='word_1_763' title='bbox 1693 2410 1757 2431; x_wconf 89' lang='lat' dir='ltr'><strong>vere</strong></span> <span class='ocrx_word' id='word_1_764' title='bbox 1771 2404 1838 2431; x_wconf 86' lang='lat' dir='ltr'><strong>bona</strong></span> 
     </span>
    </p>
   </div>
   <div class='ocr_carea' id='block_1_111' title="bbox 1046 2450 1836 2488">
    <p class='ocr_par' dir='ltr' id='par_1_111' title="bbox 1046 2450 1836 2488">
     <span class='ocr_line' id='line_1_112' title="bbox 1046 2450 1836 2488; baseline -0.005 -8"><span class='ocrx_word' id='word_1_765' title='bbox 1046 2453 1178 2488; x_wconf 85' lang='lat' dir='ltr'><strong>discipula</strong></span> <span class='ocrx_word' id='word_1_766' title='bbox 1196 2453 1259 2480; x_wconf 89' lang='lat' dir='ltr'><strong>boni</strong></span> <span class='ocrx_word' id='word_1_767' title='bbox 1271 2452 1392 2487; x_wconf 79' lang='lat' dir='ltr'><strong>Magistri</strong></span> <span class='ocrx_word' id='word_1_768' title='bbox 1404 2451 1558 2484; x_wconf 80' lang='lat' dir='ltr'><strong>,similibus</strong></span> <span class='ocrx_word' id='word_1_769' title='bbox 1573 2451 1658 2478; x_wconf 91' lang='lat' dir='ltr'><strong>initiis</strong></span> <span class='ocrx_word' id='word_1_770' title='bbox 1674 2450 1836 2485; x_wconf 80' lang='lat' dir='ltr'><strong>martyrium</strong></span> 
     </span>
    </p>
   </div>
   <div class='ocr_carea' id='block_1_112' title="bbox 1045 2496 1839 2534">
    <p class='ocr_par' dir='ltr' id='par_1_112' title="bbox 1045 2496 1839 2534">
     <span class='ocr_line' id='line_1_113' title="bbox 1045 2496 1839 2534; baseline -0.006 -8"><span class='ocrx_word' id='word_1_771' title='bbox 1045 2499 1370 2534; x_wconf 88' lang='lat' dir='ltr'><strong>imitaretur,sponsoque</strong></span> <span class='ocrx_word' id='word_1_772' title='bbox 1383 2505 1434 2525; x_wconf 87' lang='lat' dir='ltr'><strong>suo</strong></span> <span class='ocrx_word' id='word_1_773' title='bbox 1450 2505 1552 2532; x_wconf 89' lang='lat' dir='ltr'><strong>sponsa</strong></span> <span class='ocrx_word' id='word_1_774' title='bbox 1566 2497 1605 2532; x_wconf 78' lang='grc' dir='ltr'><strong>(ὃ)</strong></span> <span class='ocrx_word' id='word_1_775' title='bbox 1618 2496 1714 2524; x_wconf 88' lang='lat' dir='ltr'><strong>similis</strong></span> <span class='ocrx_word' id='word_1_776' title='bbox 1728 2502 1839 2530; x_wconf 86' lang='lat' dir='ltr'><strong>appare-</strong></span> 
     </span>
    </p>
   </div>
   <div class='ocr_carea' id='block_1_113' title="bbox 1045 2541 1843 2580">
    <p class='ocr_par' dir='ltr' id='par_1_113' title="bbox 1045 2541 1843 2580">
     <span class='ocr_line' id='line_1_114' title="bbox 1045 2541 1843 2580; baseline -0.008 -7"><span class='ocrx_word' id='word_1_777' title='bbox 1045 2551 1096 2573; x_wconf 88' lang='lat' dir='ltr'><strong>ret.</strong></span> <span class='ocrx_word' id='word_1_778' title='bbox 1115 2545 1138 2573; x_wconf 92' lang='lat'><strong>0</strong></span> <span class='ocrx_word' id='word_1_779' title='bbox 1154 2553 1233 2580; x_wconf 90' lang='lat' dir='ltr'><strong>quam</strong></span> <span class='ocrx_word' id='word_1_780' title='bbox 1249 2545 1318 2572; x_wconf 77' lang='lat' dir='ltr'><strong>bella</strong></span> <span class='ocrx_word' id='word_1_781' title='bbox 1333 2544 1537 2579; x_wconf 82' lang='lat' dir='ltr'><strong>purpurissatas</strong></span> <span class='ocrx_word' id='word_1_782' title='bbox 1561 2548 1625 2570; x_wconf 90' lang='lat' dir='ltr'><strong>tunc</strong></span> <span class='ocrx_word' id='word_1_783' title='bbox 1648 2542 1747 2569; x_wconf 86' lang='lat' dir='ltr'><strong>dilecta</strong></span> <span class='ocrx_word' id='word_1_784' title='bbox 1765 2541 1843 2574; x_wconf 78' lang='lat' dir='ltr'><strong>virgo</strong></span> 
     </span>
    </p>
   </div>
   <div class='ocr_carea' id='block_1_114' title="bbox 1051 2587 1839 2628">
    <p class='ocr_par' dir='ltr' id='par_1_114' title="bbox 1051 2587 1839 2628">
     <span class='ocr_line' id='line_1_115' title="bbox 1051 2587 1839 2628; baseline -0.01 -8"><span class='ocrx_word' id='word_1_785' title='bbox 1051 2601 1134 2628; x_wconf 75' lang='lat' dir='ltr'><strong>genas</strong></span> <span class='ocrx_word' id='word_1_786' title='bbox 1157 2591 1257 2619; x_wconf 88' lang='lat' dir='ltr'><strong>dilecto</strong></span> <span class='ocrx_word' id='word_1_787' title='bbox 1274 2599 1325 2618; x_wconf 89' lang='lat' dir='ltr'><strong>suo</strong></span> <span class='ocrx_word' id='word_1_788' title='bbox 1341 2587 1513 2618; x_wconf 78' lang='lat' dir='ltr'><strong>ostentabat!</strong></span> <span class='ocrx_word' id='word_1_789' title='bbox 1533 2596 1614 2624; x_wconf 90' lang='lat' dir='ltr'><strong>quam</strong></span> <span class='ocrx_word' id='word_1_790' title='bbox 1638 2587 1682 2623; x_wconf 89' lang='lat' dir='ltr'><strong>pie</strong></span> <span class='ocrx_word' id='word_1_791' title='bbox 1717 2587 1839 2621; x_wconf 87' lang='lat' dir='ltr'><strong>virginali</strong></span> 
     </span>
    </p>
   </div>
   <div class='ocr_carea' id='block_1_115' title="bbox 1051 2633 1841 2666">
    <p class='ocr_par' dir='ltr' id='par_1_115' title="bbox 1051 2633 1841 2666">
     <span class='ocr_line' id='line_1_116' title="bbox 1051 2633 1841 2666; baseline -0.009 0"><span class='ocrx_word' id='word_1_792' title='bbox 1051 2639 1149 2666; x_wconf 90' lang='lat' dir='ltr'><strong>rubore</strong></span> <span class='ocrx_word' id='word_1_793' title='bbox 1167 2645 1198 2665; x_wconf 86' lang='lat' dir='ltr'><strong>ac</strong></span> <span class='ocrx_word' id='word_1_794' title='bbox 1206 2637 1305 2665; x_wconf 88' lang='lat' dir='ltr'><strong>decoro</strong></span> <span class='ocrx_word' id='word_1_795' title='bbox 1321 2637 1406 2663; x_wconf 82' lang='lat' dir='ltr'><strong>livore</strong></span> <span class='ocrx_word' id='word_1_796' title='bbox 1426 2640 1552 2663; x_wconf 88' lang='lat' dir='ltr'><strong>ornatum</strong></span> <span class='ocrx_word' id='word_1_797' title='bbox 1569 2633 1671 2661; x_wconf 90' lang='lat' dir='ltr'><strong>vultum</strong></span> <span class='ocrx_word' id='word_1_798' title='bbox 1692 2634 1718 2660; x_wconf 94' lang='lat' dir='ltr'><strong>in</strong></span> <span class='ocrx_word' id='word_1_799' title='bbox 1743 2633 1841 2660; x_wconf 73' lang='lat' dir='ltr'><strong>cmlutn</strong></span> 
     </span>
    </p>
   </div>
   <div class='ocr_carea' id='block_1_116' title="bbox 1050 2681 1840 2718">
    <p class='ocr_par' dir='ltr' id='par_1_116' title="bbox 1050 2681 1840 2718">
     <span class='ocr_line' id='line_1_117' title="bbox 1050 2681 1840 2718; baseline -0.006 -7"><span class='ocrx_word' id='word_1_800' title='bbox 1050 2684 1207 2717; x_wconf 76' lang='lat' dir='ltr'><strong>extollebat,</strong></span> <span class='ocrx_word' id='word_1_801' title='bbox 1224 2683 1373 2717; x_wconf 89' lang='lat' dir='ltr'><strong>oculosque</strong></span> <span class='ocrx_word' id='word_1_802' title='bbox 1388 2681 1516 2718; x_wconf 81' lang='lat' dir='ltr'><strong>lacrymis</strong></span> <span class='ocrx_word' id='word_1_803' title='bbox 1531 2687 1683 2715; x_wconf 85' lang='lat' dir='ltr'><strong>cruoreque</strong></span> <span class='ocrx_word' id='word_1_804' title='bbox 1702 2686 1840 2714; x_wconf 87' lang='lat' dir='ltr'><strong>respersos</strong></span> 
     </span>
    </p>
   </div>
   <div class='ocr_carea' id='block_1_117' title="bbox 1052 2724 1841 2766">
    <p class='ocr_par' dir='ltr' id='par_1_117' title="bbox 1052 2724 1841 2766">
     <span class='ocr_line' id='line_1_118' title="bbox 1052 2724 1841 2766; baseline -0.01 -7"><span class='ocrx_word' id='word_1_805' title='bbox 1052 2731 1083 2758; x_wconf 89' lang='lat' dir='ltr'><strong>ad</strong></span> <span class='ocrx_word' id='word_1_806' title='bbox 1096 2730 1234 2758; x_wconf 87' lang='lat' dir='ltr'><strong>Christum</strong></span> <span class='ocrx_word' id='word_1_807' title='bbox 1248 2730 1390 2766; x_wconf 89' lang='lat' dir='ltr'><strong>dirigebat,</strong></span> <span class='ocrx_word' id='word_1_808' title='bbox 1407 2733 1437 2756; x_wconf 90' lang='lat' dir='ltr'><strong>ut</strong></span> <span class='ocrx_word' id='word_1_809' title='bbox 1458 2727 1555 2756; x_wconf 84' lang='lat' dir='ltr'><strong>iisdem</strong></span> <span class='ocrx_word' id='word_1_810' title='bbox 1572 2727 1639 2763; x_wconf 89' lang='lat' dir='ltr'><strong>ipsis</strong></span> <span class='ocrx_word' id='word_1_811' title='bbox 1656 2731 1767 2762; x_wconf 85' lang='lat' dir='ltr'><strong>propter</strong></span> <span class='ocrx_word' id='word_1_812' title='bbox 1784 2724 1841 2758; x_wconf 82' lang='lat' dir='ltr'><strong>ejus</strong></span> 
     </span>
    </p>
   </div>
   <div class='ocr_carea' id='block_1_118' title="bbox 1053 2811 1843 2850">
    <p class='ocr_par' dir='ltr' id='par_1_118' title="bbox 1053 2811 1843 2850">
     <span class='ocr_line' id='line_1_119' title="bbox 1053 2811 1843 2850; baseline -0.008 -5"><span class='ocrx_word' id='word_1_813' title='bbox 1053 2818 1184 2846; x_wconf 85' lang='lat' dir='ltr'><strong>assistens</strong></span> <span class='ocrx_word' id='word_1_814' title='bbox 1219 2817 1409 2845; x_wconf 85' lang='lat' dir='ltr'><strong>ministrorum</strong></span> <span class='ocrx_word' id='word_1_815' title='bbox 1449 2816 1525 2844; x_wconf 84' lang='lat' dir='ltr'><strong>dedit</strong></span> <span class='ocrx_word' id='word_1_816' title='bbox 1565 2815 1696 2850; x_wconf 79' lang='lat' dir='ltr'><strong>alapam.,</strong></span> <span class='ocrx_word' id='word_1_817' title='bbox 1722 2822 1734 2840; x_wconf 73' lang='grc' dir='ltr'>ι</span> <span class='ocrx_word' id='word_1_818' title='bbox 1764 2811 1843 2840; x_wconf 67' lang='lat' dir='ltr'><strong>dum.</strong></span> 
     </span>
    </p>
   </div>
  </div>
