1948 3077
112 127 170 159 13281

674 101 815 159 ORA'i'IO
834 128 875 160 IN
895 130 926 160 S.
947 130 1138 160 AGATHAM.

1660 131 1729 165 1282

113 191 224 212 amorem
235 184 383 214 vulneratis
393 185 511 214 divinum
526 188 618 219 pectus
629 183 894 218 vulneraret,Spon-
909 187 932 214 Α
948 184 1051 211 laudem
1067 191 1093 212 et
1106 186 1235 212 honorem
1250 184 1367 213 nominis
1387 184 1437 218 tui,
1458 189 1485 213 et
1507 185 1532 213 ln
1548 185 1659 220 gloriam
1674 187 1726 214 Ec-

111 229 180 264 sique
191 237 239 257 cor
255 232 414 259 transfixum
430 231 463 258 ad
475 230 604 265 majorem
620 229 661 256 sui
676 236 795 256 atnorem
809 229 892 256 illice-

111 279 149 302 ret
161 281 240 310 atque
252 276 440 304 inflammaret.
540 309 542 311 ι

143 321 183 348 16.
202 321 265 349 Post
283 321 539 357 igiturmultiplices
555 320 705 347 intentatas
719 319 831 354 Agathae
842 318 892 346 mi-

112 373 165 398 nas,
179 366 211 392 ad
239 368 412 394 tenebrosnrn
440 367 546 393 detrudi
570 372 709 393 carcerem
723 372 794 391 .eain
817 363 893 398 jubet

112 405 277 443 Quintianus.
290 411 499 446 Pergebat‘vcro
513 411 556 437 illa
574 418 670 445 magno
684 410 765 436 animi
783 409 890 444 gaudio,

111 456 348 490 vultusquelzetitia
363 464 370 489 ;
383 461 410 483 et
429 456 504 490 quasi
520 455 552 482 ad
567 455 685 490 nuptiale
698 454 805 489 epulum
821 453 892 480 invi-

117 505 177 532 tata,
194 501 227 527 ad
250 501 416 535 ergastulum
443 500 517 527 hinni
543 500 699 533 depressum
725 500 888 526 maturabat.

111 546 166 578 Quo
187 546 249 573 dum
265 546 337 573 illam
360 542 492 573 satellites
514 548 610 579 magno
625 544 725 579 impetu
749 545 891 572 detrudere

110 592 283 624 conabantur,
316 591 445 618 divinitus
470 590 571 617 factum
586 595 644 622 est,
663 594 692 616 ut
713 590 796 617 durus
823 590 890 624 lapis

111 629 230 670 virginis
247 637 360 671 pedibus
384 636 460 671 quasi
487 635 694 663 venerabundos
715 636 833 666 cederet,
859 643 890 662 ac

109 681 268 709 innnobilem
292 686 413 709 servaret
433 681 587 716 Agathatn:
611 681 686 713 Cujus
703 681 814 715 vestigia
841 680 891 708 ibi-

108 727 165 754 dem
193 728 325 761 impressa
350 734 450 761 magna
477 734 537 753 cum
565 726 703 760 religionis
717 726 889 753 observantia

108 762 196 798 omnes
214 771 342 798 mortales
358 774 540 803 venerantur;
567 775 596 797 ut
610 778 658 805 per
672 771 724 797 hoc
739 771 820 797 etiam
839 772 888 797 itii-

107 817 222 844 raculum
239 817 363 843 Christus
387 816 437 843 sibi
451 816 490 851 (9)
508 816 533 842 in
551 815 647 846 etelum
662 815 782 842 hilariter
795 823 889 842 ascen—

108 858 187 895 denti,
201 870 254 889 aca
269 863 349 889 terris
363 861 692 896 lriumphanti,Agatham
709 861 824 888 similem
843 862 888 888 de-
904 854 925 882 Β

107 907 237 940 clararet,
263 907 371 934 etiamsi
394 908 421 934 in
447 914 586 934 carcerem
616 906 662 933 illa
695 906 884 933 descenderet:

107 954 201 988 quippe
214 961 273 986 qua:
289 953 351 979 illuc
365 953 481 987 gloriose
497 952 655 983 incedendo,
672 951 704 978 de
726 951 886 985 Aphrodisia

106 999 207 1026 devicta
225 999 397 1025 laetissimum
422 997 586 1032 triumphum
606 996 709 1031 angelis
726 1001 753 1023 et
775 997 888 1024 homini-

106 1047 154 1072 bus
171 1053 252 1079 agere
263 1046 412 1071 videbatur.

141 1091 182 1118 l7.
199 1091 279 1126 Virgo
290 1091 371 1125 igitur
382 1089 474 1119 volens
488 1096 520 1116 ac
541 1088 636 1116 lubens
651 1088 679 1116 in
690 1095 829 1116 carcerem
847 1088 887 1116 in-

105 1137 240 1163 cluditur:
260 1136 303 1161 ubi
321 1139 426 1161 noctem
450 1134 598 1160 insomnem
614 1140 707 1167 agens,
735 1133 886 1159 divinarum

105 1182 190 1210 rerum
208 1180 429 1215 contemplationi
446 1187 505 1206 cum
522 1179 649 1214 lacryinis
664 1179 774 1213 op’eram
791 1182 886 1212 navat;

105 1235 185 1261 utque
213 1226 264 1253 sibi
296 1226 420 1253 cmlcsles
449 1225 475 1251 in
505 1232 590 1259 agone
616 1225 785 1251 cruciatuurn
816 1224 887 1251 vires

103 1271 227 1297 Christus
258 1269 387 1302 sulliciat,
415 1273 551 1303 precatur.
578 1266 627 1295 Vix
657 1269 886 1302 illuxerat,'cum

104 1316 200 1342 iterum
228 1315 261 1342 ad
288 1314 404 1342 tribunal
427 1314 565 1347 Quintiani
594 1315 672 1350 virgo
694 1314 821 1341 sistitur:
842 1314 886 1341 ubi

103 1371 162 1390 cuin
179 1361 309 1388 audacter
321 1368 369 1396 pro
382 1361 483 1388 Christi
503 1361 554 1388 fide
569 1368 600 1388 ac
617 1361 772 1396 virginitate
788 1361 885 1387 tuenda

104 1416 133 1436 se
144 1408 210 1435 mori
226 1407 305 1434 malle
323 1406 444 1441 professa
460 1413 542 1439 esset,
554 1406 684 1433 continuo
698 1406 821 1433 inanibus
838 1413 885 1440 pe-

103 1454 234 1487 dibusque
253 1451 396 1486 colligatis,
415 1451 441 1478 in
457 1456 608 1486 praeparato
623 1451 784 1478 distenditur
799 1459 885 1486 equu-

104 1499 145 1526 leo
163 1507 170 1525 :
188 1498 369 1531 expediuntur
394 1497 481 1530 faces,
499 1497 613 1531 ﬂagellis
633 1497 764 1531 virginale
788 1505 886 1532 corpus

104 1544 263 1572 ohtnnditur
274 1551 282 1576 ;
294 1542 390 1570 deinde
406 1543 502 1570 ferreis
514 1543 620 1576 ungulis
630 1550 661 1570 ac
676 1543 792 1570 lidiculis
803 1544 886 1570 latera

104 1590 266 1617 Sulci-titur:
293 1593 350 1615 tum
374 1588 555 1615 candentibus
585 1589 734 1615 aduruntur
760 1589 885 1623 laminis;

103 1635 210 1662 demum
220 1635 264 1661 vix
277 1640 363 1661 enatis
379 1638 539 1668 torquentur
554 1641 688 1668 mammae,
705 1639 732 1661 et
742 1635 887 1662 crudeliter

103 1681 278 1708 denticulatis
296 1681 442 1714 forcipibus
468 1680 661 1714 discerpuntur
680 1688 687 1707 :
706 1681 732 1707 in
749 1688 802 1715 quo
825 1689 886 1707 cru-

102 1726 174 1752 ciatu
189 1725 359 1761 magnanima
379 1724 454 1760 virgo
467 1725 627 1752 insolentem
647 1726 776 1752 saevitiam
790 1731 887 1759 expro-

102 1771 162 1798 brat
179 1772 347 1804 Quinliano:
378 1771 539 1803 Enimvero,
570 1767 709 1805 inquiens,
740 1771 838 1805 impius
860 1775 887 1798 et

101 1817 219 1844 crudelis
245 1823 285 1849 es,
313 1821 415 1843 natura!
432 1817 517 1844 hostis
543 1817 682 1850 humanm;
709 1817 807 1851 quippe
831 1825 885 1844 non

100 1863 239 1889 erubescis
259 1862 390 1889 tnamillas
417 1862 523 1889 saeviter
548 1862 680 1896 amputari
701 1862 726 1888 in
760 1863 862 1896 virgine
878 1882 885 1895 ,

99 1914 167 1942 quas
181 1906 270 1933 infans
286 1906 382 1933 blande
397 1906 422 1932 in
441 1911 527 1932 tnatre
539 1906 646 1932 suxisti.
664 1906 716 1933 Sed
732 1906 886 1940 quanquam

100 1953 184 1979 hasce
202 1953 319 1978 caducas
349 1951 513 1985 prmcidisti,
544 1951 751 1985 haudquaquant
776 1952 886 1985 alteras,

99 2004 168 2031 quas
183 1997 336 2023 reconditas
353 1998 379 2022 in
397 1997 501 2030 anima,
523 1997 556 2023 ab
570 1997 684 2023 infantia
700 1997 807 2025 chrism
827 2005 887 2026 tneo

98 2046 272 2068 consecratas
283 2048 372 2073 servo,
390 2042 490 2076 poteris
499 2042 624 2069 avellere.

134 2086 180 2114 £8.
213 2086 363 2113 Excanduit
378 2087 550 2121 Quintianus,
568 2087 614 2115 ubi
642 2095 695 2116 non
713 2089 801 2117 adhuc
819 2097 886 2120 con-

97 2137 226 2160 sternata;
246 2126 351 2167 puellm.
369 2133 517 2167 intrepidas
539 2140 619 2161 voces
636 2142 669 2161 ex
680 2134 750 2162 virili
778 2140 886 2169 pectore

942 228 1032 255 clesia:
1055 234 1116 255 tuae.
1141 229 1173 256 Et
1190 236 1253 257 ecce
1270 230 1320 256 sub
1348 229 1442 257 media:
1459 230 1548 257 nouis
1577 230 1726 264 silentium,

942 272 1013 299 inter
1038 272 1096 299 illas
1117 273 1225 300 obscuri
1253 275 1373 301 carceris
1402 275 1546 307 tenebras,
1574 275 1727 302 veneranda

942 317 1033 352 specie
1045 318 1151 352 quidam
1169 326 1250 346 senex
1265 319 1354 354 (quem
1371 327 1437 354 puer
1447 320 1568 354 pra-ibat,
1586 320 1727 354 facemque

941 362 1116 397 pra~ferehat)
1132 363 1229 398 illeque
1240 372 1269 391 se
1279 365 1442 399 chirurgiam
1454 365 1554 391 callere
1564 364 1725 397 allirtnabat,

941 413 972 433 ac
998 407 1174 441 pollicebatur
1209 408 1316 435 avulsas
1350 409 1482 435 mamillas
1516 409 1604 435 curari
1637 416 1724 443 posse.

941 451 1008 478 Tum
1026 452 1087 479 illa:
1106 452 1301 480 Medicamenta
1316 454 1615 487 equiilem.venerande
1631 460 1724 487 senex,

919 496 921 498 ’
941 497 1046 530 corpori
1064 505 1123 524 meo
1137 506 1272 531 nunquatu
1285 498 1393 525 exhibui
1404 507 1413 530 ς
1425 499 1472 525 sed
1486 499 1570 526 habeo
1583 498 1724 525 Dominum

941 550 1029 569 meum
1043 542 1134 570 Jesum
1153 543 1302 576 Christum,
1319 544 1364 579 qui
1375 545 1454 571 unico
1470 550 1548 577 nutu,
1563 545 1585 571 si
1600 545 1722 576 voluerit,

941 594 984 614 me
1008 589 1125 616 curabit.
1157 589 1190 615 Et
1216 596 1275 624 ego,
1295 589 1381 623 inquit
1401 597 1494 621 senex,
1516 590 1652 623 apostolus
1667 589 1726 624 ejus

941 641 999 660 sum
1013 639 1058 665 ;et
1072 634 1098 660 in
1108 635 1217 660 nomine
1231 625 1288 667 ejus
1307 635 1366 661 veni
1380 639 1407 661 ut
1423 640 1514 661 curata
1532 635 1579 661 sis.

978 678 1020 705 l9.
1039 678 1092 706 Sed
1109 679 1173 713 quid
1182 687 1233 713 ego
1248 680 1274 706 in
1293 680 1342 706 hoc
1358 680 1496 714 ergastulo
1508 687 1610 706 moram
1628 679 1724 706 traho?

939 723 1047 750 Jantdiu
1074 724 1139 751 illud
1159 725 1309 752 Catanense
1327 726 1463 752 theatrntn
1482 726 1538 752 suis
1555 725 1631 752 elatis
1646 725 1723 752 llam-

940 769 992 795 mis
1009 776 1061 801 ine,
1073 776 1173 804 vosque
1188 778 1282 797 otnnes
1304 770 1427 803 advocat,
1440 771 1589 805 animisque
1605 778 1724 805 praesen-

941 815 1012 842 tibus
1025 816 1179 849 spectaculo
1193 816 1290 842 ibidem
1302 816 1455 843 exhibendo
1467 824 1516 843 nos
1530 822 1620 844 astare
1635 817 1722 850 jubet,

939 860 982 888 ubi
998 868 1079 896 super
1091 861 1259 888 llammantes
1273 861 1413 894 carbones,
1439 861 1575 896 ignitaque
1593 868 1724 889 testarum

939 906 1088 941 fragmenta
1113 908 1286 934 tenerrimam
1303 907 1417 941 virginis
1442 915 1545 943 corpus
1563 908 1721 935 collocatur.

938 951 1024 986 Atque
1037 959 1108 979 nunc
1122 953 1178 979 haec
1188 953 1277 980 lectuli
1294 953 1398 988 species
1412 954 1722 986 illamihivideturessc,

938 1003 1018 1030 quam
1031 996 1151 1031 Sponsus
1162 997 1172 1012 ’
1183 997 1341 1024 describens
1355 1006 1370 1024 a
1385 997 1496 1025 floribus
1512 1000 1722 1033 commendavit,

938 1041 980 1067 cui
998 1048 1047 1067 nec
1061 1034 1200 1076 purpurea:
1214 1049 1282 1068 rosae
1301 1043 1398 1069 desunt
1414 1042 1556 1069 candentis
1574 1043 1654 1078 ignis,
1673 1050 1722 1070 nec

938 1086 992 1113 lilia
1023 1088 1147 1121 corporis
1189 1088 1338 1123 virginalis.
1382 1088 1605 1122 Coinplectantur
1640 1089 1722 1123 igitur

938 1131 1014 1166 ignes
1032 1133 1112 1164 rosei,
1124 1136 1203 1167 atque
1220 1133 1339 1161 lambant
1353 1134 1452 1168 politis,
1464 1141 1546 1168 quant
1560 1135 1674 1161 adurant
1688 1135 1723 1161 li-

938 1178 1003 1204 lium
1017 1178 1145 1211 virginalc
1159 1186 1166 1209 :
1185 1179 1410 1215 complectantur,
1429 1181 1548 1214 inquam,
1565 1188 1653 1214 neque
1668 1180 1723 1215 spi-

938 1222 979 1250 nis
997 1223 1052 1250 suis
1079 1223 1226 1250 dilacerent
1243 1233 1250 1250 :
1270 1224 1375 1257 ardeat,
1393 1229 1421 1250 ut
1440 1225 1523 1257 lubet,
1542 1226 1612 1260 ignis
1626 1226 1650 1252 in
1668 1226 1724 1259 spi-

938 1267 990 1299 nis,
1000 1269 1071 1295 sicut
1082 1269 1108 1295 in
1121 1270 1189 1296 rubo
1200 1269 1221 1284 '°
1239 1269 1373 1303 Mosaico;
1388 1276 1415 1297 et
1426 1270 1454 1297 si.
1466 1272 1626 1298 COIIlblll't‘ru
1639 1278 1722 1304 aiunt,

938 1321 1000 1341 suas
1012 1315 1152 1341 comburat
1166 1315 1269 1349 spinas,
1280 1317 1325 1343 sed
1346 1317 1404 1343 lilio
1418 1321 1511 1351 parcat
1523 1318 1722 1345 candidissima:

938 1359 1110 1394 virginitatis.
1130 1359 1205 1387 Jat'et
1220 1362 1293 1387 enirn
1310 1362 1433 1396 Agatha,
1448 1370 1482 1389 ac
1499 1363 1616 1389 vallatur
1643 1363 1722 1390 fiatn-

938 1405 1000 1435 niis,
1018 1404 1089 1431 sicut
1105 1405 1191 1439 spinis
1203 1406 1299 1432 lilium.
1314 1406 1432 1433 Meretur
1445 1407 1525 1442 hujus
1540 1409 1642 1442 praemii
1656 1416 1724 1442 pra:-

938 1451 1085 1485 rogativam
1103 1456 1194 1477 votttm
1212 1451 1385 1487 virginitatis,
1402 1453 1434 1479 ah
1451 1453 1563 1480 Infantia
1580 1454 1634 1481 Dco
1654 1463 1724 1482 nun-

938 1501 1073 1528 cupatum,
1089 1500 1115 1522 ct
1134 1497 1235 1523 illihato
1249 1498 1363 1525 candore
1379 1503 1526 1526 servatum.

972 1541 1018 1567 20.
1037 1540 1085 1568 Vix
1113 1542 1193 1577 igitur
1209 1543 1312 1577 Agallta
1339 1544 1413 1578 ignes
1430 1546 1643 1580 letigeral,cum
1660 1553 1728 1574 ecce

936 1587 1024 1620 patria
1043 1587 1137 1620 tellus,
1166 1587 1226 1614 lilia:
1251 1597 1306 1615 sua"
1322 1590 1408 1616 vicem
1430 1593 1576 1622 miserata,
1604 1592 1722 1620 funditus

936 1634 1098 1659 contremuit
1116 1639 1164 1667 ;et
1176 1635 1253 1668 quasi
1275 1641 1396 1662 materno
1414 1644 1495 1662 sensu
1512 1638 1629 1671 praedita,
1639 1642 1724 1671 esset,

937 1677 1040 1710 apertis
1069 1685 1122 1704 non
1148 1687 1200 1705 uno
1216 1679 1241 1705 in
1260 1679 1318 1705 loco
1342 1680 1482 1716 faucibus,
1504 1689 1552 1708 ore
1581 1683 1722 1717 multiplici

936 1722 1107 1750 exclamabat
1118 1743 1125 1756 ,
1145 1726 1271 1758 clareque
1288 1726 1440 1753 testabatur
1452 1747 1460 1758 ,
1473 1734 1552 1760 quarti
1570 1729 1723 1756 vehemen—

937 1772 978 1794 ter
1002 1768 1117 1801 doleret,
1145 1763 1281 1804 quamque
1306 1770 1380 1805 juste
1401 1771 1537 1806 indignum
1559 1768 1722 1809 crudeleque

936 1813 1001 1840 illud
1020 1815 1205 1848 spectaculum
1223 1815 1425 1850 dctestaretur;
1455 1817 1483 1843 in
1499 1825 1557 1845 eam
1576 1820 1655 1853 plane
1680 1828 1723 1847 ra-

937 1859 1049 1891 tionem,
1061 1867 1113 1893 qua
1129 1867 1217 1886 rerum
1232 1861 1355 1888 omnium
1379 1863 1521 1890 conditore
1548 1864 1603 1892 Deo
1621 1866 1646 1892 in
1660 1874 1722 1892 cru-

936 1913 994 1932 cem
1010 1911 1081 1942 acto,
1098 1906 1254 1933 universum
1268 1909 1434 1934 contremuit
1454 1914 1531 1936 terra:
1546 1910 1726 1944 elementum,

936 1950 1055 1977 itmnane
1077 1948 1229 1976 Judaeorum
1257 1951 1356 1984 scelus,
1373 1952 1539 1987 impiumque
1557 1955 1632 1981 nefas
1651 1955 1723 1982 ferre

937 2003 989 2022 non
1009 1995 1111 2023 valens.
1136 1994 1243 2023 Licei'et
1260 1997 1376 2024 lonasse
1393 1998 1527 2025 allirmare
1546 1999 1722 2027 Catanensctn

938 2043 1062 2069 tellurem
1082 2043 1107 2069 id
1125 2043 1253 2078 temporis
1264 2044 1342 2078 quasi
1356 2043 1532 2071 ludibundam
1560 2047 1722 2080 exsultasse,

937 2088 1106 2123 clior-easque
1117 2089 1236 2122 duxisse,
1248 2091 1319 2124 quod
1335 2091 1360 2117 iu
1372 2091 1472 2118 lectulo
1489 2092 1534 2118 illo
1549 2092 1632 2126 ignito
1645 2094 1722 2128 quasi

938 2135 964 2161 in
981 2135 1078 2169 geniali
1096 2135 1226 2168 thalamo,
1246 2137 1328 2162 liliatn
1339 2144 1416 2163 suam
1434 2137 1566 2172 Agatham
1578 2138 1632 2173 jam
1645 2139 1727 2166 Ultri-

97 2177 265 2212 prodeuntes
276 2178 432 2212 accepit.‘Et
448 2185 481 2205 ne
499 2186 528 2206 se
542 2179 641 2206 victum
657 2179 797 2214 fateretur,
813 2183 924 2216 Aga--D
939 2181 973 2208 sti
985 2188 1112 2215 sponsam
1127 2182 1230 2208 videret
1241 2182 1413 2214 collocatam,
1424 2190 1536 2217 sperans
1546 2184 1578 2210 de
1591 2184 1724 2217 sanguine

96 2224 174 2250 tham
189 2224 216 2250 in
231 2230 368 2251 carcerem
386 2225 476 2251 reduci
499 2224 592 2259 jubet,
610 2226 818 2260 custodibusque
833 2227 885 2254 edi-

97 2270 145 2301 cit,
162 2273 193 2295 ut
209 2269 381 2296 continenter
407 2271 527 2304 vigilem,
554 2278 587 2298 ne
603 2271 664 2305 quis
685 2279 701 2298 e
726 2274 885 2307 propinquis

95 2314 256 2350 chirurgum
274 2315 424 2349 submittat,
440 2323 492 2343 neu
505 2317 595 2343 cibum
611 2323 760 2351 potumque
775 2317 884 2346 clancu-

93 2360 153 2388 lum
177 2361 277 2388 audeat
301 2361 467 2389 ministrare.
489 2361 526 2389 lbi
543 2362 620 2397 virgo
647 2363 770 2395 inclusa,
798 2365 884 2392 sacris

94 2406 203 2433 intenta
230 2405 372 2440 precibus,
408 2407 592 2441 hujuscemodi
625 2408 715 2435 verbis
750 2407 886 2439 Christum

93 2452 306 2487 alloquebatur:
322 2452 344 2480 0
359 2453 404 2488 qui
418 2461 482 2481 vere
495 2454 615 2488 Sponsus
628 2456 790 2490 sanguinum
801 2456 812 2472 ⁸
827 2456 890 2491 jure

92 2506 173 2526 nunc
191 2499 243 2526 dici
259 2506 334 2534 potes
347 2519 354 2533 ,
369 2501 471 2534 gratias
493 2500 540 2528 tibi
560 2508 610 2536 ago
626 2501 804 2535 immortales,
816 2503 888 2538 quod

91 2551 144 2578 per
160 2545 309 2578 potentiam
326 2549 398 2572 tatam
423 2553 465 2572 me
481 2547 647 2580 superiorem
666 2548 808 2574 tormentis
821 2547 887 2576 effe-

91 2590 168 2617 cisti.
188 2589 310 2624 Suscipe,
326 2597 428 2625 quaeso,
448 2591 529 2618 hosce
544 2592 664 2626 pectoris
695 2593 833 2620 cruciatus
859 2593 886 2620 in

114 2652 358 2701 "'Exod.iv,‘25.
396 2666 590 2701 '»Catit.xt,l5.
628 2667 651 2684 ¹⁰
670 2667 756 2696 Exod.
780 2677 820 2703 in,
841 2668 869 2696 2.

130 2742 171 2778 (9)
192 2742 275 2779 Cujus
293 2743 393 2777 quippe
412 2744 506 2771 ultima
519 2743 631 2779 vestigia
647 2744 728 2771 humo
750 2745 882 2779 impressa

89 2777 116 2814 in
137 2784 235 2814 lngule
260 2778 363 2814 Olivetr
385 2779 518 2812 hodieque
533 2777 728 2810 monstrantur,
743 2785 773 2806 ut
789 2777 883 2814 'pluri—

88 2812 146 2838 bus
162 2811 280 2839 Patrum
292 2820 325 2840 ac
344 2811 539 2840 Historicorum
557 2815 721 2842 testimoniis
737 2811 882 2842 confirmat

938 2228 1000 2255 filia:
1030 2228 1162 2263 martyrio
1190 2227 1296 2255 fortiter
1320 2227 1528 2261 consummato,
1558 2229 1723 2256 uberrimam

938 2277 1066 2307 nepotum
1087 2277 1205 2306 segetem
1235 2274 1267 2300 ad
1296 2274 1478 2308 evangelicum
1497 2274 1583 2301 lucem
1602 2274 1726 2301 nascitu—

939 2325 1007 2345 rain.
1022 2318 1092 2345 Vere
1110 2319 1209 2346 etenim
1223 2319 1269 2345 ille
1286 2320 1385 2347 invitus
1401 2319 1547 2353 fatebatur,
1564 2321 1725 2354 sanguinem

938 2368 1084 2399 martyrum
1109 2371 1169 2391 esse
1197 2372 1287 2392 semen
1312 2364 1539 2392 Christianorum.
1560 2365 1612 2392 Sed
1638 2365 1726 2393 multo

935 2411 1037 2437 certius
1052 2409 1178 2445 equidem
1190 2418 1299 2443 censeo,
1317 2412 1439 2438 eamdem
1465 2417 1543 2439 terrae
1564 2412 1720 2439 concussio-

936 2463 997 2482 nem
1010 2464 1062 2483 non
1081 2457 1115 2484 ab
1136 2464 1199 2484 acre
1223 2457 1248 2483 in
1269 2457 1326 2492 ejus
1343 2457 1492 2484 visceribus
1503 2457 1636 2485 violenter
1656 2465 1724 2485 con-

936 2499 1022 2535 cluso,
1037 2509 1123 2536 neque
1133 2503 1210 2537 aquis
1225 2504 1258 2529 ah
1269 2503 1365 2530 iisdem
1377 2504 1533 2537 prtccordiis
1547 2511 1724 2538 perrumpen-

937 2547 1009 2575 tibus
1021 2548 1104 2575 fuisse
1120 2548 1219 2575 faciant
1235 2568 1242 2580 ,
1271 2548 1318 2575 sed
1334 2555 1397 2575 vero
1420 2549 1454 2576 ab
1474 2549 1577 2583 angelis
1606 2549 1639 2576 dc
1654 2548 1726 2578 cuitu

937 2593 1174 2627 descendentibus,
1198 2594 1296 2629 quibus
1321 2593 1455 2621 familiare
1471 2599 1512 2622 est
1540 2601 1640 2622 terram
1657 2601 1724 2629 qua-

936 2745 1069 2774 Baronius
1083 2751 1102 2776 ι.
1119 2746 1128 2774 1
1154 2747 1254 2774 Annal.
1267 2748 1300 2774 ad
1315 2755 1360 2777 an.
1376 2748 1441 2777 Chr.
1457 2749 1502 2782 δι,
1515 2746 1632 2776 nu.252.
1644 2754 1723 2782 seqq.

937 2787 965 2809 et
980 2783 1081 2816 passim
1103 2783 1150 2810 alii
1166 2783 1328 2817 Scriptores.
