1948 3077
241 82 307 114 1283

751 78 780 108 S.
802 77 993 108 METIIODII
1014 75 1268 106 PATRIARCHHE
1287 76 1338 106 (ΣΡ.

1803 76 1863 110 1284

238 144 307 170 tere,
321 141 425 169 suoque
441 134 558 161 adventu
571 131 668 167 impios
686 139 701 159 a
718 131 797 159 malis
822 131 955 159 faciendis
969 132 1030 159 abs-
1047 134 1069 161 Λ
1084 130 1234 163 iisdemque
1252 129 1329 162 quasi
1344 127 1471 162 pretiosis
1486 127 1599 163 pyropis
1611 129 1768 158 concinnari
1785 134 1864 166 patiar

240 189 354 213 terrere,
371 182 430 216 pias
455 186 520 206 vero
541 183 647 206 mentes
676 170 709 205 in'
731 177 860 204 studiosis
876 177 1030 204 actionibus

239 229 412 256 confirmare.
426 225 454 252 1d
465 225 537 259 quod
551 221 676 251 evenisse
692 223 808 257 legimus
823 223 855 249 ad
866 221 967 249 Christi
985 229 1029 249 se.

240 274 363 308 pulcrum
378 272 456 305 paulo
483 275 624 304 postquam
651 269 694 296 ille
726 269 864 296 redivivus
886 270 919 295 ab
936 266 1030 294 ittferis

240 317 418 351 triumphavit
462 324 468 341 :
488 316 520 341 ad
536 314 798 348 qttoddescendcnte
807 314 902 348 angelo
917 322 1029 347 magnus

241 367 322 390 terra:
338 364 424 389 lactus
441 367 482 389 est
493 366 601 392 motus;
621 360 665 394 qui
682 360 726 385 ubi
738 359 891 393 sepulcrum
909 359 1028 391 reclusit,

241 409 341 436 milites
355 408 462 442 quidem
488 407 552 432 illud
567 405 748 432 custodientes
772 409 844 430 metu
863 404 1030 431 exanimatos

243 453 268 479 in
285 455 373 488 fugam
389 453 534 482 convertit,
547 459 561 477 a
586 451 638 484 piis
655 458 719 476 vero
744 450 902 477 mulieribus
922 458 1029 477 omnem

243 498 365 524 tluuu'em
385 498 543 524 excussit“.

279 542 324 568 2|.
354 542 438 575 Opem
469 542 551 575 igitur
575 541 687 575 Agathte
717 540 742 566 in
770 540 901 567 incendiis
929 539 1031 574 jacenti

245 589 340 622 ecquis
364 587 467 613 dubitet
495 587 606 621 angelos
627 587 766 618 attulisse,
791 594 906 620 rareque
927 586 1030 613 caelesti

244 642 290 659 eos
308 633 383 665 ignes
405 632 581 665 flammasque
599 631 750 664 aspersisse
767 629 888 657 ‘lNonne
908 631 963 657 haec
983 638 1031 656 no-

249 683 306 704 stra
322 678 406 710 virgo,
422 676 548 703 tllVlItlllls
563 677 704 708 illustrata,
715 681 784 705 roris
798 676 875 710 hujus
887 676 1030 703 salutarem

246 722 365 755 pluviam
392 720 442 746 sibi
462 721 659 754 spoponderat,
686 730 746 748 cum
765 720 940 754 Quintianum
966 719 1032 746 allo-

246 766 400 800 quebatur?
418 766 445 792 Si
471 766 570 799 ignem,
590 767 727 800 inquiens,
746 766 852 800 corpori
877 773 937 792 meo
954 766 1032 792 adhi-

1083 179 1112 202 et
1140 175 1288 209 gaudeam,
1320 174 1455 208 pretiosos
1480 178 1596 208 torques
1614 181 1646 202 ac
1663 176 1789 209 monilia,
1811 186 1864 206 out-

1085 227 1146 247 nem
1163 220 1297 246 mundum
1319 219 1481 254 nuptialem,
1504 226 1535 246 ac
1556 225 1658 248 vestem
1682 222 1822 257 martyrii,
1839 228 1865 251 ut

1083 265 1158 292 hisce
1181 265 1308 291 decorata
1336 263 1504 291 ornamentis
1528 263 1562 290 ad
1585 264 1711 292 caelestes
1740 266 1866 295 thalamos

1084 310 1218 337 admittat.

1121 355 1166 382 2:2.
1183 355 1255 381 Inter
1267 354 1325 381 haec
1338 354 1504 387 Quintianus
1514 359 1594 381 terra:
1605 359 1692 388 motu,
1703 355 1867 392 duorumque

1084 407 1150 428 nece
1170 401 1320 426 amicoruut
1337 405 1400 426 ante
1421 399 1478 433 ejus
1494 401 1588 427 oculos
1609 408 1801 435 oppressorum
1816 404 1868 430 rui-

1084 447 1128 473 nis
1154 447 1298 480 parietum,
1323 445 1496 480 pavefactus,
1523 446 1694 480 maximeque
1713 448 1802 482 populi
1828 454 1867 475 tu-

1085 493 1170 519 multu
1195 492 1391 524 conturbatus,
1417 492 1570 524 obortoquc
1600 492 1721 521 clamore
1739 493 1867 520 Catanen-

1085 539 1154 564 sium
1176 538 1308 572 virginem
1328 537 1489 563 incolumem
1507 537 1794 571 servat-evolcntium,
1810 546 1870 565 exa-

1085 585 1215 615 nimatus,
1232 583 1302 610 illico
1315 582 1448 616 Agatham
1476 583 1501 608 in
1517 589 1656 609 carcerem
1672 583 1763 609 reduci
1777 583 1869 616 jubet:

1086 637 1145 664 quae
1168 630 1269 656 civium
1290 628 1440 655 emlesthttn
1466 627 1587 654 exercitu
1608 627 1754 662 populique
1778 630 1870 656 turmis

1087 676 1184 709 stipata
1197 695 1205 708 ,
1223 675 1255 701 de
1276 674 1332 708 jam
1350 677 1478 707 superato
1505 673 1660 706 Quintiano,
1679 680 1711 699 ac
1733 674 1870 700 tormentis

1087 721 1212 749 omnibus
1226 719 1393 754 triumphum
1410 719 1526 752 agitans,
1543 717 1569 744 in
1585 719 1767 744 venerandum
1782 718 1870 752 ingre-

1087 767 1158 794 ditur
1174 772 1348 793 carccremuc
1371 765 1459 791 dicam
1471 766 1483 796 ,⁷
1502 771 1536 790 an
1554 764 1658 798 regium
1680 764 1818 797 palatium,
1836 772 1869 791 an

244 813 326 843 beas,
350 819 439 837 rorem
462 811 527 837 mihi
545 811 715 839 salutiferam
731 813 764 839 de
778 813 847 839 ct’clo
871 812 958 846 angeli
984 811 1033 838 mi-
1049 811 1069 837 Β
1084 822 1147 841 vero
1164 814 1253 846 potius
1271 811 1390 838 coalestis
1421 810 1513 845 tetnpli
1532 815 1736 836 sacrosanctum
1754 811 1870 837 vestibu-

245 857 409 883 nistrabunt.
427 857 467 882 Au
485 864 548 883 vero
564 857 662 891 angeli,
679 858 791 892 ipseque
806 858 962 892 angelorum
981 865 1031 884 rex

245 903 369 929 Christus
386 902 485 928 frustra
508 903 621 929 haberet
643 903 756 937 Agatlttl:
774 911 836 937 spes
856 904 881 929 in
901 910 929 929 se
948 902 1030 929 collo-

245 954 331 979 catas,
360 949 397 974 ita
424 952 452 974 ut
477 947 596 982 Virginis
622 949 704 975 verba
732 949 842 980 inania,
870 949 1031 983 infirmaque

245 998 370 1021 Censerct
395 993 580 1025 Quintianus?
596 994 638 1020 Att
664 994 743 1028 hujtts
761 994 882 1028 Virginis
905 995 1030 1025 animus,

245 1041 289 1072 qui
308 1047 415 1072 semper
438 1047 452 1065 a
478 1039 622 1065 lethalibus
646 1038 769 1066 libidinis
795 1040 905 1073 ignibus
932 1039 1032 1066 abhor—

246 1089 355 1116 ruerat,
380 1091 480 1118 eosque
501 1084 612 1110 omnino
634 1084 848 1118 exstinguendos
871 1088 1031 1116 curaverat,

245 1131 406 1164 penitusque
431 1131 484 1157 Deo
504 1131 572 1157 lixus
594 1130 756 1162 inhaeserat,
777 1138 849 1158 nunc
872 1138 950 1157 suum
971 1138 1033 1158 cor-

245 1176 320 1209 poris
333 1183 474 1209 orgauutn,
491 1175 562 1209 quod
577 1182 626 1209 pro
645 1175 785 1207 servanda:
799 1175 964 1210 virginitatis
981 1175 1034 1202 fide

246 1229 328 1255 super
362 1221 461 1254 ignitus
488 1222 638 1254 carbones,
671 1225 821 1255 acutasque
850 1226 932 1248 testas
959 1221 1035 1248 flatu-

246 1273 352 1293 mantcs
369 1266 442 1300 iujici
462 1268 630 1301 pertulerat,
651 1268 684 1294 ab
703 1268 798 1294 iisdem
812 1267 852 1294 vel
870 1267 1034 1294 mediocrem

247 1313 375 1346 injuriam
400 1318 499 1347 praeter
515 1319 674 1348 conceptam
699 1321 772 1348 spent
800 1314 905 1348 perpeti
927 1317 1035 1348 specta—

248 1357 311 1384 ret?
327 1359 366 1384 An
385 1359 467 1385 etiam
485 1359 528 1386 ille
545 1359 628 1386 Filius
646 1360 775 1392 hominis,
793 1361 870 1394 cujus
889 1360 975 1394 gloria
994 1363 1036 1386 est

247 1405 324 1438 quasi
343 1404 482 1439 Unigcniti
503 1405 567 1437 Dei,
591 1406 636 1439 qui
658 1405 743 1433 voluit
765 1411 878 1440 quartus
904 1406 1036 1433 interesse

247 1456 308 1475 cum
328 1449 412 1474 tribus
434 1450 524 1483 pueris
542 1451 567 1476 in
591 1450 701 1476 fornace
716 1450 878 1484 Babylonica
892 1469 899 1482 ,
917 1450 983 1476 adeo
1008 1454 1037 1477 ut

251 1494 316 1520 nihil
331 1502 377 1521 eos
392 1495 462 1530 ignis
477 1495 577 1522 laeserit
590 1497 621 1529 η,
636 1495 716 1522 illein
728 1496 805 1529 igneo
816 1496 913 1522 lectulo
928 1500 1035 1530 propter

248 1547 276 1565 se
294 1538 429 1572 jaccutein
450 1541 583 1575 Agatham
595 1561 602 1572 ,
622 1541 728 1575 sibique
744 1542 916 1575 desponsam,
935 1541 1036 1575 quippe

248 1593 307 1619 qua:
321 1586 354 1612 ab
371 1586 482 1612 infantia
497 1586 548 1613 sibi
563 1587 724 1618 adhaeserat,
737 1583 851 1620 eratque
862 1594 951 1614 secum
965 1587 1036 1613 facta

249 1638 318 1657 unus
341 1631 471 1664 spiritus,
499 1631 650 1658 dimitteret
678 1632 894 1658 amburendam?
923 1632 1034 1664 Adfuit,

249 1677 337 1703 adfuit
359 1677 472 1711 Agathae
498 1684 604 1711 sponsas
633 1676 771 1710 Sponsus,
797 1678 841 1711 qui
865 1685 912 1711 per
927 1677 1036 1711 angelos

249 1729 313 1747 suos
340 1722 453 1755 spiritus
472 1722 558 1748 factos
576 1727 602 1748 et
621 1727 721 1748 terram
743 1722 807 1748 fecit
822 1727 953 1754 tremere,
972 1730 1036 1756 pro-

249 1767 336 1794 ductis
351 1767 439 1794 ventis
453 1767 484 1794 de
500 1763 598 1793 arcano
613 1775 724 1794 suorum
739 1768 945 1798 thesaurorum;
961 1767 1038 1794 fecit-

250 1820 302 1846 quc
319 1813 472 1839 incendium
492 1813 556 1838 illud
574 1813 686 1847 Agatha:
704 1813 868 1839 substrattttn
886 1813 961 1846 quasi
989 1820 1036 1838 au-

251 1866 307 1883 ram
333 1860 403 1885 roris
421 1858 550 1891 flantem,
574 1859 609 1885 ita
632 1863 660 1884 ιιι
682 1866 770 1892 neque
787 1858 920 1892 virginale
939 1865 1037 1892 corpus

251 1908 378 1937 tangere,
402 1911 491 1938 neque
517 1903 576 1938 ejus
597 1903 717 1930 animum
745 1904 927 1936 contristare,
949 1909 1038 1938 neque
1062 1902 1064 1905 ’

252 1950 382 1976 molestiae
397 1949 545 1984 quidquam
572 1949 672 1976 inferre
688 1950 800 1976 auderet
824 1947 903 1983 ignis.
925 1949 1035 1980 Adfuit,

251 1995 377 2030 inquam,
405 1996 545 2027 Christus,
582 2002 730 2030 secumque
756 1994 848 2021 nobile
881 1994 1036 2029 angelorum

249 2049 356 2074 agmen,
378 2046 431 2068 tam
451 2042 531 2068 nobili
552 2041 718 2076 spectaculo,
739 2041 873 2075 dignoque
889 2039 960 2075 quod
979 2047 1036 2067 εαξ-

249 2087 360 2114 lestihus
379 2087 462 2128 oculis
474 2092 644 2119 cerneretur,
660 2088 726 2114 adeo
738 2092 767 2114 ut
779 2088 840 2121 jure
851 2088 952 2122 optimo
967 2088 1038 2123 Aga-

251 2135 294 2161 tlta
310 2134 430 2161 clamare
444 2135 561 2168 poluerit
578 2133 707 2165 :VidiSIi,
724 2133 850 2166 Domine,
868 2134 1034 2168 etspectasti

250 2188 362 2214 agonem
379 2187 480 2212 meum,
496 2180 631 2213 quomodo
645 2181 762 2214 pugnavi
778 2180 804 2206 in
819 2180 917 2213 stadio,
934 2185 960 2207 et
974 2181 1036 2215 quia

250 2225 321 2252 \‘olui
344 2225 422 2251 fidem
441 2225 604 2260 virginitatis
627 2218 784 2258 custodire,
799 2226 875 2261 jussa
900 2234 959 2253 sum
984 2234 1036 2253 non

248 2272 334 2298 solatii
350 2272 477 2306 suspendi
504 2272 530 2298 in
544 2271 667 2306 cquuleo,
689 2276 715 2299 et
732 2273 756 2298 in
777 2273 902 2300 tuamillis
929 2278 1037 2307 totoque

249 2325 363 2350 corpore
381 2318 583 2350 excarnificari,
598 2318 644 2344 sed
658 2318 740 2345 etiam
759 2319 784 2346 itt
803 2320 864 2353 igne
878 2319 1005 2346 collocari
1027 2328 1034 2346 :

250 2363 296 2389 sed
324 2363 361 2388 ιιιί
383 2362 465 2389 divini
492 2363 593 2389 amoris
610 2363 700 2389 fervor
716 2363 781 2390 mihi
800 2365 871 2391 vires
893 2364 1001 2396 sufficit,
1020 2371 1036 2391 0

247 2409 318 2435 hunc
332 2408 447 2443 Sponsa,
461 2409 590 2443 fulcitque
604 2409 676 2436 hisce
689 2408 816 2441 ﬂammis,
828 2409 901 2436 velut
914 2417 1036 2437 rosarum

249 2453 361 2481 floribus
381 2456 420 2488 ’³,
449 2456 585 2489 stipatque
614 2455 752 2482 odorifero
779 2455 928 2483 carbonum
959 2455 1037 2489 quasi

248 2508 390 2535 pomorum
420 2505 445 2527 et
463 2505 612 2528 aromatum
636 2501 742 2535 sul'fitu;
767 2503 801 2528 ita
823 2507 852 2528 ut
877 2501 1034 2528 caruificttm

249 2551 383 2573 tormenta
405 2547 461 2574 haec
477 2548 595 2574 crudelia
610 2569 616 2581 ,
639 2553 665 2575 et
682 2549 763 2575 hosce
789 2548 886 2581 ignitus
903 2548 1036 2574 carbones

248 2593 370 2620 hilariter
396 2595 562 2627 Sustineat",
586 2599 764 2627 amanterque
788 2594 962 2627 complectar,
981 2599 1034 2619 non

249 2643 374 2672 tanquatn
399 2640 475 2674 ignes
501 2641 676 2672 cruciantes,
707 2639 753 2666 sed
780 2643 911 2673 tanquam
938 2645 1034 2665 vernos

247 2684 344 2717 liores,
363 2690 390 2712 et
410 2693 559 2721 purpureas
587 2693 703 2712 coronas
723 2685 788 2711 mihi
806 2684 1033 2717 adblandientes;

284 2763 302 2779 “
322 2763 416 2791 Matlll.
446 2771 539 2796 nvut,
567 2763 594 2790 εἰ.
635 2763 655 2778 ¹²
680 2763 746 2789 Dan.
769 2770 810 2794 tu,
839 2762 883 2789 92.
923 2762 945 2778 ι’
965 2761 1044 2789 Cant.

1071 2771 1098 2797 tl,
1112 2767 1126 2791 .‘i

1080 858 1156 887 lum?
1182 859 1226 885 ubi
1256 859 1330 892 virgo
1365 862 1440 884 stans
1476 856 1561 883 oculis
1586 857 1612 884 in
1631 857 1728 885 emtum
1745 849 1870 889 sublatis,

1081 905 1223 939 passisque
1245 903 1271 930 in
1298 901 1389 928 crucis
1405 901 1523 935 speciem
1547 901 1668 928 brachiis
1688 900 1870 934 virginalibus,

1081 958 1163 976 orans
1190 950 1216 976 in
1231 950 1288 975 hate
1313 948 1394 974 verba
1418 947 1535 981 linguam
1555 947 1655 974 solvit:
1673 947 1787 973 Domine
1811 945 1874 972 .lesu

1083 993 1200 1025 Christe,
1216 993 1343 1027 magister
1366 992 1445 1024 bone,
1459 991 1561 1025 gratias
1577 991 1622 1018 tibi
1644 999 1693 1026 ago
1709 991 1753 1025 qui
1767 998 1810 1017 tne
1825 991 1875 1018 hoc

1082 1042 1185 1068 honore
1197 1040 1321 1074 dignatus
1337 1046 1379 1070 cs,
1396 1043 1426 1064 ut
1441 1038 1612 1064 decertarem
1626 1037 1795 1072 pronomine
1809 1038 1872 1070 tuo;

1083 1087 1128 1121 qui
1143 1086 1277 1112 abstulisti
1291 1093 1305 1111 a
1322 1092 1364 1111 me
1377 1083 1499 1110 mortalis
1515 1084 1578 1110 vitae
1595 1091 1734 1115 amorem,
1753 1082 1876 1117 mihitu

1083 1134 1209 1160 cmlestes
1227 1131 1302 1158 vires
1327 1130 1475 1162 Sullecisti,
1501 1134 1530 1156 ut
1552 1134 1685 1156 tormenta
1705 1128 1874 1164 perferrem;

1085 1182 1123 1210 tu,
1141 1178 1209 1204 idem
1228 1176 1340 1203 Domine
1359 1175 1439 1207 Deus,
1461 1174 1558 1201 exaudi
1575 1181 1669 1208 preces
1689 1181 1772 1205 meas,
1792 1178 1818 1200 et
1836 1173 1876 1200 di;

1086 1231 1170 1258 gnare
1185 1222 1310 1250 ancillam
1332 1225 1416 1253 tuam,
1431 1225 1459 1247 ut
1481 1221 1552 1247 hanc
1571 1225 1669 1246 terram
1684 1219 1813 1249 dimittat,
1826 1218 1877 1245 ιιι-

1085 1276 1137 1304 que
1157 1273 1251 1295 ornata
1275 1274 1413 1302 purpureo
1439 1265 1609 1300 triumphalis
1636 1264 1758 1299 tnartyrii
1777 1263 1876 1298 peplo,

1085 1314 1264 1348 flammaeque
1276 1313 1400 1348 virginali
1415 1316 1552 1343 contecta,
1570 1311 1603 1337 ad
1619 1310 1877 1337 immarceseibilem

1087 1365 1197 1387 attenta:
1217 1360 1310 1393 gloriw
1329 1364 1457 1385 coronam
1482 1356 1599 1383 feliciter
1620 1357 1771 1390 perveniat.
1798 1355 1880 1382 llisce

1086 1407 1205 1440 peractis
1222 1406 1348 1440 precibus
1359 1423 1367 1437 ,
1388 1403 1460 1430 illico
1477 1402 1679 1429 immaculatum
1699 1401 1753 1428 Deo
1765 1401 1881 1429 tradidit

1087 1451 1223 1486 Spiritum.

1050 1489 1072 1534 (ξ
1099 1491 1101 1494 ⁴
1121 1498 1166 1524 23.
1188 1496 1264 1530 Quod
1279 1496 1323 1523 ubi
1341 1495 1455 1531 populus
1474 1501 1615 1522 carcerem
1632 1495 1815 1522 circumstans
1830 1501 1882 1522 co-

1086 1543 1188 1578 gnovit,
1213 1550 1308 1576 magno
1332 1549 1392 1569 cum
1417 1541 1525 1576 pietatis
1542 1540 1630 1567 studio
1647 1548 1680 1567 ac
1706 1539 1880 1571 reverentia,-

1087 1578 1187 1623 COI‘ptIS
1210 1595 1347 1623 generosm
1365 1587 1494 1622 martyris
1516 1586 1544 1613 in
1565 1590 1739 1613 monumento
1765 1585 1883 1612 honori-

1088 1635 1138 1662 fice
1149 1634 1312 1668 composuit.
1329 1635 1369 1660 Au
1380 1641 1450 1660 vero
1469 1633 1592 1667 Sponsus
1608 1632 1720 1665 Agathas
1736 1630 1882 1664 Christus,

1087 1681 1132 1715 qui
1149 1680 1283 1713 gloriosus
1297 1684 1339 1706 est
1354 1683 1381 1706 et
1396 1679 1531 1705 mirabilis
1551 1679 1578 1705 in
1596 1678 1698 1705 sanctis
1712 1677 1886 1712 martyribus

1086 1726 1162 1757 suis,
1183 1723 1254 1752 hanc
1277 1724 1421 1752 amabilem
1439 1723 1497 1758 ejus
1520 1731 1662 1759 sponsam,
1678 1728 1706 1750 et
1726 1730 1886 1758 martyrum

1087 1771 1238 1798 Sicularum
1255 1771 1383 1797 eximiam
1400 1770 1522 1804 reginam
1536 1789 1543 1802 ,
1558 1777 1638 1804 quam
1659 1771 1740 1796 etiam
1755 1769 1782 1795 in
1798 1770 1886 1797 terris

1087 1817 1223 1843 viventem
1242 1815 1381 1843 miraculis
1400 1817 1647 1848 cohonestaverat,
1664 1823 1727 1842 mox
1755 1815 1783 1842 in
1811 1815 1886 1842 caelo

1068 1895 1069 1898 η
1088 1870 1179 1890 secum
1202 1863 1415 1896 triumphantem
1445 1869 1496 1888 non
1528 1861 1655 1888 redderet
1679 1861 1760 1895 longe
1779 1861 1885 1888 clario-

1089 1908 1166 1934 rem?
1181 1907 1213 1933 Et
1232 1906 1310 1940 cujus
1324 1906 1440 1941 virginis
1459 1906 1578 1945 linguam
1593 1910 1689 1933 testem
1701 1912 1756 1933 suae
1777 1906 1886 1933 divini-

1089 1944 1151 1981 tatis
1168 1953 1298 1981 disertam
1317 1952 1443 1979 Christus
1461 1944 1582 1984 fecerat,
1606 1959 1756 1986 secumque
1770 1957 1884 1979 castum

1088 2006 1219 2032 amorem,
1240 2005 1272 2025 ac
1287 1998 1432 2033 nuptialem
1454 1997 1533 2024 fidem
1552 1997 1673 2031 jusserat
1693 1996 1801 2031 publice
1819 2005 1887 2032 pro-

1089 2045 1175 2076 fiteri,
1195 2053 1255 2072 mox
1281 2045 1368 2072 eidem
1388 2051 1486 2079 corpus
1504 2044 1538 2071 iis
1559 2044 1592 2070 de
1618 2043 1709 2071 causis
1727 2043 1886 2070 cruciatum

1089 2092 1229 2125 quiescere
1242 2091 1268 2117 in
1282 2090 1399 2117 obscuro
1412 2097 1548 2117 marmore
1562 2094 1701 2126 pateretur
1713 2089 1862 2123 inglorium
1874 2089 1887 2115 ?

1089 2136 1164 2164 Fecit
1186 2137 1296 2171 utique,
1323 2135 1388 2163 fecit
1409 2135 1576 2170 dignissima:
1595 2134 1675 2168 hujus
1697 2134 1814 2169 Sponsae
1828 2143 1887 2162 sum

1089 2182 1214 2210 Christus
1229 2182 1381 2216 sepulcrum
1409 2181 1567 2217 gloriosum,
1586 2188 1639 2207 non
1661 2187 1709 2215 per
1728 2188 1813 2207 unum
1836 2186 1887 2207 aut

1090 2229 1157 2256 duos
1179 2220 1302 2262 angelos
1328 2228 1434 2255 caelitus
1463 2227 1559 2254 tnissos
1594 2227 1688 2261 paucis
1721 2226 1887 2253 mulieribus

1089 2274 1259 2308 conspicuos,
1279 2273 1357 2300 sicuti
1377 2280 1453 2300 suam
1472 2272 1641 2306 speluncam,
1657 2271 1701 2298 ubi
1718 2275 1798 2298 extra
1818 2270 1887 2298 Ilic—

1089 2321 1253 2355 rosolymam
1272 2320 1330 2354 ipse
1344 2319 1621 2354 Sponsusjacuerat;
1641 2317 1689 2344 sed
1708 2325 1755 2352 per
1768 2323 1887 2344 centum

1091 2367 1206 2402 spiritus
1223 2367 1347 2394 cmlestes
1367 2367 1512 2394 humanam
1531 2366 1629 2396 decore
1647 2365 1802 2399 iuventutis
1823 2365 1889 2392 for-

1088 2421 1160 2440 mam
1173 2412 1297 2445 indutos;
1315 2412 1359 2446 qui
1377 2412 1440 2439 dum
1460 2412 1592 2446 virginale
1605 2418 1703 2444 corpus
1713 2418 1727 2437 a
1742 2410 1888 2438 Christia-

1090 2459 1132 2485 nis
1149 2459 1254 2485 civibus
1269 2458 1368 2486 decore
1392 2457 1552 2490 collocatur,
1573 2458 1712 2491 conspicui
1731 2457 1866 2484 omnibus
1878 2477 1886 2489 ,

1089 2504 1226 2532 caelestem
1243 2504 1385 2532 melodiam
1398 2504 1587 2531 decantaruut.
1601 2503 1716 2536 Quidam
1731 2510 1798 2530 vero
1811 2503 1890 2529 inter

1090 2556 1137 2575 eos
1171 2548 1251 2582 longe
1277 2548 1477 2582 pulcherrimus
1492 2547 1650 2575 adolescens
1673 2547 1707 2574 ad
1724 2548 1890 2581 sepulcrum

1090 2594 1207 2620 nondum
1234 2598 1356 2627 opertum
1376 2593 1510 2625 accessit,
1530 2593 1653 2628 cudoque
1671 2592 1788 2620 delatam
1807 2601 1892 2620 mar-

1089 2646 1209 2666 moream
1236 2638 1362 2666 tabellam
1384 2639 1416 2666 ad
1438 2638 1559 2672 Virginis
1584 2642 1664 2673 caput
1683 2638 1833 2672 apposuit,
1862 2639 1891 2665 in

1089 2692 1142 2719 qua
1163 2685 1222 2720 ejus
1248 2685 1371 2713 encomia
1400 2689 1480 2712 erant
1503 2685 1622 2713 breviter
1638 2688 1774 2713 exarata:
1806 2683 1893 2712 Hem

1112 2779 1137 2792 ,1.
