1948 3077
106 113 167 145 1235

662 107 805 138 ORATIO
824 107 864 136 IN
885 107 915 136 S.
938 106 1132 137 AGATHAM.

1662 105 1729 139 1286

99 178 188 200 uncta
214 175 374 206 spontaneo.
400 169 482 196 honor
508 168 577 199 Deo,
593 171 615 193 et
641 167 734 201 patria:
761 165 889 192 liberalio.
908 166 928 195 Β
944 165 1013 192 coelo
1031 170 1156 199 terraque
1172 162 1252 191 fiebat
1274 163 1420 198 gloriosus,
1439 163 1660 192 animadvertetis
1681 174 1730 192 no-

135 218 175 245 24.
194 217 262 250 Quid
284 217 333 243 hoc
348 223 430 242 ttnttm
454 222 543 241 meum
565 221 606 245 os,
631 219 745 247 meaque
761 211 887 238 mortalis

106 265 188 299 lingua
213 263 294 289 audet
326 261 442 295 amplius
473 260 566 287 laudes
593 259 706 293 Agathe
735 258 886 289 celebrare,

106 318 165 344 quas
179 317 231 336 non
251 313 359 334 centum
379 307 537 340 angelorum
553 313 611 336 ora,
629 313 682 332 tton
701 304 812 331 totidem
830 310 886 329 etn-

107 356 183 382 Icstcs
199 355 297 388 linguae
311 354 400 380 verbis
417 353 569 379 volantibus
583 352 714 385 attingere
727 348 889 376 valuerunt?

108 403 154 429 Sed
171 401 228 428 illas
245 400 318 434 ipsas
335 407 432 433 magno
446 398 554 425 silentio
569 397 727 424 coelestibus
740 396 830 429 digitis
847 395 890 422 ille

108 447 206 473 «cteris
224 445 311 479 major
331 444 452 478 angelus,
467 443 582 476 virginis
611 449 696 476 nttpcr
725 446 816 468 cttslos
829 462 835 474 ,
853 441 891 467 di-

110 497 193 519 rtantc
218 491 360 525 descripsit
377 490 449 519 Deo;
474 483 679 523 admiratusque
703 487 836 521 angelicas
859 494 891 514 ac

106 544 185 573 prope
213 537 320 563 divinas
349 535 481 566 virtutes,
515 535 639 568 protinus
668 533 729 559 inde
754 532 889 559 discessit.

109 585 180 610 Certe
196 586 225 609 ut
247 583 302 616 ipse
318 588 426 616 quoque
444 587 565 615 praesens
586 584 668 612 esset,
686 579 814 612 fieretque
831 585 891 612 par-

110 631 187 663 ticeps
208 629 235 655 in
260 627 362 654 deliciis
383 626 553 658 cmleslihus,
571 626 669 658 quibus
685 624 781 651 civitas
805 622 892 650 omnis

111 674 223 702 caelestis
256 673 469 708 perfundebatur
501 672 534 697 ad
570 670 735 703 triumphum
766 669 893 703 martyris

111 721 226 747 omuimn
252 718 443 752 maguanituze,
463 724 566 750 suoque
579 716 641 748 jure
655 720 727 742 esset
746 721 892 749 parauym-

111 765 174 798 phus
187 764 219 790 ad
242 763 395 797 ingressum
415 760 605 795 pulcherriune
622 760 723 787 Christi
742 766 848 793 sponsa:
866 758 892 784 iu

111 810 256 836 thalamum
273 808 325 834 sibi
348 814 363 833 a
379 807 468 833 Matre
493 806 626 840 virginum
651 802 762 837 Virgine
779 803 893 837 Deipara

109 859 286 889 pra-paratum
316 861 323 879 :
359 859 464 878 necnon
491 857 520 878 ut
552 851 623 877 idem
647 856 738 878 custos
762 850 891 883 angelus,

111 902 153 936 qtti
173 899 367 927 certaminibus
399 898 611 932 disptttationutn
642 901 893 930 tormentorumque

109 946 216 980 Agatho:
235 952 342 978 semper
373 945 550 975 interfuerat,
570 950 646 977 teque
671 951 753 977 supra
774 942 894 977 puellare

111 993 243 1027 ingenium
260 999 293 1017 ac
309 983 485 1024 vires,'quasi
502 991 606 1016 auritus
626 990 804 1024 oeulatusque
818 989 895 1016 testis

111 1041 275 1073 perceperat,
297 1037 458 1070 singulaque
481 1033 701 1062 admiralnt’udus'
717 1038 894 1069 spectaverat,

106 1091 168 1111 mox
184 1090 233 1116 per
252 1086 337 1108 totum
355 1080 453 1107 malum
469 1079 594 1106 victimas
613 1084 723 1106 caneret
737 1079 894 1113 virginales,

110 1129 289 1162 invitaretque
318 1127 413 1154 beatos
439 1126 563 1154 caelestis
584 1126 686 1152 militia:
703 1126 840 1152 exercitus
862 1124 895 1152 ad

109 1175 204 1202 Filium
230 1173 277 1202 Dei
306 1181 337 1200 ac
366 1172 488 1207 Deiparte
518 1172 638 1207 Virginis
669 1171 894 1204 collaudandum,

110 1220 177 1256 quod
196 1220 276 1246 talem
295 1217 403 1245 fecisset
419 1218 445 1245 in
462 1217 565 1244 imbelli
581 1217 688 1252 virgine
705 1217 858 1244 victoriam.

142 1263 188 1292 ‘25.
213 1263 266 1290 Sed
286 1262 403 1289 fortasse
425 1263 517 1289 verius
539 1263 602 1288 inde
626 1262 739 1296 angelus
761 1261 895 1294 discessit,

109 1310 169 1344 quia
185 1299 246 1335 cum
258 1307 399 1342 virginalis
413 1303 512 1335 mentis
524 1300 700 1342 purissimam
713 1308 895 1340 sanctitatem,

111 1355 334 1383 ardentissimum
351 1359 509 1388 spontaueae
519 1354 653 1389 martyris
670 1361 790 1381 amorem
805 1362 838 1381 ac
852 1354 899 1381 de-

111 1402 250 1433 siderium,
267 1401 398 1428 eximium
416 1400 443 1426 in
457 1400 583 1426 maximis
599 1400 689 1427 tenelli
700 1400 823 1434 eat-poris
834 1408 898 1427 eru-

110 1448 225 1475 ciatibus
254 1445 363 1473 Christo
394 1445 501 1481 Sponso
527 1445 678 1472 exhibitum
707 1444 838 1473 honorem
865 1446 897 1472 ab

940 218 1001 237 vum
1016 218 1044 237 se
1059 210 1212 245 Trisagium
1225 210 1368 242 cecinisse,
1384 210 1506 244 adeoque
1522 210 1646 237 miriticis
1656 210 1730 245 Aga-

941 257 992 282 tlta:
1024 256 1179 283 sanctitatis
1208 255 1399 290 splendoribus
1434 254 1585 288 angelicam
1616 255 1730 282 obtundi

940 306 1069 334 tuentem,
1087 301 1268 328 invisibilibus
1294 301 1343 327 alis
1370 300 1421 327 sibi
1444 300 1639 327 consulendum
1665 308 1731 328 cen-

939 348 1003 380 suit,
1018 348 1107 382 itaque
1121 347 1243 373 sublimis
1256 346 1375 373 evanuit.

974 393 1019 420 26.
1035 393 1086 420 Sed
1101 400 1192 426 qna-so
1204 397 1240 424 te,
1254 399 1270 418 ο
1284 391 1402 418 cudestis
1418 390 1576 426 angelorum
1592 391 1730 423 centuria.

941 447 1022 465 unaut
1041 438 1135 465 saltem
1158 438 1224 464 mihi
1251 436 1399 471 angelicam
1426 437 1545 472 linguam
1564 445 1594 464 ac
1621 445 1730 463 manum

941 484 974 510 ad
992 485 1073 510 breve
1091 483 1221 517 temporis
1239 483 1355 516 spatium
1372 482 1558 515 accommoda,
1574 487 1604 508 ut
1619 483 1731 509 caeleste

947 529 1170 563 epithalamium,
1190 529 1262 563 quod
1282 535 1329 554 vos
1352 536 1414 554 ctttu
1437 528 1550 562 Agathm
1571 528 1732 563 cmpusculo

943 576 968 602 in
996 577 1112 603 obscuro
1140 575 1302 610 sepulcralis
1324 575 1467 601 marmoris
1498 575 1675 607 condidistis,
1706 575 1731 601 in

943 622 1029 648 lucem
1054 620 1206 655 proferam;
1237 627 1376 654 paucaque
1419 624 1508 646 vestra
1537 619 1587 654 (ut
1616 619 1730 654 soletis)

943 668 1024 694 verba
1037 667 1062 693 in
1076 675 1108 694 eo
1124 667 1272 701 descripta,
1290 674 1321 692 ac
1341 666 1488 692 reconditis
1501 666 1636 700 mysteriis
1649 666 1734 692 obvo-

944 713 1011 746 luta,
1029 713 1069 740 fas
1092 713 1157 739 mihi
1175 713 1209 739 sit
1225 713 1388 739 edisserere.
1409 711 1442 738 Et
1463 712 1572 745 quidem
1599 719 1647 737 vos
1663 713 1689 737 in
1706 719 1735 739 re

944 760 1046 794 optima
1058 760 1091 786 ab
1110 759 1251 793 virginalis
1271 758 1369 787 tuentis
1395 758 1540 784 sanctitate
1556 757 1647 785 laudes
1661 759 1735 793 Aga-

946 806 997 832 tlue
1024 806 1162 833 celebrare
1182 805 1337 840 occepistis.
1359 803 1439 838 Virgo
1459 803 1561 830 etenim
1585 804 1653 835 haec,
1672 811 1733 830 eum

947 851 1034 877 adhuc
1064 850 1152 876 infans
1177 854 1267 881 esset,
1285 849 1360 876 nullo
1386 849 1492 875 mortali
1519 849 1648 883 magistro
1673 849 1734 875 cdo.

947 902 1036 929 cente,
1064 897 1111 923 sed
1145 896 1246 930 Spiritu
1276 900 1371 922 saucto
1398 895 1563 925 intrinsecus
1589 895 1733 928 suadente,

944 945 1126 979 virginitatem
1153 943 1208 970 Deo
1228 943 1416 975 consecravit,
1445 943 1567 976 adeoque
1596 947 1652 969 toto
1677 943 1737 969 vitae

946 991 1062 1017 decursu
1081 988 1204 1016 excolere
1221 990 1380 1022 satagebat,
1405 993 1433 1014 ιιι
1450 988 1530 1014 tutllis
1545 996 1605 1014 eam
1622 989 1737 1015 szcrula-

947 1036 1021 1063 ribus
1047 1035 1135 1066 curis,
1161 1040 1207 1061 aut
1223 1035 1388 1069 nuptialibus
1409 1034 1553 1068 colloquiis
1574 1035 1734 1067 macularit;

947 1082 1069 1116 quinimo
1108 1089 1198 1108 rerutn
1234 1081 1354 1107 omniutn
1394 1086 1546 1107 creatarum
1584 1081 1737 1114 immemor,

946 1128 1043 1155 divina:
1060 1135 1162 1154 vacans
1181 1127 1416 1161 contemplationi,
1434 1135 1494 1154 eam
1515 1127 1664 1153 reddiderit
1688 1135 1737 1161 pu-

947 1174 1066 1208 riorem;
1085 1173 1197 1207 ideoque
1218 1173 1251 1199 ad
1271 1173 1400 1199 eximium
1419 1172 1503 1199 divini
1528 1173 1628 1199 amoris
1644 1180 1736 1199 exces-

947 1227 1006 1247 sum
1029 1220 1197 1252 subvolarit;
1214 1224 1241 1246 et
1263 1227 1311 1253 pro
1337 1219 1433 1252 Sponsi
1449 1219 1494 1246 sui
1513 1220 1611 1246 tuenda
1635 1219 1687 1246 ﬁde
1704 1219 1737 1245 ad

947 1265 1117 1291 cruciatumu
1145 1273 1257 1299 agonem
1287 1265 1428 1299 pervenire
1453 1265 1570 1291 tna\ime
1588 1263 1736 1297 exoptat-it.

948 1309 1020 1343 Quas
1043 1310 1077 1337 ob
1095 1318 1138 1337 res
1160 1309 1262 1336 factum
1279 1315 1330 1342 est,
1353 1315 1381 1337 ut
1399 1310 1458 1345 ejus
1485 1310 1645 1336 ardentibus
1667 1310 1738 1336 desi-

930 1349 933 1351 i
948 1356 1033 1383 deriis
1048 1364 1081 1383 ex
1099 1364 1168 1391 pura
1196 1357 1328 1390 avidaque
1343 1360 1433 1382 tuente
1452 1355 1674 1387 sciutillantibus,
1692 1354 1739 1381 ob-

949 1401 1105 1427 secuntlarit
1124 1401 1211 1432 Deus;
1231 1401 1338 1435 sibique
1353 1401 1440 1427 honor
1451 1404 1578 1432 aeternus,
1591 1400 1737 1434 gloriosus,

950 1446 1112 1473 immortalis
1126 1446 1296 1481 pullulaverit
1308 1454 1315 1478 ;
1327 1446 1440 1480 ipsaque
1456 1445 1572 1472 Hoelesia
1586 1451 1613 1472 et
1624 1445 1739 1472 catulida

110 1493 212 1526 Agatha
241 1492 348 1531 publice
370 1494 484 1518 testatus
508 1495 597 1522 esset,
615 1491 723 1518 erubuit
745 1499 827 1526 prope
844 1495 896 1518 tam
912 1501 934 1530 ο
951 1496 978 1519 et
998 1492 1150 1519 rubicunda
1174 1492 1335 1520 mortalibus
1360 1500 1392 1519 ac
1411 1492 1568 1520 cmlestibus
1583 1492 1668 1519 oculis
1683 1498 1740 1519 co:-

113 1538 204 1564 nobile‘
214 1534 312 1571 corpus
327 1537 487 1568 consistere,
503 1544 535 1564 eo
553 1537 615 1570 quia
631 1537 708 1572 longe
722 1538 836 1565 clariora
853 1545 900 1572 per

111 1583 175 1609 illud
201 1582 326 1619 facinora_
346 1583 373 1609 in
399 1581 480 1608 terris
502 1582 619 1610 edidisse
641 1583 774 1617 Agatham
798 1591 900 1618 cogno-
924 1608 927 1609 ,

105 1629 216 1660 scebat,
234 1636 314 1662 quain
329 1628 443 1663 ipsemet
462 1636 546 1663 purtts
561 1635 642 1664 putus
658 1630 767 1663 spiritus
784 1630 810 1656 in
828 1630 899 1657 cuzlo

112 1678 207 1701 contra
228 1674 374 1699 draconem
391 1678 562 1707 patraverat;
587 1674 701 1708 ideoque
723 1675 824 1701 aeriam
847 1675 898 1701 hu-

113 1720 186 1746 mani
214 1719 337 1753 corporis
361 1719 479 1752 speciem
500 1727 601 1745 exuere
620 1721 781 1752 maturavit,
806 1727 902 1755 nempe

113 1763 203 1791 fassus
218 1771 247 1790 se
261 1771 276 1790 a
291 1763 399 1790 mortali
413 1763 614 1790 adolescentula
631 1763 709 1798 longe
727 1771 900 1799 superatum;

113 1811 182 1837 etin
204 1817 285 1837 auras
308 1810 423 1836 evanuit
437 1810 470 1836 ad
488 1817 548 1836 eum
567 1811 646 1845 plane
665 1810 784 1844 modum,
802 1819 853 1844 quo
869 1810 903 1838 ab

112 1854 197 1882 Jacob
212 1855 370 1889 patriarcha
386 1854 433 1889 λίθ,
454 1863 568 1889 quocum
585 1856 680 1883 similis
694 1857 904 1890 angelus'lucta-

113 1900 204 1932 batur,
235 1907 283 1927 nec
309 1900 537 1935 illum‘superare
565 1907 688 1936 poterat,
716 1902 903 1930 dimissionem

112 1945 192 1978 petiit.
214 1953 312 1972 aurora
336 1947 514 1974 ascendente.
542 1947 574 1973 Et
593 1948 655 1982 quia
677 1946 733 1981 jam
759 1947 904 1975 lictissima:

112 1991 227 2025 Agatho:
246 1991 336 2017 anima
359 1983 436 2026 quasi
465 1992 585 2019 caelestis
605 2000 637 2020 ac
659 1990 740 2020 rosea
756 2001 855 2021 aurora
871 1994 905 2021 ad

111 2036 225 2064 celeste
239 2036 376 2071 fastigium
388 2037 540 2072 soliumque
552 2038 644 2072 gloriae
661 2040 785 2066 sublimis
810 2048 905 2067 ascen-

112 2082 206 2113 debat,
221 2088 389 2118 exueratque
409 2084 464 2117 jam
484 2085 600 2112 mortale
618 2093 726 2122 corpus,
748 2087 906 2115 indecorum

113 2127 213 2161 angelo
228 2129 370 2156 videbatur
388 2130 414 2156 in
433 2131 514 2158 terris
534 2139 639 2158 moram
663 2131 763 2166 facere,
783 2139 810 2160 et
832 2142 905 2161 tuor-

113 2173 217 2200 tatibus
244 2174 330 2201 oculis
361 2175 451 2204 adhuc
483 2184 544 2204 sese
565 2178 741 2212 conspicuum
765 2179 904 2206 exhibere.
920 2168 944 2198 Ῑ)

111 2218 162 2245 Vel
179 2224 255 2246 certe
281 2220 344 2248 huic
369 2222 465 2255 angelo
476 2242 483 2253 ,
499 2222 613 2258 eiusque
635 2224 764 2251 centuriae
780 2225 884 2253 cmiesti
896 2246 904 2258 ,

111 2265 180 2291 illud
199 2273 249 2292 usu
272 2266 344 2292 venit
367 2267 400 2293 ad
425 2267 538 2301 Agatha:
559 2269 725 2303 sepulcrum,
746 2271 817 2305 quod
834 2271 906 2298 binis

109 2309 180 2335 olim
206 2309 348 2344 Seraphitn
362 2310 432 2345 ,lqui
457 2311 520 2338 dum
537 2313 630 2342 divino
652 2314 741 2340 Verbo
762 2315 905 2345 mortalem

108 2361 229 2380 carnem
266 2359 440 2388 assumptum
474 2356 625 2390 angelicum
656 2357 722 2384 illud
751 2357 905 2393 Trisagium

109 2400 513 2436 concinerent,divinamque
542 2403 716 2431 sanctitatem
748 2404 771 2431 ei
802 2405 904 2440 optime

108 2453 270 2478 congruere
286 2446 495 2474 conclamarent
509 2468 516 2480 ,
533 2456 593 2476 sese
607 2453 676 2477 totos
695 2450 744 2477 alis
761 2451 902 2484 velabant,

108 2491 237 2517 sedentis
261 2492 430 2524 maiestatem
456 2497 483 2520 et
510 2494 623 2528 gloriam
651 2497 830 2530 contemplari
854 2505 903 2524 ne-

106 2537 293 2570 queuntes".
321 2537 405 2572 Hujus
420 2539 492 2566 enim
517 2540 630 2576 virginis
648 2547 747 2569 nostra:
766 2543 878 2579 angelus
891 2563 899 2575 ,

102 2590 175 2609 cum
211 2587 320 2616 propter
348 2583 550 2619 integerritnam
579 2587 763 2620 virginitatem
789 2589 901 2623 Agathae

105 2633 235 2655 mentem
259 2634 381 2656 sanctam
408 2630 591 2664 declarasset,
610 2639 729 2660 sanetam
754 2635 818 2660 item
843 2636 901 2669 ejus

105 2674 297 2706 voluntatem,
314 2680 425 2709 propter
451 2678 641 2704 acerbissimos
669 2680 806 2705 cruciatus
834 2680 900 2706 hila-

106 2726 182 2747 riter
199 2727 351 2754 perpessos,
373 2721 470 2756 quibus
491 2723 604 2750 mirifice
620 2723 744 2753 Christus
759 2725 828 2753 Deus
845 2730 899 2754 toto

143 2802 168 2816 “'
195 2801 262 2828 Cen.
285 2808 371 2832 xxxtt,
388 2799 432 2827 9.6.
473 2801 493 2816 ”
517 2801 567 2829 Isa.
586 2810 620 2834 vt,
639 2803 664 2834 εὶ,
678 2803 704 2830 ὖ.

952 1539 1022 1573 perit
1041 1542 1181 1573 apparere.

987 1584 1031 1610 27.
1050 1584 1135 1611 llotlie
1148 1584 1230 1618 igitur
1243 1584 1395 1611 Christiana
1408 1584 1529 1612 Ecclesna
1544 1592 1603 1614 sese
1617 1588 1741 1616 exornet,

952 1636 1012 1656 cum
1024 1629 1079 1663 jam
1096 1637 1172 1656 suam
1190 1630 1335 1663 gloriosam
1364 1630 1506 1656 iutiaxerit
1521 1637 1666 1664 purpuram
1692 1638 1740 1664 pu-

954 1676 1070 1702 rissimis
1096 1676 1224 1709 martyris
1250 1676 1361 1708 Agatho:
1377 1676 1543 1707 cruoribus;
1569 1680 1649 1709 atqtte
1675 1676 1741 1702 adeo

953 1722 1067 1757 gaudeat
1093 1726 1121 1748 et
1145 1721 1279 1752 exsultet,
1307 1728 1442 1755 canatque
1470 1721 1529 1756 ejus
1550 1721 1678 1748 victorias
1711 1728 1742 1748 ac

954 1767 1120 1800 triumphos,
1146 1768 1295 1801 patrimque
1318 1767 1428 1795 Cataute
1455 1768 1563 1801 dignam
1581 1767 1742 1801 gloriatione

954 1814 1096 1847 prin-dicet;
1127 1814 1276 1847 orbemque
1313 1818 1448 1840 terrarum
1488 1814 1597 1847 impleat
1631 1813 1742 1847 Agathe

954 1858 1111 1893 Christique
1128 1859 1245 1886 nominis
1268 1859 1437 1887 celebritate.
1455 1858 1599 1886 Enimvero
1616 1867 1739 1893 qua‘nam

954 1911 1044 1932 creata
1061 1913 1102 1932 res
1120 1906 1206 1940 magis
1221 1905 1407 1932 admirabilem
1428 1905 1474 1932 Dei
1492 1905 1657 1939 potentiam,
1677 1904 1741 1939 quid

955 1951 1042 1984 magis
1067 1950 1267 1984 praedic-altilem
1293 1949 1352 1984 ejus
1374 1950 1545 1984 sapientiam,
1570 1950 1634 1984 quid
1658 1949 1743 1983 magis

957 1997 1101 2023 amabilem
1117 1996 1175 2031 ejus
1191 1996 1340 2023 bonitatem
1357 1997 1491 2028 ostendat,
1507 2003 1589 2030 quatn
1613 1996 1638 2022 in
1655 1995 1742 2029 fragili

957 2041 1122 2069 feminarum
1154 2039 1316 2075 corpusculo
1341 2041 1433 2066 viriles
1460 2040 1564 2066 animos
1593 2045 1674 2074 atque
1697 2040 1744 2066 be-

956 2085 1045 2113 roicas
1067 2086 1181 2112 virtutes
1205 2084 1324 2111 intueri?
1345 2083 1419 2110 Inter
1440 2084 1555 2111 feminas
1573 2089 1661 2111 autem
1678 2084 1742 2119 quid

957 2131 1088 2158 illustrius
1106 2131 1238 2162 invenias,
1256 2138 1335 2165 qualn
1355 2130 1470 2157 tenellas
1487 2130 1607 2165 virgines
1625 2130 1678 2156 Deo
1695 2137 1742 2163 per

959 2182 1050 2204 votum
1066 2178 1228 2212 integritatis
1241 2180 1415 2204 consecratas
1429 2176 1440 2202 ?
1459 2176 1533 2203 Inter
1547 2176 1666 2210 virgines
1680 2183 1744 2204 vero

958 2227 1020 2258 post
1033 2223 1177 2257 Deiparam
1196 2223 1332 2258 Virginem
1354 2222 1419 2257 quid
1437 2222 1624 2250 tleleclabilius
1641 2223 1695 2256 agit
1716 2222 1743 2248 in

958 2272 1108 2305 stuporem,
1133 2268 1232 2302 quidve
1251 2268 1436 2295 admirabilius
1466 2267 1614 2295 Ecclesiam
1640 2267 1742 2294 Christi

959 2314 1085 2347 delectat,
1107 2322 1186 2348 quant
1207 2315 1265 2341 haec
1283 2315 1361 2349 virgo
1377 2314 1523 2349 singularis
1545 2312 1666 2347 Agatho?
1684 2320 1744 2347 qua)

960 2358 1069 2393 quidem
1089 2359 1222 2394 sapientis
1238 2359 1318 2394 [legis
1333 2360 1446 2387 consilio
1468 2360 1611 2391 obsecuta,
1629 2366 1682 2385 non
1699 2366 1744 2385 so-

958 2404 1013 2433 lum
1026 2405 1058 2431 de
1072 2405 1200 2438 primitiis
1214 2406 1337 2440 carporis
1350 2405 1403 2436 sui,
1418 2405 1465 2432 sed
1477 2405 1559 2431 etiam
1576 2405 1609 2432 de
1623 2410 1678 2431 tota
1695 2412 1743 2431 sua

959 2451 1109 2478 substantia
1136 2451 1321 2478 honorandum
1343 2452 1393 2478 sibi
1415 2451 1534 2478 decrevit
1558 2451 1656 2477 Deum.
1676 2451 1742 2478 Cum

957 2496 1030 2524 enim
1046 2496 1221 2523 nobilissimis
1232 2500 1305 2523 esset
1316 2501 1374 2523 ortu
1389 2496 1524 2523 natalibus
1539 2496 1565 2522 in
1585 2497 1649 2523 urbe
1665 2496 1744 2522 Cata-

958 2541 1102 2573 nensium,
1121 2533 1232 2576 corpore
1255 2542 1453 2576 pulcherrima,
1475 2541 1578 2568 divitiis
1599 2541 1742 2575 opulenta,

958 2588 1111 2621 eloquentia
1130 2589 1319 2622 sermonisque
1336 2587 1425 2622 lepore
1442 2587 1627 2620 admirabilis,
1646 2587 1744 2614 virtute

957 2634 1107 2668 prudentia:
1122 2634 1267 2668 conspicua
1278 2654 1285 2666 ,
1303 2633 1440 2668 animique
1459 2633 1617 2660 fortitudine
1633 2632 1742 2667 pra-dita

954 2679 1104 2712 singulari,
1132 2679 1188 2706 haec
1216 2679 1322 2714 aliaque
1348 2679 1472 2713 corporis
1502 2679 1641 2712 animique
1663 2685 1744 2704 orna-

954 2730 1045 2753 menta
1068 2725 1173 2759 singula
1190 2725 1299 2753 Christo
1316 2725 1386 2758 Deo,
1403 2724 1516 2760 ejusque
1535 2724 1630 2752 honori
1644 2728 1671 2751 ct
1687 2723 1745 2758 glo-
