1948 3077
123 148 185 179 [5289

699 140 840 171 ORATIO
859 139 900 169 IN
920 140 949 169 S-
972 139 1164 170 AGATHAM.

1681 132 1749 165 1290

120 212 255 242 agrorum,
274 203 416 235 silvarum,
431 209 463 230 ac
476 199 609 236 pecudum
627 198 803 226 detrimento.
830 197 903 225 Con-
919 201 941 227 Α
957 195 1272 224 funiculumcoccineum
1285 202 1316 221 ex
1332 194 1452 221 fenestra
1467 192 1563 219 liahab
1577 199 1738 227 appensnm,

122 252 179 287 tigit
190 257 267 283 vero,
287 248 416 277 Kalendis
430 248 496 282 ipsis
509 244 649 274 Februarii
665 244 729 271 anni
747 243 900 278 insequen-

122 298 155 325 tis
165 298 250 324 beatae
263 295 377 331 Agathat
390 292 562 329 martyrium,
575 296 604 318 ut
618 289 752 317 diffractis
766 289 855 317 Etnae
867 288 906 314 la-

122 343 222 369 teribus
239 340 389 368 Tartareus
401 347 434 366 ae
447 337 609 366 faeculentus
620 335 700 371 ignis,
713 333 901 361 vehementius

122 388 199 416 solito
215 387 406 419 ell'ervescens,
428 383 562 419 eruperit,
578 389 611 409 ac
635 380 784 416 przecipitis
798 379 903 414 spatio-

122 433 196 467 siqtte
212 431 340 459 torrentis
365 431 452 457 instar
476 425 683 459 debacchando,
698 425 777 453 obvia
791 430 906 458 quaeque

123 477 283 509 devastarit,
302 482 453 508 cursusque
473 472 605 500 adversus
626 469 792 497 Catanenses
812 476 906 504 pagos,

123 523 269 556 urbemque
285 521 373 556 ipsam
389 518 532 547 direxerit.

156 566 199 594 5|.
217 566 287 599 Quid
302 564 408 592 consilii
424 572 558 599 paganam
588 569 697 601 gentem
714 563 788 590 illam
803 561 908 589 crebris

124 618 198 640 terra:
210 610 433 639 succussionibus
448 615 475 638 et
486 611 594 639 bombis
612 609 848 646 perterrefaetam,
867 607 909 634 in-

122 659 263 693 cendiiqne
287 656 448 692 proﬂuentia
469 657 586 684 horrore
615 655 765 690 stupidatn,
789 661 822 681 ac
840 660 909 688 pene

123 704 304 732 exanimatam
325 703 430 737 cepisse
445 703 575 738 'putatis?
591 702 620 730 ln
640 710 670 730 re
694 702 764 729 adeo
790 699 907 735 trepida,

123 751 160 778 sic
178 750 284 777 volente
301 749 427 782 Numine,
446 749 474 776 in
496 754 616 776 mentem
631 747 685 776 illis
708 747 782 775 venit
806 745 910 781 angeli—

123 807 180 826 cum
191 798 331 826 oraculum
345 798 377 825 ad
395 797 506 832 Agathae
518 801 600 832 caput
613 796 777 832 depositum,
792 794 912 827 delibe-

123 845 226 872 ratione
248 844 343 879 patrim
373 844 424 871 sibi
450 843 596 878 promissa.
627 843 739 870 Animos
759 841 841 876 igitur
857 840 908 867 sibi

124 890 252 917 facientes
266 898 272 916 :
293 889 476 922 Festinemus,
497 889 633 924 inquiunt,
649 888 682 915 ad
699 893 799 915 nostrae
816 886 905 921 Virgi-

124 936 164 962 nis
180 935 338 970 sepulcrum
357 943 363 962 :
380 934 458 969 cujus
474 942 553 970 opem
570 928 642 961 nunc
668 933 785 968 primum
802 932 908 968 publice

124 980 308 1014 iutploramus.
323 980 403 1008 Certa
415 980 487 1008 enim
510 984 553 1008 est
576 980 604 1007 in
621 979 726 1008 caelesti
742 979 802 1014 ejus
822 978 910 1013 epita-

123 1026 186 1059 phio
212 1026 346 1061 descripta
383 1026 525 1061 promissio
543 1026 576 1053 de
608 1025 703 1060 patris
728 1024 909 1057 liberatione,

124 1079 210 1106 neqtte
228 1072 261 1098 de
276 1077 330 1098 tam
354 1079 457 1107 magnae
470 1071 598 1107 martyris
610 1071 729 1099 eiIicacia
746 1070 908 1097 meritorutu

124 1118 191 1151 apud
207 1117 302 1150 Deum,
318 1125 406 1154 neque
420 1118 453 1145 de
465 1125 599 1152 propensa
618 1122 719 1144 nostra:
740 1116 852 1151 virginis
882 1116 910 1142 itt

125 1163 236 1198 patriam
252 1163 401 1195 voluntate,
412 1163 614 1198 ambigendum.
628 1162 704 1195 Quod
724 1162 746 1188 si
762 1162 824 1188 olim
847 1161 910 1188 duo-

125 1216 181 1236 rum
195 1208 378 1245 fratrttmxlﬁ)
391 1209 492 1235 civium
508 1213 662 1235 nostrorunt
680 1207 811 1234 naturalis
825 1206 913 1240 pietas

124 1261 185 1289 erga
196 1258 323 1289 parentes
339 1254 424 1282 valuit
438 1253 546 1281 Etnaea
567 1252 691 1280 incendia
716 1252 861 1284 retnorari,
878 1258 913 1278 ne

125 1307 153 1327 se
164 1301 337 1333 devorarent,
358 1305 386 1327 et
408 1300 471 1334 quia
490 1300 541 1334 piis
562 1299 682 1326 humeris
697 1297 839 1332 impositos
852 1297 912 1324 illos

125 1346 274 1379 auferrent,
292 1346 317 1372 in
336 1346 413 1380 cujus
422 1346 458 1379 pii
473 1345 603 1372 facinoris
616 1344 774 1372 memoriam
793 1342 911 1376 majores

125 1392 209 1420 nostri
230 1391 349 1427 illis(l3)
364 1399 459 1419 saeros
477 1391 597 1418 honores
620 1390 832 1425 impenderunt;
849 1388 914 1423 quid

125 1438 214 1465 facere
230 1445 281 1472 par
300 1441 342 1464 cst
367 1441 488 1465 nostram
507 1437 570 1464 item
587 1437 673 1464 civem
689 1436 833 1472 Agatham,
853 1443 913 1471 quat

126 1491 159 1511 ne
175 1483 259 1510 Deum
286 1488 419 1515 nostrum,
443 1491 474 1510 ac
503 1490 595 1510 rerum
622 1483 744 1510 omnium
770 1487 912 1517 parentem

957 242 1001 277 qui
1023 243 1056 269 ad
1074 242 1115 269 sui
1131 246 1317 276 conspectum,
1340 244 1450 275 propter
1459 240 1542 266 vitant
1561 239 1666 265 duobus
1683 245 1745 266 tan-

958 294 1013 314 tttnt
1037 287 1167 314 lsraelitis
1187 291 1322 314 servatam
1344 286 1445 313 meruit
1462 290 1544 312 totam
1559 284 1617 318 ejus
1635 286 1744 311 domum

958 334 1121 362 incolumem
1138 341 1246 361 servare
1257 333 1268 360 ?
1281 333 1374 367 Turpe
1385 332 1456 359 enim
1471 331 1553 358 fuerit
1574 331 1654 365 hujus
1668 331 1746 358 malae

958 380 1022 407 olim
1040 380 1205 407 mulierculrc
1220 379 1315 406 vittam
1342 386 1403 406 cum
1432 377 1587 404 venerande
1604 376 1746 411 virginalis

959 428 1056 462 capitis
1071 426 1196 454 conferre
1218 425 1361 452 velamine.
1379 424 1541 452 ludecorum
1563 424 1645 450 etiam
1667 422 1749 449 fuerit

960 479 1001 500 ter
1016 473 1146 507 optimam
1162 472 1296 507 Agatham
1310 471 1406 498 alienis
1419 469 1600 501 ornamentis,
1614 474 1640 496 et
1651 476 1748 495 cmen-

959 518 1058 545 dicatis
1083 517 1154 544 fucis
1183 523 1329 548 exornare,
1348 522 1408 542 cum
1435 514 1492 549 ipsa
1516 514 1583 541 satis
1612 520 1750 548 superque

960 563 1078 598 propriis
1089 563 1217 590 laudibus
1240 561 1401 596 meritisque
1424 559 1572 594 praecellat.
1599 558 1692 586 Liceat
1709 563 1750 584 ta-

961 618 1021 636 men
1039 609 1090 636 hoc
1102 608 1222 643 Virginis
1239 608 1361 635 velamen
1382 612 1461 634 sacro
1477 606 1614 640 pontificis
1629 604 1748 631 Aaronis

962 655 1099 683 tlntribulo
1117 661 1286 688 comparare,
1302 653 1374 688 qttod
1388 660 1449 680 cum
1466 652 1509 678 ille
1532 652 1594 685 igne
1616 651 1751 684 thureqne

963 701 1103 735 replesset,
1117 705 1267 734 contraque
1278 699 1434 727 ittcettdiunt
1446 697 1603 732 objecisset,
1615 696 1749 723 stetisset—

962 756 1016 782 que
1030 748 1100 775 inter
1117 751 1240 774 mortuos
1260 753 1290 773 ac
1318 745 1453 780 viventes,
1481 744 1613 772 continuo
1629 742 1753 770 cessavit

962 794 1051 828 plaga.
1070 793 1125 820 Hoc
1143 792 1215 820 enim
1234 792 1356 818 velamen
1375 798 1436 819 cum
1454 798 1486 818 ex
1504 789 1618 824 Agathe:
1648 793 1752 816 attactu

962 846 1056 866 sacros
1069 839 1199 872 quosdam
1216 838 1267 865 sibi
1284 837 1384 865 odores
1402 836 1572 868 itnbibisset,
1590 840 1705 870 cumque
1722 843 1752 862 se

962 894 994 913 ac
1010 886 1148 912 demittant
1165 885 1272 920 ignibus
1284 884 1418 918 iacentem
1433 888 1568 911 servasset
1586 883 1750 910 incultum-tn

964 939 996 959 ac
1020 932 1143 964 illa‘satn,
1165 931 1321 966 hujusntodi
1344 930 1497 965 promeruit
1519 930 1652 956 adversus
1678 929 1754 964 ignes

964 979 1093 1013 potentia:
1119 978 1338 1012 prwrogativam,
1369 982 1398 1003 ut
1431 977 1465 1004 ad
1483 977 1524 1004 sui
1545 976 1752 1003 intuitumodoa-

963 1028 1074 1057 remque
1087 1023 1213 1049 incendia
1229 1022 1318 1048 omnia
1336 1021 1563 1054 contremiscam,
1580 1026 1663 1056 atque
1680 1022 1752 1049 illico

963 1069 1115 1102 sopiantur,
1131 1068 1190 1095 sine
1207 1067 1427 1097 ullins,mortalis
1445 1067 1643 1094 internecione.

998 1114 1043 1140 55.
1061 1112 1154 1140 Liceat
1174 1113 1255 1140 etiam
1271 1112 1316 1140 hic
1332 1112 1479 1140 Mosaicam
1494 1120 1586 1139 arcatn
1606 1117 1670 1140 ante
1685 1121 1752 1141 oeu-

963 1159 1004 1187 los
1018 1163 1123 1186 vestros
1147 1166 1310 1193 proponere,
1336 1166 1397 1193 qum
1418 1159 1463 1186 ubi
1493 1158 1619 1186 Jordanis
1646 1159 1752 1187 alveum

964 1205 1137 1232 sacerdotum
1148 1205 1255 1232 invecta
1272 1204 1393 1232 humeris
1408 1205 1529 1236 intravit,
1546 1205 1753 1232 admirabundzc

964 1254 1099 1277 steterunt
1125 1257 1212 1284 aquae,
1230 1255 1257 1277 ct
1276 1251 1377 1277 montis
1406 1250 1494 1277 instar
1522 1250 1751 1283 intumescebant,

966 1292 1102 1330 nequead
1129 1303 1189 1323 eam
1208 1296 1346 1323 audebant
1370 1296 1513 1328 accedere,
1541 1304 1638 1330 nempe
1667 1297 1754 1324 divini

963 1340 1089 1369 Numinis
1109 1336 1283 1376 priesentiant
1297 1346 1326 1370 et
1351 1342 1535 1377 ntajestatem,
1558 1350 1589 1369 co
1605 1350 1659 1377 qtto
1675 1347 1754 1376 pote-

965 1393 1028 1416 rant
1047 1389 1137 1421 modo,
1165 1389 1298 1416 reverita.
1322 1389 1476 1422 Spectastis
1503 1389 1602 1415 Arcam
1622 1388 1753 1416 .lordanis

965 1443 1049 1470 aquas
1063 1435 1240 1467 dividentem,
1259 1442 1410 1469 earumque
1425 1442 1521 1463 cursus
1539 1442 1724 1463 remot-autent
1739 1436 1750 1462 ?

966 1482 1063 1515 Quaeso
1079 1490 1160 1514 nunc,
1173 1481 1272 1509 utentis
1283 1482 1369 1509 oculis
1379 1482 1526 1517 perspicile
1540 1478 1647 1509 (Eittzea
1664 1483 1755 1510 inccn«

126 1529 273 1561 desereret,
293 1529 319 1555 in
338 1528 412 1555 vivos
437 1529 514 1563 ignes
536 1532 674 1563 testasqne
689 1528 838 1555 candentes
851 1527 913 1562 inji-
926 1540 948 1568 ε
966 1528 1021 1560 dia,
1048 1527 1124 1562 quasi
1151 1527 1300 1562 liquefacta
1324 1529 1431 1556 ntctalla
1453 1529 1584 1555 torrentis
1602 1529 1689 1556 ittstar
1707 1531 1756 1557 dc-

125 1574 147 1600 ci
164 1581 242 1608 passa
255 1577 296 1601 est
307 1594 314 1606 ,
326 1578 354 1601 et
374 1582 434 1608 qua:
447 1582 480 1601 ne
498 1574 578 1601 fidem
593 1573 728 1601 castitatis
742 1573 853 1601 Christo
868 1581 912 1600 se-

126 1618 178 1645 mel
202 1619 292 1646 datam
325 1619 480 1655 frangeret,
514 1621 655 1647 mortalem
681 1620 766 1647 vitam
798 1619 915 1648 libettter

125 1664 211 1691 voluit
238 1664 424 1697 profundere?
439 1666 515 1698 Quod
542 1665 564 1692 si
583 1666 717 1700 Agatham
736 1665 825 1692 adhuc
840 1673 915 1692 mor-

126 1709 216 1740 talem,
233 1718 280 1743 ντί)
293 1709 403 1738 Christo
414 1711 537 1737 comburi
553 1714 738 1744 exoptantem,
756 1710 913 1737 carnificum

126 1755 250 1782 incendia
265 1756 400 1791 attingere
411 1764 464 1784 non
479 1757 627 1788 audebant,
652 1756 775 1791 nunquid
791 1756 913 1791 ejusdem

126 1802 256 1835 nolentis,
276 1810 337 1837 qua:
352 1803 407 1836 jam
426 1810 509 1837 prope
524 1802 664 1829 Christum
683 1802 786 1829 assistit
803 1802 915 1828 immor-

125 1848 228 1875 talitate
249 1849 360 1880 donata,
386 1848 504 1882 patrium
519 1848 618 1880 solum,
654 1847 748 1875 urbem
773 1848 912 1881 civesque,

124 1900 233 1928 suaeque
251 1894 402 1921 nativitatis
417 1894 562 1928 palatium,
587 1901 619 1921 ac
639 1899 815 1921 sacrosancta
841 1901 912 1919 mar-

126 1939 192 1973 tyris
219 1944 393 1967 monumenta
424 1940 560 1967 audebunt
582 1939 608 1966 hi
644 1938 808 1973 proﬂuentes
838 1939 914 1972 ignes

123 1985 260 2012 obruere?
282 1984 394 2012 Minime
429 1985 569 2013 enimvero
606 1985 650 2012 hic
679 1985 775 2020 ignetts
807 1988 914 2011 torrens

122 2029 303 2058 Catanensem
314 2031 437 2058 tellurem
456 2031 582 2066 attinget,
608 2038 668 2064 quae
681 2031 796 2065 virginis
812 2030 914 2057 recenti

125 2076 215 2103 adhuc
226 2079 324 2104 cruore
336 2084 470 2110 respersa,
486 2077 601 2104 validius
612 2077 683 2112 apttd
702 2077 784 2104 Deum
801 2076 912 2108 clamat,

123 2129 205 2155 quam
219 2123 309 2150 Abelis
322 2123 451 2158 Sanguis:
466 2122 581 2157 ideoque
598 2123 665 2149 nihil
676 2123 755 2149 nobis
765 2123 914 2157 desperan-

121 2167 186 2192 dum
203 2171 257 2199 esl,
276 2168 431 2195 recentibus
445 2172 498 2194 tam
511 2168 587 2195 bona
603 2168 671 2195 citis
685 2167 798 2202 Agathse
811 2169 915 2196 meritis

121 2213 369 2246 patrocinantibus.

158 2258 205 2285 32.
234 2258 296 2286 llaec
324 2259 362 2286 illi
391 2260 576 2295 colloquentes
600 2260 633 2287 ad
659 2265 761 2287 sancta:
786 2261 914 2296 martyris

120 2304 281 2339 sepulcrum
320 2304 485 2332 festinantes
508 2310 667 2336 accurrunt.
688 2313 782 2340 preces
800 2306 915 2333 fundunt

120 2356 149 2377 et
166 2350 315 2386 lacrymas,
331 2351 430 2383 velunt,
448 2352 520 2386 quod
536 2352 666 2387 virginale
682 2360 780 2387 corpus
798 2353 914 2387 tegebat,

119 2397 285 2429 extrahunt.
298 2397 394 2425 bacillo
404 2398 430 2425 in
440 2406 530 2425 aerem
542 2398 676 2426 extollunt
691 2407 697 2425 :
709 2399 800 2432 itaque
813 2400 912 2425 armati

120 2442 294 2477 fidentesquc
305 2444 496 2478 grassantibus
505 2444 641 2471 incendiis
652 2445 759 2471 obviam
772 2445 913 2478 prodeunt.

116 2487 220 2515 Mirum
239 2488 317 2516 visu:
342 2489 415 2517 illico
438 2490 595 2524 prmcipites
613 2489 650 2516 illi
679 2494 817 2517 torrentes
831 2489 912 2522 ignei,

115 2534 200 2568 quasi
228 2535 372 2568 praesentis
396 2535 517 2569 Virginis
543 2536 704 2570 potentiam,
727 2543 759 2562 ac
787 2536 915 2570 martyris

116 2578 293 2611 tnajestatetn
318 2580 439 2612 reveriti,
458 2588 569 2608 cursum
588 2582 699 2612 sistunt,
734 2581 835 2607 rabient
865 2588 913 2614 po-

119 2629 204 2658 nunt,
236 2625 353 2653 ealorctn
372 2626 560 2662 exstittguunt.
590 2627 660 2660 Quid
692 2627 734 2654 hic
770 2627 912 2662 prmdicent

154 2705 214 2741 (12)
232 2704 342 2740 Egimus
360 2707 392 2734 de
409 2707 451 2735 his
468 2707 599 2736 fratribtts
620 2709 666 2737 5|.
686 2708 748 2736 Jan.
768 2708 802 2735 ad
824 2708 911 2735 Vitam

113 2741 207 2778 sancti
220 2741 369 2778 Athanasii
383 2742 568 2770 Methonensis
593 2745 710 2778 episcopi
720 2744 779 2775 c.2.
790 2752 816 2771 n.
826 2744 852 2770 5.
863 2743 912 2771 Ubi

115 2785 126 2813 μ
144 2775 348 2813 Ampltin_0ttttts
357 2782 382 2813 et
400 2778 520 2810 Anapias
541 2788 549 2803 ι
568 2775 749 2813 appellantur,
766 2780 810 2807 hic
827 2788 840 2805 a
859 2779 908 2805 Va-

110 2810 186 2849 lerio
201 2811 319 2849 Maximo
340 2812 489 2849 «Anapusn
511 2815 544 2840 ab
559 2810 619 2841 aliis
638 2824 646 2839 ι
658 2815 779 2849 Anapins
796 2820 820 2841 et
837 2816 908 2840 Ana—

110 2846 168 2879 pis.
194 2855 203 2871 ι
224 2845 388 2880 Syracusani
407 2845 481 2875 cives
495 2857 559 2876 suos
574 2850 656 2884 fuisse
676 2845 762 2882 aiunt,
783 2859 790 2874 ι
807 2849 907 2876 Eutan-

262 2892 396 2924 Pnnoa.
421 2895 479 2926 (in.
504 2896 539 2926 C.

967 1574 1116 1606 currentia,
1152 1580 1233 1608 atque
1260 1573 1340 1602 obvia
1370 1582 1495 1609 quaeque,
1524 1575 1605 1605 etiam
1635 1575 1756 1610 lapideos

968 1625 1085 1652 montes,
1100 1620 1175 1647 velut
1191 1627 1283 1647 ceram
1298 1620 1475 1648 dissolventia
1492 1629 1499 1648 :
1513 1629 1628 1656 quorum
1644 1623 1755 1649 ardores-

967 1673 1128 1700 cursusque,
1143 1673 1231 1699 tthtte
1255 1666 1379 1700 ingentes
1401 1665 1501 1699 fontes,
1526 1674 1614 1701 neque
1631 1667 1706 1695 ﬂuvii
1723 1676 1756 1696 ex

966 1710 1120 1744 liquefactis
1156 1710 1264 1738 nivibus
1293 1717 1482 1743 occurrentes,
1505 1713 1681 1748 exstinguere
1717 1715 1756 1740 νυΙ

969 1761 1042 1783 certe
1056 1756 1182 1791 mitigare
1194 1761 1352 1791 potuerunt.
1367 1757 1420 1785 Sed
1441 1757 1505 1792 quid
1521 1757 1612 1785 fontes
1628 1758 1757 1793 fluviique

966 1801 1076 1828 valeant
1091 1801 1223 1828 adversus
1238 1806 1293 1828 tant
1308 1809 1436 1837 magnum
1450 1803 1558 1838 igneum
1584 1803 1755 1838 profluvium,

966 1855 1027 1874 cuin
1044 1847 1108 1874 illud
1129 1848 1216 1882 ipsum
1230 1847 1334 1875 Ionium
1359 1857 1435 1876 mare
1449 1857 1513 1877 suas
1531 1853 1653 1879 contburi
1670 1860 1756 1883 aquas

966 1893 1017 1920 olei
1038 1893 1124 1920 instar
1148 1893 1302 1928 pertulerit,
1323 1895 1438 1929 ideoque
1464 1896 1535 1923 intra
1553 1897 1680 1924 humidus
1695 1906 1758 1932 pro-

967 1939 1119 1974 fttndosquc
1132 1940 1211 1967 sinus
1222 1948 1285 1967 suos
1295 1940 1383 1967 locutu
1396 1941 1433 1968 illi
1449 1943 1592 1975 concedat,
1606 1951 1637 1970 ac
1652 1944 1758 1978 fugiens

966 1986 1078 2021 atttiqtta
1110 1987 1203 2014 littora
1228 1992 1345 2019 ttttttare,
1373 1987 1507 2022 longeque
1535 1996 1564 2016 se
1593 1991 1757 2017 contrahere
1791 2007 1795 2022 ,

964 2031 1143 2064 oportuerit?
1169 2031 1236 2058 Cum
1267 2031 1349 2066 igitur
1380 2032 1447 2059 nihil
1475 2033 1523 2060 alti
1545 2034 1756 2062 durissimarum

966 2075 1085 2110 lapidum
1118 2081 1233 2108 montes,
1261 2084 1397 2111 rupesque
1425 2078 1560 2113 ingentes,
1584 2079 1650 2106 nihil
1674 2079 1756 2106 ctiant
1791 2075 1797 2111 ξ

967 2121 1107 2148 inimicum
1126 2122 1208 2149 maris
1224 2121 1401 2154 elementum,
1429 2129 1523 2151 contra
1543 2124 1621 2159 ignes
1635 2125 1757 2152 (Ettttces
1792 2123 1797 2153 ξ

967 2167 1060 2194 conari
1077 2173 1199 2200 possent,
1217 2170 1333 2203 ejusque
1358 2170 1430 2197 vires
1445 2170 1604 2203 retundere;
1629 2171 1755 2206 exiguum
1793 2170 1814 2196 ἰ

930 2217 952 2244 D
968 2221 1035 2242 sane
1047 2215 1160 2249 virginis
1180 2215 1292 2250 Agathzn
1305 2216 1427 2243 velamen
1444 2224 1457 2243 a
1473 2218 1578 2245 civibus
1596 2219 1653 2245 suis
1668 2219 1694 2245 itt
1714 2227 1761 2246 su-

968 2260 1051 2288 blittte
1069 2260 1182 2292 elatum,
1202 2262 1348 2297 ventisque
1360 2263 1515 2297 expositum
1532 2263 1642 2296 (mirum
1660 2265 1757 2299 dictu),

970 2307 1093 2339 protinus
1108 2311 1134 2332 et
1159 2306 1284 2333 incendia
1302 2307 1435 2334 exstinxit
1451 2312 1477 2334 et
1493 2308 1618 2342 rapidum
1647 2317 1757 2336 rursum

973 2352 1111 2386 repressit.
1125 2351 1152 2378 ltt
1169 2353 1247 2386 cujus
1261 2353 1384 2386 pratclari
1407 2352 1540 2381 facinoris
1554 2360 1761 2382 monumentum

971 2397 1114 2425 faeculenta
1135 2397 1179 2424 illa
1205 2397 1329 2424 incendia
1349 2399 1375 2424 itt
1394 2399 1494 2426 arduos
1518 2406 1626 2428 montes
1645 2402 1761 2429 horren-

971 2444 1037 2470 tittut
1064 2451 1207 2477 saxorum,
1247 2449 1463 2479 crustarumque
1479 2445 1585 2480 rupium
1615 2454 1760 2479 conversa,

969 2496 1018 2522 pro
1048 2494 1151 2516 aeterno
1189 2489 1331 2524 virginalis
1362 2490 1483 2517 victoria.a
1519 2492 1641 2527 trophaeo
1668 2498 1762 2519 erecta

969 2534 1135 2565 subsistunt,
1165 2535 1397 2569 comprobautque
1424 2538 1528 2564 oraculi
1553 2538 1698 2566 veritatem
1722 2539 1756 2565 de

968 2580 1064 2614 patria:
1090 2579 1260 2612 liberatiOnc,
1287 2580 1321 2608 de
1349 2583 1419 2608 cutio
1448 2590 1495 2616 per
1527 2584 1637 2619 angelos
1662 2584 1756 2612 delati.

968 2625 1054 2658 Quam
1074 2625 1156 2652 etiam
1177 2626 1211 2652 ob
1225 2633 1336 2654 causam
1350 2627 1471 2656 velamen
1499 2629 1564 2656 illud
1591 2631 1668 2664 quasi
1685 2630 1757 2665 Aga-

969 2708 1034 2735 liam
1054 2713 1082 2735 et
1101 2708 1239 2737 Critonem
1260 2719 1268 2735 ι
1289 2710 1454 2740 nominatos.
1479 2711 1531 2740 Sed
1563 2713 1588 2739 in
1615 2712 1762 2740 Catanensi

968 2744 1093 2771 districta
1110 2750 1185 2779 gesta
1203 2752 1246 2772 res
1263 2751 1312 2773 est.
1764 2765 1766 2769 ν

1000 2780 1056 2813 (l3)
1072 2779 1170 2806 Strabo
1186 2780 1203 2808 1.
1218 2781 1245 2807 6.
1267 2791 1275 2807 ‹
1293 2781 1395 2809 llorttm
1412 2783 1570 2810 ntcntoriun
1589 2784 1624 2810 ita
1645 2784 1764 2816 posteri-

966 2820 1006 2855 tas
1039 2818 1179 2855 nt‘t'tncrata
1205 2821 1258 2847 est.
1277 2823 1304 2844 ut
1331 2818 1447 2852 sepulcri
1474 2819 1764 2846 IUt‘lls'lloutillalelltr

965 2852 983 2877 (ἐ
996 2860 1078 2885 tmpus
1092 2852 1208 2884 piorum.
1234 2861 1243 2876 ›

1564 2900 1599 2930 ιιι
