1948 3077
755 72 769 79 ς

132 135 141 166 1
149 135 197 168 297

698 138 882 180 EPISTULA
900 138 1049 170 CONTRA
1066 136 1263 168 STUDITAS.

1688 131 1768 162 1298‘

128 194 178 219 οὐκ
193 191 276 218 αὐτὸν
297 191 413 225 ἐκεῖνον,
439 191 475 227 μὴ
493 191 608 226 γένοιτο,
636 193 703 220 ἀλλὰ
724 193 758 220 τὰ
774 195 917 229 συγγράμ-

973 193 1067 220 litanos
1080 193 1181 226 scripta
1199 197 1272 225 sunt,
1289 198 1341 219 non
1358 191 1432 218 illum
1452 190 1543 225 ipsum
1572 187 1756 220 Theodorum;

129 247 214 274 ματα,
229 230 275 265 οἷα
292 238 323 274 δὴ
340 239 388 265 καὶ
403 239 418 265 ὁ
435 239 601 274 Θεοδώριτος
613 239 649 266 τὰ
672 239 756 266 αὐτοῦ
778 239 825 265 καὶ
842 239 918 266 ἄλλοι

126 284 200 316 τινὲς
212 284 247 311 τὰ
262 284 333 311 κατὰ
348 284 526 320 συναρπαγὴν
537 285 668 320 λεχθέντα
683 285 699 320 ἢ
715 285 856 320 γραφέντα
870 284 920 311 ωὐ-

126 330 184 361 τοῖς
197 329 396 364 πεποιήκασιν.
419 329 482 356 Ἐὰν
493 327 540 356 οὗν
559 329 607 365 μὴ,
625 330 663 361 ὡς
674 329 792 365 ἔφημεν,
810 329 858 356 καὶ
873 326 919 357 οὗ·

127 383 169 402 τοι
183 376 218 402 τὰ
228 375 299 401 κατὰ
307 376 411 403 τούτων
424 375 480 402 τῶν
505 376 664 412 εἰρημένων
679 375 766 408 ἁγίων
779 375 919 410 ἀναθεμα-

128 421 243 454 τίσαιεν,
254 421 350 457 είησαν
359 422 406 448 καὶ
420 422 498 448 uiaret
509 421 619 448 ἀπὸτοῦ
636 421 755 457 Πατρδς,
771 421 819 448 καὶ
835 420 916 453 Υίοῢ,

127 466 237 494 καὶτοῦ
254 467 334 501 ἁγίου
356 467 518 503 Πνεύματος
535 467 661 502 ἀνάθεμα
686 467 734 494 καὶ
763 466 917 502 κατάθεμα.

129 513 247 548 [Αιιλτ.
266 513 299 540 de
311 512 457 544 Met/radio,
472 520 499 547 p.
514 512 573 548 94].

164 557 220 583 Καὶ
229 557 280 583 οὐκ
294 558 373 584 αὐτοὶ
386 558 474 593 μόνοι,
488 557 557 584 ἀλλᾶ
566 557 615 584 καὶ
633 558 691 584 ὅσοι
707 557 847 584 πείθονται
866 557 917 584 αὒ-

129 603 185 634 nt;
197 603 244 629 καὶ
265 603 484 638 συναρπάζονται
498 603 546 630 καὶ
561 604 602 635 είς
616 604 728 639 φιλικὴν
744 603 836 635 αὐτοῖς
850 604 921 638 ὁμη-

130 648 258 684 ρεύονται
267 649 376 684 ὁμιλίαν
392 649 408 684 ἢ
426 649 582 682 συναυλίαν,
612 650 659 676 καὶ
688 647 762 677 οὗτοι
789 649 844 677 ἀπὺ
858 649 921 676 τοὺ-

129 702 185 720 των
201 694 346 729 κατάθεμα
369 694 503 727 ἔστωσαν,
529 694 584 721 ἀπὸ
600 694 648 721 τοῦ
663 694 784 730 Χριστοῦ
805 694 845 729 τῷ
861 694 920 721 δια-

129 736 203 772 ὃόλῳ
217 737 343 772 ἀνάθεμα
359 745 366 751 ³
391 738 492 769 αὐτοὺς
508 739 563 773 γὰρ
589 738 750 771 πατοῦντες,
769 739 851 774 ἤγουν
876 739 920 765 ἐπ’

130 783 230 822 αὐτοὺς
247 782 394 817 βαίνοντες,
413 782 538 809 τουτέστι
563 784 596 818 τῇ
610 783 713 810 τούτων
731 784 840 819 ,γνώμῃ
872 785 921 810 ἐπ-

131 827 307 862 ερειδόμενοι,
325 828 372 855 ἐπὶ
393 828 432 863 τῷ
444 828 546 855 τούτων
557 828 728 863 καταθέματι
754 829 872 864 βαίνοιεν
896 830 921 855 ot

969 239 1051 272 absit,
1064 241 1110 266 sed
1130 238 1327 266 commentaria
1341 235 1572 273 quemadmodum
1597 242 1645 262 sua
1663 234 1756 260 Theo-

972 287 1100 320 doretus,
1117 291 1146 314 et
1175 286 1297 314 nonnulli
1316 286 1372 319 alii,
1403 285 1476 313 circa
1508 291 1567 318 qua:
1588 286 1760 317 'quacnnque

969 338 1051 359 causa
1060 331 1164 366 abrepti
1176 330 1326 363 dictarunt,
1340 330 1475 358 fecerunt.
1489 329 1517 356 Si
1535 328 1631 364 igitur.
1645 332 1674 354 ιιι
1691 327 1759 354 dixi-

970 383 1040 408 mus,
1062 376 1095 403 iis
1116 382 1177 410 qum
1204 374 1349 402 adversum
1373 374 1430 408 jam
1459 373 1616 400 nominatos
1647 375 1760 398 sanctos

969 421 1132 448 concinnata
1148 425 1221 454 sunt,
1240 420 1388 449 anathema
1418 427 1471 447 non
1499 418 1628 450 dixerint,
1658 418 1714 445 sint
1733 421 1761 443 et

969 467 1021 501 ipsi
1037 474 1053 493 a
1069 467 1150 494 Patre
1168 472 1196 494 et
1208 466 1279 495 Filio
1292 471 1319 494 et
1330 466 1435 501 Spiritu
1457 469 1554 493 sancto
1570 464 1716 492 anathema
1730 467 1758 490 ct

968 513 1135 540 catathema.

1009 559 1103 594 Neque
1126 558 1213 587 solum
1232 557 1281 592 illi,
1301 558 1348 585 sed
1365 557 1448 584 etiam
1464 557 1620 591 quicunque
1634 562 1755 582 consen-

972 607 1116 634 tiuntcum
1135 604 1168 631 iis
1182 611 1214 631 ac
1224 611 1285 631 sese
1301 603 1389 638 abripi
1415 602 1566 637 patiuntur,
1586 606 1613 629 et
1638 600 1758 628 amicitia

971 651 1156 685 familiarique
1171 644 1383 677 consuetudine
1397 647 1613 683 conjunguutur,
1640 645 1727 673 aversi
1744 653 1758 671 a

970 697 1080 724 Christo
1101 699 1129 722 et
1147 694 1258 722 diabolo
1281 693 1383 727 devoti,
1413 693 1560 720 anathetna
1588 695 1678 718 sunto.
1708 689 1760 723 Qui

971 741 1043 770 enim
1066 740 1119 768 illis
1143 739 1290 771 obediunt,
1311 739 1383 772 quod
1406 737 1473 772 ipsis
1493 737 1518 775 in
1547 736 1695 771 perniciem
1716 742 1761 762 ce-

972 786 1022 816 (lit,
1039 789 1066 811 et
1080 784 1125 819 qui
1142 783 1206 811 illos
1219 787 1371 818 sequuntur
1381 783 1439 810 sive
1453 783 1602 810 secundant
1613 789 1662 809 eos
1672 781 1763 816 ingre-

973 831 1094 862 diuntur,
1111 830 1137 857 id
1153 834 1206 862 est,
1220 829 1307 856 eidem
1324 827 1469 856 sententiae
1493 827 1596 855 addicti
1623 831 1697 860 sunt,
1715 833 1761 853 eo-

135 874 290 909 πειθόμενοι
313 874 405 906 αὐτοῖς
419 876 458 906 είς
474 875 600 910 ἀνάθεμα
614 883 621 890 ·
638 875 668 901 οὐ
686 874 778 910 θαῦμα
793 875 823 901 δὲ
839 875 919 902 τοῦτο

973 876 1033 904 dem
1049 875 1222 902 anathemate
1249 874 1393 901 feriantur.
1425 873 1482 901 Nec
1508 873 1619 905 mirum,
1638 879 1686 899 eos
1714 871 1761 906 qui

131 919 172 945 ὅτι
185 919 248 950 τοὺς
263 919 368 951 αἰτίους
383 920 433 955 τῆς
449 919 588 952 ἀπωλείας
607 920 662 947 τῶν
683 920 854 955 πειθομένων
871 921 919 948 αὺ-

131 965 187 995 τοῖς
206 963 379 999 καταθέματι
401 963 592 1000 ὑπεδάλομενο
617 965 722 992 δίκαιον
742 965 771 991 δὲ
795 965 917 1001 νομίσαι,

131 1009 172 1035 ὅτι
181 1009 260 1044 θεῖκῇ
272 1018 301 1036 τε
309 1010 356 1037 καὶ
365 1010 533 1046 ἀποστολικῇ
549 1011 640 1047 κρίσει
651 1010 730 1037 τοῦτο
741 1011 919 1046 πεποιήμεθα

972 922 1030 949 suis
1046 919 1292 957 discipulis‘exitii
1319 924 1447 948 auctores
1471 919 1617 950 exsistunt,
1648 925 1663 945 a
1684 916 1762 945 nobis

974 966 1214 999 anathematizari;
1238 966 1293 993 imo
1310 966 1422 994 credere
1446 965 1524 993 decet
1540 964 1689 992 secundum
1717 963 1761 990 di-

973 1013 1065 1041 vinum
1085 1011 1322 1047 apostolicumque
1344 1011 1482 1038 decretum
1496 1010 1547 1037 hoc
1575 1016 1626 1036 nos
1651 1007 1759 1039 fecisse,

132 1054 193 1080 καθ’
209 1055 363 1091 ὑπερϐολὴν
373 1056 422 1091 τῆς
436 1055 573 1092 ἁμαρτίας
587 1057 647 1092 ἦτοι
675 1056 726 1091 τὴν
750 1056 842 1084 αίτίαν
868 1057 919 1092 τῆς

132 1100 273 1134 ἁμαρτίας
297 1101 345 1127 καὶ
361 1101 501 1136 κρίνοντες
518 1102 568 1129 καὶ
592 1100 731 1138 ὁρίζοντες
745 1102 793 1128 καὶ
820 1101 921 1137 ὀνομά-

133 1145 226 1178 ζοντες
240 1154 247 1161 ·
262 1146 301 1181 τῷ
316 1147 426 1182 Χριστῷ
438 1147 565 1175 ἐντεῦθεν
575 1147 749 1184 εὐχαριστία.

170 1194 330 1229 Sequuntur
344 1196 371 1223 in
383 1195 458 1223 calce
472 1196 554 1231 hujus
571 1196 704 1232 epistolae,
723 1201 817 1232 utpote
833 1197 982 1232 synodicae,
999 1197 1214 1225 acclamationes
1231 1204 1280 1225 seu
1301 1196 1398 1224 faustae
1418 1194 1591 1230 precationes
1606 1200 1655 1228 pro
1671 1192 1758 1226 impe-

137 1238 287 1271 raloribus,
301 1238 386 1272 clero,
399 1239 508 1274 populo,
519 1240 588 1267 urbe
603 1240 690 1275 regia,
711 1247 743 1268 ac
759 1240 889 1268 universo
903 1241 1029 1276 imperio.
1042 1242 1082 1269 Ex
1108 1241 1199 1269 libello
1215 1241 1329 1269 Joannis
1345 1239 1454 1274 Ephesii
1470 1242 1600 1273 excerpta
1616 1237 1758 1265 hactenus.

136 1285 174 1312 De
192 1283 298 1312 Tarasii
314 1289 404 1313 autem
423 1293 455 1313 ac
470 1285 626 1321 Nicephoro
642 1285 817 1321 patriarchis,
834 1294 848 1313 a
866 1287 965 1322 quibus
983 1293 1036 1314 n0n
1050 1290 1124 1313 recte
1139 1285 1258 1313 schisma
1274 1284 1339 1313 fecit
1354 1283 1514 1311 Theodorus
1530 1281 1648 1313 Studita,
1671 1282 1761 1308 exstat

139 1328 285 1362 perspicua
301 1329 416 1356 historia
432 1329 514 1356 etiam
531 1329 558 1356 in
571 1330 665 1360 codice
683 1329 744 1357 Vat.
762 1330 844 1362 115⁵1,
856 1330 900 1357 ubi
914 1329 1067 1357 Methodius
1085 1329 1118 1357 ad
1133 1329 1255 1357 Stttditas
1268 1328 1392 1356 scribens
1401 1327 1437 1354 sit
1450 1325 1609 1354 concludit:
1625 1324 1661 1350 Σὺ
1676 1330 1760 1358 μονα-

972 1065 1005 1085 ex
1021 1057 1185 1085 abundantia
1214 1056 1319 1091 peccati
1346 1056 1389 1083 vel
1413 1062 1494 1083 causa
1517 1054 1622 1090 peccati
1641 1057 1668 1081 et
1691 1052 1761 1088 judi-

971 1107 1066 1131 cantes
1082 1104 1108 1129 et
1126 1104 1281 1129 statuentes
1305 1104 1334 1128 et
1353 1100 1539 1136 designantes.
1555 1096 1626 1124 Hinc
1649 1095 1760 1124 Christo

973 1148 1078 1184 gratiae.

134 1371 182 1406 χὺς
195 1369 231 1403 εἴ,
250 1371 296 1398 καὶ
307 1372 357 1398 οὐκ
372 1372 462 1404 ἔξεστί
483 1382 524 1400 σοι
541 1373 679 1406 ἐξετάζειν
694 1373 729 1399 τὰ
745 1373 799 1400 τῶν
823 1374 929 1410 ἱερέων,
950 1373 1007 1400 ἀλλ’
1021 1371 1226 1400 ὑποτάσσεσθαι
1247 1380 1277 1398 σε
1296 1371 1362 1407 χρὴ,
1382 1370 1430 1397 καὶ
1451 1369 1502 1404 οὐχ
1516 1368 1682 1395 ὑποτάσσειν
1699 1365 1760 1392 οὐδὲ

136 1415 275 1447 ἐξετάζειν
293 1415 405 1448 αὐτούς.
421 1416 461 1443 Tu
477 1417 622 1444 monachus
640 1425 678 1450 es,
696 1425 777 1452 neque
794 1417 842 1444 tibi
861 1417 920 1444 licet
940 1417 1095 1453 pontiﬁcum
1111 1421 1170 1444 acta
1188 1416 1222 1443 ad
1240 1416 1369 1443 trutinam
1393 1421 1534 1445 revocare;
1551 1420 1612 1440 nam
1628 1410 1760 1445 subjectus

136 1459 170 1486 iis
182 1467 238 1487 esse
253 1460 339 1495 debes,
357 1469 409 1488 non
418 1462 522 1488 eosdem
535 1461 663 1496 subjicere
675 1461 713 1489 vel
732 1462 764 1489 de
780 1461 843 1497 ipsis
855 1461 1053 1497 inquisitionem
1064 1461 1219 1489 instituere.

137 1533 198 1573 ᾀπε
212 1537 300 1573 πᾷντα
314 1537 361 1573 καὶ
373 1537 475 1573 ἔγραψε
488 1539 560 1566 κατὰ
571 1538 626 1565 τῶν
640 1537 725 1572 ἁγίων
744 1537 920 1573 πατριαρχῶν

137 1572 276 1608 Ταρασίοο
287 1572 334 1608 καὶ
346 1573 370 1599 Ν
374 1572 517 1608 ιῗκὴφόρου,
530 1574 581 1600 οὐκ
593 1573 627 1600 ἃν
642 1575 682 1605 είς
699 1572 920 1608 κοινωνίανςέοῦ-

141 1606 186 1634 τιν
196 1606 355 1643 ιδεχόμεθα.
373 1607 434 1635 Nisi
447 1606 516 1635 enim
533 1613 618 1637 uerter
633 1609 724 1636 beatus
740 1607 822 1636 Pater
838 1606 921 1635 Theo-

973 1538 1053 1565 dorus
1064 1542 1159 1564 cuncta
1169 1536 1352 1571 improbasset,
1363 1543 1421 1568 qua:
1435 1535 1463 1563 in
1472 1534 1760 1571 sanctoLpatriarchas

973 1573 1044 1599 dicto
1053 1572 1182 1606 scriptam
1193 1569 1308 1605 fecerat,
1328 1570 1468 1597 anasium
1480 1574 1559 1606 atque
1566 1569 1757 1604 Nicephorum,

975 1605 1110 1642 nunquam
1126 1614 1186 1634 eum
1200 1607 1233 1634 ad
1249 1606 1455 1634 communionem
1476 1605 1671 1640 recepissem“.
