1948 3077
161 144 173 176 1
179 145 228 175 203

677 145 706 176 s.
729 146 917 176 METHODlI
937 126 1191 182 rari-imaeue
1211 146 1265 176 cr;

1720 143 1790 174 1204

160 202 288 229 Ecclesia:
310 206 338 230 et
353 210 492 230 sacrarunt
511 202 686 230 celebratioui
704 208 767 230 octo
788 204 894 230 diebus.
915 203 944 231 Si

1004 203 1082 238 ιὲνην
1105 203 1226 234 διάταξιν
1257 202 1322 237 (l8).
1351 201 1405 228 Καὶ
1430 196 1576 236 γινομένης
1600 200 1787 236 λειτουργίας,

150 249 205 287 ⁴«μή
230 253 319 275 autem
340 255 387 274 sua
404 253 499 282 sponte
523 249 556 276 ad
577 249 729 283 negandum
747 247 942 284 confugerint:

999 249 1186 289 ἀξιθύσθωσᾳν
1202 247 1257 275 τῶν
1272 247 1453 282 ἀγιασμάτων
1471 247 1527 282 (l9)
1545 245 1720 282 σχολάζοντες
1740 255 1785 272 κα-

697 327 814 355 VARLE
837 328 1028 356 LECTIONES
1047 327 1092 355 ΕΤ
1111 327 1228 356 NOTA‘J.

200 404 256 439 (18)
274 405 354 431 Κατὰ
378 405 437 439 τὴν
457 405 675 439 προειρημένην
701 404 847 436 διάταξιν.
875 405 948 432 Ordo

160 439 328 474 pwnitenliaa
345 439 388 466 hic
404 445 456 473 est,
482 445 510 466 ιιι
536 440 596 466 ﬁdei
614 441 738 466 desertor
756 439 885 467 Ecclesia!
903 447 943 466 rc-

161 474 347 509 rnnciliandus
367 475 471 501 duabus
491 475 705 508 quadragesimis
729 474 842 507 jejuuet,
861 482 946 509 genu-

161 504 293 535 tlexioﬁs
304 509 395 540 obeat,
411 504 632 541 toties-Domine,
648 504 778 539 miserere,
793 504 876 540 dicat:
889 517 947 542 qurc

171 549 225 569 .‘tnl.
239 551 319 577 opera
337 543 544 572 satisfactiouis.
566 549 591 569 et
608 544 794 576 poenitentinm
816 544 842 570 in
861 545 944 574 gradu

163 578 283 613 ﬂentium
296 579 504 605 constitutorqu
518 579 626 612 propria
643 586 650 605 :
668 578 712 604 ubi
729 586 793 605 vero
811 578 944 613 λαμϐάνει

164 612 342 647 ἓλισθητικὰς
359 614 441 648 εὐχὰς
472 614 582 645 suscipit
610 613 818 639 reconciliativas
845 622 942 646 preces,

165 655 212 681 per
228 653 289 674 octo
301 648 357 674 dies
372 649 516 674 continuos
530 653 593 674 tunc
608 647 689 674 dubio
713 648 805 680 procul
819 649 847 673 ὲν
876 649 943 674 ὑπο-

162 681 264 708 πτώσει
281 683 445 709 orationibus
467 682 594 715 subiiciet
611 682 740 708 substerni
762 683 940 716 intelligitur:

199 750 286 776 Audet
309 750 409 784 aliquid
428 751 543 785 amplius
566 751 733 778 Maldonattts
754 751 786 778 de
804 751 947 778 conﬁrma-

162 785 238 811 tinue
256 785 443 820 Itzercticorutn
463 785 584 812 itcranda
597 793 720 812 asserere
738 794 743 812 :
762 791 787 812 et
810 793 843 812 au
863 786 946 820 repeti

163 819 275 852 debeat,
294 819 343 846 fuit
363 821 473 854 antiqua
490 820 613 853 qutrstio.
634 819 662 846 In
681 821 796 847 concilio
813 819 947 847 Tarraco-

164 855 254 886 nensi,
269 854 370 885 subdit,
385 863 445 881 can.
460 856 487 885 6.
505 856 644 882 decretum
671 856 722 881 fuit
737 863 770 882 ne
783 855 944 882 iterarelur:

1001 405 1023 431 si
1042 409 1140 439 sponte
1153 403 1337 438 transfugerit,
1353 410 1417 437 quta
1441 403 1579 438 mysteriis
1597 403 1722 437 indignus
1737 404 1788 430 ba-

999 440 1090 471 betur,
1107 440 1178 466 inter
1193 439 1367 469 συνεστῶτας
1380 439 1551 465 consistente:
1573 439 1660 465 loctnn
1685 439 1766 465 liabet
1779 448 1787 472 ;

998 474 1066 501 alias
1085 482 1117 501 ex
1134 474 1293 501 inﬁrmitate
1309 474 1387 499 ﬁdem
1414 473 1561 506 abnegans,
1590 472 1716 505 ἀξιοῦται
1732 473 1787 500 τῶν

998 509 1190 544 ἁγιασμάτων,
1207 508 1414 544 commuttlonem
1432 513 1658 544 sacramentorum
1679 508 1786 544 arcipit,

998 549 1023 570 ct
1043 544 1073 570 ﬁt
1086 542 1125 570 'de
1146 551 1260 570 numero
1282 543 1335 568 τῶν
1360 543 1539 576 μετεχόντων.
1566 542 1695 572 Tuncque
1708 543 1787 576 quasi

998 579 1088 605 denuo
1100 578 1227 611 baplisuti
1244 579 1328 612 gratia
1345 581 1503 611 recuperata
1521 585 1618 605 recens
1643 577 1783 604 llluntina-

1000 618 1086 640 terum
1104 621 1185 646 opera
1202 614 1341 645 exSequitu
1347 620 1368 637 r.

1034 648 1090 682 (19)
1111 647 1324 682 'A‘j‘lucjtdfwl".
1345 646 1534 680 But‘ltel'iunm,
1551 646 1604 673 τῶν
1624 647 1709 681 ἁγίων
1739 656 1789 682 μηδ’

999 691 1128 718 στηρίων.

1002 752 1068 780 sori.
1086 759 1153 786 opus
1165 752 1215 779 hoc
1231 751 1379 784 aseribaut,
1397 759 1449 778 non
1465 755 1505 779 est
1521 758 1571 778 cur
1585 756 1612 778 et
1627 751 1727 778 frustra
1741 752 1789 778 de-

1003 785 1111 813 trahere
1136 787 1199 814 velit
1222 786 1365 813 Arcudins.
1394 785 1433 812 Ac
1454 794 1486 813 ne
1503 785 1637 820 proferam
1665 786 1709 819 qui
1727 794 1790 813 eum

1002 821 1115 848 canonis
1135 821 1246 854 hujusce
1262 827 1400 854 parentem
1419 821 1444 847 in
1459 821 1514 847 suis
1529 820 1707 847 Bibliotbecis
1723 828 1789 854 pro-

1002 856 1120 881 clamant
1151 855 1326 882 Passerinum
1351 860 1378 882 et
1399 855 1571 887 Gesnerum,
1602 860 1678 882 certe
1711 856 1790 889 quasi

165 897 318 924 quanquam
345 890 388 916 hic
415 890 636 924 distinguendum
659 897 720 916 esse
746 897 854 916 censeo.
882 889 948 916 Nam
966 888 986 914 Β
1001 891 1164 924 scriptorum
1191 890 1319 917 Ecclesia:
1345 897 1411 917 voce
1428 891 1461 918 de
1481 890 1528 916 illo
1544 890 1640 917 scribit
1656 888 1792 918 Barouius

164 924 236 958 quod
252 932 284 950 ea
309 925 501 956 conﬁrmatio,
529 932 588 956 qua:
616 932 631 950 a
653 925 793 951 catholicis
814 925 949 959 episcopis

165 961 226 985 data
245 958 294 984 luit
305 978 311 989 ,
330 966 382 985 nou
396 959 491 986 debeat
510 959 592 993 repeti
608 978 616 990 ,
635 966 742 993 semper
757 959 807 985 fuit
824 958 927 986 certum
941 981 948 991 ,

165 997 193 1020 et
209 993 243 1020 (le
271 1001 302 1020 ea
317 993 503 1026 intelliguntur
518 1001 613 1020 otnncs
626 1000 743 1020 canones
759 994 948 1025 conciliorum,

166 1028 212 1062 qui
228 1033 311 1061 agunt
326 1028 358 1054 de
373 1028 422 1055 hac
440 1036 479 1061 re,
502 1034 590 1054 tatncn
603 1036 636 1054 an
655 1028 827 1054 confirmatio
843 1029 902 1055 data
916 1029 950 1055 ab

166 1062 301 1089 lm-reticis
317 1062 452 1097 episcopis
481 1063 563 1096 repeti
579 1063 675 1090 debeat
692 1083 699 1095 ,
716 1063 742 1090 in
764 1063 884 1090 Ecclesia
904 1070 949 1089 ca-

167 1098 266 1123 tholica
284 1105 335 1123 non
367 1097 401 1124 ita
420 1098 469 1124 fuit
483 1102 587 1124 certum
610 1106 617 1125 :
638 1098 691 1124 imo
705 1098 831 1124 existimo
851 1098 877 1124 in
894 1101 948 1124 tota

166 1132 289 1159 Ecclesia
306 1133 392 1159 veteri
410 1132 494 1159 fuisse
518 1133 671 1165 repetitam,
689 1133 750 1165 quia
774 1140 827 1159 non
853 1133 949 1160 existi-

166 1168 292 1193 mabatur
311 1174 370 1193 esse
391 1175 456 1194 vera
483 1167 670 1194 Conlirmatio.
696 1168 772 1200 Quod
797 1167 894 1201 colligo
916 1175 948 1194 ex

166 1202 292 1228 omnibus
313 1202 432 1236 antiquis
459 1202 648 1236 scriptoribus,
675 1203 720 1236 qtti
744 1202 868 1229 absolute
889 1202 951 1229 sine

166 1237 219 1262 ulla
247 1237 420 1264 distinctione
438 1237 589 1264 id-docent.
614 1238 695 1271 Atqui
719 1245 771 1264 non
788 1236 949 1271 ignorabant

166 1271 309 1305 plerosque
323 1279 374 1298 non
388 1275 490 1298 tantum
515 1271 597 1298 fuisse
612 1271 848 1306 baptiztltos'apud
865 1273 949 1299 hzcrc-

167 1306 235 1332 ticos
248 1326 255 1338 ,
272 1308 319 1332 sed
334 1306 413 1333 etiam
436 1307 610 1334 continuatos
634 1316 640 1333 :
668 1307 817 1339 prtesertim
840 1315 901 1334 cuin
918 1314 948 1332 ea

166 1345 240 1367 esSet
261 1346 325 1368 tunc
340 1343 506 1368 consuetudo
520 1361 527 1373 ,
545 1346 573 1376 ut
595 1342 686 1368 statim
711 1346 770 1376 post
786 1342 947 1376 baptismum

166 1376 277 1411 daretur
290 1376 471 1403 conﬁrmatio.
488 1377 534 1404 Sic
551 1375 682 1411 Syricius.
703 1377 782 1410 epist.
804 1375 827 1409 l,
846 1377 872 1403 d.
889 1383 947 1409 cap.

166 1410 194 1441 1,
211 1415 237 1436 et
253 1410 306 1436 Leo
318 1411 399 1444 epist.
417 1411 450 1438 55
463 1432 469 1441 ,
497 1419 556 1445 cap.
573 1410 595 1437 ⁷2
611 1416 638 1437 et
650 1412 694 1443 57,
711 1416 738 1445 et
757 1412 808 1438 ltoc
834 1411 948 1437 fortasse

166 1445 252 1471 voluit
270 1447 436 1479 Augustinus
450 1454 509 1472 cunt
522 1444 591 1473 dixit
607 1446 652 1472 lib.
671 1453 699 1472 Ill
722 1444 821 1472 Contra
842 1446 949 1472 Donati~

166 1485 222 1506 stas
236 1487 295 1513 cap.
314 1479 346 1506 16
363 1489 368 1506 :
385 1489 394 1504 ι
414 1480 539 1507 Mannum
559 1480 696 1514 impositio
724 1489 776 1507 non
794 1481 865 1507 sicut
882 1482 947 1513 bap-

168 1515 374 1550 tisuutsﬂrepeti
399 1523 450 1542 nou
467 1520 565 1547 potest.
585 1525 593 1540 ι
615 1515 646 1541 Et
666 1514 830 1550 Gregorius,
850 1515 886 1541 lib
910 1523 946 1545 ix,

1000 932 1072 951 anno
1090 924 1160 955 842.
1180 933 1254 952 ιιιιηι.
1269 924 1322 951 ‘20:
1340 924 1494 952 Methoditts
1522 925 1555 951 ad
1576 926 1742 952 revocandos
1761 925 1789 952 in

1000 960 1149 985 Ecclesium
1173 959 1280 994 lapsos,
1296 959 1410 986 tniriﬁce
1426 959 1572 986 laboravit.
1588 959 1665 991 Quod
1681 967 1746 986 vero
1764 959 1791 986 lii

1003 994 1189 1026 reperirentur
1205 994 1285 1021 variae
1299 995 1399 1026 aetatis,
1415 994 1585 1027 diversaeque
1601 994 1765 1022 conditionis
1780 1014 1790 1027 ,

1001 1036 1034 1055 ne
1062 1029 1204 1055 vilesceret
1225 1029 1410 1056 ecclesiastica
1434 1028 1575 1061 disciplina
1589 1049 1596 1061 ,
1615 1028 1675 1055 illos
1693 1037 1791 1056 omnes

1001 1064 1106 1089 diverse
1136 1064 1216 1090 tnodo
1244 1071 1367 1090 censurae
1391 1063 1585 1091 ecclesiastica!
1614 1063 1698 1090 voluit
1727 1071 1790 1091 esse

1000 1097 1148 1131 subjectos.
1163 1098 1344 1130 Quamobrem
1357 1106 1405 1133 pro
1421 1099 1507 1126 salute
1523 1098 1643 1125 omnium
1658 1098 1791 1131 ejusmodi

1000 1133 1179 1166 promulgavit
1193 1133 1321 1165 edictum,
1335 1134 1377 1160 cui
1393 1133 1526 1167 ejusmodi
1541 1133 1634 1160 titulus
1651 1135 1788 1167 reperitur

1001 1167 1145 1200 inscriptus
1166 1177 1174 1194 :
1194 1167 1320 1194 Methodii
1338 1169 1498 1195 sanctiuimi
1518 1169 1679 1202 patriarcha
1704 1167 1790 1196 Catu-

999 1202 1213 1235 tantiuopolitani
1226 1222 1233 1234 ,
1247 1203 1278 1229 de
1294 1203 1327 1237 iis
1353 1204 1398 1237 qui
1416 1203 1579 1236 abnegat-unt
1603 1211 1650 1236 per
1669 1203 1787 1230 divertor

1000 1238 1090 1272 modo:
1109 1242 1135 1262 et
1154 1242 1255 1264 wtutes.
1281 1236 1395 1272 Moxque
1415 1238 1525 1271 insuper
1547 1242 1631 1264 totum
1655 1245 1789 1264 canonem

997 1271 1074 1304 juxta
1107 1277 1226 1298 veterum
1252 1273 1447 1306 exemplarium
1477 1273 1642 1304 lectionem,
1670 1279 1789 1305 exacte,

1000 1308 1082 1333 Verbo
1100 1311 1188 1338 tenus,
1203 1306 1276 1333 velut
1290 1307 1404 1334 canonis
1421 1312 1448 1334 cl
1469 1307 1588 1334 auctoris
1604 1307 1684 1334 ﬁdem
1698 1308 1790 1334 ﬁrma-

1001 1345 1087 1370 turus.
1098 1345 1203 1368 exarat.
1213 1341 1245 1368 Et
1259 1348 1323 1368 vero
1336 1342 1476 1368 Cedrenus
1489 1342 1545 1375 ipse
1555 1342 1685 1369 lueresim
1693 1350 1790 1376 quatu-

1000 1376 1060 1402 dam
1072 1376 1234 1403 exstinctam
1250 1375 1330 1402 simul
1344 1383 1375 1402 ac
1390 1381 1492 1408 natam,
1509 1376 1637 1403 Methodii
1651 1375 1791 1404 laboribus

1000 1416 1027 1436 ct
1058 1411 1205 1441 industria,
1235 1418 1352 1444 moxque
1378 1410 1436 1444 ejus
1462 1416 1590 1438 auctores
1616 1417 1643 1438 et
1668 1412 1790 1439 asscclas

1000 1449 1122 1477 cunctos,
1141 1451 1237 1472 sancto
1256 1445 1403 1472 chrismate
1419 1445 1473 1472 illis
1489 1446 1610 1476 iuuncto,
1627 1446 1652 1472 in
1670 1447 1786 1479 gratiam

999 1487 1060 1516 cum
1077 1479 1350 1516 licdcsiuircvoeatos
1365 1486 1484 1516 etiarrat,
1501 1481 1543 1516 his
1558 1481 1658 1508 verbis:
1668 1481 1788 1516 Ἀνεφὺη

999 1514 1027 1555 §é
1044 1515 1248 1555 τιίτηνικίιῦιςα
1263 1514 1408 1555 αἵρξσιὶμὴ
1424 1515 1478 1541 τῶν
1495 1515 1615 1555 Ζιλίκων
1630 1514 1764 1555 λεγρμένη
1780 1514 1790 1548 ᾗ

167 1549 248 1591 epist.
260 1549 309 1591 _61,
331 1549 408 1590 docet
421 1552 514 1591 "tribus
531 1549 807 1591 modisconsuevisse
817 1570 827 1590 ,Ι
840 1557 888 1591 eos
901 1550 949 1591 qui

1004 1549 1061 1588 ἥτις
1077 1550 1134 1583 ἅμα
1153 1550 1203 1589 cui
1219 1549 1442 1591 ἀρχνηγῷηῑίλικιι
1459 1549 1582 1591 ξοῖινρμα
1598 1550 1628 1576 ὲν
1646 1549 1702 1591 rei;
1717 1549 1789 1590 tisi}-

168 1583 237 1620 apud
259 1584 401 1611 bazreticos
420 1585 527 1612 funerari!
553 1585 682 1620 baptizati
698 1603 706 1615 ,
723 1585 828 1611 admitti
850 1586 882 1611 ad
900 1585 950 1611 Ec-

167 1618 278 1645 clesium
309 1619 481 1646 catholicam.
507 1620 558 1646 Per
582 1618 817 1647 conﬁrmationem
845 1628 852 1646 ε
880 1620 950 1653 quod

167 1653 285 1680 faciebat
309 1654 432 1681 Ecclesia
449 1655 633 1682 occidentalis.
661 1654 710 1681 Per
727 1655 881 1681 unctionem
897 1675 903 1682 .
926 1655 950 1680 id

168 1693 210 1715 est
235 1696 282 1722 per
309 1689 503 1716 atlltibittonem
537 1689 704 1718 chrismatis.
733 1690 804 1724 quod
826 1689 950 1716 eatlutlict

169 1725 238 1756 apud
254 1724 394 1750 Ita‘rclictts
415 1725 542 1758 putabant
560 1732 621 1752 esse
639 1723 790 1758 profanum,
803 1726 872 1758 quod
886 1723 951 1750 faci-

168 1759 230 1794 ebal
243 1758 362 1785 Ecclesia
375 1760 525 1786 orientalis.
546 1761 594 1786 l’cr
610 1759 806 1794 professionem
825 1764 903 1786 recte:
921 1760 951 1786 ti-

168 1793 229 1824 dei,
251 1794 321 1827 quod
343 1794 440 1821 alicubi
458 1795 556 1821 eratin
576 1793 635 1821 usit.
652 1794 714 1821 llarc
727 1795 780 1821 ille.

206 1827 269 1853 Dice
290 1829 380 1860 tertio,
400 1830 481 1862 lapsis
506 1837 519 1856 a
535 1831 586 1856 ﬁde
599 1835 625 1856 et
641 1830 673 1855 ad
694 1829 844 1856 Ecclesiam
862 1836 951 1855 rever-

169 1863 207 1889 sis
221 1863 525 1897 aliquandoadhibitam
544 1866 698 1891 unctionem
717 1864 795 1890 simul
812 1871 870 1889 eum
888 1872 950 1897 pro-

169 1900 340 1925 nuntiatione
359 1900 513 1931 verborum,
533 1908 592 1933 qua:
607 1899 691 1926 solent
706 1900 731 1925 itt
744 1900 951 1926 contirtualttme

170 1934 306 1966 usurpari,
323 1934 517 1968 prtel'atamque
534 1935 687 1960 unctiottcnt
703 1934 847 1967 aliquando
868 1933 951 1959 fuisse

169 1975 180 1990 ι
187 1976 260 1994 eram
281 1969 442 1995 sacramenti
461 1969 673 1996 conﬁrmationis
681 1971 833 2000 materiam,
845 1969 951 2001 quando

169 2003 260 2029 verbis
276 2009 411 2037 tauquam.
423 2011 492 2030 vera:
508 2005 601 2030 forma:
629 2004 749 2038 ejusdem
766 2004 929 2029 sacramenti
943 2024 950 2035 ,

171 2040 196 2063 nl
211 2043 261 2069 est,
279 2046 360 2072 super
374 2046 426 2065 non
445 2039 613 2065 conﬁrmatis
627 2058 634 2070 ,
649 2039 773 2072 prolatis.
791 2038 952 2070 subjieicba-

169 2078 213 2099 tur
230 2081 238 2104 ;
260 2073 405 2107 aliquando
419 2081 483 2100 vero
497 2074 581 2100 luisse
597 2082 662 2108 pure
682 2074 909 2100 reconciliativam
926 2079 953 2099 et

167 2109 396 2138 etcretnnmalcm.
417 2110 524 2143 quando
541 2109 635 2135 iisdem
653 2109 741 2135 verbis
758 2115 839 2144 super
852 2108 951 2134 contir-

170 2144 259 2174 matis,
275 2144 466 2176 pronuntiatis,
487 2143 683 2171 subscrviebal.

206 2178 297 2204 Fidem
325 2180 425 2213 praebet
450 2179 528 2212 hujus
551 2179 636 2205 tet-tim
658 2179 816 2204 assertionis
846 2177 951 2205 veritati

1002 1586 1115 1618 χρήταις
1127 1584 1248 1610 τελοῦντι
1264 1584 1381 1619 ᾰπὲσϋη,
1395 1584 1441 1610 καὶ
1457 1584 1633 1619 διερρύηκεν·
1648 1585 1731 1611 αὑτοῦ
1757 1594 1788 1611 τε

1003 1620 1049 1645 καὶ
1072 1619 1125 1645 τῶν
1141 1620 1282 1653 ἑπομένων
1302 1620 1377 1654 αὑτῷ
1402 1619 1618 1654 μετενεχθέντων
1642 1621 1681 1651 εἰς
1699 1620 1790 1647 θεοσέ-

1003 1654 1089 1685 ϐειαν,
1106 1655 1153 1680 καὶ
1163 1654 1200 1688 τῷ
1212 1654 1276 1687 Οείῳ
1293 1653 1371 1689 μύρῳ
1384 1653 1549 1689 χρισθέντων
1562 1663 1591 1680 τε
1619 1655 1665 1681 καὶ
1679 1655 1789 1681 τελειω-

1003 1689 1115 1716 θέντων.
1139 1689 1194 1716 Sub
1214 1690 1261 1715 hoc
1285 1694 1384 1723 tempus
1404 1690 1512 1715 tuereris
1531 1690 1653 1723 quantum
1673 1689 1789 1716 Zilicum

1003 1732 1106 1750 ttmltttte
1129 1732 1220 1750 exorta
1236 1723 1316 1750 simul
1338 1732 1396 1751 rum
1413 1724 1531 1757 principe
1545 1732 1593 1750 suo
1608 1723 1693 1750 Zilice
1712 1726 1756 1758 qui
1772 1733 1790 1750 α

1003 1759 1111 1785 srrretis
1129 1763 1184 1784 erat
1197 1778 1203 1789 ,
1218 1759 1347 1785 exstincta
1361 1764 1385 1786 et
1405 1759 1533 1791 dissipata
1548 1764 1584 1785 est
1596 1779 1604 1791 ,
1621 1761 1675 1792 ipso
1689 1765 1712 1786 et
1732 1768 1790 1785 sec-

1003 1795 1131 1819 latoribus
1165 1793 1199 1819 ad
1222 1801 1307 1820 verant
1331 1794 1484 1828 religionem
1507 1795 1791 1828 convertis,sarr0qua

1003 1829 1145 1854 chrismate
1174 1829 1260 1854 unctis
1279 1833 1302 1854 et
1327 1828 1460 1862 perfectis.
1482 1828 1585 1861 Quibus
1607 1829 1707 1861 verbis,
1733 1837 1792 1863 χρι-

1004 1863 1122 1889 σθέντων
1141 1872 1170 1889 τε
1190 1864 1236 1889 καὶ
1247 1863 1459 1894 τελειωθέντων,
1477 1864 1612 1897 auctisque
1628 1868 1650 1889 et
1665 1871 1790 1889 consum-

1003 1899 1102 1928 matis,
1119 1899 1175 1924 sive
1199 1898 1346 1931 perfectis;
1370 1903 1468 1931 prazter
1493 1899 1645 1924 unctionettt
1670 1898 1792 1931 praelatis

1004 1933 1139 1959 ba-reticis
1152 1933 1311 1965 adhibitam,
1324 1934 1442 1959 insinuat
1457 1939 1563 1966 quoque
1573 1939 1654 1966 super
1668 1940 1716 1959 eos
1730 1940 1792 1965 pro-

1003 1969 1127 1994 nuntiata
1151 1968 1231 1994 verba
1245 1967 1461 1994 conﬁrmationis
1472 1967 1550 2001 juxta
1567 1967 1708 2000 pnefatum
1733 1967 1791 1994 Me-

1005 2002 1088 2028 tltodii
1111 2010 1255 2029 canonem.
1278 2002 1392 2029 l’erfecti
1415 2002 1486 2028 enini
1502 2009 1580 2029 sacro
1598 2006 1734 2036 unguento
1749 2002 1791 2029 di-

1004 2038 1145 2068 cebantur,
1165 2046 1215 2064 nou
1234 2043 1337 2063 tantum
1352 2037 1449 2070 quibus
1460 2037 1515 2063 sola
1534 2036 1624 2063 unctio
1639 2037 1791 2070 applicare—

1005 2076 1058 2103 tur,
1089 2073 1136 2098 sed
1162 2079 1290 2105 pra-terea
1309 2080 1391 2105 super
1406 2079 1473 2105 quos
1492 2071 1571 2097 verba
1591 2073 1717 2104 prtcdicta
1736 2076 1787 2097 latr

1003 2114 1084 2140 quam
1109 2106 1240 2141 perfectio
1273 2112 1300 2133 et
1327 2107 1554 2141 couqtlemcntum
1589 2106 1788 2139 proferrentur.

1003 2142 1164 2175 Quanquam
1181 2149 1267 2174 neque
1285 2143 1341 2167 tunc
1355 2142 1436 2168 verba
1452 2161 1459 2174 ,
1478 2142 1531 2167 itno
1547 2149 1596 2166 uec
1623 2142 1704 2166 ullam
1723 2149 1792 2175 pra:-

1004 2178 1083 2202 dtclre
1105 2176 1283 2202 Metltodiana:
1303 2176 1471 2202 caeremoniae
1495 2176 1671 2209 particulam,
1696 2184 1792 2202 Sacra-

170 2214 257 2241 sant-ti
276 2210 414 2240 'Me'tltodii
437 2210 600 2245 auctoritas,
626 2214 671 2247 qui
700 2213 823 2246 prtcscnti
848 2221 954 2240 canone
969 2217 992 2245 ι)
1007 2212 1089 2247 luenti
1108 2212 1233 2238 virtutem
1255 2211 1390 2247 obtinere,
1404 2210 1576 2247 contendant.

170 2249 243 2274 edito
257 2267 264 2280 ,
287 2250 395 2274 modum
413 2257 466 2282 qtto
489 2249 627 2281 transfuga
647 2249 761 2282 quisque
786 2256 800 2274 a
818 2247 870 2274 lltlt:
883 2268 890 2280 ,
906 2255 954 2282 pro

170 2289 270 2315 a-tate,
302 2290 328 2309 et
356 2285 478 2315 viribus,
511 2284 639 2310 Ecclesia:
675 2284 742 2309 foret
773 2283 954 2310 restituettdus

170 2319 256 2344 νιιιιείι
272 2327 278 2345 :
299 2323 464 2353 cunctosque
485 2319 610 2353 καθάπερ
621 2319 644 2343 οἱ
661 2317 866 2353 βαπτιζόμενρι,
883 2325 955 2344 more

171 2354 383 2384 [tantist/orum,
405 2352 540 2388 unguento
566 2352 645 2380 sacro
663 2354 751 2379 deuito
775 2352 836 2386 ungi
860 2353 957 2383 voluit,

171 2388 255 2421 Quam
275 2394 466 2415 auctoritatem
479 2389 624 2415 advertens
638 2388 782 2420 Arcudius,
800 2388 878 2414 modo
896 2395 956 2414 sus-

173 2431 279 2456 jtlt‘ulllt‘
297 2432 358 2449 eum
377 2431 508 2451 canonem
528 2431 579 2450 non
600 2431 660 2450 esse
685 2424 804 2449 auctoris
832 2422 903 2450 illitis
929 2427 957 2449 ct

173 2462 258 2485 sauctt
275 2458 401 2484 Metttodii
417 2466 485 2491 opus
499 2459 655 2492 genuinum,
669 2458 714 2485 scd
727 2458 838 2484 alterius
851 2457 952 2484 Metho-

173 2494 208 2518 ull
235 2494 399 2519 srbisutattci
423 2494 516 2520 foetum
534 2493 713 2520 adulterinum
733 2502 739 2519 :
757 2495 835 2519 modo
849 2494 882 2519 de
901 2494 954 2519 lia:-

173 2528 265 2554 rcttcis
291 2537 342 2553 non
370 2529 537 2556 continuatis
560 2535 713 2555 sermonem
741 2528 835 2555 haberi

174 2563 375 2596 rort‘ttptionetlt
403 2563 429 2589 iu
450 2571 581 2590 canonetn
608 2564 773 2597 irrepsisse:
802 2567 829 2589 et
848 2563 954 2589 tandem

173 2598 370 2632 qualiscunque
405 2599 556 2625 Methodius
587 2604 682 2625 auctor
709 2599 810 2629 tuerit,
844 2598 956 2630 modica:

173 2633 347 2659 auctetitatts
363 2635 447 2660 fuisse
461 2635 542 2660 audet
557 2641 680 2660 asserere
695 2639 723 2659 ut
739 2634 819 2660 ritum
846 2634 956 2659 onntiuo

174 2669 410 2697 condemnandum
425 2689 432 2701 ,
453 2675 478 2696 et
497 2677 550 2703 quo
566 2669 673 2695 videtur
690 2669 781 2694 iterari
808 2670 956 2694 contirtua-

175 2706 257 2732 tionis
281 2710 481 2730 sacramentum
512 2713 537 2730 Ill
573 2703 720 2730 Ecclesium
744 2704 891 2730 induceret.
922 2705 956 2730 At

175 2741 262 2774 primo
278 2748 338 2765 cum
356 2747 406 2766 ms.
428 2744 573 2771 sexcenta,
590 2746 676 2772 caque
700 2738 833 2764 Metlnnlio
849 2739 956 2771 juniore

174 2775 351 2802 scbiuuatico
369 2780 445 2801 extra
461 2775 570 2802 dubium
584 2781 666 2801 omne
678 2775 839 2807 antiquiora.
852 2780 878 2799 et
893 2782 956 2800 auc-

175 2816 248 2837 tores
264 2811 332 2836 intcr
346 2809 456 2836 Latinos
467 2811 566 2844 pariter
577 2816 608 2834 ac
619 2809 728 2844 (il'ﬂft‘tts
740 2817 790 2834 non
804 2809 955 2842 excipiendi

177 2845 348 2874 sunttissimo
369 2853 446 2880 teque
462 2854 492 2872 ac
519 2845 673 2871 doctissimo
693 2843 826 2871 Mctbodto
851 2846 955 2870 conlcs-

859 2537 865 2555 ἶ
885 2535 955 2554 nunc
997 2540 1003 2546 ‘

1040 2246 1121 2273 Forte
1136 2246 1197 2280 quis
1212 2246 1302 2278 dicet,
1329 2245 1392 2280 ltine
1411 2252 1463 2272 non
1486 2245 1593 2279 probari
1611 2253 1643 2271 cx
1667 2245 1792 2272 Cedreuo

1007 2279 1152 2315 prtefatutu
1177 2288 1308 2307 canonem
1337 2279 1420 2308 fuisse
1437 2279 1620 2314 antiquissimi
1640 2280 1711 2306 illius
1736 2279 1793 2306 Me-

1008 2316 1102 2342 tbodii.
1120 2317 1155 2342 At
1168 2323 1229 2342 cutn
1244 2317 1330 2349 possit
1345 2319 1447 2341 tantunt
1468 2315 1548 2342 tribui
1561 2335 1567 2346 ,
1583 2315 1624 2341 vel
1639 2322 1720 2348 supra
1736 2322 1793 2340 me-

1009 2357 1114 2377 morato
1139 2350 1273 2377 Methodio
1303 2350 1500 2382 illustrissitno,
1528 2350 1574 2384 qui
1603 2350 1692 2376 lloruit
1719 2349 1794 2375 circa

1008 2393 1107 2411 aumnn
1123 2385 1176 2412 840
1191 2390 1218 2412 et
1243 2390 1390 2418 sequentes
1407 2394 1413 2412 :
1437 2390 1484 2411 aut
1506 2384 1584 2411 alteri
1604 2384 1793 2417 scltismatico,

1008 2421 1130 2453 quicirca
1142 2428 1242 2447 annum
1259 2420 1327 2447 1240
1339 2419 1430 2446 sedent
1444 2419 1796 2452 obtimtitConstantinopo-

1008 2455 1119 2481 Iitauatn
1135 2465 1141 2482 :
1161 2455 1298 2482 Cedrenus
1313 2462 1376 2481 vero
1395 2455 1498 2481 medius
1511 2454 1592 2480 fuerit
1606 2454 1676 2480 circa
1695 2462 1796 2480 auttuut

1009 2490 1087 2522 toto,
1099 2498 1150 2517 non
1165 2496 1275 2524 possunt
1292 2490 1422 2524 uonloqui
1437 2490 1487 2516 nisi
1501 2491 1534 2516 de
1547 2490 1636 2523 priore
1650 2489 1795 2515 Mctltndiu.

1046 2526 1146 2551 Deinde
1167 2532 1231 2552 vero
1248 2527 1319 2559 quod
1339 2525 1376 2551 ait
1402 2525 1535 2551 Arcudius
1549 2544 1557 2557 ,
1573 2524 1644 2550 hunc
1663 2531 1796 2559 canonent

1008 2560 1138 2587 Methodii
1162 2557 1273 2594 intelligi
1292 2560 1325 2586 dc
1352 2560 1548 2594 iuconsiguatis
1562 2579 1569 2590 ,
1590 2566 1636 2585 seu
1659 2558 1704 2592 qui
1726 2557 1796 2594 apud

1009 2597 1152 2622 lucreticos
1171 2602 1222 2621 non
1245 2593 1359 2622 fuissent
1380 2593 1542 2626 conlitanati,
1569 2594 1625 2620 sive
1641 2594 1714 2627 quod
1733 2593 1798 2618 illud

1008 2636 1208 2657 Sacrametttutn
1226 2631 1408 2664 neglexiSsent
1420 2649 1427 2660 ,
1443 2629 1485 2655 vel
1497 2629 1609 2664 omnino
1625 2629 1797 2662 rejecissent.

1008 2671 1035 2691 ut
1053 2668 1085 2692 de
1098 2665 1254 2693 Novatianis
1264 2663 1341 2692 clare
1359 2669 1473 2690 testatur
1489 2663 1676 2689 Theodorctus
1687 2663 1796 2692 citatus,

1009 2701 1047 2727 De
1069 2701 1169 2736 fabulis
1191 2701 1375 2736 Itwreticorum
1390 2719 1396 2731 ,
1415 2699 1472 2725 sive
1490 2699 1560 2732 quod
1570 2698 1656 2736 "inter
1678 2704 1796 2736 cos-nou

1008 2731 1100 2763 essent
1117 2736 1173 2763 veri
1190 2735 1319 2769 episcopi,
1335 2734 1360 2760 id
1373 2739 1433 2765 est,
1451 2731 1512 2760 vere
1527 2731 1656 2762 ordinati,
1672 2733 1721 2770 qui.
1733 2731 1799 2770 illud

1009 2766 1231 2797 ιιιιιιιὶιιίδιηιιιριίι
1260 2780 1266 2797 :
1282 2766 1332 2801 'id,
1356 2770 1463 2802 inquam
1475 2787 1482 2798 ,
1499 2775 1551 2794 non
1565 2772 1607 2794 cst
1624 2774 1688 2792 vero
1700 2766 1800 2792 simtlc.

1009 2806 1209 2841 quueetcniut
1223 2806 1254 2832 de
1264 2812 1316 2831 uno
1325 2809 1370 2830 aut
1383 2805 1468 2830 altero
1488 2803 1674 2830 lucrcticorum
1689 2809 1799 2836 genere,

1737 2843 1801 2869 Quid
