1948 3077
84 122 154 156 13θ9

595 124 644 153 DE
666 125 716 154 IIS
736 125 801 159 QUI
824 126 1095 161 ABXEGARUNT,
1116 127 1195 156 ETC.

1642 126 1707 156 1310

81 180 122 214 τῷ
134 178 253 213 Θανάτῳ.
270 177 355 212 Ᾱῦτδς
370 178 423 214 γὰρ
438 179 476 210 ὼς
487 178 675 215 εὔσπλαγχνος
689 183 826 217 Δεσπότης
837 202 844 212 ,
859 184 873 209 ὁ

926 183 1100 211 incurrimus.
1125 184 1182 218 ipse
1210 190 1324 216 namque
1350 186 1376 208 ιιι
1402 182 1532 217 benignus
1560 183 1708 213 Dominus,

82 224 162 256 εἰδὼς
183 224 235 259 τὴν
251 225 445 260 καταστροφὴν
465 225 543 260 ἡμῶν
568 226 610 252 ὅτι
626 227 752 262 πονηρὰ,
770 229 816 255 καὶ
834 229 873 255 ὅτι

82 270 215 296 κατέπιεν
237 270 311 304 ἡμᾶς
335 269 448 304 ἰσχύσας
469 271 484 297 ὁ
505 271 639 304 θάνατος,
666 273 875 308 σπλαγχνισθεὶς

82 315 128 349 ἐφ’
144 315 228 350 ἡμᾶς,
245 315 330 341 σῶσαι
347 315 496 351 εὐδόκησας
511 317 541 342 τὸ
557 318 601 344 σὸν
619 317 730 353 πλάσμα
741 339 747 351 ,
767 321 875 355 μορφὴν

81 360 180 387 δούλου
191 360 290 394 λαϐὼν,
305 361 352 388 καὶ
364 361 403 397 τῷ
414 361 522 398 θανάτῳ
534 363 706 398 συμπλακεὶς
719 365 875 392 ἀνεκαλέσω

81 407 133 441 τὴν
147 406 197 442 σὴν
208 407 311 440 εἰκόνα,
332 408 520 444 ἐλευθερώσας
541 410 614 445 ἡμᾶς
629 411 679 446 τῆς
692 411 814 444 ἐξουσίας
827 412 873 439 τοῦ

82 451 213 485 θανάτου,
229 454 276 480 καὶ
298 454 437 489 ὁδηγήσας
462 456 535 490 ἡμᾶς
552 456 592 487 είς
612 456 670 484 ὁδὸν
686 458 824 492 σωτηρίας
840 459 873 493 τῇ

81 499 263 534 ἀνα-γεννήσει.
275 500 323 527 τοῦ
339 501 418 535 ἁγίου
434 510 482 527 σου
499 502 668 536 Πνεύματος,
682 504 729 530 καὶ
741 504 874 536 σωθέντες

80 545 115 579 τῇ
130 545 164 579 σῇ
185 545 292 580 χάριτι,
315 545 488 581 ἀνυμνοῦμεν
503 546 552 582 τὴν
568 548 726 582 οἰκονομίαν
741 557 786 574 σου
801 569 808 580 ,
827 550 874 576 καὶ

79 591 199 626 δεόμεθα
211 611 217 623 ,
233 593 280 618 καὶ
297 592 466 628 ἱκετεύομεν,
486 593 533 620 καὶ
548 594 764 629 παρακαλοῦμεν
784 596 812 621 ἐν
841 597 872 630 τῇ

79 638 198 672 δευτέρᾳ
214 646 260 664 σου
275 638 428 674 παρουσίᾳ,
445 639 508 665 καθ’
524 639 557 674 ἢν
575 640 682 673 μέλλεις
698 642 789 675 κρῖναι
807 641 875 672 ζῶν-

80 690 132 714 τας
158 684 206 709 καὶ
229 684 358 718 νεκροὺς,
379 685 426 710 καὶ
450 684 598 711 ἀποδοῦναι
618 686 725 720 ἑκάστῳ
750 686 820 712 κατὰ
841 687 874 713 τὰ

80 728 151 762 ἔργα
173 728 267 755 αὐτοῦ.
284 729 427 764 Μνήσθητι
440 728 487 755 τοῦ
501 729 592 761 ἐλέους
611 739 656 757 σου
668 752 674 763 ,
694 731 736 757 ὅτι
753 731 808 758 ἀπὸ
827 731 873 757 τοῦ

65 773 182 815 αἰῶνός
196 775 255 800 ἐστι
265 795 272 807 ,
288 774 335 800 καὶ
362 773 556 809 ὑπερϐέϐηκας
571 775 605 801 τὰ
620 775 781 810 ἀνθρώπινα
796 776 873 811 ἡμῶν

81 819 259 852 πταίσματα,
276 818 574 854 καὶπλημμελὴματαθ
592 820 640 846 καὶ
650 822 792 855 παράσχου
808 822 873 856 ἡμῖν

82 863 198 897 ἱλασμὸν
219 865 275 895 τοῖς
299 864 470 898 αἰτουμένοις
486 873 515 890 σε
527 885 533 896 ,
551 865 598 891 καὶ
622 868 800 901 συγχώρησον
820 867 873 893 πᾶν

82 908 262 943 παράπτωμα
282 909 407 936 ἑκούσιόν
418 918 448 936 τε
465 911 511 936 καὶ
527 910 665 942 ἀκούσιον,
683 912 712 937 ὲν
725 911 824 945 γνώσει
844 920 875 938 τε

83 956 131 980 καὶ
146 953 254 988 ἀγνοίᾳ.
270 955 308 981 Οὐ
323 954 376 989 γάρ
392 955 466 981 ἐστιν
480 955 633 990 ἄνθρωπος,
650 955 679 987 ὃς
700 956 813 990 ζήσεται
827 958 874 984 καὶ

82 999 132 1034 οὐχ
156 999 321 1034 ἁμαρτήσει,
336 999 395 1026 οὐδὲ
419 1000 466 1026 ἐὰν
482 1001 532 1035 μία
552 1001 642 1036 ἡμέρα
663 1002 774 1036 γένηται.
789 1004 803 1029 ὁ
818 1003 874 1037 βίος

82 1044 167 1070 αὐτοῦ
183 1044 230 1070 ἐπὶ
242 1045 292 1079 τῆς
306 1047 367 1080 γῆς.
385 1045 432 1077 Τίς
448 1046 502 1082 γὰρ
517 1047 686 1082 καυχήσεται
703 1048 788 1083 ἁγνὴν
801 1048 873 1083 ἔχειν

82 1090 132 1123 τὴν
157 1090 272 1124 καρδίαν
290 1090 391 1123 abeat};
408 1091 424 1126 ἦ
447 1091 490 1122 τίς
511 1092 730 1127 παῤῥησιάσεται
753 1094 874 1130 καθαρὸς

84 1135 220 1173 ἡπάρχειν
234 1135 289 1162 ἀπὸ
303 1136 459 1171 ἅμαρτίας;
482 1138 582 1169 πάντες
599 1139 653 1173 γὰρ
669 1140 831 1175 ἡμάρτομεν
846 1142 874 1168 ὲν

83 1181 177 1213 λόγοις
193 1181 241 1207 καὶ
254 1181 345 1216 ἔργοις
358 1182 474 1209 ἐνώπιόν
491 1192 538 1209 σου
550 1204 557 1214 ,
572 1185 619 1211 καὶ
637 1185 807 1220 στερούμεθα
826 1187 873 1221 τῆς

85 1225 136 1259 τῆς
154 1225 253 1261 δόξης,
271 1226 428 1259 ἐλπίζοντες
449 1227 678 1262 δικαιωθήσεσθαι
699 1231 745 1256 ἐπὶ
762 1231 808 1257 τοῦ
826 1240 873 1265 φο-

84 1271 167 1306 ῦεροῦ
184 1271 232 1297 καὶ
252 1271 366 1306 φρικτοῠ
384 1272 506 1307 βήματος
528 1282 589 1304 σου,
610 1275 656 1300 καὶ
676 1275 726 1300 οὐκ
742 1275 771 1307 ἐξ
787 1276 874 1310 ἔργων

83 1315 271 1351 δικαιοσύνης.
285 1316 322 1342 Οὐ
336 1316 390 1351 γὰρ
406 1317 577 1352 ὲποιήσαμέν
596 1327 622 1344 τι
638 1319 740 1351 ἀγαθὸν
765 1320 810 1346 ἐπὶ
825 1320 874 1354 τῆς

85 1361 137 1393 γῆς
147 1380 155 1391 ,
170 1359 228 1386 ἀλλ’
247 1361 278 1386 ὲκ
293 1360 411 1391 πίστεως
426 1360 542 1395 ἀληθοῦς
554 1382 561 1394 ,
579 1362 624 1387 καὶ
644 1363 694 1396 τῆς
709 1363 747 1393 εἰς
765 1363 793 1388 σὲ
808 1363 874 1396 ὁμο-

85 1405 190 1438 λογίας.
205 1405 242 1432 Τὸ
254 1405 309 1440 γὰρ
320 1406 482 1432 ἐπίστασθαί
493 1414 533 1437 σε,
545 1406 690 1441 ὁλόκληρος
705 1407 873 1442 δικαιοσύνῃ’

85 1451 176 1477 καὶτὸ
195 1451 294 1477 εἰδέναι
311 1459 357 1477 σου
373 1452 403 1477 τὸ
425 1452 539 1486 κράτος,
554 1452 617 1486 ῥίζα
637 1452 797 1484 ἀθανασίας.
822 1454 875 1480 Καὶ

925 229 1014 256 exitus
1037 229 1122 256 nostri
1143 229 1199 255 visa
1216 229 1331 260 malitia,
1348 227 1534 254 misericordia
1555 235 1635 262 super
1661 235 1710 253 nos

926 280 1031 306 motus,
1051 282 1083 302 eo
1100 275 1170 309 quod
1191 274 1356 300 invalescens
1371 274 1513 300 adversum
1538 281 1586 300 nos
1607 273 1710 302 lethum

926 328 975 348 nos
992 321 1176 356 subjugasset,
1200 325 1350 347 creaturam
1373 324 1445 346 tuam
1467 319 1602 346 redimere
1617 318 1710 346 decre-

925 367 998 398 visti,
1017 371 1044 393 et
1062 367 1130 393 servi
1152 366 1238 392 forma
1256 371 1365 401 accepta
1377 388 1384 399 ,
1399 375 1460 393 cum
1478 370 1565 393 morte
1581 371 1709 399 congres-

925 422 971 441 sus
985 415 1128 449 imaginem
1146 419 1218 440 tuam
1235 413 1261 438 in
1278 413 1355 440 nobis
1379 413 1510 446 reparasti
1525 433 1532 443 ,
1551 417 1709 446 propterea-

925 467 976 493 que
991 467 1004 485 a
1023 459 1117 486 mortis
1140 464 1273 492 potestate
1290 458 1397 492 erepti,
1423 462 1448 484 et
1474 457 1499 484 in
1524 457 1594 483 viam
1615 456 1710 483 salutis

925 506 1010 532 sancti
1027 505 1144 538 Spiritus
1161 503 1364 537 regeneratiOne
1377 502 1495 535 deducti,
1511 502 1652 537 gratiaque
1666 505 1710 528 tua

925 551 1030 583 salvati,
1046 550 1222 584 providentiae
1236 555 1286 575 tum
1298 549 1502 583 dispositionem
1515 547 1685 574 celebramus
1701 555 1708 573 :

925 603 1105 630 rogamusque
1116 615 1123 626 ,
1140 594 1324 629 supplicamus
1335 615 1341 625 ,
1367 599 1394 621 et
1418 585 1592 620 obsecramus
1605 613 1612 624 ,
1629 596 1658 618 ut
1671 591 1706 618 -iu

925 641 1042 668 secundo
1058 645 1102 666 tuo
1117 641 1245 670 adventu,
1262 647 1314 674 quo
1328 639 1403 666 vivos
1419 644 1446 665 et
1467 642 1588 665 mortuos
1605 637 1710 671 judica-

926 692 1000 713 turus
1015 694 1055 719 es,
1076 691 1103 712 ct
1125 685 1269 719 unicuique
1293 685 1439 712 secundum
1457 691 1539 718 opera
1556 691 1603 711 sua
1619 683 1710 710 reddi-

926 737 1011 764 turus,
1027 730 1219 758 misericordia:
1238 736 1288 757 tua:
1301 751 1308 763 ,
1324 738 1383 764 qua:
1399 737 1412 756 a
1431 729 1529 756 smculo
1545 733 1598 760 est,
1616 729 1711 755 memi-

926 779 1016 804 neris:
1034 781 1060 804 et
1074 769 1135 810 quia
1152 777 1268 803 humana
1283 782 1374 802 nostra
1395 776 1493 802 delicta
1511 775 1600 801 minus
1615 774 1711 800 obser-

926 831 988 855 vas,
1004 823 1247 849 reconciliationem
1273 822 1425 856 petentibus
1441 820 1571 851 concede,
1587 823 1615 846 et.
1631 827 1711 846 omne

925 869 1049 895 delictum
1075 874 1252 902 spontaneum
1280 873 1306 894 et
1341 865 1570 898 involuntariutn,
1592 864 1710 891 scienter

925 915 965 940 vel
981 915 1139 949 ignoranter
1153 914 1339 943 commissum,
1356 913 1489 940 condoua.
1508 910 1567 938 Non
1581 911 1651 937 enim
1670 914 1711 936 est

925 960 1005 986 homo
1028 960 1072 993 qui
1094 959 1163 986 vivat
1191 963 1217 985 et
1236 967 1286 985 non
1308 962 1420 992 peccet,
1437 956 1544 984 etiamsi
1561 956 1640 982 unius
1657 955 1712 983 diei

924 1005 959 1031 sit
982 1005 1035 1030 vita
1053 1003 1110 1037 ejus
1133 1011 1214 1036 super
1230 1009 1340 1029 terram.
1357 1003 1422 1035 Quis
1445 1002 1516 1028 enim
1535 1002 1663 1028 mundum
1680 1007 1710 1027 se

925 1057 972 1077 cor
987 1050 1088 1077 habere
1104 1049 1282 1084 gloriabitur?
1307 1055 1353 1075 aut
1367 1049 1426 1083 quis
1444 1055 1472 1075 se
1491 1055 1506 1074 ιι
1524 1051 1636 1082 peccato
1657 1047 1710 1073 im-

926 1103 1032 1122 munem
1048 1103 1108 1122 esse
1124 1095 1261 1129 proferet?
1275 1093 1342 1121 Ecce
1356 1101 1450 1119 omnes
1472 1092 1562 1120 verbis
1577 1097 1604 1118 et
1619 1091 1711 1125 operi-

925 1141 975 1168 bus
988 1148 1078 1167 coram
1093 1145 1117 1166 te
1130 1148 1282 1174 peccamus,
1298 1145 1324 1166 et
1337 1139 1423 1173 gratia
1438 1144 1480 1164 tua
1493 1138 1581 1165 orbati
1596 1144 1689 1164 smnus
1703 1148 1710 1164 :

925 1192 951 1213 et
970 1186 995 1212 in
1014 1187 1130 1212 timendo
1150 1187 1340 1220 trenwndnqne
1356 1190 1402 1211 tuo
1421 1183 1546 1210 tribunali
1566 1183 1711 1218 justiticari

925 1239 1081 1266 speramus.
1107 1239 1158 1257 non
1183 1239 1213 1257 ex
1238 1231 1350 1263 iustitia:
1373 1229 1518 1263 operibus,
1545 1228 1611 1254 nihil
1639 1227 1709 1254 cnim

926 1277 986 1302 boni
1014 1284 1094 1309 super
1119 1282 1217 1302 terrain
1242 1276 1356 1309 egimus,
1384 1273 1429 1300 sed
1453 1281 1486 1300 ex
1513 1280 1574 1299 vera
1597 1272 1659 1303 ﬁde,
1684 1277 1712 1299 et

926 1322 1042 1348 nominis
1066 1322 1102 1348 tui
1123 1321 1302 1348 confessione.
1324 1320 1402 1347 Scire'
1416 1325 1532 1353 namque
1549 1322 1574 1344 te
1590 1317 1709 1351 perfecta

922 1367 1025 1400 iustitia
1042 1372 1093 1398 e5l.
1107 1372 1134 1393 et
1147 1374 1324 1400 cognoscere,
1342 1365 1439 1396 virtus,
1454 1369 1480 1391 et
1496 1362 1710 1390 immortalitatis

927 1413 1013 1440 nulix.
1041 1412 1147 1439 Scimus
1163 1413 1271 1445 itaque,
1301 1411 1470 1445 proﬁtemur,
1498 1414 1525 1436 et
1552 1408 1709 1439 credimus.

926 1459 986 1490 quia
1007 1465 1022 1484 e
1037 1457 1119 1483 nihilo
1131 1457 1163 1483 ad
1179 1464 1239 1483 esse
1257 1463 1304 1482 nos
1319 1454 1465 1486 adduxisti,
1482 1453 1564 1487 lapsis
1583 1452 1712 1478 misertus

85 1497 208 1531 οἴδαμεν,
225 1497 272 1523 καὶ
290 1496 489 1532 ὁμολογοῦμεν,
510 1498 556 1523 καὶ
581 1497 758 1532 πιστεύομεν,
780 1499 820 1525 ὅτι
843 1500 873 1525 σὺ

926 1511 964 1533 es,
981 1508 1123 1537 peccantes
1142 1502 1272 1534 tolerasti,
1290 1507 1316 1528 et
1338 1508 1352 1527 a
1378 1505 1465 1527 morte
1482 1498 1627 1526 revocasti.
1649 1496 1713 1524 Pro-

87 1540 111 1568 εί
122 1541 137 1568 ὁ
154 1543 186 1568 ἐκ
201 1542 249 1568 τοῦ
267 1542 304 1577 μὴ
321 1542 395 1573 ὖντος
411 1543 452 1574 είς
471 1542 501 1568 τὸ
518 1540 587 1568 εἶναι
604 1544 775 1578 παραγαγὼν
789 1545 874 1578 ἡμᾶς,

87 1588 134 1615 καὶ
148 1587 361 1623 παραπεσόντας
373 1587 466 1619 ἐλεῶν,
488 1588 535 1614 καὶ
550 1588 758 1623 ἁμαρτάνοντας
773 1589 873 1623 φέρων,

87 1633 133 1660 καὶ
147 1634 178 1660 ἐκ
194 1633 311 1660 θανάτου
336 1633 563 1667 ζωοποιούμενος.
578 1633 701 1668 Δεόμεθὲι
715 1642 771 1665 σου,
790 1634 874 1669 Κύριε

87 1680 100 1704 ὁ
115 1678 180 1709 Θεὸς
191 1678 282 1713 ἡμῶν,
297 1679 338 1705 ὅτι
353 1687 406 1713 περ
426 1678 458 1704 ἂν
473 1678 632 1713 ἡμάρτομεν
646 1678 760 1705 ἐνώπιόν
773 1687 820 1705 σου
838 1679 875 1710 ὡς

89 1723 178 1758 σάρκα
193 1722 351 1758 φοροῦντες,
365 1723 413 1749 καὶ
426 1722 470 1749 τὸν
484 1723 586 1757 κόσμον
605 1723 700 1749 τοῦτον
716 1722 853 1754 οίκοῦντες
865 1742 872 1753 ,

89 1762 135 1796 καὶ
146 1769 288 1797 ἀσθένειαν
305 1770 504 1806 περικείμενοι,
520 1769 573 1796 εἴτε
589 1769 690 1804 ἔργοις,
705 1769 759 1795 εῐτε
774 1769 872 1803 λόγοις,

89 1815 144 1841 εἴτε
167 1814 369 1850 ἐνθυμήμασιν,
386 1815 468 1845 αὐτὸς
481 1814 517 1845 ὡς
533 1814 644 1848 ἀγαθὸς,
657 1814 704 1840 καὶ
720 1813 874 1848 φιλάνθρω-

88 1869 139 1891 πος
151 1881 159 1893 ,
176 1860 224 1887 καὶ
239 1860 361 1896 ἐλεήμων
377 1860 514 1894 Δεσπότης
525 1880 531 1891 ,
548 1860 610 1891 ἄνες
621 1879 629 1891 ,
647 1859 716 1894 ἄφες
728 1879 735 1891 ,
759 1859 856 1894 πάριδε
867 1879 874 1891 ,

89 1907 135 1932 καὶ
158 1906 336 1941 συγχώρησον
357 1906 390 1932 τὰ
407 1905 619 1940 παραπτώματα
635 1905 713 1940 ἡμῶν
728 1906 786 1936 τοῖς
811 1906 876 1939 ὁμο-

88 1951 216 1985 λογοῦσι,
235 1953 282 1978 καὶ
305 1951 343 1986 μὴ
364 1951 486 1986 λογήσῃ.
504 1951 571 1985 μηδὲ
588 1950 712 1986 εἰσέλθῃς
729 1951 769 1982 εἰς
786 1951 876 1985 κρίσιν

90 1997 158 2031 μετὰ
175 1996 230 2023 τῶν
243 1996 343 2023 δούλων
358 2005 415 2029 σου,
432 1997 472 2023 ὅτι
491 1997 521 2022 οὺ
536 1996 746 2031 δικαιωθήσεται
761 1995 875 2022 ἐνώπιόν

89 2050 136 2068 σου
153 2042 209 2073 πᾶς
225 2042 289 2074 ζῶν.
309 2042 371 2068 Ὀτι
395 2042 427 2068 σὺ
450 2039 476 2068 εἴ
498 2042 579 2076 μόνος
598 2041 807 2076 ἀναμάρτητος,
828 2042 875 2067 καὶ

927 1554 1016 1580 pterea
1030 1554 1154 1581 rogamus
1168 1551 1205 1578 te,
1220 1546 1290 1572 Deus
1307 1550 1409 1576 noster,
1427 1549 1455 1570 ut
1472 1543 1650 1578 quodcunque
1666 1548 1713 1568 eo-

927 1600 983 1618 rum
1000 1596 1025 1618 te
1039 1592 1150 1624 malum,
1168 1599 1215 1618 ceu
1233 1598 1316 1618 carne
1330 1591 1430 1622 onusti,
1446 1594 1472 1617 et
1489 1590 1515 1615 in
1535 1588 1633 1615 mundo
1652 1594 1713 1612 vcr-

926 1639 988 1670 sati,
1005 1638 1060 1664 sive
1076 1638 1203 1671 operibus
1214 1657 1222 1668 ,
1236 1637 1293 1664 sive
1310 1636 1414 1667 verbis,
1433 1636 1490 1661 sive
1506 1635 1587 1660 etiam
1605 1633 1711 1666 cogita-

927 1684 1045 1710 tionibus
1061 1683 1277 1717 perpetravimus
1288 1703 1294 1712 ,
1308 1682 1364 1716 ipse
1379 1687 1408 1707 ut
1422 1681 1519 1711 bonus,
1532 1685 1559 1706 et
1573 1679 1711 1706 hominum

927 1733 1042 1759 amator,
1060 1732 1087 1755 et
1106 1728 1260 1754 misericors
1280 1727 1408 1754 Dominus
1423 1726 1538 1756 relaxes,
1557 1724 1712 1755 comlones,

927 1779 954 1799 ct
967 1773 1099 1800 remittas.
1113 1772 1196 1800 Parce
1210 1773 1287 1799 nobis
1299 1772 1395 1799 delicta
1410 1770 1612 1802 conﬁtentibus,
1627 1775 1714 1802 neque

929 1817 1077 1851 recogites,
1095 1822 1142 1843 aut.
1165 1817 1191 1843 in
1208 1816 1338 1850 iudicium
1354 1823 1415 1842 cum
1435 1815 1521 1842 servis
1541 1815 1594 1840 tuis
1612 1813 1712 1844 intres,

928 1861 989 1894 quia
1010 1869 1061 1887 non
1075 1860 1268 1894 justiiicabitnr
1280 1867 1370 1886 coram
1385 1864 1410 1886 te
1421 1859 1510 1885 omnis
1529 1858 1632 1884 vivens.
1644 1856 1713 1889 Quia

930 1912 955 1933 tu
970 1907 1043 1934 solus
1053 1907 1110 1934 sine
1126 1913 1235 1941 peccato
1260 1906 1362 1937 existis,
1376 1911 1401 1932 et
1414 1905 1575 1939 pwuitentes
1588 1902 1714 1936 suscipis,

927 1957 954 1978 et
969 1952 1017 1979 tibi
1036 1953 1148 1986 gloriam
1167 1952 1320 1984 referimus,
1333 1951 1420 1984 Patri,
1439 1956 1465 1977 et
1483 1950 1563 1980 Filio,
1576 1953 1602 1975 et
1620 1951 1714 1974 sancto

930 1996 1042 2030 Spiritui
1067 2006 1073 2024 :
1103 2005 1173 2023 nunc
1191 2001 1217 2023 et
1240 2003 1357 2030 semper,
1379 2000 1405 2021 et
1430 1995 1455 2021 in
1480 1994 1578 2021 saecula
1603 1992 1715 2020 sreculo-

931 2050 999 2069 rntn.
1016 2043 1112 2068 Amen.

87 2090 232 2125 δεχόμενος
246 2091 308 2122 τοὺς
320 2089 527 2125 μετανοοῦντας,
539 2091 586 2116 καὶ
600 2090 640 2116 σοὶ
651 2089 699 2125 τὴν
715 2089 793 2128 δόξαν
826 2090 1037 2126 ἀναπέμπομεν·
1064 2091 1103 2125 τῷ
1128 2091 1234 2124 Ιιατρὶ,
1271 2089 1318 2115 καὶ
1353 2087 1391 2122 τῷ
1410 2086 1486 2122 Υἱῷ,
1509 2085 1556 2113 καὶ
1580 2085 1620 2120 τῷ
1644 2083 1715 2118 ἁγίῳ

87 2137 241 2172 Πνεύματι·
268 2136 314 2163 νῦν
339 2137 386 2163 καὶ
408 2137 470 2167 ἀεὶ,
486 2137 532 2162 καὶ
556 2136 595 2166 εὶς
613 2135 676 2166 τοὺς
692 2134 794 2166 αἰῶνας
817 2134 870 2161 τῶν
890 2136 1006 2162 αἰώνων.
1030 2136 1128 2170 Ἀμήν.

347 2203 430 2237 Ei)in
446 2202 530 2236 ἑτέρα
546 2203 614 2237 (25).

122 2261 256 2291 Δέσποτα,
270 2260 356 2294 Κύριε
368 2258 452 2290 οΘεὸς
466 2259 554 2294 ἡμῶν,
566 2259 580 2284 ὁ
590 2259 637 2289 τὰς
652 2259 726 2290 κλεῖς
738 2258 876 2294 βασιλείας

88 2315 134 2332 σου
159 2306 259 2340 Πέτρῳ
273 2305 312 2340 τῷ
328 2305 469 2340 κορυφαίῳ
488 2304 541 2330 τῶν
562 2304 720 2330 ἀποστόλων
739 2313 876 2338 κατεμπι-

88 2350 217 2382 ττεύσας,
232 2351 279 2376 καὶ
304 2346 353 2376 ἐπί
369 2350 444 2385 αὐτῷ
464 2350 514 2384 τὴν
537 2350 618 2384 ἁγίαν
634 2358 680 2375 σου
712 2349 875 2385 Ἐκκλησίαν

86 2397 286 2430 οίκοδομὴσας,
303 2395 350 2422 καὶ
367 2395 430 2426 δοὺς
450 2394 525 2429 αὐτῷ
551 2393 676 2425 ἐξουσίαν
697 2393 741 2420 διὰ
756 2394 806 2428 τῆς
826 2395 876 2429 σῆς

87 2442 208 2476 χάριτος,
224 2441 270 2467 τοῦ
287 2441 397 2476 δεσμεῖν
421 2441 469 2468 καὶ
478 2441 553 2467 λύειν
565 2440 599 2466 τὰ
619 2440 666 2466 ἐπὶ
677 2440 726 2475 τῆς
739 2440 808 2474 γῆςζ,
825 2441 875 2466 ὲπ-

88 2488 206 2514 ἁκουσον
230 2488 277 2520 καὶ
300 2486 378 2522 ἡμῶν
401 2487 455 2513 τῶν
472 2485 588 2519 ἀναξίων
602 2485 827 2520 ἐπικαλουμένων
846 2493 874 2511 σε

88 2532 133 2560 νῦν
154 2533 203 2560 ἐπὶ
221 2533 334 2568 ἱλασμὸν
346 2532 392 2559 τοῦ
417 2531 548 2567 παρόντος
561 2531 655 2558 δούλου
673 2540 730 2564 σου,
748 2531 793 2557 καὶ
809 2531 874 2557 θαυ-

89 2579 232 2613 μάστωσον
244 2579 278 2604 τὰ
289 2578 350 2614 cur,
365 2587 412 2605 σου
428 2579 472 2604 ἐπ’
485 2577 577 2610 αὑτὸν,
593 2579 607 2604 ὁ
619 2577 712 2609 σώζων
724 2577 786 2608 τοὺς
799 2577 875 2603 ἑλπί-

1237 2203 1295 2228 Alia
1319 2202 1412 2229 oratio.

966 2258 1131 2290 nominatur,
1150 2257 1261 2285 Domine
1281 2258 1348 2284 Deus
1375 2262 1477 2288 noster,
1502 2256 1559 2291 qui,
1582 2256 1658 2290 regni
1677 2255 1715 2282 ιιιί

929 2305 1049 2332 clavibus
1064 2304 1144 2331 Petro
1167 2304 1350 2339 apostolorum
1370 2308 1477 2330 tuorum
1494 2302 1636 2343 cvgyphaao
1653 2309 1715 2329 cre-

929 2351 1002 2381 ditis,
1015 2356 1164 2384 sanctaque
1180 2355 1223 2377 tua
1236 2350 1353 2377 Ecclesia
1369 2357 1450 2383 super
1464 2356 1524 2376 eum
1534 2347 1677 2381 :edilicata,
1689 2347 1715 2374 ei

928 2396 1013 2430 gratia
1036 2401 1080 2422 tua
1097 2400 1255 2430 potestatem
1272 2395 1371 2429 ligandi
1394 2399 1475 2428 atque
1491 2392 1614 2420 solvendi
1633 2399 1716 2426 super

900 2468 904 2469 ν
929 2447 1028 2468 terram
1048 2441 1204 2469 contulisti:
1223 2441 1346 2475 indignos
1361 2448 1409 2467 nos
1427 2445 1452 2466 te
1468 2447 1539 2466 nunc
1557 2439 1716 2466 invocantes

929 2493 977 2520 pro
994 2487 1133 2520 praesentis
1151 2487 1220 2513 servi
1240 2487 1277 2512 tui
1293 2485 1511 2513 reconciliatione
1531 2484 1645 2517 exaudi;
1663 2483 1715 2510 uti.

930 2531 1003 2557 rilica
1018 2531 1219 2558 misericordias
1234 2537 1291 2558 tuas
1303 2537 1395 2557 versus
1409 2529 1497 2561 illum,
1513 2529 1558 2564 qui
1574 2533 1719 2563 sperantes

930 2576 955 2603 in
971 2581 996 2603 te
1010 2576 1108 2604 salvas.
1122 2575 1162 2603 Tu
1178 2576 1248 2603 enim
1268 2575 1452 2610 deiloquorum
1469 2574 1657 2608 prophetarum
1669 2579 1718 2599 oro

629 2663 742 2690 νΑΙὶΙᾸΞ
759 2662 951 2691 LECTIONES
972 2663 1015 2691 ET
1035 2663 1151 2692 ΝΟΤίΕ.

123 2745 280 2781 (Ξὸμῖὺχὴ
295 2744 522 2781 ἐτέρακΤίῑιιιυε
545 2745 669 2781 secunda:
694 2745 825 2781 orationis
845 2745 869 2771 in

91 2779 338 2815 Cryptol’erratensi
351 2780 443 2815 codice
460 2779 630 2806 llessarionis
644 2779 849 2815 estliujusmodi
863 2788 869 2805 :

184 2815 251 2851 ἄλλη
271 2816 309 2847 εἰς
324 2814 436 2850 ἱλασμὸν
455 2814 523 2850 μετὰ
537 2815 567 2840 τὸ
580 2814 665 2840 εἰπεῖν
685 2813 790 2848 ψαλμὸν
805 2822 870 2840 πεν-

920 2744 1068 2778 τηκοστὸν,
1085 2743 1245 2777 ’τριακοστὸν
1265 2742 1379 2777 ἕϐδομον
1391 2762 1398 2773 ,
1413 2742 1460 2768 καὶ
1486 2740 1631 2768 ἑκατοστὸν
1649 2739 1700 2765 δειῖ

920 2787 1008 2813 τερον.
1025 2778 1085 2804 Alia
1096 2779 1180 2805 oratio
1192 2779 1226 2805 ad
1238 2778 1474 2805 rrronriliulioncm
1485 2778 1562 2802 (ιιι-ιιδ
1576 2784 1600 2806 ι.,
1615 2783 1664 2800 nx
1676 2780 1695 2800 ιι

921 2820 946 2841 et
959 2821 996 2840 un
1013 2814 1133 2848 psalmis.
