1948 3077
248 133 317 167 13H

764 135 795 164 s.
816 115 1281 164 METHODII‘FATRIARCHE
1301 134 1356 172 cp:

1820 132 1888 165 1312

249 189 364 217 dixisti:
389 188 578 216 Conuertimini
598 188 632 215 ad
655 195 705 221 me,
726 193 749 215 et
774 196 821 223 ego
845 193 981 215 convertar
1006 188 1040 214 ad

1094 189 1189 220 ζοντας
1206 187 1252 213 ἐπὶ
1265 187 1304 214 σέ.
1321 187 1356 213 Σὺ
1374 185 1429 222 γὰρ
1445 183 1536 219 εἶπας,
1552 186 1652 222 Κύριε,
1668 186 1713 213 διὰ
1724 186 1778 213 τῶν
1793 187 1889 222 θεοφο-

249 245 293 264 t'oa
305 237 313 252 ¹
326 244 334 269 ;
345 239 390 263 et:
407 235 468 262 Non
482 235 568 262 volens
582 235 640 262 υοίο
659 239 766 262 mortem
782 234 938 269 peccatoris,
950 235 995 261 sed
1010 239 1037 260 ut

250 285 416 309 :onverlatur
423 286 446 308 et
458 282 525 308 vivat
535 280 621 315 ’.lpse
633 281 725 315 igitur,
738 281 863 313 Domine,
877 285 1037 314 praesentem

248 335 355 355 servum
373 332 446 354 tuum
459 335 474 354 a
489 327 530 354 via
543 327 644 357 erroris
660 327 700 354 sui
724 331 920 358 revertentem,
941 330 968 353 et
983 333 997 352 a
1013 330 1039 352 te

248 373 497 401 reconciliationem
517 377 726 408 exposcentetn,
743 380 776 400 ne
794 373 906 406 abjicias
918 393 926 405 ,
943 371 988 399 sed
1012 371 1038 399 in

247 419 433 446 misericordia
457 418 559 451 visita,
581 422 608 445 et
629 419 656 445 in
681 418 906 445 miserationibus
930 424 1036 445 revoca.

247 464 317 497 Quia
329 469 355 491 tu
373 472 402 491 es
425 464 497 492 Deus
508 484 516 497 ,
535 464 605 491 Deus
620 463 824 498 paenitentium,
843 467 869 491 et
882 463 915 490 ad
931 467 957 490 tc
973 470 1039 490 cou-

248 515 387 535 versorum
403 507 540 540 Salvator,
555 512 582 535 et
595 507 643 535 tibi
657 507 770 541 gloriam
783 507 938 540 referimus,
952 506 1037 539 Patri,

247 559 274 581 et
293 554 379 587 Filio,
400 559 427 581 et
444 558 537 581 sancto
554 553 680 588 Spiritui,
700 554 772 581 nunc
788 559 815 581 et
831 561 947 588 semper,
969 557 997 580 et
1012 552 1039 580 iu

246 600 344 628 stccula
362 600 534 628 sti-culorum.
552 601 648 626 Amen.

1093 233 1234 268 ρουμὲνων
1245 233 1359 268 χειλέων
1369 232 1423 260 τῶν
1434 232 1582 268 προφητῶν
1593 241 1650 260 σου·
1667 233 1892 268 Ἐπιστραφῆτε

1090 279 1164 312 πρός
1178 287 1226 313 με,
1242 279 1292 306 καὶ
1307 279 1570 314 ἐπιστραφήσομαι
1584 278 1660 313 πρὸς
1674 278 1761 313 ὑμᾶς·
1779 280 1826 306 καὶ
1843 280 1888 307 τό·

1092 326 1134 352 Οὐ
1156 325 1281 360 θελήσει
1301 326 1378 354 θέλω
1398 326 1453 353 τὸν
1469 325 1602 353 θάνατον
1616 325 1670 353 τοῦ
1685 325 1866 360 ἁμαρτωλοῦ
1880 347 1890 358 ,

1090 371 1128 403 ὡς
1145 371 1178 398 τὸ
1191 371 1372 406 ἐπιστρέψαι
1383 372 1432 399 καί
1445 371 1534 406 ζῆσαι
1541 372 1644 399 αὐτόν.
1660 372 1746 404 Αὐτὸς
1759 371 1816 405 οὒν,
1828 372 1892 406 φιλ-

1090 416 1232 451 άνθρωπε,
1256 417 1305 444 καὶ
1324 417 1370 444 τὸν
1389 417 1513 453 παρόντα
1535 417 1629 444 δοῦλόν
1651 426 1698 444 σου
1726 418 1759 444 ἐκ
1783 418 1892 454 πλάνης

1093 461 1153 488 ὁδοῦ
1170 461 1253 488 αὑτοῦ
1269 462 1473 497 ἐπιστρέφοντα
1485 483 1492 496 ,
1507 462 1554 489 καὶ
1570 462 1732 498 αἰτούμενον
1748 463 1826 499 παρὰ
1840 464 1891 490 σοῦ

1095 506 1220 542 ίλασμὺν,
1237 507 1276 542 μὴ
1295 507 1492 543 ἀποστραφῇς,
1508 508 1566 534 ἀλλ’
1583 508 1613 535 ἐν
1631 508 1702 535 ἐλέει
1719 508 1889 544 ἐπίσκεψαι,

1093 552 1140 579 καὶ
1156 552 1184 578 ὲν
1199 553 1352 588 οίιιτιρμοῖς
1374 553 1553 581 ἀνακάλεσαι.
1572 553 1634 580 Ὀτι
1649 554 1681 580 σὺ
1707 551 1732 580 εἴ
1757 555 1772 581 ὁ
1798 554 1868 586 Θεὸς
1883 574 1891 587 ,

1093 597 1160 628 Θεὸς
1175 597 1230 623 τῶν
1249 597 1464 632 μετανοούντων,
1477 598 1525 626 καὶ
1541 598 1597 625 τῶν
1619 598 1688 635 πρὸς
1707 599 1737 626 σὲ
1761 598 1889 635 ἐπιστρε-

248 648 354 681 φόντων
378 647 484 682 Σωτὴρ,
501 647 550 673 καὶ
571 647 613 673 σοὶ
628 647 676 682 τὴν
689 647 769 680 δόξαν
788 646 1001 681 ἀναπέμπομεψ
1015 643 1056 679 τῷ
1076 644 1166 680 Πατρὶ
1178 665 1186 679 ,
1201 645 1250 672 καὶ
1263 645 1302 681 τῷ
1317 645 1385 679 Υίῷ,
1399 648 1446 673 καὶ
1469 646 1505 681 τῷ
1526 645 1596 681 ἁγίῳ
1609 645 1763 682 Πνεύματι·
1780 646 1830 674 νῦν
1844 646 1886 674 καί

247 695 302 727 ἀεὶ,
322 695 369 721 καὶ
385 695 426 726 είς
436 695 502 726 τοὺς
517 695 618 726 αἰῶνας
629 694 684 721 τῶν
697 693 815 721 αἰώνων.
838 694 936 729 Ἀμήν.

549 754 609 780 Alia
628 753 730 780 Oratio.

492 809 635 836 Dominum
652 817 796 843 precemur.

283 865 397 893 Domine
412 865 495 898 Deus,
504 867 624 893 omnium
637 867 760 894 conditor
773 871 800 893 et
813 866 951 898 Dominus,
963 865 1039 893 boni-

249 912 312 939 tatis
328 911 388 938 fons
401 930 408 942 ,
426 911 548 938 omnium
572 911 711 938 hominum
735 917 762 938 et
783 912 899 938 maxime
919 910 1038 938 ﬁdelium

248 949 401 990 Paterfqui
416 956 552 983 hominem
570 955 671 983 diaboli
698 957 876 989 seductione,
901 956 928 983 in
947 956 1038 990 perdi-

249 1002 329 1030 ti0nis
346 1002 504 1036 errorisque
521 1002 686 1036 profundum
700 1002 855 1030 demersum
872 1011 925 1030 non
942 1003 1040 1037 despe-

247 1049 310 1075 xisti
325 1069 332 1080 ,
349 1050 396 1075 sed
416 1056 478 1076 eum
501 1056 550 1084 per
565 1049 697 1084 uttigeniti
713 1049 773 1076 Filii
795 1050 834 1077 tui
852 1055 880 1077 ct
893 1050 938 1078 Dei
955 1049 1040 1077 nostri

248 1095 464 1122 incarnationem
482 1096 643 1130 requisitum
663 1100 690 1123 et
715 1102 852 1123 serratum
871 1097 904 1124 ad
924 1097 1040 1134 teipsum

247 1141 392 1174 reduxisti,
409 1141 476 1175 ipse,
489 1141 604 1176 benigne
614 1141 849 1175 Domine,servum
861 1147 936 1169 tuum
949 1143 1040 1176 istum,

248 1187 390 1214 rationalis
402 1188 480 1215 ovilis
493 1187 593 1215 Christi
608 1189 645 1215 tui
662 1196 739 1216 ovem
754 1188 927 1216 inimicorum
943 1189 1041 1223 impio-

249 1240 307 1258 rum
334 1232 493 1265 captivitate
515 1232 684 1266 redemptam
710 1232 837 1267 respice:
865 1237 893 1260 et
915 1233 1041 1267 quamvis

249 1277 342 1310 puerili
360 1277 478 1309 inscitia,
497 1281 546 1304 aue
562 1278 702 1312 tyrannica
724 1278 748 1305 vi
764 1285 854 1305 mores
869 1285 963 1305 eorum
979 1278 1041 1306 inti-

249 1327 320 1349 talus
335 1322 416 1349 fuerit
430 1342 437 1355 ,
461 1330 533 1350 nunc
556 1328 646 1350 tamen
664 1323 756 1358 populi
781 1324 818 1351 tui
836 1323 1041 1359 congregationi

248 1367 356 1394 restitui
384 1367 531 1402 permitte;
552 1369 652 1395 virtute
668 1373 695 1395 et
711 1369 871 1404 operatione
894 1369 979 1396 sancti
1005 1369 1042 1396 tui

249 1414 367 1448 Spiritus
384 1419 501 1441 tuentem
519 1414 578 1448 ejus
591 1414 703 1447 irradia,
719 1421 747 1442 ut
759 1415 887 1443 salutaris
898 1415 1042 1450 baptisma-

251 1459 284 1485 tis
300 1458 415 1484 scintilla
438 1459 463 1484 in
479 1459 537 1492 ejus
554 1459 644 1485 anima
664 1460 785 1487 insidens
808 1465 834 1487 et
854 1460 959 1491 relicta,
976 1468 1041 1487 aura

1354 751 1439 786 Εὺχὴ
1460 751 1546 785 ἑτέρα
1559 751 1626 787 (96).

1310 807 1365 834 Τοῦ
1389 807 1499 841 Κυρίου
1512 807 1674 843 δεηθῶμεν.

1126 864 1213 899 Κύριε
1235 864 1249 890 ὁ
1264 864 1330 896 Θεὸς
1342 884 1349 897 ,
1365 865 1379 890 ὁ
1396 863 1450 891 τῶν
1468 864 1597 892 ἁπάντων
1612 865 1747 901 ποιητὴς,
1764 865 1812 893 καὶ
1839 867 1892 893 Δε-

1092 909 1211 945 σπότης,
1235 910 1252 945 ἡ
1272 909 1348 945 πηγὴ
1365 910 1414 945 τῆς
1429 909 1598 945 ἁγαθότητος
1613 930 1621 944 ,
1636 911 1650 937 ὁ
1662 911 1761 946 Πατὴρ
1778 911 1892 938 πάντων

1091 955 1254 991 ἀνθρώπων,
1276 955 1395 991 μάλιστα
1418 955 1533 989 πιστῶν,
1551 956 1565 982 ὁ
1585 956 1623 991 μὴ
1638 955 1763 991 παριδὼν
1779 955 1826 984 τὸν
1841 956 1893 983 ἄν·

1092 1001 1202 1036 θρωπον
1216 1001 1249 1028 ἐκ
1269 1001 1320 1036 τῆς
1342 1000 1389 1027 τοῦ
1405 1001 1531 1028 διαὸὀ).ου
1548 1001 1718 1038 πανουργίας
1743 1002 1785 1034 είς
1800 1001 1892 1037 ,βυθὸν

1092 1047 1231 1078 ἀπωλείας
1269 1047 1317 1073 καὶ
1332 1046 1438 1082 πλάνης
1454 1046 1656 1082 κατενεχθέντα
1669 1067 1677 1080 ,
1694 1047 1763 1074 ἀλλὰ
1778 1047 1824 1074 διὰ
1839 1047 1893 1082 τῆς

1093 1093 1227 1128 σωτηρίου
1248 1093 1484 1128 ἐνανθρωπήσεως
1500 1093 1548 1120 τοῦ
1572 1093 1736 1128 μονογενοῦς
1751 1101 1800 1120 σου
1823 1092 1892 1120 Υῐοῦ

1092 1138 1140 1164 καὶ
1159 1137 1226 1164 Θεοῦ
1243 1139 1258 1172 ὴ
1264 1137 1323 1173 μῶν
1337 1137 1432 1164 τοῦτον
1455 1138 1633 1177 ἀναζητήσας
1646 1139 1694 1165 καὶ
1714 1138 1807 1170 σώσας
1821 1158 1829 1171 ,
1843 1139 1893 1165 καὶ

1094 1183 1162 1220 πρὸς
1187 1184 1284 1210 ἐαυτὸν
1314 1183 1509 1221 ἐπαναγαγὼν,
1527 1184 1619 1217 αὐτὸς,
1644 1184 1768 1211 Δέσποτα
1794 1184 1893 1219 φιλάν-

1093 1229 1203 1265 θρωπε,
1226 1230 1274 1256 καὶ
1296 1229 1330 1256 τὰ
1344 1230 1391 1257 νῦν
1414 1229 1562 1264 ἐπίόλεψον
1587 1230 1634 1257 ἐπὶ
1654 1230 1699 1258 τὸν
1722 1230 1818 1257 δοῦλόν
1844 1239 1893 1258 σου

1092 1277 1199 1309 τοῦτον,
1218 1277 1355 1313 πρόϐατον
1370 1277 1420 1312 τῆς
1434 1277 1551 1312 λογικῆς
1573 1277 1693 1312 ποίμνης
1707 1277 1755 1304 τοῦ
1770 1277 1892 1312 Χριστοῦ

1094 1332 1141 1350 σου
1159 1323 1318 1358 ὑπάρχοντα
1331 1344 1338 1355 ,
1354 1322 1384 1349 ὃν
1400 1321 1546 1357 ἐλυτρώσω
1562 1323 1612 1358 τῆς
1632 1322 1826 1358 αἰχμαλωσίας
1837 1322 1892 1350 τῶν

1094 1368 1183 1395 ἀθέων
1197 1368 1313 1404 ἐχθρῶν.
1329 1368 1397 1394 Μεθ’
1412 1364 1450 1394 ὧν
1464 1367 1562 1403 ἀγνοίᾳ
1575 1368 1688 1402 παιδικῇ
1701 1367 1718 1402 ἢ
1732 1367 1778 1403 βίᾳ
1791 1376 1894 1403 τυραν-

1094 1415 1168 1450 νικῇ,
1180 1414 1215 1440 τὰ
1229 1414 1277 1448 τῆς
1295 1413 1415 1440 ἐκείνων
1424 1413 1529 1448 πλάνης
1543 1413 1596 1449 ἢθη
1619 1413 1783 1449 μετήρχετο“
1798 1412 1848 1440 νῦν
1864 1412 1895 1440 δὲ

1093 1460 1270 1495 κατηξίωσας
1288 1459 1369 1486 αὑτὸν
1390 1460 1422 1494 τῇ
1452 1459 1500 1486 τοῦ
1520 1458 1586 1486 λαοῦ
1605 1468 1653 1486 σου
1678 1459 1803 1494 πολιτείᾳ
1830 1467 1893 1485 συν-

249 1505 344 1537 gratia:
365 1505 493 1531 ventilata
513 1505 676 1539 spiritaliter
691 1513 801 1533 rursum
821 1506 999 1538 accendatur,
1015 1511 1040 1533 et

1094 1506 1238 1542 ενωθῆναι,
1255 1505 1428 1539 καταὺγασον
1440 1504 1522 1532 αὑτοῦ
1537 1504 1586 1540 τὴν
1601 1504 1722 1532 διάνοιαν
1732 1506 1766 1540 τῇ
1776 1503 1894 1540 δυνάμει

250 1549 411 1582 impressum
429 1550 453 1576 ei
472 1550 603 1583 sigillum,
620 1550 647 1577 in
667 1550 725 1584 ejus
752 1552 833 1578 corde
851 1555 879 1578 et
896 1551 1039 1585 cogitatio-

251 1595 348 1628 nibus,
363 1602 412 1629 per
427 1595 519 1622 crucis
532 1595 636 1622 Christi
650 1596 686 1622 tui
699 1596 891 1630 signationem,
905 1604 953 1630 per
966 1603 1040 1631 spem

250 1640 277 1667 iu
296 1645 332 1673 te,
346 1644 373 1667 et
389 1641 513 1667 veritatis
526 1641 691 1675 agnitionem
702 1661 710 1673 ,
729 1641 883 1669 evidentius
898 1645 1040 1676 appareat,

248 1691 279 1713 ut
293 1691 317 1712 tc
334 1686 421 1713 solum
434 1694 526 1714 verum
540 1690 567 1713 et
579 1685 698 1719 Patrem,
712 1692 740 1714 et
758 1686 927 1722 unigenitum
942 1687 1041 1714 Filium

250 1737 324 1759 luunt
348 1732 492 1759 Dominum
509 1737 629 1759 nostrum
648 1732 742 1760 Jesum
762 1732 900 1760 Christum
914 1753 921 1766 ,
939 1738 965 1760 ct
977 1740 1040 1761 san-

248 1784 322 1806 ctum
338 1783 411 1805 tuntn
426 1778 556 1812 Spiritum
572 1784 711 1814 agnoscat,
723 1783 750 1807 et
763 1784 918 1807 veneretur.
935 1778 1042 1807 Sancta:

251 1829 303 1850 tua:
326 1824 468 1852 catholicae
494 1829 521 1852 et
543 1825 701 1859 apostolicae
726 1824 855 1852 Ecclesia:
881 1825 955 1852 illtttn
978 1832 1042 1852 cou-

247 1871 340 1906 iui-ge,
370 1872 478 1907 gentilis
506 1871 596 1899 muttis
625 1871 774 1906 impietatis
807 1871 889 1898 ritum
921 1871 956 1898 ab
983 1871 1042 1906 ejus

249 1923 340 1944 tuente
356 1919 500 1951 absterge,
527 1917 554 1944 in
573 1916 708 1944 mandatis
728 1921 755 1944 et
777 1917 920 1952 prmceptis
939 1917 992 1944 tuis
1013 1921 1041 1943 ut

250 1963 330 1996 digne
342 1962 480 1995 ambulet,
500 1962 575 1989 illutn
596 1962 694 1998 dirige,
712 1967 739 1988 et
754 1967 914 1989 sanctorum
933 1967 1041 1990 tuorum

251 2008 444 2042 mysteriorum
462 2008 618 2035 intletnnata
634 2007 790 2042 sumptione
810 2007 921 2042 dignum
940 2007 1041 2040 redde,

249 2060 275 2079 οι
293 2053 320 2080 in
346 2054 434 2081 iutura
457 2054 511 2080 vita
536 2053 656 2081 ctelestis
681 2053 758 2088 regni
780 2053 941 2088 participem
967 2053 1041 2080 illum

250 2100 375 2127 ostende.
392 2099 462 2132 Quia
477 2105 504 2126 tu
522 2107 552 2127 es
569 2100 638 2127 Deus
651 2103 754 2131 noster,
768 2098 838 2126 Detts
853 2099 999 2126 miserettdi
1015 2105 1043 2126 et.

251 2146 373 2173 salvandi
390 2155 396 2172 :
413 2151 439 2172 et
453 2146 500 2172 tibi
513 2146 626 2180 gloriam
640 2145 782 2172 referimus
793 2153 800 2171 :
813 2144 885 2171 Patri
899 2164 906 2176 ,
920 2149 947 2171 et
961 2144 1040 2177 Filio,

1094 1552 1141 1580 καὶ
1165 1551 1292 1586 ἐνεργείᾳ
1312 1550 1360 1577 τοῦ
1381 1551 1460 1584 ἁγίου
1483 1559 1531 1576 σου
1557 1550 1738 1584 Πνεύματος,
1754 1549 1829 1576 ὥστε
1845 1549 1894 1576 τδν

1092 1597 1306 1632 ἐναποκείμενον
1323 1597 1356 1632 τῇ
1373 1595 1447 1632 ψυχῇ
1473 1596 1557 1623 αὑτοῦ
1575 1596 1713 1631 σπινθῆρα
1735 1594 1784 1622 τοῦ
1799 1604 1893 1631 σωτη-

1093 1644 1206 1680 ριώδους
1221 1643 1410 1678 βαπτίσματος
1423 1661 1431 1674 ,
1447 1643 1507 1673 ταῖς
1519 1641 1619 1678 αὖραις
1638 1642 1689 1677 τῆς
1702 1641 1817 1678 χάριτος
1831 1650 1895 1678 νοη-

1091 1690 1147 1722 τῶς
1160 1689 1312 1724 ὲξαφθῆναι
1321 1709 1329 1722 ,
1343 1689 1392 1715 καὶ
1413 1688 1459 1715 τὸν
1473 1688 1695 1724 ὲνσημανθεῖσαν
1708 1687 1783 1723 αὐτῷ
1798 1695 1890 1723 σφρα-

1092 1735 1155 1770 γίδα
1173 1733 1366 1770 ἐκτυπώτερον
1388 1733 1582 1768 ἐπιφαίνεσθαι
1598 1733 1655 1768 (27)
1681 1734 1711 1760 ἐν
1732 1734 1766 1768 τῇ
1792 1733 1894 1768 καρδίᾳ

1092 1781 1190 1813 αὐτοῦ,
1207 1780 1253 1807 καὶ
1273 1781 1330 1811 τοῖς
1354 1780 1497 1815 λογισμοῖς
1519 1779 1563 1806 διὰ
1580 1779 1630 1814 τῆς
1647 1778 1830 1814 σημειώσεως
1844 1777 1893 1805 τοῦ

1094 1824 1211 1860 σταυροῦ
1229 1825 1276 1851 τοῦ
1288 1824 1410 1860 Χριστοῦ
1422 1832 1481 1857 σου,
1494 1825 1545 1858 τὴν
1561 1824 1601 1855 εἰς
1618 1823 1648 1850 σέ
1660 1823 1768 1856 ἐλπίδα,
1781 1823 1833 1850 καὶ
1843 1823 1894 1857 τὴν

1093 1872 1142 1907 τῆς
1158 1871 1288 1906 ἀληθείας
1303 1871 1453 1905 ἐπίγνωσιν
1467 1870 1512 1897 ῐνα
1534 1869 1670 1905 γινώσκῃ,
1687 1870 1734 1896 καὶ
1749 1869 1893 1904 προσκυνῇ

1094 1926 1124 1944 σε
1146 1917 1191 1944 τὸν
1213 1917 1294 1952 μόνον
1311 1915 1437 1951 ἀληθινὸν
1454 1915 1532 1948 Θεὸν,
1558 1916 1607 1942 καὶ
1624 1915 1736 1950 Πατέρα
1749 1934 1756 1946 ,
1774 1914 1824 1940 καὶ
1848 1913 1894 1940 τὸν

1094 1962 1226 1997 μονογενῆ
1250 1970 1296 1988 σου
1313 1961 1378 1988 Υίὺν
1399 1961 1445 1988 τδν
1472 1960 1574 1996 Κύριον
1598 1960 1677 1996 ήμῶν
1697 1959 1804 1995 Ἰησοῦν
1823 1960 1894 1994 Χρι-

1094 2007 1165 2039 στὸν,
1189 2007 1237 2034 καὶ
1252 2006 1283 2033 τὸ
1308 2004 1422 2041 Πνεῦμά
1435 2013 1482 2031 σου
1504 2004 1535 2030 τὸ
1551 2004 1642 2038 ἅγιον.
1668 2004 1793 2030 Ἕνωσον
1809 2003 1894 2030 αὐτὸν

1093 2054 1126 2089 τῇ
1143 2052 1209 2088 ἁγίᾳ
1231 2060 1278 2079 σου
1300 2051 1432 2086 καθολικῇ
1450 2051 1498 2078 καὶ
1519 2050 1688 2085 ἀποστολικῇ
1720 2048 1892 2085 Ἐκκλησία,

1093 2099 1248 2134 ἀπόστησον
1268 2100 1300 2125 ἐκ
1318 2098 1369 2133 τῆς
1391 2097 1475 2125 αὑτοῦ
1491 2096 1614 2128 διανοίας
1637 2097 1730 2124 πᾶσαν
1745 2095 1895 2130 συνήθειαν

1100 2144 1211 2178 ἐθνικῆς
1235 2143 1399 2177 ἀθεότητος,
1423 2143 1472 2170 καὶ
1491 2141 1657 2169 κατεύουνον
1679 2140 1761 2168 αὑτὸν
1783 2140 1814 2167 ἐν
1834 2141 1894 2172 ταῖς

251 2197 277 2219 et
300 2192 413 2225 Spiritui
435 2197 550 2224 sancto,
571 2195 817 2226 nuncetsemper,
846 2196 873 2217 et
899 2191 924 2217 in
945 2192 1040 2219 swcula

1097 2191 1221 2221 ἐντολαῖς
1242 2198 1290 2216 σου
1329 2188 1378 2217 καὶ
1393 2190 1449 2221 τοῖς
1469 2186 1663 2224 προστάγμασι
1679 2194 1727 2213 σου
1744 2185 1830 2217 ἀξίως
1847 2193 1897 2233 πο-

252 2238 423 2265 szeculorum.
440 2238 537 2265 Amen.

296 2324 304 2339 ³
319 2323 434 2354 Zachar.
453 2334 472 2357 ι,
487 2326 514 2352 5.
553 2326 563 2341 ¹
583 2325 681 2352 Ezech.
700 2333 797 2358 xuttt,
816 2327 859 2352 1|.

1101 2237 1249 2273 ρεύεσθαι,
1273 2235 1322 2263 καὶ
1341 2235 1391 2271 τῆς
1418 2234 1472 2261 τῶν
1499 2233 1641 2270 σωτηρίων
1663 2241 1709 2259 σου
1736 2230 1896 2267 μυστηρίων

797 2405 912 2433 VARI/ﬁ
933 2405 1125 2434 LECTIONES
1145 2406 1189 2433 ΕΤ
1209 2405 1326 2435 NOTAE.

288 2483 345 2519 (26)
358 2485 442 2520 Εὐχὴ
456 2484 552 2518 ἑτέρα.
576 2484 684 2512 Titulus
702 2485 786 2511 tertiae
803 2486 936 2513 orationis
952 2486 977 2513 in
995 2493 1041 2512 eo-

253 2519 317 2556 dem
333 2519 460 2556 Cryptof.
492 2524 534 2556 est
556 2520 653 2556 ιΕὑχὴ
678 2520 746 2555 πρὸς
773 2521 956 2555 Χριστιανοὺς
988 2521 1041 2547 ὑπ-

252 2554 386 2591 αχθέντας
400 2555 494 2590 ἐθνικῇ
509 2555 607 2591 πλάνῃ,
616 2554 835 2591 ἐπιστρέψαντας
844 2555 873 2581 δὲ
883 2557 916 2591 τῇ
925 2556 1041 2591 Ἐκκλη-

254 2592 311 2624 σίᾳ,
321 2590 368 2616 καὶ
382 2590 428 2617 τοῦ
438 2591 505 2617 Θεοῦ
522 2590 774 2626 προσδραμοῦντας.
791 2590 886 2617 Oratio
897 2599 943 2626 pro
955 2590 1044 2617 Chris-

253 2626 333 2651 tianis
350 2626 486 2660 gentilium
509 2627 660 2653 seductione
681 2626 820 2652 subactis:
841 2627 875 2652 ait
898 2625 1041 2658 Ecclesium

254 2667 312 2686 vero
330 2661 451 2693 reversis,
468 2666 491 2687 el
506 2662 540 2688 ad
557 2661 640 2694 Deum
662 2661 884 2695 confugientibus.
898 2660 987 2694 Atque
1007 2661 1045 2687 ita

255 2696 328 2727 iuxta
343 2695 416 2723 illius
437 2704 488 2727 ms.
507 2701 640 2726 mentem,
664 2697 753 2722 oratio
767 2696 816 2722 ista
842 2703 894 2722 non
914 2695 964 2722 nisi
982 2695 1045 2722 lldei

254 2731 417 2757 Christiana:
432 2732 589 2759 desertores
611 2730 720 2764 respicit
737 2739 743 2757 :
760 2731 831 2757 unde
847 2735 873 2757 et
893 2731 936 2757 illa
951 2731 1045 2757 eadem

256 2766 358 2795 oratio.
372 2765 523 2793 suheodcm
537 2765 627 2797 titulo,
643 2765 668 2791 itt
683 2765 736 2792 alio
749 2773 798 2793 ms.
809 2765 956 2793 Barhcrino
970 2773 1044 2792 nmn.

257 2799 302 2830 88,
317 2800 456 2833 insignito,
472 2800 618 2834 reperitur.

294 2835 349 2869 ('27)
361 2836 510 2869 Σςρσγιδα
519 2835 678 2870 ἑκτυπώτε]
689 2836 949 2870 ιιι-ἐπιμαίνεσθαι,
962 2836 1047 2869 Quam

1094 2491 1170 2513 recta
1187 2485 1270 2513 fuerit
1295 2487 1328 2512 de
1345 2483 1564 2512 conﬁrmationis
1580 2484 1740 2511 charactere
1761 2483 1894 2511 Methodii

1094 2521 1245 2553 sententia,
1259 2521 1326 2548 satis
1336 2519 1411 2547 clare
1423 2519 1546 2546 indicant
1563 2519 1619 2546 hate
1633 2520 1715 2545 verba
1729 2527 1737 2545 :
1750 2526 1798 2553 per
1810 2518 1898 2546 haere-

1094 2556 1144 2583 sim
1169 2555 1310 2588 nimirum,
1337 2554 1474 2582 unctionis
1491 2554 1516 2580 in
1541 2554 1676 2587 baptismo
1695 2559 1813 2587 receptae
1840 2561 1893 2581 non

1095 2590 1179 2618 deleri
1193 2590 1323 2625 sigillum,
1350 2590 1398 2617 sed
1426 2588 1564 2616 obfuscari
1582 2593 1699 2625 tantum,
1713 2593 1742 2625 et
1754 2589 1834 2625 quasi
1860 2595 1894 2616 ex

1095 2629 1172 2660 parte
1190 2623 1329 2652 obliterari
1347 2631 1354 2650 :
1376 2629 1523 2660 eapropter
1542 2628 1604 2660 orat
1619 2623 1743 2660 Ecclesia
1756 2624 1897 2660 ἐνσημαν-

1100 2660 1193 2687 θεῖσαν
1212 2660 1350 2695 σφραγίδα
1364 2657 1556 2695 ἐκτυπώτερον
1568 2657 1760 2695 ἐπιφαίνεσθαι
1770 2678 1777 2689 ,
1792 2664 1821 2683 ut
1847 2659 1898 2684 im-

1099 2696 1216 2730 pressit"
1234 2692 1373 2722 "character
1388 2692 1536 2730 expressius
1556 2697 1682 2730 appareat
1698 2700 1707 2719 :
1724 2692 1750 2719 id
1766 2696 1819 2724 est,
1843 2701 1896 2719 non

1101 2727 1205 2757 tantum
1222 2739 1264 2758 res
1280 2727 1458 2761 sacramenti,
1482 2727 1530 2756 sed
1544 2729 1603 2761 ejus
1617 2728 1705 2754 virtus
1721 2736 1728 2754 :
1748 2735 1800 2754 non
1819 2732 1898 2754 actus

1102 2766 1180 2800 pritni
1198 2765 1353 2800 impressio,
1367 2765 1415 2791 sed
1429 2768 1506 2800 actus
1524 2762 1640 2800 secundi
1653 2763 1795 2800 expressio
1808 2770 1815 2793 ;
1833 2762 1896 2789 ﬁdei

1102 2797 1367 2827 nimirtnn'illihatm
1391 2799 1498 2834 publica
1525 2797 1672 2833 professio,
1699 2798 1807 2824 cunctis
1832 2802 1896 2824 nota

1104 2837 1149 2862 tiat
1170 2840 1196 2863 ct
1213 2835 1366 2862 manifesta.
