1948 3077
112 134 179 170 1315

623 132 672 166 DE
694 135 745 165 IIS
765 132 831 165 OUI
855 129 1122 166 ABNEGARUNT,
1143 129 1223 159 ETC.

1675 126 1742 160 1398

147 196 178 219 '0
202 194 269 225 Θεος
296 194 310 220 ὂ
327 193 415 229 μέγας
443 195 489 221 καὶ
518 192 726 229 μεγαλώνυμος,
745 192 759 217 ὀ
784 188 894 224 τοπρὶν

989 186 1058 213 Deus
1082 194 1196 221 magnus
1213 185 1352 213 etcxcclsi
1379 184 1516 217 nominis,
1543 184 1588 220 qui
1615 189 1741 212 letteltrns

110 239 205 270 σκότος
222 239 344 273 φωτίσας
364 239 403 274 τῷ
430 239 558 275 λόγῳτοῦ
577 238 711 274 στόματός
730 246 777 263 σου
791 245 798 252 ·
827 237 841 262 ό
853 236 898 262 τον

111 285 242 320 μονογενῆ
263 294 309 312 σου
323 285 387 312 Υῐὸν
408 285 602 318 ἐξαποστείλας
618 287 657 316 εἰς
681 284 726 310 τὸν
741 283 844 318 κόσμον
859 283 898 314 εἰς

111 330 225 365 ἱλασμὸν
249 331 302 357 τῶν
331 331 474 367 ἁμαρτιῶν
499 331 596 367 ἡμῶν
625 332 638 358 ὁ
669 331 824 365 καθήμενος
854 329 900 356 ἐπὶ

109 375 162 402 τῶν
178 376 332 411 Χερουϐὶμ,
345 377 392 403 καὶ
414 376 606 412 δεδοξασμένος
625 376 677 403 ὑπὸ
689 376 742 403 τῶν
756 375 897 410 Σεραφίμ·

108 417 131 454 ᾧ
147 422 202 448 πᾶν
216 422 281 456 γόνυ
296 423 419 457 κάμπτει
433 423 487 449 τῶν
507 423 691 459 ἐπουρανίων,
706 422 753 451 καὶ
768 422 899 456 ἐπιγείων

109 467 156 494 καὶ
171 467 367 503 καταχθονίων,
381 469 428 495 καὶ
444 469 519 495 πᾶσα
535 469 646 503 γλῶσσα
658 468 896 504 ἐξομολογήσεται.

109 513 225 540 Βασιλεῦ
240 513 293 540 τῶν
307 513 424 547 αἰώνων,
440 516 453 541 ό
466 515 632 548 ὲπισυνάξας
643 515 673 542 τὸ
688 513 898 548 πεπλανημένον

109 559 247 594 πρόϐατον
258 560 299 591 εἰς
313 560 362 596 τὴν
380 561 497 596 ποίμνην
509 560 556 587 τοῦ
573 561 698 596 Σωτῆρος
710 560 790 595 ἡμῶν
811 559 898 593 Ἰησοῦ

109 604 230 639 Χριστοῦ
245 614 251 621 ·
271 607 284 632 ὁ
307 607 482 641 ἐπιστρέφων
497 606 661 642 ἁμαρτωλὸν
673 607 705 632 ἐκ
720 605 825 640 πλάνης
838 604 898 632 ὁδοῦ

108 651 205 678 αὐτοῦ·
218 651 299 683 αὐτὸς
310 652 473 688 ἐπέστρεφον
485 654 532 680 καὶ
551 654 596 680 τὸν
613 653 705 679 δοῦλόν
722 661 768 679 σου
786 652 840 678 ἀπὸ
852 651 898 677 τοῦ

110 699 222 730 σκότους
237 698 284 725 τοῦ
311 698 515 733 Ἀντικειμὲνου
530 698 598 735 πρὸς
610 699 641 725 τὸ
663 698 722 733 φῶς
734 698 764 724 τὸ
778 698 897 728 αἰώνιον,

109 743 277 776 ἀνακαλέσας
293 743 374 770 αὑτὸν
386 745 440 771 ἀπὸ
465 744 516 779 τῆς
531 744 635 779 πλάνης
651 743 699 770 τοῦ
718 743 843 770 διαϐόλου
859 743 899 774 εἰς

108 790 157 825 τὴν
173 790 341 824 Θεογνωσίαν
355 790 402 816 τοῦ
424 790 585 824 μονογενοῦς
600 799 647 817 σου
661 789 736 822 Υἱοῦ,
750 789 899 825 ἑδραιωσον

108 835 192 861 αὐτοῦ
210 835 259 870 τὴν
281 835 397 871 καρδίαν
418 835 448 861 ἐν
468 835 570 867 πίστει,
599 836 628 862 ὲν
645 835 740 870 ἀγάπῃ
766 834 813 861 τοῦ
830 835 898 869 Χρι-

951 231 1080 266 pristinas
1098 231 1153 258 eris
1184 232 1220 258 tui
1249 230 1513 261 rcrboilluminasti,
1529 230 1575 265 qui
1595 231 1627 257 ad
1644 238 1741 265 pecca-

951 283 1040 305 torum
1072 277 1291 312 propitiationem
1313 276 1482 312 unigenitum
1498 276 1596 304 Filium
1622 281 1697 304 tuum
1716 279 1741 304 in

951 328 1051 350 terram
1066 323 1175 355 misisti,
1197 323 1242 357 qul
1257 323 1335 350 sedes
1351 331 1433 357 super
1444 323 1601 354 Cherubim,
1615 328 1642 350 et
1662 331 1677 350 a
1693 324 1742 351 Se-

954 369 1060 404 raphim
1076 366 1259 404 glbril‘tcaris;
1276 368 1318 395 cui
1332 375 1412 395 omne
1434 376 1504 404 genu
1521 368 1639 396 flectitur
1658 370 1739 396 emit--

951 415 1044 446 stium,
1060 413 1239 447 terreStrium,
1256 420 1282 442 et
1300 415 1479 445 inferuerunt.
1503 421 1529 442 et
1543 416 1633 442 omnis
1650 416 1740 452 lingua

951 461 1137 490 conﬁtebitur.
1158 462 1214 488 Rex
1233 462 1395 489 saeculorum
1414 461 1459 496 qui
1472 467 1608 489 errantem
1621 470 1699 490 ovcm
1714 464 1741 489 in

952 507 1104 535 Salvatoris
1120 509 1204 535 nostri
1219 507 1285 536 Iesu
1300 507 1401 535 Christi
1418 508 1489 536 ovile
1505 516 1674 545 congregas;
1695 510 1740 544 qui

950 557 1121 589 peccator-em
1139 563 1152 581 ιι
1171 555 1212 581 via
1226 554 1329 582 erroris
1342 555 1400 589 ejus
1413 556 1515 583 avertis
1533 564 1540 583 :
1559 557 1617 591 ipse
1634 564 1742 591 quoque

951 607 1059 626 servum
1076 604 1149 626 tuum
1175 599 1209 626 ab
1233 599 1385 626 adversarii
1412 600 1532 627 tenebris
1552 601 1585 628 ad
1609 607 1740 628 mlt‘rnllttl

951 645 1039 673 lumen
1067 649 1207 678 converte,
1228 650 1255 672 et
1273 646 1306 672 ab
1337 653 1431 672 ermrc
1444 646 1543 673 diaboli
1570 647 1602 673 ad
1622 647 1740 674 divinam

950 692 1082 726 unigeniti
1110 691 1171 718 Filii
1192 691 1230 718 tui
1247 691 1428 726 cognitionem
1450 699 1558 718 revoca.
1584 692 1639 719 Cor
1671 693 1743 719 illius

951 739 976 765 in
994 739 1055 770 ﬁde.
1069 743 1095 766 et
1113 740 1139 766 in
1156 738 1302 766 dilectiOne
1319 737 1420 765 Christi
1443 739 1479 765 tui
1497 739 1628 766 conﬁrma
1646 747 1652 765 :
1682 747 1744 773 pur-

930 806 934 808 ι
951 790 1003 812 tem
1025 784 1061 811 illi
1087 789 1114 811 et
1129 789 1229 812 sortem
1244 784 1270 810 in
1288 783 1407 811 Ecclesia
1426 789 1469 811 tua
1487 785 1596 819 largire.
1616 785 1655 812 Tu
1669 786 1741 812 cnim

950 840 981 859 es
993 833 1064 859 Deus
1079 836 1183 863 noster,
1203 836 1279 860 extra
1295 836 1320 858 te
1334 831 1417 858 alium
1434 839 1486 858 non
1512 831 1642 859 novimus
1670 841 1676 858 :
1692 840 1743 859 no~

110 880 174 907 στοῦ
194 869 253 909 σου.
276 869 382 917 Μεοέδα
399 881 446 907 καὶ
474 881 574 916 κλῆρον
593 881 667 916 αὺτῷ
690 869 802 917 χάοισαι
821 881 849 906 ὲν
865 880 897 915 τῇ

956 883 1013 905 men
1027 881 1102 904 tuum
1121 877 1289 909 invocamus,
1303 883 1332 904 ut
1347 877 1448 912 iugiter
1465 883 1490 905 et
1506 877 1539 905 ab
1561 879 1689 906 omnibus
1707 879 1744 906 sis

117 926 267 961 Ἐκκλησία
282 934 328 952 σου
338 934 346 941 ·
371 926 403 952 σὺ
418 926 473 961 γὰρ
489 924 513 953 εἴ
527 927 541 952 ὁ
559 926 626 957 Θεὸς
642 925 732 961 ἡμῶν,
757 926 835 957 ἐκτός
850 934 897 952 σου

109 970 188 997 ἄλλον
207 971 258 997 οὐκ
279 971 401 1006 οἴδαμεν.
419 971 456 998 Τὸ
477 971 564 1006 ὄνομα
585 980 632 998 σου
658 970 839 1006 ὀνομάζομεν,
854 970 898 997 ἴνα

110 1017 237 1050 πὰντοτε,
258 1018 306 1044 καὶ
320 1017 366 1044 διὰ
386 1018 496 1044 πάντων
521 1018 580 1053 εῐης
597 1017 781 1052 εὐλογημένος
804 1017 818 1042 ὁ
832 1016 898 1048 Θεὸς

953 923 1111 951 benedictus
1128 923 1198 950 Deus
1214 927 1317 954 noster,
1335 927 1362 950 ct
1391 923 1548 957 unigenitus
1564 922 1651 951 Filius
1670 929 1743 953 tuus.

952 975 980 997 et
996 969 1114 1004 Spiritus
1132 973 1194 997 tuus
1215 974 1348 997 sanctus:
1370 977 1444 996 nttnc
1477 975 1504 996 et
1522 977 1642 1004 semper,
1665 974 1692 997 et.
1717 972 1742 997 in

953 1015 1051 1044 sarcula
1069 1014 1240 1043 saeculorum.
1470 1021 1475 1027 ε

109 1062 199 1097 ἡμῶν,
217 1063 291 1090 καὶὸ
308 1064 456 1098 μονογενής
473 1071 520 1090 σου
534 1063 609 1095 Υἱὸς,
623 1064 670 1090 καὶ
692 1063 722 1089 τὸ
755 1063 868 1096 Πνεῦμά
880 1070 926 1089 σου
944 1062 974 1088 τὸ
989 1061 1077 1095 ἅγιον,
1113 1061 1159 1087 νῦν
1184 1061 1231 1087 καὶ
1252 1061 1307 1094 ἀεὶ,
1336 1061 1382 1088 καὶ
1407 1063 1446 1094 εἰς
1476 1062 1539 1094 τοὺς
1565 1064 1666 1096 αἰῶνας
1691 1064 1744 1090 τῶν

109 1110 225 1137 αἰώνων.

145 1169 222 1196 Μετὰ
246 1169 274 1196 δὲ
288 1169 329 1201 τὸ,
351 1170 453 1204 Ἀμήν,
480 1170 639 1204 σφραγεζων
665 1170 746 1196 αὐτὸν
767 1169 900 1196 ἀπολύει·

110 1216 158 1242 καὶ
170 1215 263 1243 λοιπὸν
277 1217 290 1242 ό
305 1216 510 1251 ἀναθεματίσας
524 1217 632 1250 γίνεται
647 1216 813 1252 Χριστιανός
824 1223 831 1231 ‘
853 1214 902 1242 εἶτ’

111 1260 156 1288 οὖν
170 1261 307 1296 λογίζεται
323 1262 361 1294 ὼς
377 1262 539 1298 Χριστιανὸς
564 1263 742 1295 ἁὸἀπτιστος,
763 1260 808 1289 οἷα
821 1262 903 1298 τυχόν

111 1309 164 1334 εἰσι
179 1308 234 1334 τῶν
247 1308 419 1344 Χριστιανῶν
434 1309 467 1335 τὰ
488 1309 582 1336 παιδία
597 1309 630 1336 τὰ
646 1309 778 1344 μέλλοντα
805 1308 902 1343 βαπτί-

110 1354 206 1386 ζεσθαι
219 1363 225 1370 ·
243 1356 275 1389 τῇ
289 1355 317 1382 δὲ
332 1355 500 1391 ὲξῆςτὴμέρᾳ
516 1355 727 1390 συναριθμεῖται
748 1356 804 1386 τοῖς
833 1362 900 1381 κατ-

111 1399 276 1434 ηχουμένοις
289 1408 296 1415 ·
310 1399 495 1435 ἀποδυόμενον
504 1400 558 1435 γὰρ
570 1400 650 1427 αὐτὸν
660 1399 707 1426 καὶ
717 1398 903 1434 ἀπολυόμενον

110 1446 217 1479 εἰσάγει
232 1447 245 1472 ὁ
261 1446 360 1481 ἱερεὺς,
381 1447 428 1474 καὶ
445 1446 552 1481 ῖστηοιν
568 1446 675 1473 ἔνδοθεν
691 1445 738 1473 τοῦ
759 1447 823 1472 ναοῦ
850 1453 903 1472 πυ-

111 1489 166 1515 λῶν
179 1490 250 1517 κατὰ
260 1491 403 1524 ἀνατολὰς,
417 1492 463 1518 καὶ
478 1492 605 1526 ὲκφυσῶν
620 1492 697 1527 αὐτῷ
708 1491 799 1527 τρίτον
817 1500 904 1526 σφρα-

111 1535 183 1569 γίζει
200 1536 230 1562 τὺ
249 1537 375 1571 μέτωπον
389 1537 484 1569 αὑτοῦ,
500 1538 588 1565 καὶτὸ
604 1538 703 1573 στῆθος
716 1546 721 1552 ·
736 1539 783 1565 καὶ
795 1538 902 1569 ἐπιθεὶς

112 1581 161 1615 τὴν
176 1582 256 1617 χεῖρα
270 1582 353 1609 αὑτοῦ
369 1584 401 1618 τῇ
413 1584 530 1618 κεφαλῇ,
544 1583 619 1617 λέγει
629 1579 679 1618 τὴν
693 1583 776 1618 εὐχὴν
787 1583 900 1618 ταύτην

153 1648 216 1674 Ἐπὶ
234 1649 272 1684 τῷ
287 1649 399 1676 όνὸιιατί
414 1658 471 1683 σου,
489 1650 587 1686 Κύριε.

147 1760 205 1786 Καὶ
216 1761 284 1795 μετὰ
297 1760 338 1794 τὸ,
359 1761 462 1798 Ἀμὴν,
477 1762 637 1798 σφραγίζων
653 1762 776 1796 ἀπολύει,
791 1763 838 1790 καὶ
852 1762 901 1799 τὴν

112 1804 244 1831 ἐπιοῦσαν
268 1805 449 1841 ὲξορκίζεται.
478 1808 563 1834 Πάλιν
592 1807 648 1843 γὰρ
663 1808 757 1835 τοῦτον
784 1809 860 1843 ἄγων
888 1809 902 1834 ό

113 1851 203 1884 ἱερεὺς
219 1851 258 1883 εἰς
272 1853 318 1879 τὸν
332 1853 395 1880 ναὸν
411 1855 523 1890 ὲμφυσᾷ
539 1855 630 1889 τρίτον
644 1855 684 1886 εἰς
700 1854 731 1881 τὸ
744 1855 899 1890 πρόσωπον.

111 1897 209 1923 καὶτὰ
224 1893 281 1924 ὦτα
313 1898 408 1931 αὑτοῦ,
436 1900 482 1926 καὶ
506 1895 640 1934 ἐπιλέγων
659 1901 713 1927 τῶν
729 1901 900 1937 ὲξορκισμῶν

112 1943 161 1974 τὰς
175 1943 270 1977 εὐχὰς,
298 1944 377 1976 αὖθις
391 1946 538 1980 σφραγίξει
557 1947 605 1972 καὶ
619 1946 732 1973 ἀπολύει
742 1955 749 1963 ’
767 1947 814 1974 καὶ
829 1947 900 1973 οὕτω

112 1988 194 2015 πάλιν
206 1990 422 2025 κατηχούμενος,
438 1989 488 2017 εἴτ’
506 1990 553 2019 οὖν
567 1992 761 2028 διδασκόμενος
783 1994 901 2028 χρονίζει

111 2034 150 2065 εἰς
166 2034 215 2069 τὴν
228 2035 389 2070 ἐκκλησίαν,
407 2038 453 2064 καὶ
468 2038 604 2073 ἀκροᾶται
619 2038 673 2065 τῶν
689 2039 815 2074 Γραφῶν.
834 2037 902 2066 Εἶτα

111 2079 282 2114 τελουμένων
294 2081 405 2108 πάντων
418 2083 473 2109 τῶν
490 2083 536 2109 ἐπὶ
550 2083 590 2118 τῷ
612 2083 782 2119 βαπτίσματι
798 2093 902 2119 νενομια

113 2125 222 2161 σμὲνων
234 2147 242 2159 ,
257 2126 380 2159 ἀξιοῦται
396 2129 445 2163 τῆς
458 2128 532 2160 Θείας
549 2130 713 2165 γεννήσεως.

990 1170 1022 1196 Ει
1042 1176 1183 1203 responso,
1198 1168 1292 1202 Amm,
1309 1170 1445 1204 signatum
1469 1170 1581 1198 dimittit
1603 1172 1740 1199 sacerdos.

955 1215 1014 1242 Mox
1029 1215 1085 1250 ipse
1097 1215 1241 1243 hmreticus
1263 1216 1499 1244 anatltematizans
1512 1217 1542 1243 lit
1555 1217 1741 1249 Christianus.

954 1261 979 1287 id
997 1266 1049 1292 est,
1067 1266 1209 1296 reputatur
1225 1267 1254 1289 ut
1276 1262 1448 1289 Christianus
1471 1263 1590 1290 nondum
1623 1263 1743 1297 baptizt-

955 1312 997 1334 tus
1013 1316 1019 1335 ς
1036 1308 1130 1342 quales
1153 1308 1241 1338 solent
1259 1308 1478 1336 Christianorum
1501 1309 1577 1344 pueri
1592 1309 1679 1336 adhuc
1694 1310 1743 1337 ba—

954 1355 1082 1388 ptizandi.
1106 1354 1236 1389 Sequenti
1255 1360 1345 1383 autent
1371 1356 1414 1383 die
1429 1356 1635 1384 catechumeuis
1658 1363 1745 1382 annu-

955 1405 1085 1428 meratur.
1101 1401 1216 1428 Exutum
1229 1402 1302 1429 enim
1320 1401 1404 1434 illum,
1422 1406 1449 1429 et
1479 1401 1592 1435 pedibus
1614 1403 1744 1429 nudatum

956 1447 1069 1480 inducit,
1086 1451 1113 1474 et
1133 1447 1203 1474 intra
1215 1447 1309 1482 templi
1333 1447 1406 1475 fores
1423 1449 1457 1475 ad
1479 1448 1620 1475 Orientem
1651 1449 1746 1475 statuit

954 1492 1081 1519 sacerdos
1096 1500 1103 1524 ;
1120 1496 1147 1519 et
1163 1497 1204 1519 ter
1217 1492 1243 1519 in
1258 1492 1355 1519 ancient
1369 1497 1396 1519 et
1410 1497 1504 1526 pectus
1516 1493 1574 1525 ejus
1587 1492 1745 1524 exsullhns,

955 1536 1152 1571 imponensque
1174 1536 1233 1571 ejus
1267 1537 1350 1572 capiti
1375 1545 1497 1571 umnum,
1516 1538 1585 1565 dicit
1600 1538 1669 1565 hanc
1683 1546 1746 1565 oru-

956 1588 1068 1609 tionem:

989 1651 1016 1677 In
1034 1655 1080 1678 tuo
1105 1651 1225 1683 nomine,
1248 1651 1370 1683 Domine,
1394 1656 1447 1679 etc.
1464 1651 1598 1686 (Ilabctur
1612 1652 1638 1679 in
1652 1651 1746 1683 Ollicio

955 1697 987 1723 de
998 1696 1153 1732 baptismo.)

993 1764 1024 1791 Et
1038 1771 1180 1799 responso,
1196 1770 1288 1797 Amen,
1311 1766 1446 1801 signatum
1467 1775 1547 1795 cruce
1561 1768 1673 1795 dimittit
1688 1778 1696 1795 :
1719 1779 1723 1793 t
1737 1773 1746 1796 ι

956 1811 1079 1845 sequenti
1095 1811 1138 1838 die
1151 1812 1318 1840 exorcismos
1331 1813 1497 1848 aggreditur.
1513 1813 1613 1841 lterum
1627 1822 1745 1848 namque

956 1856 983 1882 in
1001 1855 1129 1890 templum
1150 1856 1225 1883 illum
1247 1858 1374 1885 sacerdos
1393 1858 1507 1892 inducit,
1524 1864 1551 1886 et
1567 1860 1593 1886 in
1608 1859 1706 1887 facient
1719 1866 1746 1887 rt

955 1901 981 1928 in
997 1909 1077 1929 aures
1092 1902 1152 1938 ejus
1167 1903 1291 1931 exanﬂlnt
1305 1913 1311 1930 :
1323 1904 1595 1940 exorcismorumque
1606 1907 1746 1934 orationes

955 1947 1102 1983 subiungit,
1115 1957 1264 1985 rursusque
1279 1958 1360 1978 cruce
1374 1951 1508 1986 signatum
1521 1953 1644 1980 dimittit.
1655 1952 1745 1987 Atque

954 1994 989 2020 ita
1010 1994 1140 2030 deinceps
1159 2000 1188 2022 ut
1214 1997 1428 2024 catecbumcnus
1455 2005 1509 2029 seu.
1530 1999 1693 2031 instructus,
1719 2000 1753 2032 in,

954 2040 1068 2068 ecclesia
1089 2043 1228 2076 morandi,
1248 2047 1276 2070 et
1298 2042 1455 2077 scripturas
1471 2044 1598 2071 audiendi
1617 2044 1661 2079 jus
1675 2045 1745 2072 obti—

955 2091 1010 2113 net.
1042 2086 1143 2124 Deinde
1169 2088 1297 2122 perfectis
1323 2089 1449 2117 omnibus
1475 2090 1547 2118 circa
1580 2090 1744 2126 baptismum

953 2133 1087 2160 ordinatis
1101 2155 1108 2166 ,
1126 2134 1215 2161 divina
1231 2136 1436 2171 regeneratione
1452 2137 1549 2172 dignus
1565 2138 1691 2167 habetur.
