1948 3077
129 184 196 217 i333
819 185 1044 216 ORATIONES-
1689 177 1757 209 1373.1

855 345 1033 375 NOTITIA.

737 440 864 471 (ιεουιειι,
879 440 922 465 Or.
934 439 1024 466 Christ.
1038 440 1067 464 t.l
1081 447 1104 470 p.
1119 439 1187 469 593.)

160 535 269 570 Synodo
286 536 603 573 Constantinopolitatm,
617 546 676 573 qua:
692 543 752 572 post
763 537 850 564 sancti
868 536 961 571 lgnatii
980 536 1083 562 obitn-n
1098 536 1132 562 ob
1150 536 1275 563 thinm
1288 537 1442 563 restitutum
1456 541 1550 563 coacta
1563 541 1604 563 est
1619 557 1626 568 .
1645 537 1754 564 atlnissc

123 583 151 606 et
171 579 369 614 subscripsisse
393 581 490 617 legitur
511 582 644 617 Georgius
668 581 848 614 Nicomedi-aa,
864 581 892 606 Γε

983 589 1002 605 ιυ
1022 579 1209 615 mmmam;
1221 600 1227 611 ,
1246 579 1383 615 Γεώργιος
1405 579 1601 615 Νικομηδειας.
1620 579 1667 608 Sic
1689 589 1752 616 pro-

123 621 196 650 fecto
212 623 367 658 legendum,
386 634 438 652 non
455 631 484 653 ut
505 626 660 653 llarduinus
674 626 700 652 in
717 626 835 652 editione
852 624 1029 651 Conciliorum
1044 623 1206 658 Γρηγορὶου,
1231 622 1367 659 Gregorio.
1385 623 1483 650 Pltotio
1503 624 1630 650 nimirum
1657 626 1753 651 arctis-

123 666 192 693 sitna
210 668 373 702 conjunctus
390 670 592 697 necessitudine
605 675 664 697 erat
684 669 810 704 Georgius
829 667 1050 698 Nicomediensis,
1065 675 1144 701 quem
1162 667 1248 701 prima
1273 668 1346 700 vice,
1366 675 1417 702 qua
1435 667 1746 702 Constantinopolitana:

121 712 197 739 sedis
211 719 321 746 compos
340 712 405 745 fuit,
427 721 460 740 ex
476 721 578 748 magna
591 714 714 741 ecclesia:
734 712 961 747 Chartophylacc,
980 711 1111 746 Bithynia:
1134 712 1274 746 metropoli
1294 711 1469 745 imposuerat.
1491 712 1518 738 ΙιΙ
1542 711 1616 746 quod
1637 711 1748 740 l’ltotius

122 755 181 788 ipse
197 760 312 782 testatur
330 756 410 790 epist.
426 756 471 788 2-1,
492 765 573 791 quam
592 758 624 784 ad
640 758 726 791 ipsum
746 757 854 791 scripsit
879 756 891 781 l

986 764 1008 790 ῳ
1027 755 1212 790 μητροπολὶτῃ
1236 754 1438 790 Νικομηδεξας,
1453 754 1564 789 Georgio
1589 754 1753 783 Nicomedia:

122 799 308 832 metropolitm.
322 799 396 827 Alias
407 808 515 834 quoque
528 800 565 827 illi
585 800 715 835 epistolas
730 800 884 834 dedit,quzn
893 804 1002 826 exstant
1019 800 1098 826 hodie
1112 809 1119 826 :
1137 808 1169 827 ac
1183 800 1272 826 missis
1289 800 1361 831 aliis,
1375 799 1456 834 epist.
1472 799 1533 831 126,
1552 807 1613 834 qua:
1629 800 1748 827 Eusche~

123 843 200 869 moui
221 843 353 870 Caesareae
370 848 396 870 et
418 844 504 871 eidem
532 843 641 879 Georgio
670 843 833 871 Nicomedia:
853 844 1022 876 inscribitur,
1047 843 1129 871 veluti
1159 850 1189 870 se
1216 842 1364 878 Byzantina
1387 843 1452 870 sede
1472 843 1600 878 ejectum,
1625 844 1663 870 ita
1693 844 1753 872 illos

121 893 244 921 quoque,
265 892 294 914 ut
317 895 364 923 par
386 893 464 920 erat,
484 889 586 924 lgnalio
615 889 741 916 thronum
765 897 843 917 suum
872 880 1020 922 recipiente
1041 887 1144 923 cjectos
1156 887 1303 923 signiﬁcat.
1323 887 1432 914 Illorum
1455 888 1636 915 constantiam
1655 888 1747 916 laudat

122 939 203 969 atque
221 935 345 963 ﬁduciam
373 938 398 964 in
416 937 498 964 Deum
529 937 659 966 adversus
681 939 813 966 tnalorum
835 938 1019 973 ingruentium
1043 941 1252 972 tempestatem,
1277 945 1357 973 quant
1379 938 1533 973 tyrannidis
1567 936 1750 964 inleusionem

120 989 222 1009 vocare
239 990 291 1010 non
308 983 412 1011 dubitat
427 985 590 1012 vaferrimus
609 986 760 1019 simulator,
784 986 842 1020 ipse
869 993 954 1020 nuper
970 984 1128 1020 Byzantina:
1153 985 1282 1012 Ecclesia:
1300 991 1430 1020 tyrannus
1442 1007 1449 1018 ,
1476 986 1523 1012 τὸν
1540 983 1665 1020 χειμῶνα
1693 982 1749 1010 τῶν

121 1026 216 1053 κακῶν
242 1028 289 1055 καὶ
305 1028 353 1062 τῆς
363 1029 520 1064 τυραννίδος
536 1030 733 1065 ἐκτεινόμενον.
751 1030 890 1058 Nicomedi

978 1038 985 1057 ι
1001 1031 1091 1065 itaque
1105 1030 1196 1058 sedem
1214 1029 1350 1065 Georgius
1363 1030 1466 1065 lgnatio
1483 1030 1612 1057 defuncto
1629 1029 1747 1064 repetiit.

121 1069 208 1104 Hujus
232 1071 324 1105 utique
348 1077 412 1099 sunt
438 1073 560 1102 llovuilize
583 1073 691 1109 Georgii
708 1074 880 1105 Nicomedia),
909 1081 976 1108 quas
998 1073 1177 1102 Combeiisius
1193 1074 1286 1101 Grtece
1314 1073 1464 1108 Latineque
1485 1074 1622 1109 evolgavit
1641 1077 1705 1099 tom.
1736 1072 1744 1098 Ι

120 1113 198 1141 Auct.
219 1113 289 1141 Bibl.
308 1113 366 1142 PP.
390 1116 488 1147 Grata.
507 1125 558 1144 non
575 1119 719 1145 anterioris
743 1119 788 1153 qui
807 1123 927 1153 tempore
944 1117 1060 1145 lleraclii
1076 1117 1141 1153 imp.
1157 1123 1185 1145 et.
1213 1117 1321 1153 Georgii
1347 1117 1443 1145 Pis-ide
1468 1118 1599 1145 claruerit
1613 1137 1619 1148 .
1642 1121 1669 1144 ut
1694 1116 1753 1143 viro

120 1157 281 1186 doctissimo
304 1159 390 1186 visum
410 1165 461 1189 est.
480 1161 546 1188 Vide
563 1161 646 1189 Leon.
666 1162 748 1189 Attat.
772 1161 894 1189 Diatriba
913 1162 945 1188 de
962 1160 1081 1196 Georgii:
1094 1181 1102 1192 ,
1127 1169 1188 1196 pag.
1211 1161 1274 1189 515.
1297 1161 1430 1196 Georgius
1456 1161 1621 1189 Nicomedia:
1647 1164 1749 1187 metro-

121 1202 203 1236 polita
226 1205 296 1238 apud
313 1205 498 1234 doul'tssimum
509 1207 633 1235 abbatem
650 1208 789 1236 Nicolaum
816 1208 981 1243 Papatlopoli
1009 1206 1127 1233 Prwuat.
1155 1212 1268 1242 myslag.
1292 1214 1362 1241 resp.
1390 1207 1417 1239 6,
1442 1212 1509 1234 sect.
1541 1206 1566 1232 ’1.
1597 1205 1634 1232 De
1655 1205 1751 1239 proba-

121 1246 238 1274 tioniqu
248 1249 363 1282 testium,
378 1258 404 1276 n.
422 1250 448 1282 5,
466 1258 480 1277 a
496 1250 622 1279 Matthmo
633 1253 767 1280 monacho
782 1253 882 1280 citatus
897 1251 1039 1280 ferturtib.
1053 1251 1091 1278 De
1107 1251 1295 1278 traditionibus
1312 1251 1494 1278 ecclesiasticis
1509 1251 1550 1277 tit.
1567 1249 1604 1276 De
1614 1249 1750 1282 judicibtu

122 1296 220 1316 latr”.

147 1443 868 1456 mm
897 1451 1745 1459 __._____—______________.__V.________

322 1549 610 1599 ΓΕΩΡΓΙΟΥ,
648 1552 1098 1597 ΜΗΤΡΟΠΟΛΙΤΟΥ
1134 1553 1543 1601 ΝΙΚΟΜΗΔΕΙΑΣ,

763 1690 1108 1758 ΛΟΓΟΙ.

275 1911 548 1976 GEORGII,
585 1914 1039 1961 METROPOLITZE
1079 1916 1556 1964 NICOMEDIENSIS
1573 1949 1588 1970 θ

693 2067 794 2130 ΟΒ
805 2065 1045 2131 ATION
1053 2068 1168 2133 ES.

777 2306 1087 2369 MONITUM.

149 2423 224 2456 ρυοιι
240 2423 303 2451 olim
321 2424 516 2458 parturiebam,
536 2429 564 2451 ut
582 2424 674 2452 Maria:
688 2425 775 2453 sacris
790 2433 839 2460 pro
856 2426 988 2454 concione
1001 2426 1198 2461 laudatoribus,
1217 2429 1334 2463 amplam
1356 2429 1382 2456 in
1399 2429 1518 2466 Georgio
1537 2430 1737 2460 Nicomedicasi

112 2467 237 2495 olierrem
253 2468 312 2503 ejus
328 2469 467 2496 laudanda:
481 2473 609 2503 segetem,
632 2470 710 2504 modo
726 2470 847 2503 tandem,
867 2471 922 2498 Deo
937 2471 1007 2498 votis
1025 2476 1174 2505 annuente,
1194 2473 1326 2506 produco.
1354 2473 1569 2502 Prmclarissinta
1585 2475 1669 2503 otiero
1697 2477 1742 2504 de,

114 2512 247 2539 votissimi
264 2512 356 2539 Maria:
372 2513 521 2540 laudatoris
536 2515 562 2539 in
579 2513 712 2546 eamdem,
729 2513 842 2548 ejusque
859 2515 1010 2549 praesertim
1031 2516 1153 2549 exordia,
1180 2524 1212 2544 ac
1239 2516 1394 2550 infantiam,
1414 2525 1590 2547 monumenta
1604 2529 1611 2554 ;
1632 2526 1661 2547 ut
1672 2521 1747 2554 'nihil

112 2557 162 2584 hoc
173 2563 335 2592 argumento
352 2558 511 2592 prazclarins
533 2557 616 2589 forte,
632 2562 677 2584 aut
692 2559 807 2586 ediderit
823 2563 928 2587 vetusta
945 2564 1023 2593 aalas,
1050 2565 1099 2588 attt
1116 2569 1197 2594 nova,
1211 2567 1359 2597 nostraque
1388 2564 1497 2592 viderit.
1523 2565 1595 2601 Scio,
1611 2575 1671 2594 cum
1687 2568 1747 2594 aliis

112 2599 169 2628 fore
185 2601 359 2629 admirationi
380 2602 444 2636 styli
459 2603 575 2628 nitorem
593 2609 626 2629 ac
643 2601 804 2630 elocutionis
816 2603 946 2638 gratiam,
968 2605 990 2632 si
1005 2605 1085 2632 modo
1098 2606 1198 2640 ipsum,
1214 2607 1311 2641 lector,
1325 2607 1472 2643 Georgium
1485 2611 1554 2645 apud
1573 2599 1671 2645 ipsum,
1685 2612 1746 2640 tibi-

111 2652 164 2679 que
181 2653 231 2680 per
247 2653 277 2673 se
292 2646 459 2681 loquentem,
477 2647 552 2673 adire
569 2647 667 2681 possis.
683 2646 757 2674 Nihil
774 2649 847 2675 enim
864 2657 952 2676 meam
968 2656 1061 2677 moror
1076 2651 1240 2684 versionem,
1256 2659 1336 2686 quam
1353 2653 1404 2680 etsi
1431 2662 1486 2682 non
1508 2656 1604 2682 malam
1629 2658 1738 2684 omnino

111 2692 203 2720 facere
224 2692 329 2725 studui,
348 2693 419 2719 haud
437 2697 525 2720 tamen
545 2693 665 2727 polliceri
683 2694 783 2729 possim
797 2695 949 2722 absolutam
963 2696 1090 2724 omnibus
1114 2698 1247 2728 numeris,
1265 2702 1292 2725 et
1316 2703 1346 2726 ut
1373 2699 1460 2735 ipsum
1491 2701 1517 2728 in
1544 2709 1574 2729 ea
1600 2701 1745 2737 Georgium

111 2738 266 2766 desiderare
284 2745 336 2766 non
351 2740 449 2773 possis.
465 2738 603 2773 Epocltam
618 2740 674 2775 ipse
690 2739 798 2775 Georgii
814 2741 961 2776 plurimum
987 2743 1136 2777 desidero;
1154 2744 1262 2772 tametsi
1281 2745 1314 2772 ad
1336 2745 1454 2774 Heraclii
1478 2752 1597 2781 tempora
1624 2748 1745 2777 referen-

110 2781 172 2809 dam
189 2783 316 2815 suadent,
335 2790 393 2816 quze
410 2783 446 2810 illi
463 2791 494 2810 ac
505 2783 623 2818 Georgio
638 2783 735 2812 Pisidia
750 2785 775 2811 in
794 2785 854 2813 aliis
877 2785 994 2821 atiisqtte
1021 2787 1161 2816 codicibus
1184 2789 1278 2817 eadem
1307 2789 1438 2825 inscripta
1466 2795 1593 2824 exstent;
1613 2797 1740 2826 tanquam

112 2833 181 2854 unus
197 2826 322 2861 idemque
353 2831 448 2854 auctor
465 2833 555 2855 exstat
569 2836 574 2854 :
588 2835 668 2862 quam
693 2827 877 2856 diﬂicultatem
899 2837 949 2857 suo
964 2831 1006 2857 vir
1029 2832 1206 2861 doctissimus
1233 2832 1286 2861 Lco
1308 2833 1424 2862 Allatius
1449 2842 1524 2862 more
1541 2835 1699 2869 illustrabit,
1716 2842 1744 2864 ut

109 2870 272 2904 quandoque
288 2878 364 2896 suam
378 2871 410 2897 de
426 2870 554 2906 Georgiis
575 2872 790 2900 lucubrationem
801 2872 871 2907 juris
889 2874 987 2907 publici
1011 2874 1104 2902 faciat.
