1948 3077
135 281 260 317 ριουσίας
275 281 452 313 ἀνατιθέντες
463 281 534 317 Θεῷ,
548 282 756 317 ὑπερετὲθησαν
776 282 829 308 τῶν
851 291 921 318 καρ-

132 326 348 362 ποέορησάντων
382 327 511 353 ἁπάντων
556 322 593 362 τῆ
633 327 823 362 μεγαλοψυχίᾳ
866 327 921 353 τῶν

131 373 359 408 προσαγομένων.
378 372 549 407 Προσέςεερε
563 373 627 408 γὰρ,
656 374 750 408 φησιν,
787 373 922 407 Ἰωιικείμ

131 418 227 447 διπλᾶ
237 418 272 445 τὰ
282 417 362 452 δῶρα
377 419 483 450 αὑτοῦ,
501 418 598 452 λέγων
608 427 614 434 ·
633 419 729 444 Ἔστω
748 417 780 444 τὸ
794 418 850 452 τῆς
868 425 921 444 πε-

128 465 270 499 ριουσίας
279 473 338 499 μου
350 464 441 491 παντί
451 463 489 496 τῷ
502 458 577 497 λαῷ,
587 465 637 491 καὶ
657 465 688 491 τὸ
708 464 764 498 τῆς
784 465 921 499 ἀφέσεως

128 521 189 547 μου
199 510 343 545 Καρίῳ-ἰῷ
368 510 438 543 Θεῷ.
460 511 492 536 Ὢ
508 511 562 536 τῶν
588 511 795 545 εὐπροσδέκτων
818 510 921 537 τούτων

132 558 248 594 ὃώρωνί
268 557 290 584 ὣ
306 557 498 592 καρποφορίας
517 558 546 583 ἐν
573 557 720 592 ἁπυλήτοις
739 557 922 591 ἀπο-τεθείσης

132 602 300 637 θησαυροῖςι
316 601 337 627 ὢ
357 601 472 627 πλούτου
502 601 551 635 τὴν
578 602 714 628 ἀκένωτον
735 602 788 628 τῶν
811 602 922 636 ἀγαθῶν

132 647 348 683 θησαυρίσαντος
370 647 522 681 ἁφθονίανί
542 647 564 673 ὣ
585 647 772 683 προαιρέσεως
787 649 819 682 τῇ
845 648 922 682 δαψι-

131 693 192 727 λείᾳ
220 693 274 718 τῶν
292 692 534 728 καλλιερουμένων
562 693 776 728 θαυμαζομένης
791 693 798 720 l
813 694 929 729 Ὥσπερ,

133 739 278 774 (Menelai:
295 739 330 765 τὰ
351 740 424 766 κατὰ
453 741 572 774 θεσμοὺς
595 739 769 774 διοριζὸμενα
785 739 922 774 προσάγε-

134 784 197 810 σθαι
212 784 327 817 δίκαιον,
343 783 415 811 οὕτω
432 785 479 811 καὶ
492 785 522 811 τὸ
536 785 586 819 τῆς
603 785 764 820 περιουσίας
779 785 854 812 ἆπαν
881 785 921 819 τῷ

132 827 191 863 λαῴ
206 829 254 855 καὶ
271 830 327 859 τοῖς
343 829 441 855 ἐνδεέσι
472 829 649 865 προτίθεσθαι
677 830 763 863 ἄξιον.
783 829 842 865 Θεῷ
867 830 920 866 γὰρ

134 874 182 900 καὶ
199 874 286 901 ταῦτα
299 874 343 900 διὰ
360 874 412 901 τῶν
426 875 579 910 δεχομένων
597 877 791 911 προσάγονται·
806 877 852 902 καὶ
867 876 919 907 τίς,

133 917 268 953 ὧδίκαιε,
290 920 382 956 νόμος,
405 921 419 946 ὁ
436 921 485 956 τὴν
510 922 539 948 ὲν
564 921 650 957 διπλῷ
677 921 730 948 τῶν
759 921 852 958 δώρων
875 922 922 948 καὶ

133 967 334 1002 ἀφαιρεμάτων
349 968 534 1003 προσαγωγὴν
550 968 823 1003 παρακελευόμενος;
846 969 922 998 ποῖος

133 1013 161 1039 δὲ
180 1012 281 1047 θεσμὸς
307 1013 339 1040 τὸ
357 1013 407 1048 τῆς
420 1014 581 1049 περιουσίας
600 1013 673 1041 ἅπαν
696 1013 872 1049 διανέμεσθαι
883 1015 922 1048 τῷ

133 1057 192 1093 λαῷ
215 1060 397 1094 προστάττεις
421 1059 512 1094 Νόμος
543 1059 602 1094 μὲν,
621 1059 714 1093 φησιν,
743 1059 841 1092 οὐδεὶς,
862 1059 922 1085 οὐδὲ

135 1104 236 1140 θεσμός
264 1114 306 1136 τις
328 1105 342 1131 ὁ
371 1104 457 1131 ταῦτα
481 1106 699 1139 καταναγκαζων
725 1107 831 1132 ποιεῖν’
855 1105 921 1140 παρ’

135 1150 225 1184 ἑαυτῷ
241 1150 269 1176 δὲ
297 1150 327 1176 τὺ
348 1150 430 1177 καλὸν
455 1151 639 1185 ὲφευρὼν,ὡς
668 1151 776 1186 αἱρετὸν
798 1151 827 1177 ὃν
851 1150 921 1185 Θεῷ,

134 1195 300 1231 ἀποπληρῶ-
325 1196 424 1229 Αὑτοῦ,
453 1198 546 1231 φησιν,
563 1197 577 1223 ὁ
594 1197 781 1233 δεδωρημένος
796 1197 920 1230 πλοῦτος,

134 1241 212 1277 αὑτῴ
225 1243 273 1269 καί
288 1242 470 1269 ἀντιδίδοσθαι
488 1243 604 1270 δίκαιον.
628 1244 684 1278 Τῆς
705 1243 786 1270 αὑτοῦ
812 1252 921 1279 προμη-

135 1287 212 1319 θείας
236 1288 390 1323 εὐεργεσίαι
415 1288 609 1322 τυγχάνουσαι,
639 1288 921 1323 ἀντευεργετείτωσαν

134 1333 198 1364 τοὺς
209 1333 372 1368 ὁμοφύλους.
390 1334 536 1369 Περιουσία
551 1335 585 1360 τὰ
600 1334 741 1368 δεδομένα,
753 1335 792 1366 είς
812 1335 923 1369 περιού-

136 1387 194 1405 σιον
204 1379 349 1413 διαχείοοω
373 1379 448 1406 λαόν.
462 1379 548 1414 Χάρις
564 1378 628 1405 ὄντα
654 1379 749 1412 ταῦτα,
765 1380 815 1405 οὐκ
834 1379 922 1415 ἔργων

134 1424 258 1459 ἀμοιϐαὶ,
283 1426 339 1456 τοῖς
363 1425 507 1461 πράγμασι
534 1425 564 1451 τὸ
588 1425 674 1460 ὄνομα
693 1425 858 1460 βεϐαιούτω’
873 1425 922 1460 τὴν

134 1470 182 1497 τοῦ
206 1471 391 1506 χαρισαμένου
421 1471 579 1506 κηρυττέτω
602 1470 818 1505 φιλανθρωπίαν.
838 1471 923 1506 Μερι-

134 1515 276 1548 ζέσοωσαν
290 1517 331 1548 είς
349 1516 474 1547 πλείονας
500 1517 528 1542 αἱ
557 1516 604 1543 τοῦ
630 1516 746 1543 πλούτου
770 1516 920 1552 φροντίδες,

136 1561 239 1596 μᾶλλον
259 1562 287 1589 δὲ
304 1563 335 1589 τὸ
352 1563 406 1590 πᾶν
434 1562 517 1589 αὐτοῦ
537 1563 567 1596 ἐξ
588 1563 666 1598 ήμῶν
695 1562 922 1598 ἀποφορτιζέσθω

135 1608 229 1642 βάρος.
247 1607 424 1640 Σκεδαζέσθω
434 1608 488 1634 τῶν
504 1608 688 1643 αἰσθητηρίων
709 1609 723 1634 ὁ
738 1608 792 1634 τῶν
812 1608 922 1643 χρημά-

135 1663 189 1680 των
205 1654 295 1689 δχλος⁷
313 1653 360 1681 τοῦ
385 1654 440 1682 τῶν
465 1653 544 1680 θείων
565 1654 769 1688 ἀνεμποδίστως
788 1654 921 1689 ἀντιλαμ-

136 1699 266 1727 ϐάνεσθαι
282 1700 470 1736 χαρισμάτων.
501 1699 710 1726 Ἀπελαυνέσθω
730 1699 776 1726 τοῦ
792 1699 922 1734 λογισμοῦ

135 1746 166 1773 τὺ
177 1746 340 1772 ἐπισκοτοῦν
358 1746 411 1772 τῶν
429 1745 569 1781 μεριμνῶν
582 1746 673 1780 νέφος,
689 1745 737 1772 τοῦ
756 1746 828 1780 μόνῳ
838 1745 923 1772 καθα-

138 1792 192 1828 ρῶς
205 1792 245 1827 τῷ
254 1793 350 1826 φέγγει
371 1792 421 1827 τῆς
441 1792 576 1824 ἀπαθείας
592 1792 765 1824 ὲνατενίζειν.
783 1791 828 1827 Μὴ
853 1792 923 1818 καθ-

136 1838 256 1865 ελιιέσθω
269 1838 300 1864 τὸ
312 1838 411 1872 πτερὸν
421 1839 471 1873 τῆς
490 1837 609 1869 διανοίας
629 1838 683 1864 τῶν
708 1839 923 1873 μετεωροπὸρων

136 1885 317 1919 ίχνευμὰτων,
334 1885 373 1920 τῷ
389 1884 466 1919 βάρει
486 1884 539 1910 τῶν
556 1884 697 1920 ἐπικήρων
712 1884 904 1919 διανοημάτων
915 1892 922 1898 '

135 1930 276 1957 ἀκώλυτον
290 1929 339 1966 τὴν
353 1931 422 1965 πρὸς
435 1931 470 1956 τὰ
485 1931 554 1956 ᾶῠλα
569 1930 701 1956 διανυέτω
714 1930 793 1956 τοῦτο
804 1930 904 1965 πτῆσιν
915 1940 921 1946 ·

134 1977 313 2012 ἀπερίκτυπα
330 1976 364 2002 τὰ
392 1977 441 2011 τῆς
464 1976 554 2011 ψυχῆς
577 1973 634 2002 ὦτα
657 1976 703 2003 τοῦ
720 1976 775 2002 τῶν
800 1977 923 2011 ματαίων

134 2023 297 2057 διαμένοντα
312 2021 451 2057 θορύϐων,
481 2023 531 2058 τὴν
555 2023 610 2048 τῶν
635 2022 724 2053 ἁΰλως
739 2023 924 2058 ἑορταζόντων

135 2067 285 2103 ἐνηχείσθω
311 2069 422 2103 φωνήν
448 2067 497 2103 τῆι,
513 2067 643 2102 γλυκείας
669 2068 724 2094 τῶν
746 2069 774 2094 ἐν
799 2069 924 2104 οὐρανοῖς

135 2113 328 2149 ἁγαλλομένων
343 2113 584 2148 ἁντιλαμὸανέσθω
604 2113 747 2147 μελῳδίας.
766 2114 820 2140 Καὶ
848 2114 920 2140 οὕτω

137 2161 186 2195 μὲν
199 2160 216 2195 ἡ
230 2159 285 2186 τῶν
297 2160 409 2186 δικαίων
425 2160 609 2194 καρποφορία,
632 2160 679 2186 καὶ
700 2160 775 2195 παρὰ
794 2161 923 2196 τοιαύτης

137 2204 326 2241 μεγαλοφυοῦς
342 2206 537 2244 προσαγομένη
569 2205 693 2241 γνώμης,
716 2206 764 2241 τῆς
789 2207 923 2242 καταλλή-

134 2252 181 2279 λου
194 2251 242 2278 τοῦ
257 2252 311 2278 τῶν
324 2251 393 2278 ὅλων
403 2251 470 2277 Θεοῦ
486 2251 662 2284 καταξιοῦται
675 2252 822 2286 ἀποδοχῆς.

170 2299 202 2325 υἱ
217 2298 245 2324 δὲ
271 2297 317 2324 τοῦ
338 2297 431 2331 γένους
457 2298 730 2332 συμμετεσχηκότες,
749 2299 795 2325 καὶ
820 2301 848 2324 ἐν
864 2301 924 2331 ταῖς

134 2344 265 2379 εὐσήμοις
289 2343 328 2378 τῷ
350 2343 446 2378 δικαίῳ
474 2344 766 2379 συγκαρποφοροῦντες
795 2346 924 2379 ἑορταῖς,

134 2391 165 2416 οὺ
181 2390 212 2416 τὸ
224 2390 274 2425 τῆς
287 2389 410 2423 φιλοθέου
425 2389 627 2424 μεγαλοψυχίας
639 2390 722 2416 αὑτοῦ
737 2391 924 2425 θαυμάζοντες

133 2437 277 2470 διάπυρον,
295 2435 335 2470 τῷ
355 2435 552 2471 ὑπερϐάλλοντι
577 2437 604 2462 δὲ
629 2437 730 2472 ταύτης
749 2437 925 2470 διαφθονοῦν-

133 2490 196 2512 τες,
213 2481 296 2515 ἔθιμα
312 2490 373 2508 τινα
393 2481 565 2515 προτείνουσι
582 2482 668 2517 αὐτῷ,
684 2482 718 2508 τὰ
737 2484 923 2518 καρποᾳορεῖν

135 2527 344 2562 ἀπαγορεύοντα
367 2527 444 2563 Θεῷ⁹
469 2528 575 2563 ἀτέχνῳ
596 2537 626 2554 τε
654 2529 711 2555 ὄντι
734 2529 780 2555 καὶ
796 2529 925 2564 ἀκάρπῳ,

134 2573 185 2608 τῆς
206 2573 254 2599 τοῦ
271 2573 365 2607 γένους
383 2574 558 2610 στερουμένῳ
578 2571 721 2609 διαδοχῆς.
741 2576 801 2602 Οὐκ
823 2575 926 2607 ἔξεστι

136 2619 191 2654 γάρ
206 2628 265 2649 σοι,
281 2620 362 2654 φησι,
377 2620 591 2655 προσενεγκεῖν
605 2621 640 2647 τὰ
653 2620 741 2654 δῶρα.
755 2622 856 2648 καθότι
871 2622 927 2648 οὐκ

135 2665 284 2698 ἐποίησας
299 2665 418 2700 σπέρμα
434 2666 470 2692 ἐν
484 2665 559 2699 υἱοῖς
576 2665 703 2699 Ἰσραήλ.
720 2666 797 2697 Τινὲς
817 2666 865 2699 μέν
877 2675 928 2699 φα-

136 2717 196 2735 σιν⁹
223 2711 284 2736 υὺκ
305 2709 408 2741 ἔξεστί
425 2718 475 2737 σοι
498 2710 615 2744 πρῶτον
640 2711 853 2746 προσενεγκεῖν
867 2719 874 2726 ·
890 2711 927 2743 ὡς

136 2788 253 2825 partem,
276 2783 347 2810 velut
368 2793 399 2812 ex
414 2786 573 2825 ⁸ιιιιιιιιιιῖιιιιιί
596 2787 688 2820 egenis
706 2787 842 2820 pnehcat:
859 2787 924 2820 olfe-

136 2821 253 2859 νιιιιίίιιιε
279 2825 368 2859 autem
395 2821 526 2859 εονομία·
548 2827 582 2859 ut_
597 2826 669 2848 recta
692 2823 760 2855 lege,
788 2829 819 2847 ac
848 2822 922 2855 juxta

135 2855 207 2894 quod
227 2854 268 2894 lex
298 2854 471 2894 dividendum
500 2857 605 2894 statuit,
633 2854 864 2894 patrca’qnzeﬂdam
891 2857 923 2883 de

136 2889 296 2917 melioribus
309 2889 424 2918 oﬂ'erant
441 2901 447 2918 :
465 2897 488 2917 ul
504 2893 536 2918 sit
553 2889 647 2920 allusio
663 2894 694 2919 ad
712 2892 776 2919 illud
792 2891 860 2919 Gen.
879 2900 920 2924 nr,

630 181 671 211 IN
692 180 981 211 CONCEPTIONEM
1001 183 1052 212 SS.
1074 184 1258 216 ΒΕΙΡΑΒΕ.

132 235 236 262 τούτων
257 234 480 271 ὑπερϐαίνοντες.
497 235 598 269 μᾶλλον
623 236 651 262 δὲ
676 236 706 262 τδ
733 238 787 263 πᾶν
805 238 854 271 τῆς
875 245 920 262 πε-

975 236 1099 264 detinitur
1120 258 1127 270 ,
1152 239 1200 265 sed
1227 243 1256 266 et
1285 239 1381 266 hormn
1411 237 1541 273 pleraque

1694 181 1762 223 1342

1587 242 1759 271 superarent.

975 283 1101 315 Quiuimo
1126 284 1258 319 quidquid
1277 284 1433 311 divitiarum
1453 283 1561 311 abunde
1581 287 1650 315 erat,
1666 290 1762 310 conse-

975 335 1084 356 t-rautes
1105 329 1172 361 Deo,
1189 331 1325 357 universis
1336 329 1514 357 offerentibus
1528 336 1652 360 munera,
1673 328 1759 356 dono—

975 383 1034 401 rum
1050 375 1252 409 magniﬁcentia
1266 376 1423 410 superiores
1440 379 1600 403 evaserunt.
1625 374 1758 410 θίγοι-εὐαί

973 421 1055 452 enim,
1074 421 1170 454 inquit,
1181 421 1304 448 Joac/zim
1325 430 1434 448 numera
1445 430 1492 448 sua
1503 421 1634 456 duplicia,
1651 421 1758 447 dicens:

973 467 1103 502 Sil,qu0d
1118 473 1155 495 est
1171 468 1340 494 abundantia:
1363 468 1483 494 ntewloti
1497 467 1613 501 populo;
1635 472 1660 494 et
1686 466 1757 501 quod

973 514 1143 545 remissionis,
1158 514 1269 540 Domino
1281 513 1346 541 Deo.
1363 513 1384 540 Ο
1395 519 1505 548 ειορρριιι
1520 514 1576 540 ιιιιιο
1591 512 1722 539 munera!
1738 511 1759 538 Ο

973 561 1152 595 prirnitiarum
1172 560 1273 587 oblatio
1290 560 1316 586 in
1342 558 1544 586 inviulabilibus
1567 557 1701 585 thesauris
1716 564 1760 584 re-

973 606 1059 641 posita
1071 607 1077 632 ί
1091 605 1113 633 Ο
1125 606 1236 637 ιιὶτίιίςυ,
1260 605 1448 632 inexhaustum
1472 604 1603 630 bonorum
1622 602 1758 630 thesauri-

972 656 1065 679 zautes
1081 652 1288 678 abundantiam!
1305 650 1326 678 Ο
1344 650 1480 681 voluntas,
1502 649 1657 676 oblaturum
1675 649 1759 683 largi-

974 704 1026 726 tate
1052 699 1225 726 admirationi
1251 698 1362 724 habita!
1387 696 1633 730 Quemadmodum,
1660 695 1758 729 inquit,

975 745 1078 779 justum
1101 749 1155 776 est,
1169 749 1197 771 ut
1209 749 1311 771 statuta
1331 743 1452 778 legitima
1467 741 1522 768 Deo
1539 741 1690 769 oﬂ’erantur
1702 760 1709 773 ,
1722 740 1758 767 ita

974 799 1039 819 sane
1055 799 1162 825 azquum
1181 791 1227 823 sit,
1255 795 1284 816 ut
1309 789 1438 823 quidquid
1466 788 1620 816 divitiarum
1656 787 1760 813 abunde

973 842 1024 867 est,
1045 836 1143 870 populo
1173 842 1204 861 ac
1226 834 1318 868 egenis
1338 833 1481 860 fruendum
1508 833 1671 866 praebeatur.
1692 832 1757 858 Nam

974 884 1031 910 lucc
1048 889 1166 916 quoque,
1180 889 1227 915 per
1243 888 1289 907 eos
1300 880 1344 914 qui
1360 880 1507 914 accipiunt,
1529 879 1582 905 Deo
1597 878 1758 905 olferuntur.

973 929 1102 962 Quaenam
1119 927 1190 954 enim
1205 934 1269 953 vero
1284 926 1337 958 lex,
1355 933 1371 953 ο
1395 926 1437 952 vir
1460 924 1544 958 juste,
1572 924 1608 951 ita
1627 923 1714 958 jubet,
1731 926 1760 950 ut

976 975 1047 1002 dona
1077 980 1159 1008 atque
1186 973 1322 1008 primitias
1347 972 1465 1006 duplicia
1493 971 1613 998 oil‘eras?
1635 971 1758 1004 Quonam

971 1022 1033 1056 jure
1046 1025 1208 1055 praeceptum
1217 1019 1309 1051 habes,
1320 1024 1349 1045 ut
1360 1018 1472 1053 quiquid
1481 1018 1637 1044 divitiarum
1655 1017 1760 1043 abunde

973 1071 1025 1098 est,
1041 1066 1066 1093 in
1090 1065 1217 1101 populum
1246 1064 1415 1092 distribuas?
1439 1063 1583 1098 Equidem,
1606 1064 1662 1096 ait,
1688 1062 1758 1089 nulla

974 1112 1016 1139 lex
1035 1118 1085 1145 est,
1103 1119 1151 1139 nec
1167 1110 1211 1145 jus
1225 1111 1318 1142 ullum,
1343 1116 1373 1137 ut
1398 1110 1430 1136 ad
1449 1109 1507 1136 hmc
1524 1116 1604 1143 cogar
1620 1117 1626 1135 :
1646 1113 1674 1134 at
1693 1115 1756 1135 cum

975 1158 1031 1192 ipse
1062 1165 1076 1184 ιι
1109 1157 1271 1191 nicmetipso
1302 1156 1402 1183 bonum
1433 1155 1596 1186 invenerim,
1631 1157 1785 1187 tanquam'

975 1204 1030 1231 Deo
1041 1208 1158 1238 gratum,
1176 1202 1240 1230 illud
1258 1202 1366 1236 impleo.
1387 1200 1461 1234 Ejus,
1479 1200 1578 1234 inquit,
1596 1204 1670 1231 sunt,
1689 1205 1756 1233 quas

973 1252 1044 1278 dono
1059 1249 1150 1283 accepi
1167 1248 1292 1279 divitias;
1305 1255 1393 1282 operae
1403 1246 1520 1280 pretium
1535 1249 1574 1272 est
1587 1248 1616 1270 ut
1635 1244 1657 1271 ei
1677 1243 1758 1269 vicis-

974 1298 1024 1323 sim
1055 1296 1212 1323 reddantur.
1238 1293 1418 1320 Providcntire
1437 1292 1496 1326 cjus
1517 1290 1648 1318 beneﬁcia
1674 1293 1759 1321 sunt;

973 1342 1151 1369 beneficentia
1171 1339 1378 1368 iucontrihules
1401 1337 1586 1365 conferantur.
1608 1336 1674 1368 Quae
1695 1336 1756 1361 data

974 1393 1046 1420 sont,
1069 1384 1432 1422 peculiisuutahundantia;
1450 1384 1476 1410 in
1493 1381 1657 1418 peculiarem
1678 1388 1761 1416 popu-

974 1435 1028 1461 lum
1041 1433 1236 1460 ditl'undantur.
1250 1430 1317 1458 Cum
1332 1430 1389 1456 ham
1402 1429 1489 1463 gratia
1502 1427 1566 1458 sint,
1586 1434 1640 1453 non
1656 1432 1761 1452 merces

973 1487 1096 1514 operum,
1126 1478 1193 1512 ipsis
1215 1477 1296 1504 rebus
1314 1482 1412 1502 nomen
1439 1473 1613 1504 conﬁrment,
1630 1479 1662 1498 ac
1677 1471 1760 1505 largi-

975 1525 1041 1552 toris
1055 1524 1248 1558 benignitatem
1267 1521 1426 1557 prmdicent.
1442 1519 1604 1547 Dividantur
1622 1519 1647 1544 in
1667 1517 1757 1552 plures

936 1579 958 1607 ς,
975 1579 1045 1599 cura:
1059 1570 1225 1602 divitiarum,
1238 1568 1302 1603 quin
1317 1567 1408 1601 potius
1422 1573 1503 1593 omne
1514 1573 1606 1592 earum
1621 1564 1726 1598 pondus
1743 1571 1757 1588 a

975 1618 1052 1646 nobis
1064 1617 1236 1652 ahjiciamus.
1254 1614 1408 1648 Dissipetur
1426 1612 1501 1646 longe
1518 1619 1531 1637 ιι
1547 1610 1672 1638 sensibus
1685 1608 1760 1635 turba

975 1664 1141 1695 divitiarum,
1164 1667 1193 1688 ut
1210 1661 1282 1688 mllio
1305 1658 1504 1693 impedimento
1523 1656 1567 1682 Dei
1584 1657 1654 1682 dona
1671 1653 1758 1687 perci-

974 1711 1058 1745 piant.
1076 1707 1173 1735 Procul
1190 1707 1325 1742 ahigatur,
1342 1712 1401 1739 qua:
1425 1702 1524 1730 rationi
1548 1701 1667 1728 oll'uudit
1684 1704 1762 1726 tene-

973 1757 1048 1788 bras,
1066 1752 1386 1783 sollicitudinumnubes,
1411 1754 1439 1776 ut
1461 1750 1487 1776 iu
1503 1748 1589 1775 solum
1618 1753 1685 1781 pure
1708 1745 1762 1772 ful-

975 1810 1066 1834 gorem
1083 1802 1190 1828 animus
1205 1799 1333 1827 immunis
1350 1799 1384 1825 ab
1412 1794 1603 1823 allectionihns
1621 1792 1756 1819 intendat.

974 1847 1014 1876 Ne
1041 1847 1140 1875 mentis
1155 1846 1196 1873 ala
1226 1843 1401 1879 cogitationis
1428 1846 1600 1869 terrenormn
1625 1837 1758 1873 gravitate

975 1893 1143 1925 detrahatur,
1166 1895 1195 1918 ut
1211 1900 1243 1917 ne.
1261 1889 1385 1917 sublimia
1399 1891 1490 1921 petat;
1516 1886 1631 1912 liberum
1658 1884 1690 1910 ad
1716 1890 1759 1909 res

975 1938 1110 1972 spiritales
1123 1936 1241 1963 volatum
1261 1934 1370 1961 haheat.
1393 1931 1495 1959 Solula:
1516 1930 1599 1957 animi
1624 1937 1704 1955 aures
1727 1929 1760 1954 ah

975 1985 1148 2018 obstrepente
1171 1981 1290 2008 inanium
1317 1978 1432 2006 tumultu
1458 1985 1561 2008 rerum,
1585 1983 1679 2003 eorum
1703 1982 1764 2009 quae

975 2029 1134 2065 spiritaliter
1158 2028 1330 2055 celebrantur
1356 2024 1506 2058 suscipiant
1541 2030 1657 2054 sonum;
1685 2021 1765 2048 dulce

975 2076 1109 2103 modulata
1124 2082 1218 2101 eorum
1250 2073 1293 2107 qui
1319 2073 1345 2099 in
1374 2071 1451 2098 caelis
1482 2069 1629 2100 exsultant,
1657 2068 1763 2094 cantica

976 2121 1135 2157 percipiant.
1151 2120 1190 2147 Ac
1209 2120 1245 2146 ita
1265 2118 1373 2153 quidem
1394 2117 1530 2151 juslorum
1547 2115 1659 2145 oblatio,
1675 2121 1765 2147 exque

975 2167 1118 2203 magniﬁca
1141 2165 1271 2200 ejusmodi
1288 2163 1408 2198 profecta
1441 2168 1540 2194 mente,
1568 2167 1715 2196 congruam
1732 2159 1766 2186 ab

975 2213 1094 2240 oumium
1107 2211 1162 2239 Deo
1176 2208 1375 2244 susceptionem
1393 2212 1524 2235 tueretur.

1012 2300 1146 2328 Caeterum
1162 2299 1208 2334 qui
1235 2298 1342 2333 generis
1368 2296 1498 2324 aiIinitate
1526 2295 1684 2331 conjuncti,
1704 2294 1767 2321 illu~

977 2347 1121 2373 strioribus
1136 2345 1353 2372 solemnitatibus
1371 2352 1423 2370 una
1438 2351 1500 2370 cum
1512 2342 1586 2376 justo
1603 2340 1765 2372 oil'crebant,

977 2392 1074 2419 nedum
1092 2391 1224 2425 religiosae
1241 2391 1299 2425 ejus
1315 2389 1524 2424 magniﬁcentiae
1549 2387 1661 2414 minime
1678 2386 1766 2412 adrni-

979 2437 1028 2464 rati
1050 2436 1202 2468 fervorem,
1227 2435 1276 2462 sed
1297 2438 1324 2462 et
1351 2435 1409 2468 ejus
1425 2434 1581 2468 prmstautia
1601 2432 1627 2458 in
1653 2431 1766 2458 livorem

978 2483 1042 2515 acti,
1061 2482 1179 2518 legitima
1196 2482 1319 2516 quaedam
1345 2479 1492 2514 objiciunt,
1510 2478 1608 2512 quibus
1634 2477 1656 2504 is
1673 2476 1767 2511 prohi-

977 2529 1087 2556 beretur
1113 2529 1167 2555 Deo
1185 2527 1303 2559 oﬁ‘erre,
1327 2527 1366 2553 uti
1400 2525 1503 2553 sterilis
1522 2532 1553 2551 ac
1582 2524 1642 2551 ﬁliis
1665 2524 1766 2554 orbus,

976 2576 1076 2610 quique
1092 2575 1200 2610 generis
1211 2574 1384 2601 successione
1400 2577 1518 2599 careret.
1546 2570 1607 2597 Non
1625 2571 1704 2600 enim,
1727 2568 1768 2595 in-

976 2622 1045 2657 quit,
1071 2621 1118 2647 tibi
1135 2621 1193 2647 licet
1218 2620 1312 2654 offerre
1329 2626 1451 2649 munera,
1468 2626 1497 2644 eo
1513 2616 1582 2652 quod
1603 2624 1653 2642 nou
1675 2614 1767 2648 feceris

976 2673 1061 2692 salven
1086 2666 1114 2692 in
1142 2665 1205 2697 ﬁliis
1222 2663 1318 2691 Israel.
1345 2662 1460 2696 Quidam
1482 2667 1572 2689 tamen
1590 2661 1700 2688 codices
1716 2660 1767 2686 ha-

978 2712 1062 2739 bent:
1082 2711 1142 2737 Non
1167 2711 1226 2737 licet
1245 2710 1291 2737 tibi
1308 2715 1334 2736 ut
1359 2710 1460 2744 primus
1486 2709 1581 2743 offeras
1596 2715 1605 2734 :
1622 2714 1677 2742 quo
1705 2713 1766 2733 eum

980 2786 1029 2812 “Av
1047 2787 1084 2821 μὴ
1101 2787 1189 2822 ὀρθῶς
1206 2786 1308 2821 διέλῃς,
1325 2786 1471 2822 ἧμαρτεςχ
1482 2783 1512 2811 Si
1529 2792 1579 2810 non
1593 2788 1661 2811 recte
1677 2784 1767 2822 (lit-ise:

979 2823 1025 2851 ris.
1042 2818 1156 2856 pet-uisu
1173 2830 1182 2848 :
1206 2818 1295 2856 sitque
1311 2818 1361 2847 vox
1378 2818 1502 2856 εὐνομία,
1520 2827 1572 2856 non
1593 2823 1697 2846 tantum
1713 2818 1767 2845 ἀπὸ

977 2854 1046 2887 τοῦ,
1057 2857 1150 2892 νόμος.
1166 2854 1259 2884 verum
1269 2857 1350 2883 etiam
1364 2890 1368 2892 ἓ
1381 2855 1434 2882 ἀπὸ
1443 2854 1501 2886 τοῦ,
1513 2854 1633 2892 νέμομαι
1645 2862 1650 2868 ι
1678 2862 1766 2888 quau-

979 2899 1059 2926 quant
1074 2889 1172 2920 desunt
1186 2891 1308 2926 exempla
1326 2890 1403 2925 hujus
1418 2889 1592 2924 acreptionis.
