1948 3077
103 129 170 160 13ἱῦ

601 125 642 155 ΙΝ
664 123 957 154 CONCEPTIONEM
977 123 1029 153 SS.
1050 122 1237 153 DEIPAILE.

1667 119 1734 150 1350

101 183 199 220 πληξιν
211 190 218 197 ·
232 182 261 208 οὺ
280 181 310 208 τὸ
323 180 372 216 τῆς
389 180 438 214 σῆς
456 179 623 214 κακοηθείας
639 179 805 214 παράλογον,
818 177 893 203 εὐλό-

949 178 1079 204 adversus
1094 177 1308 211 inerepationem
1326 175 1442 202 assumit
1456 183 1462 201 :
1476 182 1528 200 non
1543 174 1667 208 malignae
1683 180 1734 201 line

99 239 160 264 γοις
177 227 360 263 ἀποκρούεται
371 227 432 258 ταῖς
447 226 558 258 αἰτίαις’
577 225 643 252 ἀλλὰ
655 225 685 251 τὸ
698 224 894 260 εὐπρόσδεκτον

101 277 152 311 μὲν
165 275 220 302 τῶν
241 273 529 309 καρποφορουμένων,
553 271 584 298 τὸ
600 270 692 298 ἄδικον
712 271 741 297 δὲ
763 271 818 296 τῶν
840 269 894 295 σῶν

99 321 284 357 ἐπιπλήξεων,
298 320 348 347 ’διὰ
362 320 411 354 τῆς
428 319 495 353 πρὸς
507 318 575 344 Θεὸν
588 317 754 352 παρίστησιν
766 315 894 350 οἰκειότη-

98 377 155 400 τος·
172 368 239 403 εὐχῇ
266 367 315 401 μὲν
334 364 493 399 ἐπιτρέπων
509 363 558 398 τὴν
577 363 628 397 τῆς
650 361 778 392 ἀπαιδίας
804 361 892 393 λύσιν,

98 414 239 448 εὐφημίαν
254 412 282 438 δὲ
296 413 328 446 τῇ
346 410 485 442 ἐπιτεύξει
504 408 560 435 τῶν
574 408 629 434 σῶν
648 407 893 434 ἀντικαταλλαττό-

100 467 181 494 μενος
197 457 316 483 ὀνειδῶν.
333 454 441 490 Μικρὸν
457 453 511 488 γὰρ
528 452 641 487 ὕστερον
656 452 718 486 ὄψει
734 452 764 478 τὸ
779 452 828 486 τῆς
842 451 893 477 αὺ-

98 505 144 531 τοῦ
161 502 303 532 εὐπαιδίας
327 499 518 535 μεγαλόδωρον
541 498 620 530 κλέος
632 507 639 513 ·
655 497 714 532 ὕψει
735 497 766 523 τὸ
785 498 814 523 ὲν
837 505 892 523 πα-

98 548 179 584 τράσι
193 546 279 574 αὑτοῦ
291 545 510 580 ὑπεραιρόμενον
521 543 665 578 καύχημα,
682 543 730 577 τὴν
744 542 893 577 εὐκληρίαν

98 593 150 628 τῆς
165 592 285 626 φύσεως·
300 591 350 625 τὴν
365 589 420 617 τῶν
438 589 526 623 εὐχῶν
541 588 742 623 καρποφορίσν,
761 587 810 622 τὴν
826 596 892 622 μορ-

99 639 152 674 φὴν
166 638 224 674 [γρ.
239 635 366 672 μορφῆς]
393 635 443 670 τῆς
458 634 669 669 ἀνθρωπότητος
689 633 828 666 εὐλογίαν,
846 633 892 659 τὸν

99 685 215 719 ἄφθονον
241 683 357 710 πλοῦτον
371 703 378 713 ,
400 682 450 715 τὴν
469 681 610 715 ἀδιὰδοχον
633 679 822 714 εὐφροσύνην,
841 679 890 705 καὶ

99 730 150 763 τῆς
163 729 249 760 ὄντως
261 727 396 763 θυμηδίας
408 726 537 761 χορηγόν.

133 863 216 889 Οὕτω
235 862 301 896 γοῦν
322 862 337 887 ὁ
360 861 466 891 δίκαιος
489 859 662 895 μεγαλοφυῖᾳ
683 859 798 894 γνώμης
823 859 891 893 προς

99 910 163 940 τοὺς
191 908 408 941 ἐπιπλήττοντας
436 905 590 938 διατεθεὶς,
622 905 728 940 χαίρειν
755 914 784 932 τε
810 906 892 932 πᾶσιν

101 953 223 980 ἐπειπὼν
235 955 291 984 τοῖς
306 952 438 987 παροῦσι,
452 951 520 986 πρὸς
533 951 595 983 τοὺς
609 950 760 985 ὑπερφυεῖς
771 951 891 984 ἀγῶνοις,

102 1001 150 1026 καὶ
173 999 224 1033 τὴν
241 998 371 1024 ἐπίπονον
388 997 507 1032 ἐρημίαν
522 996 679 1028 ἀποδύεται,
699 997 769 1031 μήτε
787 996 837 1031 τῆς
852 996 892 1022 οτ-

102 1045 168 1072 καδε
191 1044 336 1079 φροντίσας
354 1043 543 1077 ὑποστροφῆς,
566 1043 635 1077 μήτε
662 1041 717 1068 τῶν
738 1042 798 1068 κατ’
819 1040 892 1068 οἶκόν

102 1099 155 1117 τινι
183 1090 218 1116 τὰ
241 1089 289 1116 τοῦ
315 1089 417 1115 σκοποῦ
444 1088 678 1123 προδιαοέμενος·
704 1088 772 1122 ὅπερ
797 1088 893 1118 ἅν-τις

101 1135 302 1170 στοχαζόμενος
312 1134 532 1169 διασκοπήσειεν,
546 1133 699 1169 παράδοξόν
713 1143 741 1160 τε
753 1133 832 1169 ὁμοῦ.
846 1134 893 1160 καὶ

100 1181 156 1206 τῶν
178 1180 229 1214 τῆς
252 1179 359 1214 φύσεως
380 1179 603 1214 ὖπερανεστηκδς
625 1179 789 1214 ἡττημάτων
811 1179 893 1214 εὑρή-

103 1234 186 1252 σειεν.
203 1225 236 1252 Τί
257 1225 312 1260 γὰρ
327 1224 360 1250 ἄν
379 1233 423 1255 τις
448 1224 508 1260 [Ζσ.
526 1224 591 1260 τοῦ]
616 1224 822 1259 ἀποθαυμάζειν
843 1224 892 1259 τὴν

100 1270 242 1304 φιλοοεῖαν
267 1268 370 1300 αὐτοῦ,
401 1269 448 1295 καὶ
472 1269 527 1295 τῶν
553 1269 656 1295 λοιπῶν
675 1269 892 1304 ἀπραγμοσύνην

101 1315 170 1351 πρὸς
178 1315 259 1341 αὑτὸν
269 1315 440 1342 ἀποτείνοιτο
449 1323 456 1346 ',
470 1315 501 1341 Τί
512 1315 601 1347 τοῦτο,
611 1314 831 1350 θαυμασιώτατε,
839 1315 893 1342 τῶν

101 1360 349 1396 προγεγενημένων
367 1360 482 1395 βουλεύῃ
499 1360 633 1394 δικαίωνς
655 1361 680 1387 τί
700 1361 892 1396 διανοούμενος

99 1409 140 1438 εἰς
155 1407 236 1442 ἔργον
252 1408 379 1443 ἐκφέρεις
401 1407 430 1434 τὸ
455 1407 600 1443 βούλημα;
623 1408 651 1434 τί
673 1408 706 1435 ἂν
728 1409 770 1443 εἴη
792 1409 822 1434 τὸ
843 1407 892 1443 τὴν

99 1454 206 1481 οἰκείαν
220 1454 384 1492 διαμερίσαν
404 1453 514 1488 σχέσιν;
537 1453 563 1479 τί
581 1454 611 1479 τὸ
634 1453 684 1488 τὴν
700 1454 748 1488 τῆς
768 1453 891 1480 συνοίκου

99 1501 148 1526 καὶ
168 1499 298 1526 κοινωνοῦ
320 1492 371 1525 ’τοῦ
390 1499 448 1534 βίου
474 1498 602 1534 διατεμὸν
620 1500 769 1533 συνάφειαν
785 1507 793 1531 ;
807 1499 863 1534 Οὐχ
878 1500 892 1526 6

102 1545 236 1580 συνδήσας
250 1546 361 1580 ταύτην,
376 1545 503 1580 καθάπερ
517 1546 557 1576 εἰς
569 1545 658 1579 σάρκα
672 1545 748 1580 μίαν,
761 1545 833 1572 οὕτω
845 1546 892 1572 καὶ

101 1593 142 1623 εἰς
162 1592 261 1627 βουλὴν
274 1592 324 1626 τὴν
340 1592 426 1626 αὐτὴν
450 1591 644 1626 συνήρμοσεν;
666 1592 715 1626 οὐχ
738 1591 777 1623 ὡς
796 1592 894 1619 ἄλυτον

101 1637 149 1663 τὸν
167 1638 206 1668 εἰς
222 1637 305 1671 αὐτὴν
322 1637 406 1672 ἐχρῆν
422 1636 561 1672 διατηρεῖν
577 1637 626 1671 τῆς
641 1636 765 1672 ὲνότητος
783 1637 892 1670 δειειμὺν¹

100 1682 174 1710 οὕτω
186 1683 233 1708 καὶ
248 1682 277 1708 τὸ
290 1683 388 1708 ταυτὸν
402 1682 451 1717 τῆς
467 1681 578 1717 γνώμης
593 1682 776 1709 ἀδιάσπαστον
791 1683 894 1717 φυλάτ-

101 1727 198 1754 τεσῡαι
214 1728 453 1762 παρασκευάζεινς
474 1728 526 1754 οὐκ
541 1727 596 1754 ἔδει
621 1728 690 1763 πρὸς
706 1728 769 1759 τοὺς
783 1728 895 1763 ὁμοίους

100 1773 207 1808 ταύτην
227 1773 372 1808 ἐπαλεῖψαι
389 1774 499 1806 πόνους,
523 1775 570 1801 καὶ
592 1773 687 1810 ὥσπερ
703 1773 749 1801 τοῦ
767 1775 874 1810 καρποῦ
886 1795 893 1806 ,

101 1819 174 1846 οὕτω
186 1819 234 1846 καὶ
245 1819 299 1846 τῶν
312 1819 400 1854 ἔργων
412 1820 479 1855 αὐτῇ
494 1820 542 1855 τὴν
557 1820 700 1847 κοινωνίαν
715 1822 895 1855 περιποιήσα-

104 1865 182 1897 σθαιῖ
210 1865 281 1891 Ἀλλ’
298 1865 323 1891 εί
340 1866 387 1892 καὶ
409 1865 453 1892 διὰ
472 1866 559 1892 ταῦτα
580 1866 629 1901 τὴν
647 1866 822 1902 ὑποστροφὴν
844 1866 895 1893 οὐκ

104 1911 236 1942 οὔδοκεῖς,
252 1911 298 1937 διὰ
312 1911 340 1937 δὲ
352 1910 383 1937 τὸ
397 1911 488 1942 ἀνίαις
510 1911 547 1946 μὴ
566 1911 725 1946 περιϐαλεῖν
748 1913 808 1942 ταῖς
828 1920 894 1945 σφο-

102 1957 263 1991 δροτέραις,
289 1957 383 1990 ἐχρῆν·
406 1956 449 1982 διὰ
469 1957 499 1983 τὸ
516 1956 553 1992 μὴ
576 1957 673 1988 ὀδύνας
693 1957 762 1992 αὐτῇ
784 1957 824 1992 τῷ
845 1958 895 1992 τῆς

103 2001 260 2036 ἀποδημίας
273 2001 362 2036 ἀδήλῳ
377 2001 536 2035 προξενίσαι
547 2009 554 2016 θ
572 2002 616 2028 διὰ
636 2003 665 2028 τὸ
687 2003 724 2038 μὴ
740 2002 778 2037 τῷ
797 2003 895 2037 ἀφανιί

102 2051 154 2084 τῆς
169 2048 304 2080 ἀπουσίας
318 2048 431 2083 μυρίαις
441 2049 500 2080 ταῖς
514 2049 749 2084 κατατρυχούσαις
761 2050 895 2081 ἐπινοίαις

103 2093 264 2128 ἐπιπλῆξαι.
287 2094 361 2120 Ἔδει
386 2094 414 2119 δὲ
432 2094 480 2120 καὶ
505 2094 539 2120 τὰ
566 2095 627 2120 κατ’
649 2093 724 2121 οἷκον
749 2095 894 2129 εὐπρεπῶς

102 2139 264 2173 διαθέμενον
278 2159 285 2170 ,
301 2138 372 2165 οὓτω
395 2139 462 2173 πρὸς
487 2139 521 2166 τὰ
541 2139 699 2175 καταθύμια
723 2141 893 2168 στέλλεσθαι.

103 2185 142 2211 Ἦ
162 2184 223 2211 οὐδὲ
248 2184 295 2211 τοῦ
321 2186 476 2220 περιουσίου
500 2186 655 2222 φροντίζεις
680 2186 796 2213 πλούτου
812 2187 895 2219 ,οὐδὲ

104 2230 174 2264 πρὸς
199 2230 249 2265 τὴν
272 2230 326 2256 τῶν
348 2231 527 2266 ὑπαρχόντων
550 2232 703 2268 ἐπιστρέφῃ
723 2233 840 2268 κτῆσιν,
859 2233 896 2264 ὡς

103 2276 288 2307 ἁσυνδύαστος
303 2277 335 2302 σὺ
347 2277 416 2312 πρὸς
430 2277 465 2303 τὰ.
477 2277 629 2312 φαινόμενα
644 2278 725 2310 καλὸν,
743 2279 790 2307 καὶ
801 2278 896 2316 ,ἀκρά-

103 2330 187 2356 τητος
201 2323 234 2356 τῇ
252 2322 403 2358 συνεχούσῃ
413 2322 468 2349 τῶν
483 2322 571 2358 ἡδέων
584 2324 709 2360 ἀνάγκῃ;
726 2324 796 2356 Ναὶ,
813 2323 896 2357 φησιν

103 2369 117 2394 ὁ
134 2367 238 2398 δίκαιος
251 2376 258 2382 ”
273 2368 350 2394 οὐδὲν
363 2368 468 2404 τούτων
485 2369 576 2396 ἱκανὸν
592 2369 642 2404 τῆς
660 2369 707 2395 τοῦ
721 2369 789 2396 Θεοῦ
805 2369 895 2396 διατε-

105 2415 166 2449 μεῖν
182 2414 382 2449 προσομιλίας·
404 2415 435 2441 οὐ
461 2415 571 2449 φύσεως
593 2416 698 2450 ἑνότης*
721 2416 770 2442 οὐκ
787 2416 896 2443 οἰκείων

105 2460 250 2494 ἀυνάφεια·
268 2460 298 2486 οὑ
315 2460 433 2487 πλούτου
447 2461 606 2495 περιουσία·
625 2462 656 2487 οὐ
675 2461 760 2495 φίλων
776 2462 894 2497 ἑταιρία.

103 2506 189 2532 Οὐδὲν
209 2506 224 2532 ὃ
235 2514 261 2532 τι
281 2506 336 2533 τῶν
352 2507 501 2542 ὁρωμένων
510 2507 645 2543 τερπνῶν,
664 2508 712 2543 τῆς
728 2507 845 2543 ἀοράτου
861 2517 895 2543 με

102 2552 158 2578 τῶν
173 2552 266 2579 καλῶν
280 2553 400 2587 ἐφέσεως
410 2554 568 2588 ἀπαγαγεῖν
581 2551 637 2580 οἷόν
647 2562 677 2580 τε
691 2554 724 2580 ἂν
737 2554 790 2589 εἴη.
809 2554 895 2588 Ἀγὼν

103 2597 249 2630 πρόκειται
272 2597 328 2624 τῶν
350 2598 488 2625 ἐπιπόνων
514 2599 651 2634 δεήσεων,
680 2599 759 2634 μόνον
780 2599 826 2626 ἐπὶ
846 2600 895 2634 τὴν

103 2643 196 2677 πάλην
212 2643 317 2678 γυμνὸν
331 2644 545 2679 ἐκκαλούμενος,
561 2645 684 2680 (ipsich
700 2645 787 2672 πάντα
801 2645 836 2672 τὰ
849 2646 894 2671 τὶν

102 2687 205 2722 δρόμον
219 2689 408 2724 διατέμνοντα.
426 2691 518 2725 Μηδὲν
536 2691 578 2727 εἴη
599 2691 629 2717 τὸ
643 2691 827 2727 ἐπιπροσθοῦν
840 2692 894 2718 τῶν

103 2734 259 2769 παρόντων,
273 2735 322 2762 καὶ
338 2736 368 2762 τὸ
382 2735 508 2764 σύντονον
523 2737 715 2773 παρακατέχον
728 2738 778 2773 τῆς
793 2738 894 2773 προΟυ·

106 2781 183 2814 piat;
199 2780 268 2807 Θεοῦ
293 2781 326 2808 τὰ
350 2781 486 2816 δεδομέναν
497 2783 662 2818 δωρήματα,
687 2784 746 2819 Θεῷ
764 2793 895 2820 παραχω-

103 2827 206 2862 pridem
225 2830 417 2864 περιέπεσθαι.

947 223 1046 249 mentis
1065 222 1180 249 alienam
1202 229 1216 248 a
1238 221 1342 248 ratione
1360 219 1573 251 accusationem,
1592 219 1665 246 fultis
1689 228 1733 246 ra-

947 267 1020 294 tione
1041 267 1273 294 criminationibus
1298 266 1434 297 retundit,
1458 266 1503 292 sed
1524 272 1573 292 sua
1597 265 1624 292 in
1650 265 1734 291 Deum

947 313 1164 344 necessitudine,
1183 320 1241 339 eum
1258 319 1400 339 munerum
1419 311 1569 338 oblaturum
1594 315 1733 344 acceptant

946 362 1103 395 bonitatem,
1121 366 1177 388 tum
1202 360 1417 394 inerepationum
1440 364 1546 385 tuarum
1572 357 1733 391 injustitiam

945 408 1073 439 ostendit,
1087 408 1131 441 qui
1149 407 1275 441 precibus
1291 406 1401 440 quidem
1430 404 1619 431 liberationem
1633 403 1666 430 ab
1678 408 1734 430 ste-

946 455 1047 481 rilitate
1071 453 1242 484 committat,
1262 451 1450 485 celebremque
1477 449 1593 476 nominis
1613 448 1732 479 famam,

945 507 992 535 pro
1008 499 1039 525 iis
1057 497 1212 533 opprobriis
1227 497 1324 531 quibus
1340 495 1475 530 appuliisli
1490 515 1497 526 ,
1514 499 1733 521 conuuutaturus

944 546 986 572 sit.
1008 544 1085 571 Brevi
1110 543 1209 578 quippe
1229 543 1336 569 visurus
1357 549 1386 568 es
1406 540 1541 575 praeclara:
1567 539 1626 574 ejus
1649 539 1732 573 prolis

944 589 1115 624 magniﬁcum
1131 589 1214 616 decus
1235 597 1241 614 :
1270 587 1386 618 visurus,
1403 586 1522 619 inquam,
1543 592 1572 611 es
1596 585 1732 612 excellen<

944 641 997 663 tem
1015 636 1083 669 ejus,
1102 634 1224 668 patribus
1239 632 1345 660 accensi
1359 653 1366 664 ,
1382 630 1513 665 gloriam;
1530 635 1632 657 naturae
1648 630 1732 657 felici-

943 686 1040 712 tatem;
1059 679 1224 714 precationis
1242 678 1376 709 fructum;
1395 676 1504 702 humani
1525 675 1631 709 generis
1648 676 1732 701 benc-

943 728 1091 754 dictionem
1103 735 1110 759 ;
1122 714 1361 752 ahundantesiillas
1373 722 1500 754 divitias;
1515 721 1637 748 lzctitiam
1649 728 1731 755 quam

944 781 995 799 non
1010 772 1112 806 exeipit
1129 778 1247 803 maeror;
1271 778 1304 796 ac
1330 769 1388 804 ejus
1411 775 1471 803 qua:
1491 774 1554 794 vere
1575 772 1627 800 est,
1649 767 1732 793 animi

942 818 1087 852 voluptatis
1103 816 1325 844 coneiliatricem.

907 856 928 883 Β
979 863 1024 889 Sic
1043 869 1107 896 ergo
1124 862 1165 888 vir
1187 861 1288 894 justus,
1317 860 1400 887 animi
1422 859 1466 887 illa
1489 858 1674 894 magnitudine
1700 865 1733 884 ac

943 908 1125 944 generositate
1139 907 1172 933 ad
1189 906 1401 941 reprehensores
1418 906 1530 937 habens,
1543 913 1603 932 cum
1615 911 1733 939 prmsen-

945 955 1015 982 tibus
1030 953 1155 980 omnibus
1171 953 1231 980 vale
1252 952 1371 985 fecisset,
1388 953 1420 979 ad
1437 952 1564 985 prteclara
1589 959 1619 978 se.
1640 955 1731 977 certa—

944 1001 1029 1032 mina,
1044 999 1202 1034 plenamque
1217 997 1354 1025 laboribns
1366 997 1538 1025 solitudinem
1552 997 1680 1030 accingit,
1696 1003 1730 1022 ne

945 1046 969 1072 id
987 1045 1094 1079 quidem
1114 1044 1140 1070 in
1164 1043 1282 1070 anitnnm
1309 1043 1438 1070 inducens
1461 1047 1489 1069 ut
1513 1047 1665 1069 revertatur
1684 1043 1732 1069 do-

944 1099 1016 1118 mum
1031 1096 1093 1118 utve
1119 1098 1180 1118 cttm
1197 1090 1345 1117 domestico
1362 1090 1427 1121 ullo,
1443 1089 1507 1124 quid
1525 1089 1615 1116 animo
1630 1088 1732 1116 consli-

945 1143 1030 1164 tutum
1046 1137 1093 1169 sit,
1107 1141 1170 1164 ante
1181 1135 1304 1163 conferat
1321 1145 1327 1162 :
1344 1136 1414 1170 quod
1428 1136 1516 1170 plane,
1531 1141 1560 1162 ut
1573 1135 1634 1169 quis
1646 1135 1730 1169 probe

944 1183 1100 1218 conjectans
1117 1183 1295 1217 perspexerit,
1307 1182 1432 1208 mirabile
1445 1182 1556 1215 pariter,
1567 1189 1598 1207 ac
1611 1181 1728 1207 humana

944 1229 1129 1257 imbecillitate
1147 1228 1233 1261 majus
1252 1227 1396 1254 invenerit.
1422 1227 1469 1254 Sic
1488 1227 1560 1254 enim
1579 1226 1652 1260 quis,
1673 1226 1731 1259 ejus

943 1275 1079 1302 demiraus
1092 1274 1260 1308 religionem,
1278 1280 1310 1300 ac
1327 1280 1440 1300 vacuant
1454 1280 1469 1299 a
1483 1279 1548 1299 cura
1566 1272 1730 1305 reliquorum

943 1321 1073 1352 animum,
1088 1327 1242 1346 sermonem
1263 1321 1288 1346 in
1305 1327 1365 1345 eum
1390 1318 1546 1345 intenderit.
1571 1317 1641 1351 Quid
1669 1317 1731 1347 hoc.

943 1373 1046 1393 summa
1068 1366 1108 1392 vir
1131 1365 1322 1396 admiratione,
1339 1373 1371 1392 ac
1389 1371 1470 1399 supra
1496 1364 1600 1398 priores
1623 1364 1729 1398 justos.

944 1411 1050 1439 consilii
1071 1411 1143 1439 inis?
1158 1411 1226 1444 Quid
1243 1419 1307 1437 vero
1322 1411 1445 1445 cogitans
1461 1409 1604 1436 consilium
1622 1409 1648 1436 in
1664 1417 1732 1444 opus

943 1457 1041 1485 ell‘ers?
1057 1457 1190 1490 Quidnam
1207 1463 1289 1490 porro
1311 1456 1486 1483 domesticam
1504 1454 1674 1481 affectionem
1691 1454 1732 1480 di-

943 1503 1021 1530 visit‘?
1042 1502 1174 1536 Quidnam
1202 1502 1324 1536 conjugis
1346 1508 1377 1528 ac
1396 1501 1458 1528 vitae
1485 1501 1619 1527 rationum
1650 1499 1732 1526 socia:

945 1549 1080 1576 vinculum
1098 1548 1213 1576 abscidit
1224 1547 1340 1577 ‘iNonne
1353 1547 1397 1582 qui
1411 1547 1563 1581 conjunxit,
1578 1546 1614 1573 uti
1630 1546 1656 1572 in
1672 1553 1733 1573 car-

944 1603 1006 1622 nctn
1024 1602 1116 1627 unam,
1139 1594 1174 1621 ita
1188 1594 1214 1620 in
1228 1602 1309 1621 unum
1326 1600 1434 1629 quoque
1448 1593 1592 1620 consilium
1608 1599 1640 1619 ae
1655 1599 1732 1618 men-

946 1646 998 1668 tem
1014 1640 1138 1668 eamdem
1153 1639 1273 1675 aptavit?
1287 1639 1381 1666 Nonne
1394 1647 1447 1674 qua
1462 1638 1571 1666 ratione
1588 1637 1733 1666 insolubile

945 1687 977 1713 ad
995 1693 1055 1713 eam
1071 1693 1180 1713 servare
1196 1686 1316 1718 oportuit
1335 1685 1445 1712 nnionis
1465 1684 1601 1712 vinculum
1615 1704 1621 1715 ,
1638 1683 1732 1710 eadem

945 1731 1025 1759 etiam
1049 1731 1099 1757 fuit
1117 1731 1277 1763 cavendum,
1297 1734 1326 1756 ut
1343 1729 1476 1757 indivulsa
1501 1729 1642 1756 sententiae
1658 1727 1732 1761 ejus-

945 1778 1005 1805 dem
1021 1777 1092 1805 ratio
1117 1781 1251 1811 perstaret
1276 1776 1436 1803 incoltnnis?
1450 1775 1546 1802 Nonne
1565 1782 1613 1809 par
1630 1778 1690 1800 erat
1704 1779 1733 1799 ιιι

946 1824 979 1850 ad
995 1823 1098 1850 similes
1113 1831 1173 1850 eam
1189 1823 1298 1850 labores
1315 1823 1470 1857 inungeres,
1485 1829 1517 1848 ac
1533 1821 1603 1847 sicut
1617 1819 1732 1850 fruetus,

946 1870 983 1896 ita
997 1873 1023 1896 et
1040 1877 1150 1903 operum
1168 1869 1271 1896 sociam
1288 1869 1336 1895 tibi
1351 1868 1518 1896 ascisceres‘!
1534 1867 1580 1894 Sin
1595 1872 1684 1893 tamen
1699 1867 1733 1892 ob

946 1914 996 1941 ista
1012 1914 1101 1941 minus
1113 1913 1212 1948 placuit
1225 1913 1324 1940 reverti
1337 1913 1447 1939 domutn
1461 1921 1468 1945 ;
1485 1917 1512 1939 at
1526 1916 1600 1939 certe
1613 1912 1735 1945 oportuit

945 1964 974 1986 ut
991 1967 1026 1986 nc
1039 1960 1065 1985 in
1081 1959 1207 1993 majorem
1222 1958 1359 1985 tristitiam
1371 1965 1495 1992 cogeres;
1511 1962 1538 1983 ut
1551 1964 1584 1984 ne
1597 1964 1630 1983 ex
1642 1957 1731 1991 ignota

945 2005 1113 2040 profectione
1127 2004 1152 2031 ei
1168 2005 1320 2031 molestiam
1335 2004 1471 2037 inferres;
1485 2007 1559 2030 utne
1573 2011 1604 2029 ex
1619 2003 1733 2030 obseura

946 2051 1086 2082 absentia,
1110 2049 1350 2077 innumerabilium
1373 2057 1433 2077 eam
1459 2049 1653 2084 cogitationum
1676 2053 1732 2075 tor-

946 2102 1037 2125 mento
1053 2097 1212 2125 conficeres.
1241 2096 1312 2124 Sane
1331 2104 1394 2123 vero
1413 2096 1537 2127 decebat,
1560 2099 1590 2122 ut
1614 2103 1734 2130 congrue

947 2143 1101 2171 domesticis
1125 2143 1204 2170 rebus
1217 2143 1392 2177 compositis,
1404 2142 1440 2168 ita
1461 2141 1663 2176 proficiscerere
1682 2149 1734 2174 quu

911 2190 932 2218 Ι)
948 2190 1055 2217 animus
1067 2189 1179 2216 ferebat.
1194 2188 1248 2216 Nec
1261 2196 1324 2215 vero
1339 2188 1486 2222 quidquam
1502 2195 1581 2214 curas
1594 2187 1735 2214 afﬂuentes

948 2236 1066 2267 divitias,
1088 2242 1174 2269 neque
1197 2234 1229 2261 ad
1249 2242 1279 2261 ea
1299 2242 1358 2269 qum
1383 2233 1506 2267 possides
1524 2233 1644 2259 animum
1666 2239 1734 2259 con-

948 2281 1042 2313 vertis,
1059 2279 1132 2306 vclut
1149 2279 1213 2305 nihil
1235 2279 1312 2305 bouis
1336 2277 1423 2304 oculis
1440 2276 1570 2310 subjectis
1591 2275 1733 2307 addictus;

948 2326 1098 2360 majoriqne
1114 2326 1204 2352 animo
1221 2331 1301 2358 quam
1315 2328 1344 2350 ut
1361 2323 1414 2350 ulla
1432 2323 1598 2356 voluptatum
1617 2321 1735 2348 necessi-

948 2375 1003 2398 tate
1018 2371 1140 2406 superari
1157 2370 1264 2405 possis?
1274 2369 1371 2401 Plane,
1384 2368 1421 2396 ait
1433 2368 1474 2394 vir
1486 2368 1589 2402 justus.
1603 2367 1676 2394 Nihil
1692 2372 1735 2394 est

947 2417 1055 2448 borum,
1072 2416 1144 2451 quod
1158 2423 1173 2442 ο
1188 2416 1233 2443 Dei
1251 2415 1446 2442 consuetudine
1457 2414 1544 2449 possit
1559 2413 1707 2448 abiungere
1724 2422 1731 2440 :

947 2469 999 2488 non
1013 2461 1102 2487 unitas
1115 2465 1233 2493 naturm;
1249 2468 1301 2487 non
1315 2460 1526 2487 domesticorum
1542 2459 1732 2491 necessitudo;

947 2514 999 2533 non
1013 2507 1129 2540 copiosae
1148 2506 1264 2538 diviti-aa;
1283 2514 1335 2532 non
1352 2506 1502 2533 amicorum
1518 2505 1652 2532 sodalitas
1669 2513 1676 2531 :
1697 2505 1734 2530 ni-

948 2553 984 2579 hil
999 2560 1040 2579 me
1070 2559 1164 2579 eorum
1181 2559 1241 2586 qua)
1254 2552 1373 2586 subjecta
1388 2547 1474 2578 oculis
1489 2551 1605 2585 placent,
1618 2550 1652 2576 ab
1666 2550 1734 2576 invi-

946 2599 1066 2626 sibilinm
1088 2599 1220 2626 bonorum
1241 2599 1379 2626 desiderio
1400 2597 1575 2625 abstraxerit.
1590 2597 1732 2624 Certamen

946 2646 1114 2680 propositum
1128 2649 1170 2672 est
1183 2645 1275 2672 arduae
1290 2645 1432 2677 orationis,
1446 2645 1535 2671 solum
1554 2643 1587 2669 ad
1604 2650 1732 2677 pugnam,

947 2692 1102 2726 nudumque
1124 2699 1275 2725 prevoeans
1298 2699 1329 2718 ac
1353 2691 1525 2725 expeditum;
1552 2689 1687 2716 facessaut
1712 2689 1733 2714 si

946 2746 997 2772 qua
1021 2744 1130 2764 cursum
1155 2738 1314 2765 abscindere
1338 2737 1440 2765 valent.
1457 2736 1530 2764 Nihil
1547 2742 1636 2761 rerum
1654 2735 1733 2767 hujus

946 2781 1037 2813 smeuli
1054 2788 1190 2816 occurset,
1203 2783 1355 2817 alaerisque
1369 2782 1450 2809 animi
1465 2781 1665 2808 contentionem
1686 2781 1732 2806 im-

949 2829 1049 2863 pediat.
1067 2829 1112 2854 Dei
1129 2834 1191 2856 stitit
1204 2837 1331 2857 concessa
1345 2835 1466 2861 numera,
1480 2835 1573 2853 eorum
1588 2825 1642 2852 Deo
1655 2826 1732 2853 reltu.

950 2879 1047 2908 quatur
1063 2883 1135 2901 cura.
