1951 3076
133 107 201 140 1273

674 119 715 149 ΙΝ
736 120 1026 153 CONCEPTIONEM
1047 125 1076 154 S.
1099 125 1212 156 ANNXE

1701 128 1710 160 1
1717 128 1768 161 374

129 169 196 202 ἐμοῦ
212 169 257 195 καὶ
275 170 412 203 οἰκείωσις
425 172 584 207 ἐγγίνεσθαι
606 176 738 211 πέφυκεν.
759 179 830 206 Ἀλλ’
849 181 907 216 (me,

972 191 1003 211 ac
1017 185 1183 218 conciliatio,
1201 190 1295 220 suapte
1315 190 1408 213 natura
1437 190 1620 222 comparatur.
1632 185 1765 213 (Steterunt

130 214 180 248 μὲν
192 215 280 242 πόνων
294 217 421 253 ἀμοιῦῆς,
436 220 523 247 ταῦτα
534 222 573 257 τῷ
587 222 683 258 ἀληθεῖ
699 225 821 259 κρίνεται
837 214 917 262 λέγω,

129 262 153 287 εί
179 263 226 288 καὶ
259 264 378 291 εὐτελῶν
407 275 487 293 τινων
508 268 555 295 καὶ
573 269 690 305 μικρῶν,
705 271 772 306 ὑπὲρ
799 272 919 300 διάνοιαν

128 307 202 354 ὄντα,
222 310 396 338 ἀντιδιδοται.
411 311 460 344 Τίς
476 313 528 350 γὰρ
546 316 576 341 οὐ
606 315 687 350 μόνον
720 317 917 354 καταϐληθείη,

125 353 194 380 ἀλλὰ
221 355 267 381 καὶ
280 356 438 392 ἐπινοηθείη
451 359 542 393 πόνος,
556 361 570 386 ό
595 361 642 388 καὶ
656 362 695 397 τῷ
712 353 852 399 πολλοστῷ
873 365 917 391 δο-

127 399 282 427 κοῦντιτῶν
295 403 404 436 ἀγαθῶν
415 405 526 432 ἐκείνων
534 407 696 442 ἀντισηκοῦν
708 409 916 445 ὑπονοούμενοςς

126 445 216 472 Ποίων
243 447 360 482 ἀγώνων
384 449 475 484 ἔργων
493 452 508 486 ἡ
527 452 596 487 πρὸς
617 453 732 488 οὐρανὸν
761 455 866 489 γένοιτο
885 455 918 482 ἂν

124 491 275 526 ἀνάϐασιςς
291 494 377 522 Τίνων
390 496 479 523 πόνων
493 498 626 533 κλίμακες
641 501 666 526 αἱ
687 501 757 535 πρὸς
786 501 917 528 τοσοῦτον

123 536 192 569 6L0;
208 539 377 573 ἐφικνεῖσθαι
393 542 539 576 δυνάμεναι
552 552 559 577 ;
575 545 663 571 Ποίων
679 545 734 572 τῶν
749 548 778 573 ὲν
792 547 918 582 ὲπικήρῳ

123 583 171 609 καὶ
195 584 296 621 ῥεούσῃ
320 585 375 620 ζωῇ
397 588 640 624 καταϐαλλομένων
669 591 797 625 ἱδρώτων,
814 593 841 619 at!
862 592 917 618 τῶν

124 630 245 656 αἰωνίων
259 632 306 656 καὶ
319 632 468 666 ἀκηράτων
476 635 545 660 εἰσὶν
556 635 718 669 ἀντιδόσειςς
734 637 816 668 Τίνας
827 637 859 663 ἄν
876 645 917 669 τις

121 675 184 700 κατ’
200 675 280 708 ἀξίαν
301 676 349 712 τῆς
371 678 538 710 οἱκειὼσεως
560 680 606 706 τοῦ
624 682 796 717 Δημιουργοῦ
819 682 918 713 πόνους

120 720 366 752 ἐπιδείξαιτο”οἴον
383 723 415 749 ἂν
432 724 528 751 ἑαυτὸν
543 726 644 752 οίκείον
659 727 707 760 τῆς
725 727 830 753 ἐκείνου
845 729 915 754 ὲνοι-

975 229 1043 257 bona
1055 230 1120 262 hare,
1130 238 1178 260 ceu
1194 239 1240 265 pro
1255 231 1375 258 laborum
1389 233 1565 260 retributione
1581 239 1672 259 revera
1689 239 1767 258 com-

974 280 1112 310 putantur,
1126 279 1230 306 tametsi
1246 278 1393 313 cogitatum
1409 286 1517 306 omnem
1534 278 1700 312 superantia,
1718 285 1766 312 pro

974 321 1070 347 vilibus
1092 329 1123 349 ac
1139 323 1244 358 exiguis
1270 324 1461 358 rependanlur.
1486 324 1552 356 Quis
1579 324 1651 350 enim
1675 328 1767 350 uultus

974 366 1059 400 labor,
1073 369 1170 395 nedum
1187 369 1241 403 ipsa
1258 377 1287 396 re
1303 369 1484 403 impendatur;
1501 369 1548 396 sed
1560 369 1601 396 vel
1614 369 1704 395 animo
1717 375 1765 395 co-

973 414 1080 448 gitetur,
1108 419 1137 442 ut
1165 415 1206 442 vel
1224 416 1332 443 minima
1357 421 1432 450 parte
1457 424 1472 443 e
1499 416 1631 443 bonorum
1657 415 1763 442 illorum

974 460 1082 494 regione
1107 468 1240 496 appensus
1253 481 1260 494 ,
1278 462 1378 496 aliquid
1397 462 1540 489 videatur?
1558 461 1679 494 Quorum
1699 468 1766 495 rogo

974 506 1152 533 certaminum
1173 515 1240 541 opus
1263 508 1298 534 sit
1324 509 1445 535 ascensio
1461 509 1486 534 in
1503 508 1620 535 malum?
1636 508 1759 541 Quorum

973 555 1049 584 putes
1071 551 1192 578 laborum
1210 553 1323 587 gradus,
1336 557 1366 579 ut
1383 553 1415 578 ad
1435 558 1536 579 tantam
1553 553 1674 580 subvecti
1708 552 1765 579 sint

973 596 1186 624 sublimitatem?
1204 598 1322 630 Quorum
1341 598 1445 625 mortali
1458 606 1489 625 ac
1501 598 1570 625 ﬂuxa
1586 599 1640 625 vita
1655 598 1762 632 impert-

972 649 1062 669 sorum
1090 643 1217 670 sudortnn
1230 664 1237 676 ,
1261 649 1423 671 mtcrnornm
1438 653 1469 671 ac
1485 645 1677 671 innnortalium
1693 652 1762 678 prte—

973 688 1026 714 tnia
1059 689 1200 716 h0uorunt.
1217 690 1352 722 Quosnam
1375 691 1435 725 quis
1454 691 1560 718 labores
1571 686 1710 722 exhibeat,
1729 694 1757 717 ut

972 733 1102 767 condigne
1118 735 1343 762 necessitmlinent
1362 735 1434 762 illam
1448 743 1508 762 cum
1527 740 1638 762 auctore
1654 742 1762 769 prome-

119 766 229 799 κήσεως
242 768 473 796 κατασκευάσειεν
481 770 654 805 οἱκητὴριον;
675 772 840 806 Ἐνοικήσω
850 774 904 810 γὰρ

975 779 1083 804 reatnr?
1096 778 1182 811 Quam
1197 787 1225 806 se
1243 780 1350 806 domum
1368 781 1505 814 propriam
1520 785 1647 814 prmstet,
1667 780 1692 807 in
1708 787 1761 814 qua

118 811 257 845 φησὶν,ἐν
279 813 391 846 αὐτοῖς,
410 814 711 850 καίέμπεριπατήσω.
728 819 782 844 Καὶ
802 819 886 846 πάλιν
905 827 912 835 ·

125 856 203 890 ἰτγὼ
218 858 266 884 καὶ
277 859 294 884 ό
299 860 402 893 Πατὴρ
410 860 607 895 ἐλευσόμεθα.
627 862 712 890 Τοῦτο
726 863 780 890 τῶν
797 865 825 891 ἐν
837 865 912 891 ὲλπί-

119 910 163 928 σιν
179 903 290 937 ἀγαθῶν
313 904 344 930 τὸ
361 905 448 939 πέρας
461 914 467 921 ·
481 906 560 933 τοῦτο
578 908 594 942 ἡ
618 908 743 942 οὐράνιος
766 909 889 944 βασιλεία
905 919 912 926 ·

115 948 199 975 τοῦτο
226 950 242 983 ἠ
265 949 315 984 τῆς
339 951 449 978 αἰωνίου
476 953 582 988 τρυφῆς
607 954 777 986 ἀπόλαυσις·
801 956 912 992 τοῦτοή

115 995 259 1030 ἁδιάδοχος
287 996 442 1033 εὐφροσύνη
465 1006 472 1013 ·
496 1000 512 1034 ἡ
535 1000 663 1036 διηνεκὴς
691 1001 870 1035 ἀγαλλίασις·
894 1004 911 1038 ἡ

116 1041 333 1076 ὑπερὸαίνουσα,
356 1043 386 1069 οὐ
412 1044 492 1078 μόνον
516 1043 624 1078 πόνους,
649 1046 717 1073 ἀλλὰ
746 1047 795 1074 καὶ
824 1048 914 1075 πάντα

114 1088 180 1114 νοῦν
206 1088 398 1121 ἀνταπόδοσις.
418 1090 499 1125 ὐρᾷς
513 1091 551 1122 ὡς
572 1092 661 1123 οὐδεὶς
681 1093 771 1124 πόνος,
787 1094 818 1120 οὐ
833 1095 912 1129 μόνον

113 1133 167 1159 οὐκ
182 1134 399 1170 ἀντιμετρεῖται,
417 1135 473 1162 ἀλλ’
489 1136 543 1162 οὐδ’
557 1137 706 1164 ἐπινοεῖται
730 1140 763 1174 τῇ
786 1140 911 1176 μακαρίᾳ

114 1179 172 1206 τῶν
202 1180 396 1215 ἀποκειμένων
424 1182 536 1215 ἀγαθῶν
560 1183 730 1217 excluderet;
761 1185 841 1211 Ἀλλὰ
865 1187 911 1212 καὶ

113 1225 244 1252 τοσοῦτον
261 1225 317 1252 τῶν
336 1226 481 1261 ἡμετέρων
498 1228 700 1255 ἀπολειπόντων
723 1229 847 1263 ἀγώνων,
865 1232 911 1257 καὶ

113 1272 188 1299 οὕτω
201 1272 256 1299 τῶν
269 1273 302 1299 δι’
319 1273 423 1308 ἀρετὴν
442 1274 563 1308 ἱδρώτων
582 1275 636 1302 τῶν
655 1275 724 1310 ὑπὲρ
748 1275 826 1309 λόγον
840 1277 910 1302 ὲκεί-

114 1328 169 1344 ιων
182 1318 394 1352 ὑποϐεϐηκότων
406 1318 540 1354 ἁμοιῦὦν,
554 1320 629 1354 ὅμως
643 1321 760 1347 εὐτελῶν
779 1321 827 1347 καὶ
848 1330 910 1356 σμι-

114 1365 258 1399 κροτάτων
286 1365 395 1397 πόνων,
422 1365 471 1401 τὴν
497 1366 567 1400 ὑπὲρ
591 1366 696 1393 ἔννοιαν
720 1367 870 1393 ἀπόλαυσιν
895 1367 909 1393 ὁ

113 1410 290 1446 ὑπεράγαθος
297 1411 440 1438 ἀντιδώσει
455 1412 606 1447 Δεσπότης.
622 1413 724 1448 Μικροὶ
740 1413 793 1447 γὰρ
803 1413 849 1439 καὶ
865 1413 909 1440 οὐ-

969 824 1012 851 ille
1026 824 1181 851 inhabitet?
1201 825 1371 858 Inlmbitabo,
1388 826 1471 857 enitn,
1502 826 1599 860 inquit,
1626 826 1653 852 in
1675 825 1762 857 eis,e6

968 863 1135 896 t'nnmbnlabo
1151 871 1172 886 "‘
1189 879 1196 897 :
1214 871 1244 897 Et
1263 871 1358 898 iterum
1371 880 1377 898 :
1389 871 1443 905 Ego
1454 876 1477 898 et
1493 870 1574 897 Pater
1584 871 1713 897 veniemus
1726 870 1759 897 ¹¹.

968 914 1016 942 llic
1040 915 1170 943 bonorum
1196 916 1223 942 in
1240 924 1287 950 spe
1304 917 1381 944 nobis
1401 918 1581 950 repositorum
1601 916 1758 944 terminus:

967 961 1077 988 cmieste
1106 961 1156 988 hoc
1183 969 1292 996 regnum
1310 970 1317 995 ;
1338 963 1393 990 haec
1409 962 1553 996 voluptatis
1563 968 1670 990 :etcrnze
1681 963 1757 989 beata

968 1007 1127 1041 possessio:
1157 1007 1213 1034 lucc
1235 1007 1328 1033 laetitia
1355 1007 1583 1040 interminabilis;
1611 1008 1667 1035 haec
1686 1007 1760 1042 jugis

966 1053 1129 1086 exsultatio;
1151 1053 1207 1080 hch
1233 1053 1386 1085 retributio,
1410 1054 1506 1080 nedum
1523 1053 1645 1085 labores,
1670 1054 1716 1080 sed
1732 1059 1758 1080 et

965 1107 1072 1126 omnem
1086 1099 1252 1126 intellectum
1266 1107 1445 1134 exsuperans.
1462 1099 1552 1132 Vides,
1569 1105 1598 1126 ut
1613 1099 1702 1126 nulltts
1717 1099 1755 1126 la-

967 1143 1024 1175 bor,
1055 1145 1153 1171 nedum
1179 1144 1268 1179 reipsa
1286 1149 1420 1179 exmquet,
1444 1152 1475 1171 ac
1503 1152 1588 1179 neque
1611 1145 1758 1179 quidquam

965 1189 1075 1221 a-quabs
1111 1190 1196 1215 beatae
1234 1189 1413 1223 repositorum
1454 1190 1585 1217 bonorum
1620 1189 1757 1221 fruitioni.

966 1235 1047 1262 menti
1063 1235 1209 1262 occurrat?
1228 1235 1348 1262 Tametsi
1376 1243 1441 1262 vero
1454 1255 1462 1267 ,
1490 1241 1587 1263 nostra
1608 1236 1757 1263 certamina

966 1283 1034 1310 adeo
1049 1281 1184 1314 deﬁciant,
1207 1283 1395 1317 assumptique
1411 1282 1528 1309 virtutis
1544 1290 1608 1317 ergo
1626 1283 1756 1314 sudores,

964 1329 1002 1354 sic
1023 1335 1070 1362 pro
1095 1328 1302 1355 retributionum
1334 1328 1440 1355 illarum
1455 1348 1462 1360 ,
1493 1329 1598 1355 ratione
1621 1327 1753 1361 majorum

964 1372 1137 1406 prmstantia,
1163 1373 1251 1407 exigui
1279 1372 1350 1404 sint,
1377 1381 1505 1407 perquam
1530 1379 1619 1400 tamen
1638 1373 1756 1407 optimus

964 1418 1110 1449 Dominus,
1135 1418 1285 1445 vincentem
1310 1419 1456 1453 cogitatum
1481 1418 1674 1446 beatitudinem
1708 1426 1756 1452 pro

112 1457 188 1489 ῖιενὺς
204 1457 274 1489 ἄξιοι
291 1457 371 1491 λόγου
392 1459 425 1493 τῇ
450 1459 539 1485 ἐκεῖσε
560 1459 797 1494 παραΰαλλόμενοι
819 1468 907 1494 μακα-

964 1465 998 1491 sic
1012 1463 1110 1491 vilibus
1125 1471 1156 1490 ac
1170 1472 1297 1498 perquam
1308 1465 1425 1498 exiguis,
1439 1464 1581 1492 retribuet.
1598 1464 1679 1492 Plane
1691 1471 1755 1491 vero

114 1504 230 1538 ρΛτητι,
245 1504 270 1529 oi
284 1503 333 1538 τῆς
347 1504 523 1539 ἀνθρωπίνης
550 1505 666 1539 σπουδῆς
685 1505 909 1538 καταλογίζονται

112 1549 202 1580 πόνοι,
217 1548 267 1575 κᾶν
283 1548 329 1576 τὸν
350 1549 410 1576 ὅλον
422 1558 463 1581 τις
482 1550 510 1576 ἐν
523 1549 614 1580 αὐτοῖς
639 1550 802 1585 κατατρίψει
829 1550 886 1585 βίον
900 1559 907 1565 ·

112 1595 165 1621 κᾶν
183 1595 278 1629 ἀγῶνα
295 1595 400 1629 συνεχῆ
415 1595 479 1630 ὅλην
492 1595 663 1630 ἐπιδείξηται
676 1595 757 1631 ζωήν.
777 1597 836 1622 Κᾶν
858 1605 907 1622 πυ-

112 1639 309 1672 λυπλασιάζων
323 1639 427 1675 ταύτην
444 1641 484 1672 είς
498 1640 607 1672 ἑκατὸν,
620 1640 636 1676 ἢ
653 1642 699 1667 καὶ
712 1641 753 1672 δὶς
768 1640 906 1673 τοσοῦτον,

111 1685 130 1720 ἦ
147 1685 194 1712 καὶ
203 1685 286 1721 τρὶςῆ
296 1686 341 1713 καὶ
355 1686 486 1721 μυριάκις
501 1686 545 1713 τὶν
557 1687 652 1722 χρόνον
665 1686 851 1712 ὲπεκτείνοιτο
859 1687 908 1721 τῆς

113 1730 246 1766 βιώσεως,
262 1732 290 1758 ὲν
314 1727 336 1765 ᾧ
351 1732 439 1767 χρόνῳ
453 1732 517 1764 τοὺς
525 1732 673 1767 ἐπιμόνους
687 1733 700 1758 ὁ
712 1731 834 1762 τοιοῦτος
857 1731 908 1766 τῆς

111 1776 215 1811 ἀρετῆς
229 1777 379 1804 διανύσειεν
390 1777 511 1811 ἀγῶνας,
525 1777 602 1810 οὐδὲν
616 1777 644 1803 ὲν
661 1777 804 1812 συγκρίσει
820 1777 905 1811 φοινή-

112 1830 189 1849 σεται
203 1823 257 1849 τῶν
274 1823 459 1858 ἐλπιζομένων
471 1823 634 1851 ἀντιδόσεων
649 1824 865 1860 ἀγωνισάμενος.

146 1964 192 1991 Διδ
205 1966 313 2000 μικροῖς
328 1966 375 1991 καὶ
391 1964 513 1992 εὐτελέσι
531 1966 633 1997 πόνοις,
658 1965 708 1998 τὰς
733 1967 905 2003 ἀνυπερϐλή-

110 2013 173 2043 τιιὺς
197 2011 315 2046 ἀμοιϐὰς
339 2011 586 2046 περιποιησώμεθα
604 2019 610 2026 ·
633 2012 678 2039 τὸν
708 2013 823 2039 πλοῦτον
851 2014 905 2040 τῶν

109 2057 292 2092 ἁδαπανήτων
311 2057 422 2090 ἀγαθῶν
434 2056 655 2092 θησαυρίςωμεν.
671 2059 765 2093 Μικρὰ
784 2059 812 2090 δὲ
834 2059 905 2093 λέγω

109 2103 158 2129 καὶ
178 2102 287 2136 εὐτελῆ,
310 2102 347 2136 μὴ
376 2101 411 2127 τὰ
432 2101 562 2128 δοκοῦντα
597 2102 677 2137 μόνον
701 2101 769 2129 εἶναι
791 2104 904 2130 τοιαῦτα

109 2147 248 2183 ἡγεῖσθαι,
264 2147 332 2174 ἀλλὰ
358 2147 406 2173 καὶ
433 2147 496 2178 τοὺς
515 2147 650 2182 διηνεκεῖς
671 2149 721 2183 τῆς
743 2149 808 2184 ὅλης
830 2150 902 2185 ζωῆς

109 2195 220 2228 ἀγῶνας
236 2201 244 2209 ο
263 2194 313 2229 τὴν
338 2194 467 2228 ἐπίμονον
490 2193 539 2227 τῆς
556 2194 656 2228 ἀρετῆς
683 2194 797 2230 ἄθλησιν
816 2203 824 2210 ·
839 2196 902 2227 τοὺς

109 2240 292 2271 ἀδιαλείπτως
310 2240 357 2265 καὶ
383 2239 491 2274 θερμῶς
514 2239 585 2275 ὑπὲρ
617 2241 703 2275 αὐτῆς
733 2241 903 2268 καταϐαλλο-

111 2288 210 2322 μένους
229 2285 337 2317 πό-.ους.
361 2286 491 2313 Τοιαῦται
522 2287 577 2322 γὰρ
593 2287 620 2313 αἱ
635 2286 682 2313 τοῦ
710 2287 901 2322 μεγαλοδώρου

109 2332 246 2359 Δεσπότου
271 2332 383 2367 ἀμοιὸαί
400 2340 406 2346 “
424 2333 544 2364 τοιοῦτος
573 2334 587 2359 ὁ
610 2333 790 2368 ὑπερὸλύζων
817 2334 899 2360 αὑτοῦ

110 2379 163 2405 τῶν
187 2378 349 2404 ἀντιδόσεων
370 2377 504 2410 πλοῦτος-
529 2377 599 2405 οὕτω
624 2379 830 2413 φιλανθρωπίας
854 2380 900 2406 καὶ

109 2425 279 2459 ἀλίαθὸτητος
305 2424 443 2460 ὑπερϐολῇ
459 2445 467 2457 ,
504 2425 581 2460 ὀλίγα
610 2426 663 2452 τῶν
685 2426 827 2461 ἀπείρων·
855 2427 901 2452 καὶ

112 2472 209 2506 πτωχὰ
231 2471 287 2497 τῶν
316 2471 453 2498 πλουσίων
470 2479 477 2486 '
497 2472 544 2498 καὶ
570 2473 690 2507 ἐπίκηρα
717 2472 770 2498 τῶν
784 2473 901 2499 αἰωνίων

112 2515 222 2551 ἀγαθῶν
242 2516 527 2543 ἀντικαταλλάττεται.
547 2516 684 2551 ’Λνενδεὴς
701 2517 754 2552 γάρ
777 2517 834 2543 ἐστι
847 2517 901 2543 τῶν

113 2561 340 2596 προσαγομένων,
359 2563 444 2595 μάνης
470 2561 518 2595 τῆς
546 2561 600 2588 τῶν
626 2562 819 2597 προσαγίντων
841 2562 901 2588 ἐπι-

111 2608 238 2643 ὃεόμενον
258 2607 404 2642 σωτηρίας,
419 2607 464 2633 διὰ
491 2607 580 2639 τοῦτο,
598 2608 628 2634 οὗ
652 2610 684 2643 τῇ
701 2609 754 2634 τῶν
777 2617 899 2644 προσφε-

114 2653 237 2688 ρομένων
252 2652 382 2686 ποσότητι
398 2652 536 2684 τοσοῦτον,
566 2653 627 2679 ὅσον
643 2654 674 2688 τῇ
699 2653 748 2687 τῆς
772 2653 900 2689 προαιρέ-

114 2707 183 2730 σεως
203 2699 258 2725 τῶν
278 2699 472 2733 προσαγόντων
493 2698 612 2725 ἐπινεύει
628 2699 762 2733 ποιότητι,
780 2701 793 2725 ὁ
820 2699 900 2734 μόνος

113 2745 241 2778 πλούσιος
254 2744 402 2780 δωροδότης
420 2753 426 2760 ·
442 2745 454 2771 ό
469 2744 652 2779 ἁκιτανόητον
677 2745 745 2779 ἔχων
761 2745 899 2779 εὐσπλαγ-

149 2836 172 2852 ¹¹
193 2834 280 2862 Lct‘it.
301 2843 373 2868 xxrt,
393 2835 440 2870 ως
459 2836 478 2863 ll
491 2836 552 2863 Cor.
569 2843 605 2868 γι,
624 2835 663 2863 16.

961 1511 1050 1545 exigui
1063 1518 1095 1538 ac
1112 1511 1212 1538 nullius
1228 1511 1355 1538 momenti
1371 1511 1513 1538 videantur
1525 1511 1643 1538 humano
1659 1511 1750 1538 studio

961 1557 1049 1583 collati
1067 1556 1184 1588 labores.
1202 1561 1230 1583 ut
1253 1558 1313 1591 quis
1329 1556 1420 1583 futuro
1442 1564 1498 1583 aevo
1521 1556 1644 1590 repositae
1669 1555 1755 1583 felici—

961 1602 1009 1628 tati
1023 1607 1172 1636 comparet,
1189 1603 1297 1629 tametsi
1318 1607 1401 1628 totam
1425 1602 1451 1628 in
1469 1602 1508 1628 eis
1534 1602 1615 1628 vitam
1644 1601 1749 1628 insum-

960 1647 1059 1681 pserit;
1078 1647 1187 1674 tametsi
1204 1648 1266 1674 vitae
1286 1653 1390 1681 tempus
1413 1651 1510 1678 totum,
1525 1651 1663 1673 certamen
1687 1646 1762 1681 jnge,

959 1692 1120 1721 ostenderit.
1145 1691 1263 1719 Tametsi
1282 1692 1307 1719 in
1329 1699 1414 1718 annos
1427 1696 1545 1722 centum.
1564 1691 1589 1717 in
1605 1691 1753 1723 ducentos,

960 1739 985 1765 in
1002 1742 1148 1770 trecentos,
1162 1738 1188 1764 in
1207 1744 1349 1765 sexcentos
1362 1745 1392 1764 ac
1408 1737 1644 1764 innumerabiliter
1661 1736 1752 1770 plures

959 1785 1041 1810 vitam
1058 1785 1231 1818 protraxerit,
1248 1789 1359 1818 totoque
1379 1791 1412 1810 eo
1428 1789 1549 1817 tempore
1565 1782 1675 1808 virtutis
1691 1789 1751 1810 cer-

959 1831 1059 1857 tamina
1074 1834 1279 1864 perseveranter
1303 1829 1463 1862 confecerit,
1491 1828 1557 1856 nihil
1585 1833 1675 1855 tamen
1693 1835 1749 1862 pra:

958 1875 1091 1902 bonorum
1119 1876 1145 1902 in
1169 1883 1217 1910 spe
1240 1876 1422 1910 repositorum
1448 1875 1530 1902 tantis
1549 1875 1602 1902 illis
1628 1875 1748 1903 retribu-

958 1921 1076 1948 tiouibus
1092 1921 1245 1948 decertasse
1258 1921 1340 1948 videri
1358 1921 1452 1956 possit.

993 1967 1174 2000 Quamobrem
1193 1967 1299 2001 exiguis
1315 1967 1446 2002 ejusmodi
1470 1966 1620 2000 vilibusque
1642 1966 1744 1993 labori-

957 2013 1017 2045 bus,
1038 2013 1112 2039 omni
1137 2012 1197 2040 illas
1225 2012 1390 2039 sublimitate
1413 2012 1528 2046 majores
1555 2011 1747 2038 retributiones

957 2059 1035 2085 nobis
1054 2058 1230 2085 conciliemus
1257 2067 1264 2085 :
1292 2058 1400 2084 divitias
1421 2058 1498 2085 nobis
1524 2057 1749 2092 inconsutnpt’ibi-

957 2104 1021 2130 liuttt
1045 2104 1176 2130 bonorum
1200 2111 1374 2138 reponamus.
1401 2103 1503 2130 Nedum
1531 2109 1620 2130 autent
1649 2103 1746 2137 exigua

921 2142 943 2170 υ
958 2150 1075 2183 viiinqlte
1090 2149 1213 2176 habenda
1240 2149 1310 2181 dico,
1326 2157 1387 2184 qum
1406 2150 1467 2176 talia
1492 2150 1628 2182 videntur,
1656 2150 1703 2176 sed
1722 2153 1748 2176 ct

957 2195 1086 2221 continua
1101 2195 1163 2221 vita:
1180 2195 1262 2231 totius
1280 2195 1428 2222 certamina
1454 2204 1461 2222 :
1481 2199 1650 2222 constantem
1665 2195 1748 2221 virtu-

963 2240 998 2267 tis
1015 2248 1147 2275 pugnam;
1163 2240 1349 2268 indelicicnter
1360 2248 1392 2268 ac
1409 2241 1542 2268 ferventer
1555 2241 1690 2275 impensos
1707 2240 1747 2266 la-

957 2286 1047 2313 bores.
1062 2286 1200 2321 Ejusmodi
1218 2284 1290 2313 enim
1307 2291 1370 2313 sttnt
1391 2286 1511 2313 muniﬁci
1537 2286 1640 2313 Domini
1665 2286 1746 2312 retri-

955 2332 1080 2359 butiones
1102 2340 1109 2359 :
1127 2336 1208 2358 tantoa
1231 2332 1282 2358 illa:
1297 2331 1518 2366 superetﬂuentes
1538 2333 1745 2359 retributimnnn

955 2378 1014 2412 ejus
1027 2378 1145 2405 divitia}:
1165 2383 1237 2404 tanta
1251 2379 1427 2406 humanitatis
1441 2386 1473 2405 ac
1492 2379 1619 2406 bonitatis
1633 2385 1748 2412 cxsnpe-
1780 2381 1784 2384 “

956 2425 1054 2457 rantia,
1075 2432 1123 2459 pro
1148 2425 1251 2458 paucis,
1269 2425 1392 2458 iniinita;
1418 2434 1465 2459 pro
1482 2429 1639 2459 paupertate
1651 2444 1659 2457 ,
1677 2424 1747 2451 divi-

955 2471 1023 2503 tias;
1051 2478 1099 2504 pro
1128 2470 1265 2505 perituris,
1293 2477 1393 2498 aeterna
1412 2473 1480 2498 bona
1498 2477 1655 2498 eomnmtat.
1671 2470 1745 2504 Quo-

954 2517 1041 2548 circa,
1065 2524 1116 2543 non
1148 2522 1201 2543 tam
1228 2517 1381 2544 oblatorunt
1408 2518 1589 2551 (plautitatcm
1617 2517 1744 2546 attendit.

953 2571 1033 2598 quam
1049 2568 1077 2590 ut
1091 2564 1190 2591 habeat
1202 2564 1370 2591 oiierentinm
1391 2564 1524 2597 voluntas,
1545 2563 1590 2598 qui
1611 2564 1684 2590 solus
1700 2564 1742 2590 di-

953 2615 999 2636 ves
1017 2608 1129 2643 largitor
1146 2609 1270 2642 exsistit;
1286 2610 1363 2644 cujus
1377 2614 1418 2636 est
1434 2610 1628 2636 inisericordia:
1658 2609 1743 2636 visce-

954 2663 1012 2682 rum
1025 2655 1110 2690 majus
1136 2656 1252 2690 cogitatu
1279 2656 1407 2690 pelagus;
1424 2656 1467 2690 qui
1483 2657 1537 2690 ipsa
1553 2664 1600 2688 per
1620 2663 1648 2681 se
1667 2656 1743 2681 boni-

953 2702 1123 2737 tas,solaque
1134 2704 1263 2730 bonorum
1279 2703 1386 2730 ubertas
1399 2709 1454 2736 est;
1468 2703 1524 2737 qui,
1537 2703 1656 2736 inquam,
1675 2709 1744 2736 prcc-

951 2747 1034 2776 scntis
1049 2748 1100 2776 diei
1118 2748 1329 2784 jucunditatcm,
1351 2755 1470 2783 propter
1489 2748 1604 2775 futuram
1621 2746 1748 2775 Letitiam

705 2836 723 2850 ¹·
740 2834 816 2863 Joan.
831 2842 885 2869 xtv,
907 2834 951 2862 ‘23.
