1951 3076
141 115 211 148 1385

551 119 592 150 IN
612 120 663 151 SS.
685 121 862 153 DEIPAI’ti‘E
879 122 1169 155 CONCEPTIONEM
1188 125 1235 154 ET
1255 124 1340 154 NAT.

1696 125 1706 155 i
1713 126 1764 156 336

138 173 283 199 Δείκνυσιν
300 170 348 199 οὖν
360 172 497 206 ἐντεῦθεν,
517 175 696 211 ἀνεπίμικτον
712 177 816 205 ἄνωθεν
831 178 861 204 τὸ
881 178 925 213 βει-

984 180 1088 214 regium
1103 187 1187 215 genus
1203 188 1217 208 a
1234 179 1383 215 majoribus
1398 178 1554 213 ducentem,
1571 179 1650 216 legali
1667 189 1766 217 proge-

139 218 240 245 σίλειον
253 219 408 253 κατάγοντα
419 220 508 254 γένος,
521 223 699 256 προγονικαῖς
712 231 741 249 τε
752 224 799 250 καὶ
813 223 928 256 οἰκείαις

137 264 336 299 γεραιρόμενον
360 265 518 300 εὐνομίαις,
539 267 677 303 ὲπίσημόν
702 277 762 295 τινα
784 269 830 296 καὶ
854 269 927 301 ἐξαί-

138 317 232 344 ρετον,
253 310 283 336 ὲν
304 311 365 342 ταῖς
384 311 431 337 τοῦ
460 312 570 347 Ἰσραὴλ
594 313 792 348 προκρίνεσθαι
819 315 926 349 φυλαῖς.

136 353 204 381 Εἶτα
218 356 265 381 καὶ
285 355 332 382 τὸν
351 356 467 383 πλοῦτον
479 377 486 390 ,
506 359 656 394 τεκμήριόν
674 369 701 386 τι
717 361 767 396 τῆς
791 361 928 397 ὑπεροχῆς

134 399 149 425 ό
166 401 344 435 συγγραφεὺς
362 401 505 434 τεθεικὼς,
523 402 596 437 λέγει
615 404 662 430 καὶ
678 405 708 431 τὸ
721 406 769 440 τῆς
786 405 926 432 δικαιοσύ-

134 453 183 480 νης
208 445 291 471 αὑτοῦ
315 445 460 473 ίδιαίτατον
483 447 570 482 ὁμοῦ,
589 449 635 475 καὶ
651 449 759 476 πάντων
782 450 927 484 ὁμοφύλων

135 491 369 526 ὑπερανεστηκός.
394 493 567 528 Προσέφερε
591 495 661 529 γὰρ,
685 496 769 530 φησὶ,
790 495 868 530 δῶρα
887 495 926 528 τῷ

133 538 232 571 Κυρίῳ
250 537 355 565 διπλᾶ.
372 539 476 570 Ὄντως
491 539 578 574 διπλῴ
594 540 632 575 τῷ
650 541 758 576 πλούτῳ
772 542 869 577 ἐκόμα.
889 541 926 568 Τὸ

133 583 189 617 γὰρ
202 583 285 609 διπλᾶ
300 584 334 610 τὰ
347 584 423 619 δῶρα
441 584 598 620 καθιεροῦν,
614 586 649 613 τὰ
664 586 711 613 τοῦ
727 588 860 622 παρόντος
877 587 925 622 μὲν

132 628 181 654 καὶ
211 628 319 662 ῥέοντος
343 629 489 664 ἐκμειοῦν,
507 630 541 656 τὰ
561 631 590 657 δὲ
614 631 662 658 τοῦ
689 632 815 666 μένοντος
838 633 926 660 εἰσαεὶ

132 671 282 706 πληθύνειν
309 673 502 708 παρεσκεύαζε
526 674 754 711 θησαυρίσματα·
781 676 798 712 ἢ
825 677 923 712 δῆλον,

131 717 169 747 ὡς
183 718 244 744 οὐδὲ
271 718 386 746 πλοῦτον
402 720 445 746 εἶα
458 720 503 746 τὸν
516 722 724 756 παρατρέχοντα
737 723 838 757 μένειν,
857 723 924 758 πρὸς

130 763 162 790 τὸ
185 764 300 799 ἀρκετὸν
318 765 397 791 αὐτὸν
417 765 555 801 ὁσημέραι
572 767 745 801 συστέλλων;
766 767 852 794 Τοῦτο
870 768 924 803 γὰρ

129 809 178 836 καὶ
196 810 210 835 ὁ
237 810 315 843 λόγος
350 810 591 839 καθυποδείχνυσι.
615 813 787 847 Προσέφερε
810 813 865 848 γὰρ
889 813 924 840 τὰ

983 225 1102 252 uirorum
1120 234 1224 262 suaque
1241 225 1370 261 religione
1386 234 1417 254 ac
1438 226 1611 254 observantia
1638 228 1767 255 honesta-

982 275 1037 298 turn
1056 272 1102 306 qui
1124 273 1241 308 insignis
1258 281 1290 300 ac
1306 273 1422 300 eximius
1437 273 1569 305 haberet,
1594 274 1620 300 in
1641 274 1765 311 tribubus

984 315 1069 343 lsrael
1101 318 1201 352 priruas
1220 323 1394 346 consecutum
1420 326 1490 347 esse.
1512 319 1580 346 Tum
1612 329 1697 354 vero,
1720 323 1765 350 uhi

979 361 1108 395 scriptor,
1127 370 1175 389 ceu
1201 363 1482 398 indiciumquoddam
1502 367 1668 399 praestantim
1693 368 1764 399 viri,

980 405 1092 433 divitias
1109 415 1218 442 qrroque
1231 409 1366 442 posuisset
1381 418 1388 442 ;
1416 410 1664 444 siugularissimam
1690 413 1766 440 dein—

980 459 1044 485 ceps
1057 452 1117 486 ejus
1128 452 1264 486 justitiam
1275 473 1283 486 ,
1299 461 1330 480 ac
1344 462 1395 488 qua
1413 456 1547 483 universis
1565 458 1764 486 corllt‘ibulibus

979 497 1163 531 praecelleret,
1180 499 1257 526 dicit.
1278 498 1411 534 Offerebat
1429 501 1513 534 enim,
1531 502 1628 537 inquit,
1647 504 1764 539 duplicia

978 542 1048 569 dona
1067 542 1190 572 Domino.
1205 544 1286 572 Plane
1298 545 1468 579 gloriabatur
1482 547 1636 582 duplicibus
1649 550 1763 578 divitiis.

977 587 1053 621 Quod
1067 589 1139 616 enim
1153 589 1269 624 duplicia
1284 591 1354 618 dona
1370 592 1392 619 is
1410 600 1596 628 consecraret,
1614 595 1640 622 id
1655 597 1763 632 agebat.

977 639 1005 661 ιιι
1018 641 1046 662 et
1061 636 1123 663 vitae
1138 636 1219 671 hujus
1234 658 1242 670 ,
1259 637 1383 673 lituique
1399 639 1556 667 divitiarum
1575 642 1696 670 thesauri
1718 645 1764 670 nti-

977 688 1146 716 nuerentur;
1170 689 1313 712 manentes
1333 691 1424 713 autem
1441 692 1574 722 perpetuo
1590 690 1699 717 cumulo
1714 699 1763 717 art-

976 732 1114 760 gerentur.
1133 728 1228 757 Nonne
1247 730 1350 764 liquet,
1376 737 1404 759 ut
1423 740 1512 767 neque
1529 733 1640 767 fugaces
1656 735 1765 762 divitias

977 779 1085 800 manere
1103 775 1216 808 sineret,
1235 777 1359 810 quotidie
1375 783 1501 811 arctans,
1518 780 1551 806 ad
1569 780 1594 806 id
1610 781 1683 814 qrrod
1698 782 1765 809 satis

975 819 1139 847 essetiiloc
1168 821 1240 848 enim
1265 823 1348 850 etiam
1374 824 1460 851 oratio
1487 824 1588 853 indicat
1605 835 1612 853 :
1631 826 1765 861 Offerch

128 853 211 887 δῶρα
231 855 325 882 αὐτοῦ
343 855 383 888 τῷ
400 857 498 890 Κυρίῳ
514 855 607 884 διπλᾶ
618 876 626 889 ,
645 857 744 892 λέγων
763 858 798 885 ἐν
816 858 923 891 ἐαυτῷ·

976 864 1044 891 enim
1060 865 1130 893 dona
1144 875 1192 894 sua
1213 868 1331 902 duplicia
1353 869 1482 903 Domino,
1505 871 1594 899 dicens
1620 873 1691 906 apud
1713 881 1740 900 δι
1755 880 1764 898 :

131 898 230 926 Ἔστω
248 899 283 926 τὰ
301 899 356 934 τῆς
378 902 555 935 περιουσίας
570 911 630 936 μου
657 903 747 929 παντὶ
773 903 812 936 τῷ
838 904 919 937 λαῷ,

128 946 180 971 καὶ
209 946 243 971 τὸ
265 945 319 979 τῆς
342 946 480 980 ἀφέσεως
499 956 572 982 μου,
590 949 687 982 Κυρίῳ
705 949 746 981 τῷ
770 949 831 982 Θεῷ
849 959 919 984 μου.

129 989 203 1023 ’θρα
216 991 266 1025 τῆς
287 992 315 1017 ἐν
340 991 414 1027 νόμῳ
433 992 607 1028 δικαιοσύνης
629 995 800 1030 ὑπερϐολήν·
824 996 920 1023 σκόπει

127 1035 179 1070 τὴν
200 1037 229 1062 ἐν
252 1037 414 1068 ἀποστόλοις
441 1038 640 1074 εὐαγγελικὴν,
672 1041 700 1067 ὲν
723 1042 780 1073 τοῖς
805 1041 920 1074 δικαίοις

127 1081 236 1112 τούτοις
258 1083 537 1119 προκατοροωθεῖσαν
562 1085 719 1112 πολιτείαν·
744 1088 869 1121 κρεῖττον
890 1087 920 1114 δὲ

127 1126 231 1161 λέγειν,
250 1127 555 1163 ὑπερκατορθωθεῖσαν.
572 1131 671 1156 Ἔστω
687 1131 719 1157 τὸ
733 1131 788 1166 τῆς
800 1139 920 1166 περιου-

127 1173 201 1205 σίας
212 1181 271 1206 μου
291 1173 381 1200 παντὶ
403 1174 443 1206 τῷ
463 1174 537 1207 λαῷ.
554 1175 662 1210 Μηδὲν,
684 1177 787 1212 φησὶν,
811 1177 855 1212 εἴη
874 1186 921 1204 πε-

129 1218 221 1252 ριττὸν
235 1219 289 1245 τῶν
306 1221 475 1254 ἀναγκαίων.
494 1222 579 1248 Παντὶ
599 1222 638 1257 τῷ
655 1222 711 1257 λαῷ
728 1222 762 1249 τὰ
778 1223 848 1258 ὑπὲρ
870 1223 920 1260 τὴν

127 1265 224 1299 χρείαν
248 1267 414 1302 προκείσθω.
442 1268 513 1295 Πᾶσι
530 1269 610 1296 κοινὰ
637 1269 671 1296 τὰ
687 1270 737 1305 τῆς
759 1271 920 1305 περιουσίας

128 1311 263 1345 ἀφείσθω.
282 1313 313 1338 Ὢ
327 1313 503 1349 δικαιοτάτης
519 1315 565 1341 καὶ
580 1315 692 1351 γνώμης
712 1317 760 1343 καὶ
776 1316 896 1352 κρίσεως
910 1318 917 1344 l

130 1357 162 1383 Ὢ
192 1357 308 1384 πλούτου
344 1359 372 1385 ἐν
403 1360 548 1395 ἀσυλήτοις
579 1363 841 1398 συγκεκομισμένοι)
870 1372 920 1390 τα-

129 1401 227 1436 μιείοις
241 1404 246 1429 l
262 1402 349 1435 οὕτως
362 1405 378 1439 ἡ
392 1406 424 1431 ἐκ
436 1406 587 1440 προοιμίων
597 1408 819 1443 ὑπερανέστηκεν
829 1410 919 1437 αὐτῶν

126 1447 224 1483 ἀρετή.
248 1448 328 1476 Ἀλλὰ
342 1449 396 1484 γὰρ
411 1452 458 1477 καὶ
473 1451 566 1487 ἕτερον
577 1452 668 1486 αὐτοῖς
683 1454 838 1490 ὑπερϐολῆς
853 1464 919 1482 κειτ-

126 1492 240 1527 όρθωμα
252 1512 261 1526 ,
283 1495 316 1520 ὲκ
340 1494 395 1522 τῶν
412 1496 476 1532 ἑξῆς
498 1497 680 1532 διαφαίνεται,
700 1499 778 1527 Μετὰ
796 1501 850 1536 γὰρ
869 1501 918 1537 τὴν

127 1539 167 1570 εἰς
189 1539 220 1565 τὸ
233 1539 370 1576 αὔταρκες
384 1542 431 1569 τοῦ
451 1543 568 1571 πλούτου
589 1545 737 1581 συστολὴν,
759 1547 793 1574 τὰ
810 1549 918 1583 νενομιέ
932 1543 953 1572 C

128 1585 215 1620 σμένα
234 1586 326 1614 πάντα
348 1588 411 1623 περί
425 1597 455 1615 τε
476 1591 648 1626 νουμηνιῶν,
666 1593 714 1618 καὶ
732 1592 835 1628 ὲθίμων
852 1594 918 1620 ἀνα-

126 1629 275 1665 θημάτων,
301 1633 403 1660 θυσιῶν
425 1643 456 1661 τε
473 1635 633 1671 ἀφεσίμων,
651 1637 699 1664 καὶ
722 1638 917 1674 καθαρτηρίων

127 1678 313 1712 σωματικῶν,
338 1680 370 1706 ἐκ
393 1680 449 1706 τῶν
466 1681 596 1715 ἐνόντων,
620 1682 658 1718 τῷ
681 1682 736 1710 τῶν
762 1684 831 1711 ὅλων
856 1684 917 1720 Θεῷ

125 1724 338 1758 προσεκόμιζον.
351 1725 406 1752 Καὶ
421 1725 453 1752 τὸ
469 1726 524 1761 τῆς
535 1727 672 1762 ἀφέσεώς
682 1738 754 1763 μου,
767 1731 863 1764 Κυρίῳ
877 1730 917 1764 τῷ

126 1768 187 1801 Θεῷ
203 1778 274 1803 μου.
297 1771 397 1804 Ὥστε,
424 1773 454 1799 οὺ
474 1773 555 1808 μόνον
577 1775 618 1806 είς
639 1775 669 1801 τὸ
694 1776 827 1810 ἀρκετὸν,
848 1777 917 1804 ἀλλὰ

124 1816 172 1842 καὶ
187 1816 227 1847 εἰς
240 1816 270 1843 τὸ
281 1817 369 1844 ἐνδέον
385 1819 487 1853 αὐτοῖς,
503 1820 536 1847 τὰ
552 1821 601 1856 τῆς
616 1823 776 1857 περιουσίας
793 1824 914 1860 ὑπετέμ-

123 1869 195 1889 νετο.
211 1863 266 1889 Καὶ
285 1864 326 1895 τὺ,
351 1864 454 1899 Λέγων
471 1865 505 1892 δὲ
522 1867 557 1893 ἐν
571 1867 678 1902 ἐαυτῷ,
697 1868 752 1895 τῶν
768 1871 829 1897 κατ’
844 1871 917 1903 ἐξαί-

125 1915 204 1942 ρετον
215 1916 222 1923 ·
241 1908 290 1934 σὺν
305 1909 344 1944 τῷ
356 1910 406 1944 τῆς
419 1911 559 1944 εὐϐουλίας
572 1913 626 1949 γὰρ
644 1914 804 1950 σοφωτάτῳ,
819 1916 868 1942 καὶ
883 1917 916 1943 τὰ

122 1954 174 1987 τῆς
193 1955 331 1990 ὑπεροχῆς
348 1957 395 1983 τοῦ
417 1959 561 1993 εἰρηκότος
587 1961 739 1997 παρίστησι
762 1962 914 1998 δείγματα*

123 2000 153 2026 οὐ
169 2001 224 2036 γὰρ
242 2003 281 2033 εἰς
305 2003 415 2038 ἑτέρους
431 2005 545 2038 ἀπιδὼν,
563 2007 623 2034 οὐδὲ
640 2009 845 2044 παραδείγμασί
860 2018 915 2036 τισι

123 2048 332 2083 προσεσχηκὼς,
351 2050 439 2077 ταῦτα
460 2051 595 2087 ἔπραττεν
608 2061 615 2068 ·
634 2054 692 2080 ἀλλ’
706 2055 789 2086 αὐτὸς
804 2055 837 2082 δι’
851 2057 915 2083 ἐαυ-

121 2092 170 2119 τοῦ
187 2094 216 2119 τι»
231 2094 335 2128 ἀγαθον
354 2096 526 2132 ἐφευρίσκων
539 2098 688 2134 ἐξεπλήρου
699 2107 706 2114 θ
723 2101 770 2127 καὶ
784 2101 833 2136 οὐχ
848 2103 914 2129 ὐπο-

122 2137 221 2173 θήκαις
239 2140 369 2173 παλαιαῖς
381 2162 389 2174 ,
413 2144 461 2169 καὶ
481 2144 654 2179 νομοθεσίαις
676 2146 745 2181 πρὶς
759 2147 790 2173 τὸ
809 2148 913 2175 τοιοῦτο

121 2188 334 2220 χειραγωγεῖται
353 2189 532 2225 κατόρθωμα,
550 2189 607 2217 ἀλλ’
622 2191 704 2224 αὐτὸς
716 2194 848 2230 κατάρχει
864 2195 913 2230 τῆς

121 2231 153 2240 _-
226 2231 235 2240 ς
249 2232 260 2237 -
303 2233 308 2240 ι
393 2235 398 2240 ,
497 2237 502 2240 .
647 2238 652 2240 .
766 2239 769 2240 ν

970 2201 1075 2230 inchoat
1090 2211 1170 2238 opus,

119 2231 175 2257 τῶν
189 2231 281 2259 καλῶν
301 2233 444 2267 ἐργασίας,
461 2237 508 2262 καὶ
524 2238 674 2271 πρακτικὸς
692 2239 841 2276 νομοθέτης
856 2242 912 2273 τοῖς

83 2272 85 2275 ⁴
122 2276 181 2311 μετ’
199 2278 282 2304 αὐτὸν
305 2279 478 2308 καθίσταται.
505 2282 576 2317 Ὅρα
600 2283 658 2315 πῶς
679 2284 830 2319 ἀξιολόγως
857 2286 912 2313 τῶν

121 2322 251 2350 ἁπάντων
275 2321 348 2351 οὗτοι
376 2325 489 2353 δικαίων
513 2327 721 2364 προκέκρινται.
753 2330 912 2366 Ἀξῑολόγως

118 2367 147 2395 δὲ
161 2369 251 2402 λέγω,
272 2370 303 2396 οὐ
325 2372 357 2406 τῇ
383 2371 431 2398 τοῦ
451 2373 603 2409 μυστηρίου
627 2375 733 2411 δωρεᾷ·
761 2376 832 2413 ὑπὲρ
856 2378 911 2413 γὰρ

118 2414 237 2449 ἀμοιϐὴν
248 2414 338 2451 ἔργων
351 2417 367 2452 ἡ
380 2418 460 2454 χάρις
471 2427 480 2434 ο
494 2421 527 2455 τῇ
542 2428 574 2454 γε
589 2421 644 2448 τῶν
656 2423 784 2457 ὁμοφυῶν
796 2423 911 2451 ἀντιπα-

118 2460 242 2495 ραθέσει.
265 2462 335 2488 Ἀλλ’
350 2463 497 2492 ἀκόλουθον
513 2465 581 2500 πρὸς
596 2467 626 2494 τὸ
644 2467 694 2502 τῆς
711 2469 830 2503 ἱστορίας
846 2470 910 2505 ἑξῆς

118 2506 196 2534 ἰέναι.

150 2553 222 2588 Φησὶ
238 2553 302 2589 γὰρ,
319 2555 356 2587 ὠς
375 2556 478 2592 ὲθίμως
494 2559 554 2586 κατ’
569 2559 690 2596 εὔσημόν
710 2570 770 2589 τινα
784 2563 839 2591 τῶν
852 2565 909 2600 ἐορ-

115 2598 169 2625 τῶν
186 2601 351 2635 προσάγοντι
370 2602 404 2628 τὰ
417 2602 503 2638 δῶρα,
523 2606 537 2631 ὀ
560 2607 635 2642 παρὰ
656 2607 710 2634 τῶν
726 2598 907 2644 συμφυλετῶν

114 2643 151 2670 δι’
164 2646 292 2672 ἀτεκνίαν
315 2648 446 2684 ἐπετρίϐη
467 2649 629 2686 ὀνειδισμός.
653 2655 713 2680 Οὐκ
733 2643 837 2688 ἔξεστί
857 2666 907 2685 σοι

114 2689 184 2726 γὰρ,
205 2691 288 2725 φησὶ,
309 2696 525 2729 προσενεγκεῖν
545 2698 581 2724 τὰ
603 2697 681 2733 δῶρά
700 2708 778 2734 σου,
803 2705 906 2731 καθότι

115 2735 235 2770 σπέρμα
253 2738 308 2764 οὐκ
328 2740 477 2775 ἐποίησας
497 2743 533 2770 ἐν
558 2744 693 2780 Ἰσραήλ.
718 2748 739 2773 Τ
742 2749 785 2776 ινὰ
804 2750 833 2776 δὲ
852 2751 905 2778 τῶν

114 2782 305 2821 ἀντιγράφων,
318 2787 379 2813 Οὐκ
396 2787 499 2820 ἔξεστι
511 2797 561 2817 σοι
573 2791 677 2826 πρώτῳ
691 2793 753 2829 [ἀλ.
771 2796 902 2834 πρῶτον1,

114 2832 240 2866 περιέχει
275 2835 502 2869 προσενεγκεῖν.
533 2837 612 2870 Elicit;
640 2839 705 2874 γοῦν
738 2843 822 2870 αὑτὸν
855 2845 902 2872 ἅτε

254 2877 387 2910 ΡΔτιιοι..
415 2881 473 2914 Gn.
497 2883 529 2916 C.

975 908 1017 936 Sit
1045 918 1101 937 mea
1125 911 1290 940 abundantia
1308 915 1428 942 universo
1451 916 1547 951 populo
1562 937 1569 950 ,
1590 926 1621 944 ac
1645 918 1764 945 remissio

974 963 1030 982 mea
1048 957 1160 985 Domino
1181 958 1237 986 Deo
1260 968 1326 988 meo.
1344 960 1413 989 Vide
1434 962 1547 998 justitize
1563 964 1656 1000 legalis
1673 965 1764 992 excel-

974 1001 1097 1031 lentiam.
1122 1003 1188 1032 Vide
1211 1008 1394 1041 evnrtgelicam
1412 1010 1596 1043 apostolorum
1615 1011 1765 1039 institutio-

974 1056 1035 1076 nem
1053 1051 1183 1084 prteclare
1200 1052 1368 1086 exhihitam,
1394 1062 1441 1082 seu
1470 1060 1498 1082 ut
1524 1056 1620 1090 loquar
1646 1057 1762 1090 melius,

975 1100 1144 1129 superatam.
1160 1097 1202 1124 Sit
1218 1106 1275 1125 mea
1290 1100 1456 1128 abundantia
1472 1105 1543 1129 omni
1556 1103 1662 1137 populo.
1678 1103 1762 1136 Nihil,

975 1139 1080 1175 inquit,
1106 1142 1133 1169 iu
1162 1145 1323 1173 necessariis
1341 1147 1422 1175 rebus
1449 1148 1614 1182 superﬂuum
1640 1150 1763 1178 sit.Toti

974 1187 1073 1222 populo
1091 1189 1229 1224 proposita
1247 1191 1313 1224 sint,
1327 1199 1388 1227 qua:
1401 1194 1470 1221 ultra
1487 1197 1672 1223 necessarium
1686 1204 1762 1224 usuru

974 1232 1123 1261 abundant.
1141 1235 1301 1264 Communis
1318 1239 1456 1267 universis
1469 1240 1549 1268 cedat
1563 1248 1622 1268 mea
1635 1242 1765 1269 substan-

975 1279 1021 1306 tia.
1041 1279 1063 1307 Ο
1093 1281 1200 1315 plenam
1231 1282 1337 1317 justitia
1365 1290 1482 1312 mentem
1508 1285 1715 1323 judiciumquel
1741 1289 1763 1316 ι)

974 1325 1083 1353 divitias
1102 1326 1307 1357 inviolabilibus
1321 1331 1456 1359 thesauris
1483 1332 1644 1368 importatas
1664 1345 1670 1362 :
1688 1340 1763 1363 tanto

973 1378 1087 1400 excessu
1105 1374 1253 1408 praeceltuit
1270 1384 1364 1404 eorum
1384 1378 1469 1406 rirlus
1482 1380 1515 1407 ab
1528 1381 1653 1409 exordio.
1668 1382 1721 1410 Sed
1735 1389 1763 1411 et

973 1417 1026 1445 alia
1049 1425 1143 1446 eorum
1164 1421 1273 1450 virtutis
1294 1423 1455 1452 excellentia
1473 1433 1507 1453 e1
1523 1429 1702 1462 sequentibus
1717 1438 1763 1458 os-

974 1464 1105 1493 tenditur.
1119 1460 1265 1502 Postquam
1279 1469 1353 1496 euim
1369 1470 1440 1498 intra
1458 1472 1518 1507 ejus
1534 1460 1606 1508 quod
1625 1475 1763 1505 suﬂicerct

976 1513 1073 1543 metas,
1092 1511 1203 1540 divitias
1218 1518 1413 1543 contraxerant
1426 1536 1434 1549 ,
1451 1517 1570 1553 legitima
1585 1521 1687 1554 omnia,
1705 1527 1762 1551 tum

970 1564 1031 1591 quae
1048 1557 1080 1584 ad
1099 1560 1268 1594 rrcorrtenias,
1283 1564 1340 1588 tum
1355 1570 1416 1598 qua:
1429 1564 1462 1591 ad
1479 1565 1604 1599 donaria,
1620 1569 1761 1597 victimas-

968 1610 1021 1637 que
1037 1612 1086 1638 pro
1102 1606 1233 1639 peccatis,
1251 1615 1283 1634 ac
1308 1610 1465 1644 corporales
1484 1611 1660 1642 lustrationes
1674 1637 1681 1648 ,
1699 1624 1761 1650 spe-

968 1649 1079 1676 ctabant
1092 1671 1099 1684 ,
1121 1651 1153 1678 de
1180 1653 1331 1681 substantia
1354 1655 1457 1691 reliqua
1471 1677 1479 1690 ,
1498 1660 1688 1689 universorum
1705 1663 1759 1691 Deo

968 1695 1117 1724 oﬂerebant
1145 1706 1153 1724 :
1180 1696 1214 1724 Et
1240 1700 1359 1726 remissio
1390 1710 1446 1729 mea
1474 1703 1589 1733 Domino
1619 1707 1674 1734 Deo
1691 1717 1758 1737 meo.

968 1741 1161 1776 Quamobrem,
1178 1744 1275 1772 nedum
1293 1746 1319 1772 in
1337 1746 1362 1774 id
1376 1749 1449 1782 quod
1468 1751 1535 1778 satis
1552 1757 1638 1786 esset,
1660 1755 1706 1782 sed
1727 1762 1756 1783 ut.

967 1792 993 1814 et
1009 1788 1057 1822 ipsi
1074 1788 1236 1822 indigerent,
1255 1791 1338 1819 divisa
1353 1800 1446 1822 eorum
1463 1797 1577 1825 cedebat
1594 1801 1756 1831 substantia.

968 1832 1020 1860 Sed
1039 1839 1066 1862 et
1084 1835 1159 1868 illud,
1175 1837 1253 1871 Apud
1263 1846 1289 1865 se
1306 1839 1407 1873 dicem,
1426 1843 1532 1871 eximim
1546 1845 1687 1880 cujusdam
1703 1850 1758 1877 vir-

969 1879 1033 1906 tutis
1058 1887 1101 1908 res
1124 1887 1165 1908 est
1190 1891 1196 1910 :
1216 1888 1316 1917 praeter
1339 1887 1411 1913 enim
1431 1879 1632 1920 cordatissima:
1656 1896 1757 1923 utentis

967 1924 1121 1959 consilium,
1139 1926 1221 1954 etiarn
1237 1928 1295 1962 ejus
1307 1930 1351 1964 qui
1369 1931 1438 1959 dixit
1450 1933 1558 1962 virtutis
1570 1940 1756 1970 prtestarrtiaru

966 1971 1095 2000 ostendit.
1117 1972 1220 2008 Quippe
1242 1974 1298 2002 hrcc
1317 1977 1414 2010 agebat
1429 1996 1437 2009 ,
1463 1986 1516 2006 non
1536 1981 1563 2008 in
1582 1983 1651 2010 alios
1669 1986 1757 2020 respi-

965 2017 1050 2050 ciens,
1067 2024 1113 2046 aut
1128 2020 1200 2047 velut
1215 2022 1347 2056 exemplis
1359 2024 1420 2051 ullis
1433 2032 1550 2063 mentem
1567 2030 1755 2068 adhibuisset;

966 2063 1013 2091 sed
1031 2064 1089 2099 ipse
1106 2073 1154 2101 per
1172 2074 1201 2094 se
1217 2067 1355 2103 inventor,
1373 2072 1471 2100 bonum
1491 2074 1657 2110 adimplcbat
1673 2087 1680 2105 :
1704 2063 1756 2107 ne;

965 2117 1017 2143 que
1033 2112 1233 2147 antiquioribus
1249 2114 1422 2145 documentis
1448 2119 1607 2156 legibusque
1631 2125 1664 2150 ad
1683 2134 1754 2160 pra:-

965 2155 1070 2183 clarum
1087 2158 1154 2185 adeo
1173 2158 1278 2188 facinus
1295 2163 1499 2198 mauuducitur,
1517 2167 1563 2194 sed
1582 2169 1639 2203 ipse
1654 2171 1754 2199 bonurtt

1185 2213 1216 2233 ac
1232 2206 1344 2242 reliquis
1362 2209 1489 2246 deinceps
1505 2212 1644 2247 legislator
1659 2218 1693 2244 ab
1710 2226 1755 2246 ac-

966 2246 1038 2274 tione
1066 2247 1191 2277 efﬁcitur.
1221 2250 1287 2279 Vide
1315 2258 1342 2280 ut
1363 2255 1389 2281 hi
1413 2257 1508 2283 ruerito
1523 2246 1607 2292 juslis
1628 2263 1755 2291 omnibus

964 2293 1085 2326 potiores
1099 2295 1185 2322 habiti
1205 2297 1269 2325 sint.
1285 2298 1350 2327 Dico
1369 2306 1459 2329 autern
1478 2305 1576 2332 merito
1589 2327 1596 2338 ,
1615 2315 1666 2335 non
1681 2311 1753 2343 quod

963 2344 1068 2374 spectat
1084 2342 1116 2368 ad
1141 2345 1304 2372 sacramenti
1323 2347 1434 2381 domuit,
1459 2355 1467 2385 ι
1484 2357 1595 2386 srrperat
1618 2342 1753 2383 euirnibe-

963 2385 1052 2413 neiicii
1071 2388 1232 2432 magnitudo
1251 2392 1461 2422 retributionem
1486 2385 1635 2434 operum),
1655 2402 1702 2429 scd
1724 2408 1753 2430 ut

962 2432 1023 2466 quis
1037 2425 1142 2461 tantum
1159 2443 1220 2463 cum
1237 2438 1384 2472 gentilibus
1416 2442 1474 2469 suis
1497 2444 1622 2474 homines
1642 2455 1751 2484 corupa~

962 2481 1072 2507 raveril.
1091 2481 1237 2510 Enimvero
1256 2491 1471 2516 consentaneum
1497 2495 1554 2524 est,
1574 2500 1601 2520 ιιι
1628 2502 1687 2528 quae
1708 2497 1750 2523 hi-

960 2525 1044 2552 storia
1060 2527 1187 2563 deinceps
1203 2530 1282 2558 habet
1294 2540 1502 2568 prosequamur.

995 2573 1040 2599 Ait
1056 2573 1148 2608 itaque
1160 2594 1167 2607 ,
1185 2581 1214 2602 ιιι
1232 2577 1331 2605 illustri
1348 2582 1465 2614 quadam
1482 2585 1661 2622 celebritate,
1679 2591 1747 2618 dona

958 2625 989 2644 ex
1006 2627 1081 2647 more
1094 2619 1229 2656 oﬂ‘erenti,
1246 2626 1414 2655 coutribules
1431 2629 1471 2656 sui
1494 2633 1665 2662 sterilitatem
1683 2644 1747 2670 pro—

959 2664 1008 2691 bro
1025 2665 1185 2700 objecerint.
1205 2668 1266 2696 Non
1287 2671 1358 2699 erriru
1373 2695 1380 2706 ,
1394 2674 1492 2709 inquit,
1510 2677 1570 2705 licet
1586 2680 1642 2713 tibi,
1664 2664 1690 2708 ul
1705 2683 1748 2717 of-

957 2709 1027 2744 feras
1042 2715 1088 2738 tua
1107 2712 1187 2745 dona,
1205 2721 1234 2740 eo
1251 2716 1321 2749 quod
1335 2726 1386 2745 non
1406 2719 1498 2753 feceris
1510 2730 1595 2749 semen
1609 2724 1635 2750 in
1651 2724 1747 2752 Israel.

956 2756 1042 2784 Porro
1065 2758 1165 2786 habent
1189 2762 1310 2790 nonnulli
1331 2764 1462 2792 codices:
1487 2766 1549 2794 Non
1569 2768 1630 2796 licet
1658 2771 1704 2797 tibi
1721 2777 1747 2798 nt

955 2804 1056 2836 primus
1080 2805 1187 2840 o/feras.
1208 2807 1367 2837 Verosimile
1383 2811 1474 2845 itaque
1495 2813 1619 2842 videatur
1647 2816 1747 2850 viruur,

957 2850 1174 2886 utpotejusturu,
1191 2860 1222 2881 ac
1244 2855 1343 2891 duplici
1368 2857 1538 2887 honestarum
1565 2861 1743 2897 ingenuitate,

1547 2906 1587 2937 M-
