1951 3076
120 131 173 164 389

514 130 555 160 IN
578 130 629 160 SS.
652 129 830 160 DEIPAR/E
850 128 1145 159 CONCEPTIONEM
1165 128 1212 158 ET
1232 128 1318 158 NAT.

1676 125 1744 156 1390

105 182 310 220 despectionem
348 183 485 217 ostendit;
515 184 613 210 nedum
645 183 704 217 ejus
739 183 928 218 temporibus,
961 190 1021 209 cum
1054 176 1097 209 vel
1130 181 1296 210 modicarum
1330 187 1362 207 ac
1397 179 1579 216 legitimarum
1610 180 1743 209 virtutum

101 230 259 265 adimpletio
279 230 360 257 ardua
375 234 433 257 erat
443 250 449 261 ,
469 237 501 256 ac
516 229 654 256 dillicilis?

139 277 196 304 Καὶ
225 277 368 312 παρείσθω
399 276 464 308 νῦν,
494 276 528 302 τὰ
552 275 624 302 κατὰ
647 274 693 301 τὺν
722 274 899 310 πατριάρχην

989 273 1126 309 Missaque
1158 274 1184 301 in
1224 273 1433 308 przesentiarum
1463 276 1545 300 sunto
1583 273 1747 306 patriarthze

109 323 250 359 Ἀϐραάμ.
280 322 486 360 Ὑπεξῃρῆσθαι
508 323 562 358 γὰρ
583 322 622 357 τῷ
638 330 669 347 τε
692 322 780 357 χρόνῳ
796 321 844 348 καὶ
860 320 899 356 τῷ

103 371 156 405 τῆς
190 369 367 404 δικαιοσύνης
393 368 573 404 ἀνεστηκὸτι,
597 368 635 399 ὡς
652 368 707 394 τῶν
730 368 825 400 πάλαι,
852 367 901 394 καὶ

102 416 200 448 τούτου
217 415 318 447 δόξειεν
333 416 365 442 ἄν
380 423 451 441 τισι·
466 414 535 449 πλὴν
553 414 577 440 εἰ
591 414 733 441 καὶταῦτα
748 422 791 445 τις
804 413 900 446 ἀντεξ-

104 463 216 494 ετάζειν
245 461 378 496 βούλοιτο,
410 460 512 496 πολλὴν
541 459 574 487 ἂν
602 460 652 495 τὴν
686 460 824 495 ὑπεροχὴν
846 459 900 486 τῶν

104 507 299 542 προκειμένων
309 506 465 541 κατόψοιτο.
481 505 593 541 Ἐκείνῳ
608 505 657 540 μὲν
674 506 740 541 γὰρ,
755 505 773 540 ἦ
789 514 817 531 τε
832 513 900 540 μετ-

106 553 261 583 ανάστασις
273 571 280 583 ,
314 552 362 578 καὶ
381 552 398 586 ἡ
417 552 446 577 ὲν
461 549 502 582 οἷς
519 550 551 577 ἂν
574 551 770 586 παροικήσειεν
796 550 901 586 ἐρρήθη

103 599 142 633 γῆ
154 607 160 613 ·
178 598 219 624 ἔτι
230 621 236 628 ,
247 598 300 633 μὴν
312 616 319 628 ,
335 597 383 623 καὶ
398 597 415 632 ἠ
439 598 488 632 τῆς
505 596 634 628 ἀπαιδίας
660 597 706 623 καὶ
731 590 902 631 στειρώσεως

103 645 157 679 τῆς
167 645 278 680 Σάρρας
287 643 375 676 λύσις,
388 642 441 669 ὑπὸ
453 641 500 669 τοῦ
510 642 644 676 ἀψευδοῦς
659 642 884 678 προεπήγγελται
893 649 900 657 ·

105 690 180 724 ἅπερ
195 689 228 724 δὴ
244 690 368 724 κατέχων
383 688 540 723 ὑποσχέσει,
555 688 604 723 τὴν
621 688 670 723 μὲν
683 688 781 715 ἐλπίδα
792 688 902 724 ἔτρεφε,

105 736 158 771 τὴν
175 735 204 761 δὲ
219 735 334 770 γνώμην
354 735 424 770 πρὸς
441 733 491 769 τὴν
507 733 542 760 δι’
559 734 696 769 αἰτήσεως
715 734 902 770 ἐψυχαγώγει.

105 781 141 807 Τί
171 780 227 815 γὰρ
255 780 289 806 ἂν
318 779 503 815 εὐθυμότερον
529 779 580 814 τῆς
604 780 780 815 ὑποσχέσεως
806 779 903 815 ὀφθείη

105 825 189 853 θεοῦ.
214 825 243 852 '0
263 825 302 857 δὲ,
320 825 532 859 ἀνεπαγγέλτως
550 823 602 859 μὲν
625 825 701 861 παρὰ
724 823 772 851 τοῦ
789 824 904 852 δυνατοῦ

108 873 202 899 πάντα
221 871 256 898 τὰ
279 872 317 908 μὴ
339 871 441 898 δυνατὰ
462 870 662 906 περαιοῦσθαι,
685 871 733 897 καὶ
752 870 802 906 τὴν
824 871 905 905 φύσιν

109 917 384 954 μεταρυθμῐζεσθαι,
412 916 579 949 πιστεύσας,
599 915 666 951 πρὸς
690 916 782 950 ἀφανῆ
807 915 835 942 δὲ
855 914 904 951 τὴν

109 963 196 990 αὑτοῦ
210 963 383 998 προμήθειαν
399 962 435 988 τὰ
446 962 496 996 τῆς
511 962 618 994 ἐλπίδος
637 961 756 998 ἐρείσας,
773 960 845 988 οὕτω
858 961 904 988 καὶ
921 961 950 988 Β’

111 1008 161 1044 τὴν
174 1008 229 1034 τῶν
250 1007 361 1034 οἰκείων
379 1007 539 1039 διάστασιν,
562 1007 611 1033 καὶ
626 1006 675 1042 τὴν
697 1006 818 1041 ἔμμονον
837 1006 906 1042 πρὸς

110 1054 194 1081 αὐτὸν
210 1053 244 1079 δι’
271 1052 420 1086 ἐντεύξεως
437 1054 555 1080 ποιεῖται
575 1052 696 1088 ὁμιλίαν.
720 1052 776 1079 Καὶ
795 1054 809 1080 ὁ
837 1053 906 1088 μὲν,

110 1100 263 1134 τεκμήριον
288 1099 340 1133 τῆς
363 1107 393 1125 τε
418 1098 612 1134 κατασχέσεως
635 1099 684 1134 τῆς
706 1098 775 1134 γῆς,
794 1099 842 1125 καὶ⁸
857 1099 906 1134 τῆς

113 1144 161 1171 τοῦ
195 1144 292 1178 γένους
316 1143 464 1175 ἐπιδόσεως
487 1143 572 1170 δεῖται
596 1142 655 1179 [καὶ
672 1144 725 1179 ὅτῳ
753 1143 846 1179 τρόπῳ
873 1144 907 1170 τὰ

112 1190 339 1225 ἐπαγγελλόμενα
354 1189 525 1224 πληρωθεϊεν
541 1189 711 1225 ὲξαιτεῖται]·
728 1190 742 1216 ὁ
756 1190 794 1223 δὲ,
813 1189 908 1225 ὥσπερ

113 1238 143 1263 ἐν
156 1238 190 1272 τῇ
207 1237 271 1272 εὐχῇ
283 1236 312 1262 τὸ
327 1236 525 1268 ἀνενδοίαστον,
540 1235 612 1262 οὕτω
628 1236 675 1262 καὶ
691 1237 720 1262 ὲν
742 1236 781 1271 τῷ
794 1237 833 1268 είς
857 1237 907 1262 ἐπ-

114 1285 197 1320 ήκοον
206 1283 398 1319 ἀνενεχθῆναι,
413 1284 461 1310 καὶ
476 1284 522 1310 ὑπ’
537 1283 656 1317 ἀγγέλου
671 1283 717 1310 τὸν
731 1283 812 1309 τόκον
826 1283 909 1316 slay-

114 1330 276 1365 γελισθῆναι
289 1350 296 1362 ,
316 1330 366 1365 οὐχ
381 1330 419 1361 ὡς
439 1331 471 1357 ἂν
494 1329 592 1364 ὲκὸαίη
608 1328 640 1355 τὸ
663 1328 909 1364 εὐαγγελιζόμενον

115 1378 247 1409 αἰτεῖται,
264 1376 327 1403 οὐδέ
345 1384 376 1410 γε
390 1375 425 1402 τὰ
438 1375 570 1411 δηλοῦντα
589 1376 690 1410 σημεῖα
713 1375 762 1410 τῆς
783 1374 910 1401 ἀσθενού-

118 1431 168 1457 σης
184 1422 293 1456 φύσεως
311 1422 360 1456 τὴν
375 1423 458 1454 ἴασιν,
481 1421 618 1455 ἐπιζητεῖ.
643 1421 686 1452 Ὧς
701 1420 756 1456 γὰρ
771 1420 910 1456 πλήρωμα

115 1468 146 1494 τὸ
173 1469 288 1503 μήνυμα
313 1467 457 1502 κατασχὼν
483 1466 531 1493 τοῦ
549 1466 678 1502 καθαρῶς
699 1466 818 1502 ὀφθῆναι
837 1467 911 1502 μὸ-,ῳ

116 1515 188 1550 Θεῷ,
206 1515 252 1541 καὶ
268 1515 336 1549 μετὰ
351 1515 400 1550 τὴν
415 1513 462 1540 τοῦ
485 1514 565 1541 τόκου
584 1514 773 1550 πληροφορίαν
787 1513 844 1550 [γρ.
861 1513 910 1547 τῆς

117 1561 322 1597 πληροφορίας]
353 1560 569 1596 κατεστοχαζιτο
597 1562 709 1596 σημεῖα,
747 1560 828 1586 Ἀλλὰ
857 1559 911 1593 γὰρ

118 1609 166 1635 καὶ
176 1608 207 1634 τὸ
221 1610 269 1644 τῆς
285 1608 388 1639 Θυσίας,
408 1607 525 1634 ἐνταῦθα
543 1607 781 1642 προσκαλούμενον
812 1606 908 1638 ἐξετα-

119 1654 218 1689 σθῆναι
235 1653 398 1689 παράδοξον,
416 1653 510 1680 ἐατέον
521 1661 528 1668 ·
548 1653 622 1685 ὅπως
635 1653 684 1688 μὲν
698 1653 801 1684 ἐκεῖνος
823 1661 909 1688 προσ-

115 1701 212 1733 τάξει,
239 1700 473 1736 αὐτοπροαίρετος
493 1700 521 1726 δὲ
544 1697 619 1731 οὗτος
655 1699 838 1734 ἱερούργησε·
867 1699 913 1724 καὶ

121 1747 254 1782 μονογενῆ
277 1747 344 1781 μὲν,
368 1746 481 1781 κυρίως,
504 1742 583 1777 οὗτος
595 1753 603 1762 ι
621 1746 725 1777 ἐκεῖνος
743 1745 770 1771 δὲ
782 1765 790 1777 ,
809 1744 847 1779 τῷ
863 1746 913 1780 τῆς

119 1793 288 1826 ἐπαγγελίας
308 1792 380 1826 λόγῳ
390 1800 396 1806 “
413 1793 462 1819 καὶ⁸
477 1793 518 1818 ὅτι
534 1791 675 1827 προσάξας
691 1791 739 1826 μὲν
754 1792 869 1823 ἐκεῖνος,
883 1791 913 1817 τὸ

119 1839 220 1873 ἱερεῖον
235 1838 441 1873 ἀντικομίζεται
452 1846 459 1853 ⁶
473 1835 549 1870 οὗτος
564 1838 592 1864 δὲ
607 1837 645 1873 τῷ
657 1837 714 1863 (ter
728 1837 912 1872 καθιερώσας,

117 1885 313 1916 ὡλοκαύτωσε,
334 1885 381 1911 καὶ
403 1885 521 1916 ἀποδοὺς
539 1885 691 1919 ἀνήνεγκε·
710 1883 758 1910 καὶ
776 1884 912 1919 πατριάρ-

118 1940 169 1966 χην
185 1931 235 1966 μὲν
250 1931 332 1963 αὐτὸς
348 1931 451 1966 φυλῶν,
467 1931 514 1958 καὶ
528 1931 633 1958 δίκαιον
647 1939 652 1946 ·
673 1931 779 1966 μητέρα
791 1930 819 1956 δὲ
835 1926 911 1961 οὗτος

119 1977 205 2010 Θεοῦ,
239 1979 286 2005 καὶ
321 1978 497 2013 δικαιοτάτην
538 1978 717 2012 πατριαρχῶν
751 1977 910 2002 Δέσποιναν.

120 2024 254 2057 Κρεῖττον
271 2020 341 2058 γὰρ,
361 2024 391 2049 οὺ
410 2024 459 2058 τῆς
481 2022 641 2059 παρούσηςς
659 2022 726 2048 ἀλλὰ
747 2021 795 2048 καὶ
822 2021 911 2056 πάσης

119 2069 361 2103 ἀντιπαραθέσεως
380 2069 411 2095 τὸ
433 2069 599 2104 ἐγχείρημα.
623 2069 704 2104 Ὀρᾷς
717 2069 797 2094 ὁποῖα
812 2067 846 2094 τὰ
863 2066 911 2093 τοῦ

118 2114 224 2141 δικαίου
241 2114 338 2141 τούτου
355 2114 496 2150 παρήλασε
513 2114 749 2149 πλεονεκτήματα.

953 321 1070 347 Abrahae
1085 320 1216 354 pra-clare
1229 324 1315 355 gesta.
1328 318 1460 347 Videatur
1472 320 1580 354 quidem
1595 319 1745 352 nonnullis,

951 375 1012 394 curn
1037 367 1191 401 antiquiore
1214 374 1272 393 avo
1284 386 1291 398 ,
1313 371 1369 393 tum
1383 367 1498 400 justitirc
1515 367 1688 401 praestantia,
1706 367 1747 394 uti

953 413 1094 441 veteribus
1114 413 1186 445 aliis,
1202 413 1239 439 ita
1251 416 1278 440 et
1294 413 1353 440 viro
1370 413 1447 440 nobis
1459 414 1608 448 proposito,
1625 413 1747 448 potiores

954 459 1043 493 ferre;
1070 464 1099 486 ut
1117 464 1206 486 tamen
1236 459 1298 494 quis
1326 467 1359 486 ex
1387 459 1502 490 adverso
1523 466 1688 493 componere
1717 460 1747 488 itt

953 505 1073 531 animum
1103 505 1234 537 inducat,
1265 504 1380 531 multum
1408 513 1504 532 rerum
1541 506 1746 540 propositarum

953 558 1094 578 excessum
1111 550 1289 585 perspexerit.
1305 550 1372 578 Nam
1384 551 1421 578 illi
1434 551 1554 586 quidem,
1569 559 1632 579 cum
1648 553 1748 587 migra-

954 597 993 624 tio
1009 616 1017 629 ,
1034 601 1089 624 tum
1108 602 1180 624 terra
1198 604 1250 631 qua
1267 596 1375 624 futurus
1400 602 1460 624 erat
1485 597 1597 630 accola,
1617 599 1747 633 praedicta

954 642 1063 676 fuerat;
1091 643 1138 670 sed
1156 647 1183 670 et
1205 643 1296 670 futura
1314 642 1520 671 ittl'ecunditatis
1543 651 1575 671 ac
1597 644 1748 672 sterilitatis

955 689 1029 717 Sarm
1044 689 1154 721 solutio,
1164 689 1276 725 veracis,
1287 689 1336 719 Dei
1351 689 1462 717 oraculo
1473 691 1653 725 pramuntiata
1667 696 1726 718 erat
1739 699 1747 724 ;

954 744 1041 772 eaque
1059 736 1082 764 is
1099 736 1280 771 promissione
1299 742 1410 769 tenens,
1433 741 1461 764 et
1476 744 1552 771 spem
1568 736 1671 769 alebat,
1687 738 1747 765 ani-

956 789 1084 816 mumque
1098 789 1146 817 per
1160 782 1312 809 orationem
1327 782 1372 809 illa
1389 782 1556 811 oblectabat.
1575 783 1644 817 Quid
1661 784 1748 816 enim,

959 835 1039 863 rogo,
1053 828 1144 855 divina
1168 828 1350 863 promissione
1364 828 1511 863 jucundius
1534 829 1621 857 videri
1644 831 1749 865 queat?

955 874 1077 901 Joachlm
1091 881 1175 907 vero,
1197 874 1271 901 nulla
1286 874 1320 902 ab
1338 882 1371 902 ea
1387 879 1498 910 accepta
1515 876 1708 909 promissione,
1723 876 1750 904 ei

957 920 1135 948 commotions
1166 920 1269 953 (idem,
1296 920 1343 955 qui
1376 921 1592 956 impossibilibus
1620 922 1748 952 omnibus

957 967 1059 994 exitum
1075 967 1140 995 dare
1150 987 1158 1000 ,
1172 975 1204 995 ae
1219 972 1346 995 naturam
1366 973 1456 1003 potest
1472 968 1641 1002 reformare;
1657 977 1751 1004 spem-

957 1022 1010 1049 que
1027 1021 1104 1041 suam
1128 1014 1154 1042 in
1177 1015 1282 1042 occulta
1299 1015 1359 1050 ejus
1380 1015 1550 1050 providentia
1574 1015 1679 1043 ﬁrmam
1700 1015 1749 1043 Ita-

957 1060 1035 1092 bens,
1052 1068 1112 1087 eum
1129 1068 1159 1088 se
1174 1068 1190 1088 a
1205 1061 1364 1089 domesﬂcis
1384 1061 1534 1095 abstrahit,
1553 1066 1608 1088 tum
1622 1069 1752 1096 perseve~

958 1106 1027 1132 ranti
1053 1105 1253 1140 supplicatione
1278 1106 1305 1132 in
1324 1106 1423 1134 divinis
1446 1106 1591 1141 colloquiis
1618 1108 1684 1141 agit.
1711 1107 1751 1134 Ac

958 1150 1094 1177 Abraham
1113 1150 1220 1185 quidem
1246 1151 1431 1178 necessarium
1449 1151 1531 1179 habet
1545 1151 1669 1186 signum,
1687 1160 1751 1179 cum

960 1188 1058 1223 l'utnraa
1070 1196 1253 1230 possessionis
1272 1200 1350 1223 terra:
1362 1217 1370 1229 ,
1387 1201 1442 1223 tum
1461 1197 1600 1232 augmenti
1618 1198 1727 1232 generis
1740 1218 1749 1230 ,

959 1246 991 1266 ac
1007 1239 1115 1266 modum
1134 1247 1186 1274 quo
1201 1239 1299 1267 divina:
1315 1241 1510 1274 promissiones
1526 1241 1668 1277 implendas
1684 1242 1755 1275 sint,‘

960 1285 1098 1319 exquirit:
1113 1284 1236 1313 Jmehitn
1254 1294 1337 1319 vero,
1362 1287 1401 1314 uti
1420 1286 1560 1315 indubiam
1577 1289 1604 1315 in
1626 1288 1752 1316 oratione

961 1336 1078 1359 mentem
1101 1333 1275 1365 ostenderat,
1302 1333 1337 1360 ita
1355 1338 1383 1360 et
1406 1334 1451 1361 tibi
1471 1333 1568 1362 fuisset
1588 1335 1752 1369 exauditus,

961 1377 1118 1412 bonumque
1134 1379 1168 1405 ab
1183 1379 1279 1413 angelo
1296 1379 1442 1406 nasciturm
1460 1380 1545 1414 prolis
1561 1380 1686 1407 nuntium
1705 1389 1752 1408 ae-

962 1423 1099 1458 cepisset,
1122 1423 1333 1460 haudquaquam
1360 1430 1389 1452 ut
1417 1425 1514 1453 faustae
1537 1427 1753 1455 annuntialionis

963 1469 1036 1496 illius
1050 1474 1165 1497 eventus
1179 1470 1215 1497 sit
1228 1471 1372 1500 habiturus
1384 1491 1391 1504 ,
1407 1477 1495 1507 rogat,
1517 1479 1566 1500 nec
1584 1480 1648 1500 vero
1664 1473 1752 1507 signa,

963 1515 1062 1549 quibus
1073 1515 1164 1544 futura
1175 1521 1281 1545 naturae
1295 1518 1403 1546 sanatio
1418 1519 1454 1546 sit
1469 1518 1644 1553 declaranda,
1659 1520 1753 1554 exqui-

964 1562 1010 1589 rit.
1029 1560 1108 1590 Velut
1125 1563 1197 1590 enim
1215 1571 1272 1590 rem
1285 1563 1341 1597 jam
1362 1565 1536 1599 adimpletam
1553 1565 1667 1597 habens,
1682 1566 1753 1600 quod

963 1613 1058 1643 aperte
1073 1608 1122 1636 soli
1139 1609 1193 1636 Deo
1206 1610 1294 1637 visum
1308 1615 1391 1642 esset,
1402 1611 1582 1645 signiﬁcatum
1597 1616 1680 1643 esset,
1693 1620 1753 1638 cum

963 1659 1037 1681 certa
1053 1653 1149 1680 futurae
1164 1655 1247 1688 prolis
1260 1645 1446 1688 persuasione,
1462 1656 1539 1690 signa
1554 1663 1664 1691 quoque
1675 1656 1753 1690 plane

961 1700 1142 1734 conjectabat.
1163 1701 1215 1727 Sed
1236 1705 1264 1728 et
1286 1701 1452 1729 admiraudm
1477 1702 1548 1729 illius
1564 1702 1680 1730 victima
1701 1703 1753 1730 hue

963 1744 1013 1772 loci
1030 1746 1146 1772 accitum
1165 1753 1292 1779 examen,
1309 1748 1491 1774 omittendum
1519 1747 1555 1774 sit
1572 1757 1578 1775 :
1599 1753 1628 1774 ut
1644 1748 1753 1783 quidem

962 1790 1119 1822 Abraham,
1147 1789 1239 1817 dirina
1266 1789 1411 1824 jussione,
1433 1790 1556 1817 Joacltim
1586 1797 1677 1818 autem
1704 1799 1752 1817 sua

963 1835 1021 1870 ipse
1039 1839 1147 1870 sponte,
1164 1836 1361 1863 sacriﬁcaverit
1376 1845 1382 1869 ;
1395 1842 1480 1871 atque
1496 1836 1540 1863 hic
1558 1836 1678 1872 quidem,
1696 1837 1753 1863 uni.

966 1887 1062 1915 genam
1087 1880 1210 1908 absolute
1226 1880 1347 1915 prolem,
1373 1881 1418 1908 ille
1434 1882 1585 1913 duntaxat,
1604 1881 1694 1908 habita
1713 1888 1753 1908 ra-

965 1924 1039 1951 tione
1064 1925 1253 1959 promissionis
1271 1937 1276 1953 :
1303 1930 1332 1952 ut
1357 1926 1422 1953 item
1440 1926 1485 1953 ille
1501 1934 1563 1953 cum
1589 1926 1753 1958 obtulisset,

964 1971 1258 2005 vietimam'retulerit,
1276 1971 1320 1999 hic
1337 1976 1426 1999 autem
1438 1991 1446 2004 ,
1463 1980 1558 2000 revera
1579 1973 1753 2000 sacriﬁcave-

964 2017 1017 2048 rit,
1035 2017 1205 2053 reddensqne
1225 2025 1256 2045 ac
1283 2018 1411 2046 addicens
1432 2018 1503 2051 Deo,
1522 2019 1547 2045 in
1566 2020 1754 2046 holocaustum

963 2064 1095 2092 obtulerit
1112 2071 1119 2090 :
1138 2072 1170 2091 ac
1190 2064 1240 2092 ‘ille
1259 2065 1387 2099 quidetn‘,
1410 2065 1528 2092 tribuum
1549 2066 1754 2100 patriarcltant;

964 2110 1008 2137 hic
1024 2115 1126 2142 autem,
1146 2110 1193 2137 Dei
1210 2115 1362 2146 parentem,
1384 2119 1415 2139 ac
1432 2112 1648 2147 patriarcharum
1674 2112 1756 2139 meri-

120 2163 257 2189 tissimam
275 2161 429 2188 Dominam.
459 2161 542 2188 l’lane
556 2162 628 2189 enim
642 2181 649 2193 ,
669 2162 766 2188 nedum
783 2159 909 2195 prtrsenti
931 2159 1000 2191 hac,
1037 2158 1084 2186 sed
1118 2163 1145 2186 et
1162 2159 1234 2186 omni
1253 2159 1363 2186 omnino
1380 2160 1583 2195 comparatione
1602 2165 1705 2187 tantum
1722 2160 1756 2187 il-

120 2208 166 2234 lud
185 2209 291 2235 facinus
310 2208 398 2242 majus
429 2209 554 2236 exsistat.

121 2255 189 2281 iant.

592 2208 674 2235 Vides
693 2212 802 2243 quanta:
834 2207 900 2242 justi
935 2207 1015 2242 hujus
1045 2207 1231 2241 prmrogativae
1262 2206 1418 2242 exitniaqne
1448 2212 1610 2234 ornamenta
1643 2208 1756 2242 prmeri-

155 2299 209 2326 Θέα
221 2288 259 2334 «δὴ
277 2300 324 2326 καὶ
337 2299 386 2335 τὴν
412 2301 441 2326 ὲν
454 2301 486 2336 τῇ
502 2301 598 2336 ἐρήμῳ
612 2300 763 2336 διατριϐὴν,
780 2300 827 2326 καὶ
841 2300 910 2334 ὑπὲρ

999 2299 1067 2327 Vide
1083 2306 1164 2334 porro
1194 2298 1251 2333 ejus
1269 2299 1293 2326 in
1315 2298 1423 2326 deserto
1442 2307 1555 2332 moram,
1581 2306 1612 2327 ac
1626 2299 1755 2334 majorem

120 2346 169 2382 τὴν
185 2346 269 2381 φύσιν
283 2346 442 2382 καρτερίαν,
461 2347 494 2382 ἢν
510 2346 660 2380 ἀγγελικὴν
676 2346 808 2381 προσήκει
823 2344 914 2379 λέγειν

120 2392 269 2426 διαγωγὴν,
299 2391 337 2423 ὡς
360 2391 423 2427 ξένη
449 2392 498 2419 καὶ
525 2391 731 2427 ἀκατάλληλος,
751 2392 784 2426 τῇ
809 2399 838 2417 τε
858 2389 912 2416 τῶν

122 2439 293 2474 πραγμάτων
318 2439 365 2465 καὶ
389 2439 477 2473 λόγων
497 2439 726 2476 ἀντιπαραθέσει,
746 2438 911 2473 καθέστηκε.

121 2484 333 2519 Τεσσαράκοντα
347 2485 401 2520 γὰρ
417 2484 523 2520 ἡμέρας
541 2486 587 2511 καὶ
597 2485 698 2516 νύκτας
710 2483 805 2510 τοῦτον
819 2483 912 2510 ἄσιτον

121 2530 296 2558 διατελοῦντα
309 2552 317 2564 ,
333 2531 577 2567 προσκαρτερῆσαί
594 2539 677 2566 φησιν
702 2531 717 2565 ἡ
735 2529 840 2565 ἱστορία
877 2530 910 2564 τῇ

121 2577 220 2612 δεήσει,
237 2577 305 2612 μόνῃ
320 2577 352 2612 τῇ
367 2578 405 2609 εἰς
429 2577 496 2603 Θεὸν
511 2577 599 2604 ἐλπίδι
623 2577 802 2612 τρεφόμενον.
827 2574 911 2608 Ἐνή-

121 2630 233 2650 στειλσε
267 2623 322 2658 γὰρ
344 2622 455 2657 ἡμέρας
471 2623 642 2655 «alnum;-
664 2621 890 2656 τεσσαράκοντα
903 2642 910 2653 ,

120 2669 218 2704 λέγων
231 2677 238 2683 ·
254 2670 295 2696 οὐ
320 2668 528 2703 καταϐήσομαι
550 2668 610 2704 [ἄλ.
636 2667 822 2703 ἀναϐήσομαι]
843 2668 911 2694 οὔτε

119 2713 316 2748 ἐπίηβρωτὸν,
334 2714 402 2741 οὔτε
419 2714 468 2740 ἐπὶ
481 2714 583 2740 ποτόν.
605 2713 691 2740 Τοῦτο
708 2713 763 2739 τῶν
783 2713 831 2748 μὲν
848 2713 911 2748 παρ’

119 2761 186 2795 ἡμῖν
211 2760 476 2796 ἀγωνιστικωτέρων
501 2760 568 2791 τισὶ,
598 2759 762 2794 παράδοξον·
786 2759 841 2785 τισὶ
866 2759 912 2792 δὲ,

120 2805 166 2831 καὶ
197 2805 341 2839 ἀμήχανον
374 2804 516 2840 ἀνεκρίθη.
541 2804 626 2840 ’Υπὲρ
655 2804 709 2838 γὰρ
737 2803 912 2839 ἀνθρωπίνην

122 2850 198 2885 ίῖχὺν
223 2850 254 2877 τὺ
280 2850 454 2886 κατόρθωμα·
479 2851 526 2878 τοῦ
545 2852 594 2886 τῆς
616 2850 723 2884 φύσεως
752 2850 834 2885 μόνον
861 2851 912 2885 Δη-

966 2353 1046 2380 quam
1068 2353 1115 2380 pro
1132 2345 1248 2372 lmmana
1272 2346 1375 2372 ratione
1397 2346 1629 2380 perseverantiam
1653 2346 1756 2380 (quam

965 2391 1043 2427 plane
1058 2392 1207 2427 angelicam
1226 2392 1286 2419 vita:
1314 2392 1446 2419 rationem
1474 2393 1572 2420 merito
1593 2393 1755 2428 dicamus),

965 2441 994 2463 ut
1012 2444 1079 2463 nova
1106 2444 1137 2464 ac
1161 2437 1300 2469 insolens,
1323 2445 1412 2464 rerum
1431 2437 1532 2472 pariter
1557 2439 1757 2474 verborumque

968 2484 1183 2519 comparatione,
1202 2484 1343 2512 elTulserit.
1370 2484 1414 2511 Ait
1432 2485 1530 2519 quippe
1554 2485 1591 2512 rei
1614 2491 1696 2521 gestre
1718 2487 1758 2513 bi-

968 2531 1069 2561 5toria,
1094 2531 1273 2565 quadraginta
1303 2530 1361 2557 dies
1394 2538 1426 2557 ac
1455 2532 1634 2566 quadraginta
1662 2538 1756 2559 lltlt‘lt‘s

964 2575 1085 2611 jejunum
1101 2583 1289 2610 perseverasse
1305 2577 1330 2603 in
1345 2577 1477 2607 oratione.
1492 2585 1553 2605 cum
1572 2578 1678 2605 interim
1693 2586 1755 2614 spes

967 2622 993 2649 in
1004 2621 1086 2649 Deum
1097 2622 1152 2649 sola
1164 2622 1260 2649 aleret.
1273 2622 1408 2657 Jejunnuit
1422 2624 1554 2658 siquidem
1576 2624 1756 2658 quadraginta

961 2667 1017 2693 dies
1035 2675 1065 2693 nc
1083 2671 1185 2699 noctes,
1203 2667 1310 2694 dicens:
1328 2666 1389 2694 Non
1405 2669 1561 2695 descendam
1580 2669 1618 2695 vel
1634 2674 1660 2694 ut
1677 2677 1756 2695 man-

962 2713 1064 2745 ducent,
1083 2713 1120 2740 vel
1144 2719 1169 2739 ut
1195 2713 1292 2740 bibant.
1313 2714 1427 2748 Quidam
1447 2716 1515 2749 ame
1534 2723 1584 2741 nos
1601 2715 1753 2748 plusculum

962 2760 1142 2791 contentiusi,
1159 2759 1229 2786 haud
1250 2761 1316 2788 satis
1337 2761 1436 2788 habere
1458 2762 1536 2788 [idem
1549 2782 1557 2792 ,
1577 2769 1631 2788 rem
1655 2762 1753 2789 existi—

964 2808 1056 2837 mant;
1084 2805 1194 2839 quidam
1220 2814 1283 2834 vero
1298 2808 1378 2834 etiam
1403 2807 1597 2841 impossibilem
1613 2806 1751 2840 ~judicant.

965 2849 1030 2877 Nam
1053 2851 1135 2879 vincit
1155 2852 1259 2880 [acinus
1282 2854 1428 2880 humanam
1444 2854 1571 2881 virtutem
1597 2863 1602 2882 :
1621 2855 1679 2883 solo
1703 2864 1751 2883 na-
