1951 3076
206 132 271 164 1391

768 133 928 177 GEORGII
946 134 1245 167 NICOMEDIENSIS

1757 134 1828 168 1392

205 194 271 215 turre
285 190 393 214 auctore
410 187 474 219 Deo,
497 195 527 215 ex
548 187 694 216 voluntatis
710 190 866 224 proposito,
885 190 985 218 incolu-

1042 191 1174 226 μιουργοῦ
1189 191 1219 218 τὸ
1233 190 1343 226 διαρκὲς
1358 191 1443 227 αὐτῇ,
1470 191 1583 227 γνώμης
1598 191 1703 227 αἱρέσει
1728 199 1827 227 συντη-

205 242 273 261 mem
288 239 422 262 servante.
440 234 504 261 Eam
521 234 560 261 vir
570 234 660 268 justus
675 234 862 262 inconcussam
877 235 931 262 Deo
946 235 990 261 ad-

204 281 309 312 hibens,
323 281 401 314 vique
414 287 509 315 magna
523 280 651 307 adversus
663 281 785 315 corporis
800 281 988 308 necessitatem

205 328 359 360 insurgens,
375 326 408 352 ab
422 326 527 357 eudetn,
543 333 604 352 cum
618 325 731 360 gratiam
746 325 876 360 majorum
889 326 990 353 virtute

204 372 394 404 certaminum,
407 377 462 399 tum
479 372 608 399 donorum
623 372 789 399 vincentium
802 379 886 407 spem,
906 380 990 399 mere-

204 423 246 445 tur
263 419 395 453 accipere.
412 418 484 446 Sane
503 419 609 453 Quidam
634 418 741 454 Moyses
763 419 859 453 aequali
883 419 989 446 dierutn

203 464 306 498 jejunio
331 464 536 490 admirationem
563 464 651 490 habet.
692 463 748 491 Nec
767 465 839 491 enim
864 471 907 491 res
932 464 989 497 ejus

203 515 286 544 gestae
300 515 393 537 carent
414 509 594 536 admiratione
611 517 618 536 :
641 513 670 536 ιιι
685 510 746 544 quis
769 514 857 537 tamen
876 517 988 537 accura-

205 557 258 584 tius
285 557 424 583 amborum
441 557 565 591 exquirat
580 556 770 590 cxpendatque
789 556 986 588 constantiam,

203 603 246 630 hic
259 610 367 637 quoque
387 603 414 628 iu
435 602 474 628 rei
493 602 665 636 aggressione
679 601 823 628 discrimen
845 601 986 628 invenerit.

203 648 269 675 Nam
296 647 401 683 Moyses
426 647 551 682 quidem,
578 655 639 674 cum
658 647 839 681 praecipientis
862 648 987 680 decreto,

206 699 259 720 tum
278 692 428 719 tabularum
447 693 580 724 custodia,
600 693 711 728 ipsaque
727 693 793 720 adeo
813 692 989 728 Legislatoris

202 739 404 773 exspectatione
417 739 606 771 detinebatur;
624 746 683 774 quae
698 739 791 774 utique
810 739 912 766 meliori
929 747 989 766 cor-

203 784 377 812 roboratione
410 792 471 812 eum
507 785 636 819 temporis
663 785 792 820 longioris
817 785 987 818 molestiam,

204 835 261 857 tum
283 837 386 858 naturae
409 831 598 858 necessitatem
624 831 749 858 levabant
769 840 776 858 :
796 831 918 858 Joachitn
941 839 988 858 au-

204 880 257 903 tem
268 896 277 909 ,
302 876 374 904 nullo
391 876 441 903 alio
458 881 615 909 recreante,
632 877 687 904 sola
710 884 773 904 vero
790 876 857 903 nihil
879 876 987 903 fallente

201 923 229 950 in
255 922 339 950 Deum
364 931 412 958 spe
437 923 603 956 roboratus,
630 922 803 950 solitudinem
830 922 931 957 pariter
956 929 987 949 ac

202 975 303 1003 agones
332 968 423 1000 subit,
457 968 642 1002 intentamque
668 967 797 1000 ejusmodi
837 967 986 994 orationem

200 1014 310 1048 promit.
325 1012 390 1040 Eam
406 1012 538 1047 rem~quis
554 1020 606 1039 non
621 1013 745 1044 miretur,
756 1018 919 1045 omnemque
934 1017 988 1037 ser-

201 1059 290 1086 monis
305 1059 357 1086 vim
373 1059 511 1086 existimet
533 1058 659 1090 vincere,
689 1065 750 1092 qme
775 1058 855 1091 plane
878 1063 986 1083 omnem

202 1105 334 1132 rationem
351 1113 382 1132 ac
395 1105 540 1140 cogitataut
558 1103 755 1139 magniﬁcentia
772 1103 897 1138 superet?
912 1102 988 1135 Quod

195 1151 224 1180 ἐἰ
242 1152 317 1186 Quis,
336 1159 366 1179 ea
382 1159 442 1186 quae
457 1151 582 1182 dicimus,
599 1149 809 1185 exaggeratione
822 1149 873 1175 diei
895 1148 988 1175 existi-

201 1203 278 1231 met;
294 1198 350 1232 ipse
371 1204 414 1225 res
428 1198 534 1229 animo,
548 1196 642 1231 quales
662 1196 773 1228 habent,
789 1195 873 1222 nudas
891 1202 988 1228 propo-

201 1249 259 1276 nat,
272 1243 462 1279 exquiratque,
477 1250 539 1270 num
553 1247 642 1269 tantas
656 1242 799 1272 invenerit,
814 1246 902 1267 utnec
915 1240 989 1274 quis-

202 1297 282 1324 quam
308 1289 470 1317 ceiebrando
486 1288 617 1316 assectari
639 1288 742 1322 possit,
759 1287 866 1314 tametsi
891 1287 989 1320 proba-

202 1336 323 1364 tissimus
345 1336 443 1364 habeat
456 1335 561 1362 dicendi
578 1334 727 1366 facultate;
755 1333 853 1360 nedum
871 1332 985 1367 majori,

201 1389 281 1415 quam
299 1389 347 1416 pro
367 1388 459 1408 earum
477 1381 580 1408 ratione
592 1379 676 1415 gloria
692 1379 829 1407 extulerit.
849 1378 895 1406 Sic
908 1378 988 1413 porro

201 1426 303 1453 habent
314 1433 356 1454 res
370 1426 419 1453 viri
432 1425 507 1460 justi.

235 1471 364 1506 Coujugis
379 1476 481 1503 autem,
493 1478 524 1499 ac
539 1471 636 1498 iisdem
648 1475 750 1498 ornatae
758 1470 878 1498 moribus
891 1469 985 1502 Annae,

1042 235 1160 271 ροῦντος.
1178 235 1285 272 Ταύτην
1304 236 1378 272 αὐτῷ
1401 236 1605 272 ἁπεριδόνητον,
1630 239 1643 263 ό
1657 237 1759 269 δίκαιος
1775 245 1828 264 πα-

1041 282 1257 317 ραστησάμενος,
1274 281 1369 317 βιαιως
1388 291 1416 308 τε
1431 282 1481 317 τῆς
1499 283 1546 309 τοῦ
1563 282 1690 318 σώματος
1702 283 1826 318 ἀνάγκης

1040 329 1323 362 κατεπανιστάμενος,
1340 329 1405 364 παρ’
1427 328 1510 355 αὐτοῦ
1526 329 1631 356 ἐκείνου
1645 350 1652 361 ,
1669 329 1718 364 τὴν
1745 329 1826 363 χάριν

1040 371 1093 398 τῶν
1111 371 1181 407 ὑπὲρ
1207 371 1322 407 δύναμιν
1348 372 1473 407 ἀγώνων,
1499 373 1547 399 καὶ¹
1569 374 1624 399 τῶν
1648 374 1713 408 παρ’
1731 373 1827 400 ἐλπίδα

1039 418 1158 454 δωρεῶν,
1174 419 1366 454 ἐπιτυγχάνειν
1379 419 1496 454 δέχεται.
1511 419 1633 454 Μωῡσῆς
1651 419 1700 454 μὲν
1713 420 1779 455 γὰρ,
1794 421 1826 455 τῇ

1042 464 1177 500 ίσαρῐθμῳ
1196 464 1368 500 θαυμάζεται
1382 465 1435 491 τῶν
1453 465 1565 500 ἡμερῶν
1580 466 1682 501 ἀσιτίᾳ·
1700 466 1746 492 καὶ
1758 466 1826 500 γὰρ,

1039 510 1090 536 οὐκ
1110 509 1275 545 ὰθαύμαστα
1300 509 1335 536 τὰ
1356 510 1418 536 κατ’
1440 511 1552 537 ἐκεῖνον.
1587 510 1659 536 Ἀλλ’
1676 511 1755 541 εἴτις
1779 512 1828 545 τὴν

1039 556 1177 591 ἑκατέρων
1197 555 1412 592 διερευνώμενος
1436 556 1564 589 ἐξετάσαι
1588 556 1710 591 θελήσειε
1726 564 1827 592 καρτε-

1040 601 1112 637 ρίαν,
1131 602 1242 638 εὑρήσει
1261 602 1361 637 δηλαδὴ
1375 602 1513 629 κάνταῦθα.
1525 602 1574 637 τὴν
1591 602 1733 637 διαφορὰν,
1754 603 1783 628 ὲν
1795 603 1827 638 τῇ

1041 648 1235 684 μεταχειρήσει
1258 648 1306 674 τοῦ
1331 648 1504 684 πράγματος.
1536 648 1565 674 '0
1583 649 1631 682 μὲν
1656 649 1709 683 γὰρ
1723 649 1762 683 τῷ
1780 648 1826 675 τοῦ

1040 692 1254 730 προστεταχότος
1266 695 1332 729 ὅρῳ,
1354 694 1402 721 καὶ
1419 695 1450 729 τῇ
1464 693 1519 720 τῶν
1533 694 1645 721 πλακῶν
1657 694 1826 730 διατηρήσει,

1040 741 1108 773 αὐτῇ
1120 748 1149 766 τε
1164 741 1197 775 τῇ
1214 740 1350 775 ἀπεκδοχῇ
1368 739 1414 766 τοῦ
1429 740 1572 774 νομοδότου
1587 741 1740 775 κατείχετο,
1756 741 1828 775 ειπερ

1041 785 1089 813 σὺν
1101 785 1243 820 ὲπισχύσει
1259 785 1405 821 κρείττονι,
1418 785 1464 812 τόν
1479 792 1509 812 τε
1524 786 1756 820 παρατεινόμενον
1770 786 1829 821 χρό-

1039 840 1094 864 νον,
1115 831 1162 858 καὶ
1176 831 1224 867 τὴν
1238 832 1361 866 ἀνάγκην
1376 831 1542 865 ἀπεκοὺιριζε
1556 832 1607 865 τῆς
1629 831 1747 865 etiam;
1761 833 1775 857 ό
1787 832 1826 862 δὲ,

1039 877 1084 904 ὑπ’
1100 877 1205 908 οὐδενὸς
1220 877 1274 904 τῶν
1291 877 1378 904 ἄλλων
1393 876 1654 911 ψυχαγωγούμενος,
1671 878 1739 912 μόνῃ
1755 877 1782 903 δὲ
1795 879 1827 911 τῇ

1038 922 1209 959 ἀδιαψεύστῳ
1227 923 1400 958 ρωννύμενος
1418 923 1517 954 ἑλπίδι,
1535 923 1584 958 τήν
1598 931 1628 948 τε
1646 923 1765 958 ἐρημίαν
1781 924 1828 948 καὶ

1037 971 1100 1002 τοὺς
1115 962 1225 1004 ἀγῶναέ
1238 969 1384 996 ὑποδύεται
1394 989 1401 1001 ,
1419 971 1466 996 καὶ
1480 969 1530 1005 τὴν
1544 970 1744 1003 ἐπιτεταμένην
1760 978 1827 1004 προ-

1038 1016 1165 1042 ὃάλλεται
1182 1016 1285 1051 δέησιν.
1308 1016 1395 1043 Τοῦτο
1423 1016 1465 1047 τίς
1481 1016 1531 1042 οὐκ
1549 1016 1580 1043 ἂν
1598 1016 1763 1050 θαυμάσειε,
1781 1016 1828 1042 καὶ

1039 1061 1138 1093 παντὸς
1156 1061 1292 1098 ἀνώτερον
1307 1062 1437 1097 ἡγήσοιτο
1459 1061 1554 1095 λόγου,
1571 1061 1608 1093 ὼς
1627 1062 1715 1088 πάντα
1734 1061 1765 1096 δὴ
1781 1061 1829 1088 καὶ

1038 1106 1168 1142 λογισμὸν
1182 1108 1216 1142 τῇ
1231 1100 1416 1142 ’μεγαλοφυῖᾳ
1438 1106 1643 1139 καταπαλαϊον;
1663 1107 1718 1132 Καὶ
1740 1106 1767 1132 εῐ
1789 1115 1828 1138 τις

1039 1152 1151 1188 αὔξησιν
1164 1153 1279 1179 τουτωνὶ
1304 1152 1359 1178 τῶν
1377 1153 1493 1188 ἀρετῶν,
1515 1153 1578 1184 τοὺς
1601 1153 1739 1188 παρόντας
1760 1153 1829 1181 ὑπι-

1039 1198 1132 1225 πτεύει
1146 1198 1252 1232 λόγους,
1267 1197 1338 1224 αὐτὰ
1349 1198 1440 1232 γυμνὰ
1454 1198 1601 1233 προτιθεὶς·Ι
1617 1198 1779 1233 διερευνάτω
1794 1198 1829 1224 τὰ

1039 1243 1200 1279 πράγματα*
1215 1243 1252 1275 ὡς
1265 1243 1343 1278 εἴπερ
1359 1240 1415 1269 οἶόν
1431 1243 1461 1270 τέ
1479 1245 1535 1269 ἐστι
1557 1244 1672 1270 κατόπιν
1689 1244 1755 1270 ἱέναι
1769 1245 1828 1274 ταῖς

1038 1290 1128 1317 αὐτῶν
1143 1289 1303 1324 εὐφημίαις,
1319 1288 1370 1315 κᾶν
1431 1297 1472 1319 τις
1496 1289 1550 1315 τῶν
1573 1289 1632 1315 λίαν
1647 1289 1827 1324 εὐδοκιμηκέ-

1037 1344 1091 1362 των
1111 1336 1125 1362 ὁ
1149 1335 1333 1370 πειρώμενος,
1351 1334 1388 1369 μὴ
1405 1334 1445 1360 ὃτι
1465 1342 1497 1368 γε
1521 1334 1589 1369 πρὸς
1605 1336 1634 1360 τὸ
1657 1334 1828 1370 ἐξῃρημένον

1037 1380 1142 1411 πάντας
1155 1379 1291 1414 ἐπαίρειν.
1302 1379 1421 1405 Τοιαῦτα
1437 1379 1487 1413 μὲν
1500 1378 1534 1405 τὰ
1548 1378 1613 1413 περὶ
1629 1378 1676 1405 τοῦ
1710 1379 1826 1406 δικαίου.

1073 1469 1113 1496 Τὰ
1137 1469 1165 1496 δὲ
1186 1469 1235 1504 τῆς
1257 1469 1381 1495 συνοίκου
1403 1468 1451 1494 καὶ
1471 1467 1623 1503 όμοτρόπου
1649 1468 1749 1501 Ἀννης
1762 1488 1770 1500 ,
1790 1467 1828 1499 ὡς

200 1525 282 1553 quam
298 1524 400 1551 magna:
413 1517 466 1544 illa:
480 1524 512 1543 ac
526 1517 700 1547 admirandae,
716 1521 745 1542 ut
765 1516 862 1543 nedum
879 1515 928 1542 viri
945 1523 986 1541 re-

1039 1515 1144 1551 μεγάλα
1158 1515 1204 1542 καὶ
1220 1515 1380 1549 θαυμαστὰ,
1394 1515 1441 1540 καὶ
1456 1514 1503 1541 τοῦ
1518 1514 1700 1548 συγκοινωνοῦ
1713 1514 1763 1548 τῆς
1777 1515 1827 1548 χὰ-

200 1565 252 1594 bus
268 1563 415 1598 quidquam
428 1562 514 1597 gratia
530 1561 649 1589 minores
671 1562 736 1594 sint,
751 1561 797 1588 sed
810 1567 837 1588 et
854 1561 906 1588 illis
916 1567 987 1595 pra:-

201 1610 316 1638 cellaut?
332 1609 436 1644 Quippe
458 1609 515 1635 hmc
530 1608 646 1642 duplicia
661 1607 821 1635 constantia:
836 1606 985 1633 certamina

200 1656 334 1683 ccuiieere
353 1655 456 1682 habuit.
472 1654 537 1681 Nam
550 1659 577 1681 et
599 1654 649 1680 viri
665 1652 816 1684 absressio,
830 1661 861 1679 ac
882 1652 987 1679 accola-

200 1707 243 1728 tus
260 1702 366 1736 ignotus
385 1694 454 1732 erat,
467 1700 580 1734 ejusque
605 1700 742 1732 animum,
762 1699 880 1733 irrogata
894 1697 987 1724 ambo-

199 1748 250 1774 bus
277 1746 432 1774 sterilitatis
459 1753 523 1780 ergo
554 1744 668 1777 injuria,
691 1743 829 1778 pulsabat;
858 1743 987 1769 adversus

200 1800 259 1827 quae
277 1793 443 1827 depugnaus,
457 1791 512 1825 spei
533 1790 649 1824 ﬁdeique
667 1789 839 1816 adminiculis
863 1787 986 1822 superior

198 1839 295 1866 evasit.
313 1838 383 1871 Quin
408 1841 435 1865 et
460 1837 557 1871 duplex
584 1844 643 1862 eant
661 1835 835 1870 exprobratio
854 1833 985 1869 ejusmodi

199 1884 307 1916 aﬂecit;
325 1884 441 1918 primttm
456 1883 564 1917 quidem
581 1890 628 1917 per
647 1889 711 1908 suos
732 1880 915 1912 contribules;
931 1885 985 1906 lllm

199 1937 275 1961 vero,
291 1936 339 1963 per
351 1927 497 1961 ancillam,
516 1928 586 1961 quod
605 1931 631 1954 et
650 1926 869 1953 tnolestissitnam
895 1925 985 1951 incre-

199 1975 333 2008 patiouetu
348 1973 422 2001 facit.
437 1972 495 1999 Non
509 1973 579 2000 enim
597 1973 634 1998 ita
650 1972 684 1998 ab
698 1971 756 1998 aliis
770 1971 868 2005 jactata
894 1970 987 1997 convi-

199 2020 240 2047 cia
267 2019 450 2054 perstringam
463 2039 470 2050 ,
494 2019 532 2045 uti
557 2026 569 2044 a
587 2018 748 2045 necessariis
762 2024 794 2043 ac
810 2015 985 2048 domesticis;

200 2067 280 2101 idque
293 2066 422 2097 maxime,
439 2073 500 2092 cum
516 2064 561 2099 qui
575 2063 687 2098 jactant,
702 2070 717 2090 e
733 2062 862 2096 subjectis
886 2061 987 2088 fuerint

198 2120 230 2139 ac
255 2112 354 2139 Servis.
370 2111 426 2144 Qua
450 2118 516 2144 ergo
532 2110 636 2136 ratione
659 2108 823 2143 compositus
843 2107 924 2134 habet
942 2115 987 2142 ge-

199 2158 380 2186 nerosissinue
393 2157 508 2184 .iemiua:
529 2155 657 2182 artiums?
677 2154 755 2182 Nullo
773 2154 869 2180 horum
881 2174 888 2185 ,
907 2158 937 2180 ut
952 2153 985 2180 ab

1039 1571 1110 1598 ριτος
1126 1562 1156 1588 οὐ
1174 1561 1253 1596 μόνον
1268 1561 1319 1587 οὐκ
1338 1560 1502 1591 ἀποδέοντα,
1518 1560 1586 1586 ἀλλὰ
1600 1561 1648 1586 καὶ
1671 1560 1828 1594 περαιτέρω

1037 1607 1188 1643 χωροῦντα.
1213 1605 1328 1637 Διπλοῦς
1353 1606 1407 1640 γὰρ
1431 1606 1501 1641 αὑτὴ
1523 1606 1586 1637 τοὺς
1608 1607 1658 1640 τῆς
1680 1606 1829 1640 καρτερίας

1036 1654 1144 1689 διήνυσε
1169 1653 1286 1687 ἀγῶνας.
1301 1652 1339 1678 ’Ἡ
1353 1660 1384 1678 τε
1405 1652 1458 1686 γὰρ
1478 1651 1525 1678 τοῦ
1548 1651 1665 1685 συζύγου
1692 1651 1828 1682 διάζευξις

1037 1700 1084 1726 καὶ
1099 1698 1232 1734 παροικία
1245 1718 1251 1730 ,
1267 1697 1374 1732 ἄδηλος·
1393 1698 1441 1724 καὶ
1456 1697 1488 1724 τὰ
1505 1697 1539 1723 δι’
1555 1697 1683 1724 ἀπαιδίαν
1702 1697 1829 1732 ἐπολιόρ-

1037 1754 1103 1772 κουν
1121 1745 1204 1780 ἆμιςω
1220 1745 1323 1777 ταύτην
1340 1743 1496 1778 σκώμματα
1507 1765 1514 1776 ,
1530 1744 1597 1778 προς
1617 1743 1689 1778 ἅπερ
1704 1744 1830 1777 ἀνταγω-

1036 1790 1164 1825 νιζομένη
1177 1809 1185 1821 ,
1200 1791 1234 1824 τῇ
1253 1790 1303 1824 τῆς
1321 1788 1428 1820 ἐλπίδος
1453 1789 1498 1815 καὶ
1519 1789 1636 1818 ninam;
1663 1789 1828 1823 ὺπερανείχε

1038 1835 1191 1870 συμμαχίᾳ.
1210 1834 1291 1861 Ἀλλὰ
1312 1834 1366 1869 γὰρ
1389 1833 1477 1864 διττὸς
1496 1834 1591 1868 αὐτῇ,
1609 1833 1656 1860 καὶ
1673 1835 1686 1859 ὁ
1707 1833 1829 1864 τοιοῦτος

1037 1880 1168 1916 ὲπετρίὸη
1192 1879 1361 1914 όνειδισμόςῄ
1382 1880 1397 1905 ὁ
1412 1879 1464 1905 ’διὰ
1483 1879 1537 1905 τῶν
1558 1878 1737 1914 συμφυλετῶν
1767 1879 1829 1913 μὲν,

1038 1927 1180 1961 πρότερον*
1196 1926 1291 1952 ἔπειτα
1305 1926 1342 1957 δὲ,
1354 1926 1367 1951 ό
1379 1925 1422 1951 διὰ
1436 1925 1487 1960 τῆς
1498 1925 1640 1957 οἱκέτιδος.
1653 1924 1683 1956 ὃς
1699 1925 1747 1950 καὶ
1762 1924 1828 1950 δησ-

1038 1973 1201 2007 φορωτάτην
1220 1972 1270 2006 τὴν
1296 1971 1444 2006 ἐπίπληξιν
1468 1972 1581 2006 ἐμποιεῖ
1607 1971 1827 2006 προσαγόμενος.

1037 2017 1074 2043 Οὐ
1087 2017 1140 2052 γὰρ
1155 2017 1225 2044 οὓτω
1238 2017 1271 2043 τὰ
1284 2017 1349 2052 παρ’
1361 2017 1464 2052 ἐτέρων
1479 2016 1578 2051 ὀνείδη,
1592 2016 1628 2045 ὡς
1639 2016 1673 2042 τὰ
1686 2016 1762 2050 παρὰ
1773 2016 1831 2042 τῶν

1036 2063 1218 2098 γνησιοτέρων
1237 2063 1427 2090 καθάπτεσθαι
1447 2063 1500 2089 τῶν
1515 2062 1687 2097 βαλλομένων
1710 2062 1829 2096 πέφυκε·

1036 2109 1085 2135 καὶ
1102 2109 1230 2143 μάλιστα,
1248 2110 1272 2135 εί
1289 2108 1343 2134 τῶν
1361 2107 1391 2140 ἐξ
1407 2107 1459 2134 ὑπὸ
1475 2109 1554 2143 χεῖρα
1568 2107 1746 2142 τεταγμένων
1760 2116 1830 2142 προ-

1038 2156 1162 2190 φέροιντο
1178 2156 1273 2183 ταῦτα.
1291 2155 1353 2187 Πῶς
1370 2154 1442 2190 οὖνή
1457 2155 1635 2190 γενναιοτάτη
1652 2154 1801 2181 διατίθεται
1820 2163 1830 2188 ;

198 2203 374 2238 inStIperabili
399 2202 603 2236 exspectatione
627 2201 754 2233 recedat,
775 2199 915 2234 tangitur:
936 2207 984 2225 re—

1038 2200 1098 2226 υὺδ“
1109 2201 1161 2227 ὑπό
1173 2209 1246 2232 τινος
1260 2200 1365 2227 τούτων
1372 2201 1422 2235 τὴν
1432 2200 1538 2235 ἄμαχον
1551 2199 1735 2234 τιτρώσκεται
1747 2208 1832 2234 προσ-

198 2250 275 2286 pulso
302 2254 392 2275 autent
417 2248 489 2274 haud
517 2247 584 2274 satis
609 2254 727 2280 congrue
749 2245 839 2272 oblato
867 2245 983 2276 mundo,

198 2298 373 2328 detractaque
392 2300 467 2321 veste
491 2292 614 2326 lugubri,
635 2298 715 2326 atque
736 2291 861 2318 umndam
881 2298 913 2318 ac
935 2298 981 2317 nu-

198 2339 308 2373 ptialem
330 2339 386 2373 (17)
411 2346 463 2365 una
486 2345 549 2364 cum
568 2337 681 2371 spiritali
705 2336 773 2364 stola
791 2336 926 2368 iuduens,
952 2343 984 2363 ac

198 2386 324 2420 utrinque
337 2388 493 2418 comparato
506 2383 615 2416 mundo,
632 2383 664 2409 ad
679 2383 827 2409 orationem
845 2389 905 2408 sese
917 2389 985 2416 pra:-

199 2436 309 2464 parans,
319 2429 428 2461 munda,
444 2428 651 2455 tnundissimum
666 2427 760 2460 Deum,
777 2427 873 2461 duplici
886 2427 984 2453 amictu

200 2476 339 2502 bonestata
360 2474 466 2501 aﬂ'atur.
486 2473 541 2500 Nec
564 2480 629 2500 vero
652 2474 678 2500 in
701 2473 826 2507 templum
856 2473 984 2503 subiens,

200 2521 387 2548 universorum
419 2519 473 2547 Deo
502 2518 729 2554 supplicationem
759 2518 910 2551 submittit,
937 2518 985 2545 sed

235 2599 290 2630 (i7)
303 2599 429 2625 Mundam
438 2607 467 2625 nc
476 2597 632 2629 nuptialem.
641 2594 772 2628 Καθαρὰν
782 2595 827 2621 καὶ
835 2594 985 2628 νυμφικήν.

199 2634 258 2660 Non
277 2638 381 2661 tantum
405 2639 435 2660 ut
454 2633 584 2660 exteriori
607 2633 701 2660 habitu
722 2632 881 2659 interiorem
902 2630 988 2658 animi

199 2669 324 2698 habitum
344 2670 495 2704 praeferret,
513 2668 586 2702 quod
606 2668 742 2704 Georgius
761 2667 874 2698 indicat,
891 2665 939 2693 sed
960 2670 990 2692 ut

200 2705 283 2732 etiam
306 2703 360 2731 diei
388 2704 458 2732 festo
482 2705 665 2731 reverentiam
690 2703 804 2730 haberet
831 2711 836 2728 :
865 2709 928 2728 nam
958 2705 988 2727 ut

199 2742 277 2770 habet
303 2742 490 2776 apocryphus,
509 2740 624 2773 ἤγγικεν
640 2739 656 2774 ἡ
676 2738 764 2776 ἡμέρα
781 2735 834 2775 τοῦ.
846 2735 949 2768 Κυρίου

200 2777 307 2812 μεγάλη
321 2770 337 2803 ἐ
361 2770 415 2802 erat
442 2770 589 2807 proximum
611 2770 706 2805 [mium
726 2771 857 2812 illqmini,‘
876 2778 908 2795 ac
934 2770 984 2812 sub

201 2807 286 2846 ipsum
301 2807 359 2845 'cjns
372 2815 485 2844 truqms,
501 2818 560 2834 tum
577 2807 982 2846 repudiatoindecentino'rnatu,

200 2839 343 2876 lioaettuiu
378 2839 483 2877 illum,
501 2839 623 2871 nonnihil
652 2848 739 2870 tamen
771 2839 982 2875 splendidiorem

1038 2246 1139 2273 δοκίαν·
1156 2246 1224 2273 ἀλλὰ
1245 2247 1289 2273 τὸν
1312 2247 1361 2281 μὲν
1381 2246 1566 2281 ὲπιδιδόμενον
1591 2245 1629 2280 μὴ
1651 2245 1830 2278 καθηκόντως

1038 2293 1244 2327 ἁποσεισαμένη
1262 2292 1374 2326 κόσμον,
1399 2291 1448 2327 τὴν
1468 2291 1497 2318 δὲ
1514 2291 1645 2326 πενθικὴν
1663 2290 1764 2325 ἐσθῆτα
1779 2298 1829 2316 πε-

1038 2337 1181 2373 ριελομένη
1192 2357 1199 2370 ,
1216 2338 1263 2363 καὶ
1275 2337 1326 2372 τὴν
1339 2337 1462 2372 καθαρὰν
1476 2337 1522 2363 καὶ
1535 2337 1683 2370 νυμφικὴν,
1696 2336 1728 2370 τῇ
1742 2335 1828 2370 νοητῇ

1036 2383 1262 2418 συμπεριθεμένη
1279 2383 1358 2418 στολῇ
1370 2403 1377 2413 ,
1394 2383 1462 2417 πρὸς
1477 2383 1527 2418 τὴν
1539 2382 1622 2416 εὐχὴν
1635 2381 1673 2416 τῷ
1689 2381 1831 2416 ἑκατέρω-

1036 2429 1083 2456 θεν
1100 2429 1292 2464 εὐτρεπίζεται
1317 2430 1427 2464 κόσμῳ,
1442 2429 1480 2460 ὡς
1502 2428 1535 2455 ἂν
1550 2427 1659 2463 καθαρὰ
1681 2427 1720 2462 τῷ
1740 2426 1830 2453 καθα-

1037 2474 1151 2509 ρωτάτῳ
1171 2476 1205 2509 τῇ
1221 2475 1296 2511 διττῇ
1313 2474 1510 2509 προσομιλήσει
1524 2472 1689 2507 καταστολῇ,
1709 2472 1763 2498 Καὶ
1777 2473 1831 2497 οὒκ

1037 2519 1066 2544 ἐν
1087 2520 1143 2550 τοῖς
1166 2519 1238 2546 ἔνδον
1259 2519 1307 2546 τοῦ
1327 2519 1391 2546 ναοῦ
1415 2519 1580 2554 χωρήσασα,
1596 2518 1645 2553 τὴν
1666 2517 1770 2544 ἱκεσίαν
1789 2517 1832 2552 τῷ

1042 2597 1209 2629 assumpsit;
1236 2596 1277 2623 sie
1295 2596 1432 2622 moderata
1459 2596 1617 2627 tristitiam,
1644 2599 1673 2621 ut
1698 2594 1765 2621 nihil
1783 2594 1830 2621 illa

1038 2632 1229 2657 communibus
1242 2631 1348 2664 gaudiis
1361 2631 1498 2657 videretur
1509 2631 1650 2659 decedere,
1664 2631 1734 2662 quod
1749 2630 1832 2663 plane

1037 2666 1124 2700 ipsum
1142 2674 1254 2693 sanume
1277 2667 1417 2699 cujusdam
1435 2667 1541 2692 virtutis
1563 2665 1623 2691 fuit.
1647 2665 1829 2700 Eustathius,

1035 2698 1175 2734 splendida
1207 2698 1341 2733 ejusmodi
1369 2706 1456 2731 veste,
1477 2701 1503 2727 in
1524 2700 1695 2727 solemnitate
1722 2698 1830 2725 Doruizxi

1035 2733 1154 2761 indutam
1171 2736 1219 2767 ait,
1237 2743 1269 2761 eo
1285 2736 1356 2769 quod
1374 2734 1451 2762 nefas
1465 2740 1535 2769 esset
1553 2735 1582 2760 ὲν
1593 2734 1679 2769 ταύτῃ
1695 2735 1728 2768 τῇ
1743 2733 1830 2768 ἑορτῇ

1033 2769 1166 2806 πένθιμον
1181 2768 1336 2804 ὴμφιάσθαι
1352 2770 1460 2806 στολήν.
1483 2768 1587 2797 Celebri
1603 2769 1649 2796 illo
1671 2770 1714 2796 die
1736 2770 1827 2796 vestiri

1033 2805 1123 2832 habitu
1142 2805 1272 2832 luctuosa.
