1951 3076
197 118 272 172 Jama

768 146 928 177 GEORGII
949 148 1250 179 NICOMEDIENSIS

1773 151 1843 183 1396

203 199 274 224 mina
297 202 477 232 opportnnmn
495 199 597 234 pariter
619 200 857 236 dulcissimamque
873 203 990 230 fructum

1049 207 1214 240 καρποφορεῖ
1243 205 1420 241 βλαστήματα
1434 226 1441 239 ,
1468 206 1575 241 καρπόν
1597 215 1626 232 τε
1647 205 1753 240 καίριον
1772 209 1842 242 ὁμοῦ

202 243 329 278 all‘erunt,
338 252 369 271 ac
380 252 472 271 eorum
482 247 575 280 gratiis
582 247 626 281 qui
637 247 800 283 percipiunt,
812 249 994 277 laudationem

202 296 228 317 et
255 290 312 325 ipsa
337 291 383 318 tibi
401 292 573 318 submittunt.
597 293 699 320 Horum
721 302 771 329 ego
788 295 882 330 gratia:
897 303 996 330 expers

203 345 280 370 sum;
304 346 365 365 nam
381 338 437 373 ipsa
452 347 559 374 quoque
574 341 711 375 indignam
731 345 760 368 ut
776 341 815 368 cis
837 349 993 375 accensear,

204 391 264 417 qua:
279 384 333 411 sint
345 389 477 412 creatura:
493 391 554 418 tum,
569 387 782 421 memetjudico.
804 386 890 421 Quam
910 389 995 415 verba

205 430 273 462 hmc,
289 437 365 465 rogo,
382 439 434 457 non
448 432 594 458 ostendunt
609 432 770 460 humilitatis
787 433 996 460 excellentiam?

205 478 289 510 Quam
306 485 358 504 non
372 478 481 505 contriti
499 479 589 506 cordis
610 478 788 512 abjectionem
804 480 932 512 excessit,
949 480 995 514 qui

204 531 281 552 sensa
300 524 431 559 ejusmodi
449 525 555 552 animus
573 525 701 560 protulit?
723 527 772 560 Qui
792 535 843 554 non
865 535 929 555 vero
947 527 995 554 be-

205 571 302 605 nignus
316 571 386 599 Deus
400 591 407 604 ,
430 579 510 606 supra
535 580 642 599 onmem
661 573 752 600 odoris
768 573 944 608 fragrantiam
965 581 996 601 ac

204 615 392 648 oblationem,
420 616 552 650 ejusmodi
582 617 709 652 probaret
733 618 922 646 voluntatem?
944 618 993 652 Qui

205 670 258 689 non
278 669 358 697 supra
378 662 564 690 holocaustum
588 671 667 691 omne
681 685 687 696 ,
702 665 833 699 ejusmodi
855 666 996 694 annuisset

204 707 340 740 orationi,
358 708 403 742 qui
426 708 524 736 talibus
547 710 663 737 maxime
686 710 837 738 delectatur
859 711 995 738 victimis?

205 752 327 787 Etenim,
345 753 513 788 Sacriﬁcium
532 754 586 782 Deo
597 755 705 790 spiritus
718 757 908 784 contribulalus
925 757 956 784 ".

241 845 317 874 Talia
330 852 392 875 sunt
411 845 547 882 justorum
569 848 709 884 privilegia
726 856 758 876 ac
774 854 884 876 narrata
905 854 993 884 gesta.

205 893 270 921 Laeli
288 893 314 920 1ιί
332 893 460 921 virtutum
477 901 571 921 eortttn
591 895 773 928 characteres,
792 895 908 922 nobiletn
925 897 995 922 hanc

205 940 305 972 animi,
323 948 355 968 ac
376 940 408 968 iis
429 940 620 973 illustriorem,
643 941 687 975 qui
704 941 776 968 omni
799 945 871 968 retro
896 942 995 969 saeculo

204 987 375 1020 claruissent,
395 987 513 1022 speciem
535 986 703 1014 ell‘ulserunt.
722 987 826 1022 Quippe
842 987 954 1014 decebat
968 992 996 1013 ut

203 1034 302 1061 donum
317 1055 324 1066 ,
349 1035 421 1061 omni
442 1034 468 1060 in
485 1033 586 1061 creatis
607 1033 694 1066 majus
717 1033 937 1068 comparatione,
962 1041 995 1060 ex

203 1079 345 1106 excellenti
362 1079 494 1107 electione
506 1080 642 1114 prodiret:
657 1081 770 1107 decebat
785 1085 813 1105 ut
826 1087 859 1106 ex
874 1079 994 1106 atlluenti

203 1125 332 1153 virtutum
356 1133 437 1160 penu,
453 1132 609 1161 praesancta:
631 1126 683 1153 illa:
699 1126 863 1153 scaturirent
876 1126 994 1153 divitiae:

203 1172 317 1199 decebat
338 1176 367 1199 ut
383 1172 488 1199 labores
502 1171 634 1207 ejusmodi
657 1172 734 1199 talem
752 1176 921 1206 reportarent
937 1171 995 1198 fru-

203 1225 276 1245 ctum
299 1227 305 1245 :
333 1223 362 1245 ut
389 1226 423 1246 ex
450 1218 564 1253 ingenua
596 1218 688 1245 radice
717 1225 824 1245 summe
848 1218 994 1252 ingenuum

203 1265 349 1299 pullularet
371 1272 500 1299 germen;
523 1273 555 1292 ex
579 1265 656 1293 bonis
675 1264 773 1292 lumbis
795 1259 913 1297 optimus
937 1263 996 1298 pal—

205 1319 262 1338 mes
277 1316 398 1346 surgeret
412 1320 420 1345 ;
436 1310 544 1346 semper
557 1312 649 1338 virens
665 1311 812 1345 vigensque
823 1310 869 1337 illa
884 1310 996 1345 generis

204 1357 334 1391 gloratio;
348 1357 560 1392 pulcherrimum
577 1358 642 1385 illud
657 1362 762 1384 natura:
778 1364 910 1391 germen;
928 1357 994 1384 alti-

205 1411 272 1438 gena
290 1403 334 1431 ille
349 1404 514 1431 sacramenti
533 1411 640 1436 ramus,
660 1411 694 1430 ex
713 1410 766 1437 quo
782 1404 933 1430 ascendens
947 1403 997 1430 im-

206 1450 379 1478 mortalitatis
390 1450 449 1483 lios,
468 1455 598 1477 aeternam
614 1450 708 1477 odoris
717 1449 877 1476 suavitatem
891 1450 997 1484 perspi-

205 1496 276 1523 ravit
290 1505 297 1522 :
311 1496 387 1531 cujus
400 1496 505 1523 fructus
521 1496 647 1528 eiiicitur,
666 1495 719 1522 vita
732 1500 759 1521 et
770 1495 949 1530 incorruptio,
965 1503 996 1523 ac

206 1543 419 1578 perseverantia,
435 1543 467 1569 iis
482 1543 526 1577 qui
546 1542 592 1569 illo
609 1542 782 1577 participant.

240 1589 374 1616 Caeterum
392 1588 530 1616 laboribus
544 1589 770 1622 sermonibusque
783 1587 915 1622 ejusmodi
932 1587 996 1614 sub-

205 1639 281 1662 vecta
296 1635 431 1670 justorum
450 1634 549 1667 oratio,
567 1633 646 1660 ﬁnem
661 1633 730 1667 apud
747 1638 891 1667 utrumque
908 1640 941 1659 ex
957 1631 998 1659 di-

205 1681 268 1710 vino
287 1687 418 1715 responso
435 1680 542 1715 accipit.
563 1679 656 1714 Angeli
671 1679 805 1714 siquidem
825 1681 995 1717 apparentes,

205 1736 267 1756 cum
294 1727 438 1755 exauditas
463 1734 570 1761 preces.
604 1730 660 1753 tum
689 1724 870 1759 inexspectati
902 1728 998 1758 partus

206 1778 333 1802 eventum
355 1774 564 1801 annuntiarunt.
579 1772 695 1807 Angeli,
714 1771 772 1806 ejus
797 1779 857 1806 qua:
880 1770 986 1806 angelis

205 1826 265 1849 erat
280 1820 408 1854 nobilior,
422 1819 621 1854 concipi‘endm,
637 1818 739 1846 faustas
755 1817 870 1845 ail'erunt
887 1824 997 1844 annun-

206 1868 345 1896 tialiones.
363 1866 552 1894 Prmnuntiant
573 1865 660 1900 angeli
685 1865 841 1892 solvendam
865 1863 998 1891 sterilita-

207 1919 272 1946 tem,
293 1921 324 1941 ac
337 1920 385 1947 per
400 1920 459 1939 eam
474 1911 617 1946 disjectum
636 1911 667 1939 iri
692 1911 810 1938 tnedium
827 1910 931 1945 peccati
947 1917 998 1944 pa-

205 1961 301 1988 rietem
324 1959 484 1995 praedicunt.
504 1958 611 1993 Angeli,
629 1958 842 1993 inexspectatam
859 1958 917 1992 ejus
933 1964 1000 1984 con-

206 2006 371 2041 ceptionem,
389 2005 522 2040 prommio
542 2004 701 2039 loquuntur,
720 2011 780 2038 quae
797 2002 950 2030 mirabilem
966 2009 999 2029 ac

207 2052 369 2080 inell‘abilem
387 2051 592 2086 conceptionem
609 2050 729 2077 novavit.
743 2049 837 2084 Angeli
853 2048 911 2082 ejus
930 2055 999 2083 prae-

206 2102 320 2126 currunt
335 2098 509 2133 puerperium
519 2117 527 2129 ,
543 2104 590 2132 per
606 2103 687 2130 quant
701 2096 794 2130 prima:
808 2094 930 2130 parentis
951 2094 999 2121 do-

207 2146 278 2173 lores
293 2147 479 2173 cessaverunt.
502 2142 594 2170 Vincit
613 2142 846 2176 exspectationem
860 2141 919 2175 ejus
935 2147 999 2174 pro-

207 2189 312 2221 cessio,
338 2187 416 2222 cujus
438 2192 479 2215 est
496 2195 567 2214 nova
592 2187 766 2222 insolensque
787 2185 940 2221 genewitio.
957 2185 996 2211 Ex

1047 251 1095 277 καὶ
1110 250 1222 286 ἥδιστον
1242 251 1441 286 προϐάλλονται
1453 271 1461 283 ,
1483 253 1530 279 καὶ
1546 253 1578 287 τῇ
1601 253 1655 278 τῶν
1673 253 1844 288 μετεχόντων

1047 297 1207 333 εὐχαριστίᾳ
1217 318 1224 330 ,
1241 299 1282 324 σο¹ι
1297 298 1345 329 τὴν
1363 297 1519 332 δοξολογίαν
1534 298 1712 333 ἀναφέρουσι.
1732 300 1844 327 Τούτων

1046 341 1102 376 ἐγὼ
1117 342 1166 376 τῆς
1179 342 1289 377 χάριτος
1303 343 1447 378 ἀμέτοχος,
1461 343 1521 370 ἐπεὶ
1534 343 1622 370 καὶτὸ
1638 343 1675 378 μὴ
1690 344 1749 370 κατ’
1764 345 1844 376 ἀξίαν

1048 388 1271 424 συναριθμεῖσθαι
1284 389 1388 420 τούτοις
1402 389 1626 425 δημιουργήμασί
1641 399 1670 416 τε
1684 388 1759 417 οὖσιν
1773 391 1845 424 ἀγα-

1047 434 1159 469 θότητος
1184 435 1231 469 τῆς
1258 434 1326 470 σῆς,
1347 435 1448 470 ἑαυτῆς
1473 435 1708 471 καταψηφίζομαι.
1729 436 1842 468 Ταῦτα,

1046 479 1107 506 τίνα
1126 479 1318 512 ταπεινώσεως
1345 480 1498 516 ὑπερϐολὴν
1520 481 1570 508 οὐκ
1588 482 1716 516 ἐμφαίνει
1732 483 1766 509 τὰ
1793 485 1843 517 ῥή-

1049 535 1132 560 ματα;
1146 527 1228 554 Ποίαν
1239 527 1476 562 συντετριμμένην
1486 527 1535 563 οὐχ
1543 527 1700 562 ὑποὸἐεηκε
1713 527 1841 562 καρδίαν,

1046 574 1062 608 ἡ
1081 573 1113 599 τὰ
1129 573 1241 600 τοιαῦτα
1256 574 1381 609 νοήματα
1397 573 1603 610 προϐαλλομένη
1620 574 1712 610 ψυχή;
1730 575 1791 606 Πῶς
1812 575 1843 602 δὲ

1047 619 1097 646 οὐκ
1110 620 1142 647 ἂν
1157 619 1171 645 6
1187 619 1336 654 φιλάγαθος
1352 620 1422 655 ὑπὲρ
1438 620 1553 647 εὐωδίαν
1570 620 1680 647 ἃπασαν
1697 621 1743 647 καὶ
1754 629 1842 656 προτ-

1047 664 1145 699 φορὰν,
1162 664 1210 700 τὴν
1227 664 1355 700 τοιαύτην
1376 665 1490 700 γνώμην
1511 666 1668 701 προσήκατὸ
1685 674 1691 698 ;
1714 665 1776 697 Πῶς
1792 666 1844 701 οὐχ

1047 711 1118 746 ὑπὲρ
1132 711 1366 746 ὡλοκαυτωμένην
1386 711 1482 738 θυσίαν
1501 712 1534 746 τῇ
1552 711 1663 748 τοιαύτῃ
1677 711 1844 738 κατένευσεν

1048 757 1081 784 ἂν
1094 758 1196 793 δεήσει,
1209 758 1223 784 ὁ
1238 758 1311 793 μάλα
1324 759 1383 790 ταῖς
1396 758 1502 793 ὁμοίαις
1513 758 1644 794 ἡδόμενος
1656 758 1840 794 όλοκληρίαις;

1049 803 1146 830 Quoia
1161 805 1215 839 γὰρ
1226 803 1267 836 τῷ
1279 802 1341 837 Θεῷ
1353 804 1473 839 πνεῦμα
1485 803 1754 839 συντετριμμένον.

1083 851 1203 878 Τοιαῦτα
1218 851 1251 877 τὰ
1275 851 1328 877 τῶν
1341 851 1452 878 δικαίων
1472 851 1699 886 πλεονεκτήματα
1726 852 1774 878 καὶ
1798 852 1842 879 δι-

1048 897 1189 932 ηγήματα·
1204 893 1277 923 οὗτοι
1293 896 1348 923 τῶν
1365 896 1472 932 ἀρετῶν
1489 896 1608 923 αὐτῶναι
1626 897 1734 932 φαιδροὶ
1749 906 1840 933 χαρα-

1046 943 1157 978 κτῆρες,
1175 943 1223 978 τὴν
1237 943 1335 978 εὐγενῆ
1347 943 1397 975 τῆς
1411 942 1501 978 ψυχῆς
1517 943 1563 969 καὶ
1575 943 1772 978 λαμπροτέραν
1787 944 1844 970 τῶν

1048 988 1241 1023 προφανέντων
1269 986 1484 1022 ὲναπήστραψαν
1500 986 1666 1021 ὡραιότητα.
1692 986 1765 1012 Ἔδει
1786 985 1843 1021 γὰρ

1047 1033 1076 1065 ἐξ
1092 1033 1280 1068 ὑπερεχούσης
1297 1032 1412 1067 ἐκλογῆς
1424 1039 1437 1066 ,'
1454 1033 1503 1068 τὴν
1520 1033 1686 1068 ἀσύγκριτον
1700 1033 1730 1059 ἐν
1743 1041 1843 1067 γεννη-

1047 1081 1102 1110 τοῖς
1125 1079 1299 1114 παραχθῆναι
1324 1079 1438 1114 δωρεάν·
1457 1079 1510 1105 ἔδει
1530 1078 1559 1111 ἐξ
1574 1079 1698 1113 ἀφθόνων
1721 1078 1842 1113 ἀρετῶν,

1046 1127 1092 1154 τὸν
1117 1126 1267 1162 ὐπεράγιον
1291 1125 1440 1161 ὲπιϐρύσαι
1466 1125 1597 1152 πλοῦτον·
1627 1125 1681 1151 ἔδει
1709 1124 1844 1151 τοιούτων

1047 1173 1145 1205 πόνων,
1159 1172 1279 1200 τοιοῦτον
1292 1172 1511 1208 συγκομισθῆναι
1526 1172 1572 1199 τὸν
1584 1171 1700 1207 καρπόν·
1717 1171 1750 1197 ἐκ
1762 1171 1844 1207 ῥίζης

1046 1218 1183 1254 εὐγενοῦς,
1199 1219 1392 1253 εὐγενέστατον
1403 1218 1537 1253 ἐκφυῆναι
1550 1217 1674 1253 βλαστόν·
1692 1216 1722 1248 ἐξ
1735 1216 1844 1251 ἀγαθῆς

1046 1265 1156 1300 ὀσφύος,
1174 1265 1350 1299 ἀγαθώτατον
1362 1265 1527 1300 ἀναδοθῆναι
1546 1264 1650 1299 κλῆμα,
1668 1263 1698 1289 τὸ
1715 1262 1844 1293 ἀειθαλὲς

1045 1311 1093 1338 τοῦ
1108 1311 1201 1346 γένους
1218 1311 1434 1346 ὲγχαλλὼπισμα
1445 1319 1451 1326 ·
1473 1310 1503 1337 τὸ
1519 1310 1568 1345 τῆς
1584 1310 1691 1344 φύσεως
1707 1307 1844 1344 ὡραιότα-

1046 1367 1090 1386 τον
1109 1358 1260 1393 βλάστημα·
1274 1357 1304 1384 τὺ
1320 1357 1446 1392 itaque;
1464 1357 1511 1384 τοῦ
1530 1356 1683 1392 μυστηρίου
1698 1354 1824 1388 στέλεχος
1834 1374 1842 1386 ,

1046 1405 1077 1437 ἐξ
1091 1401 1121 1432 οὐ
1137 1405 1167 1431 τὸ
1181 1404 1230 1439 τῆς
1244 1403 1392 1435 ἀθανασίας
1409 1402 1566 1438 ἀναδραμὸν
1582 1402 1677 1435 ἄνθος,
1693 1401 1742 1436 τὴν
1756 1400 1844 1427 ἀΐδιον

1046 1451 1202 1478 διέπνευσεν
1216 1449 1341 1476 εὐωδίαν·
1351 1446 1382 1476 οὐ
1393 1450 1406 1476 ὁ
1417 1448 1533 1483 καρπὸς,
1548 1448 1605 1483 ζωὴ
1621 1448 1668 1474 καὶ
1682 1445 1822 1482 ἀφθαρσία
1834 1465 1842 1478 ,

1047 1497 1095 1525 καὶ
1109 1495 1224 1532 διαμονή
1236 1497 1292 1528 τοῖς
1309 1495 1454 1531 μετέχουσι
1469 1495 1552 1521 πᾶσιν
1569 1493 1719 1528 ἐγγίνεται.

1085 1590 1225 1622 Τοιούτοις
1247 1589 1275 1616 δὲ
1294 1589 1388 1630 πόνοις
1401 1588 1449 1615 καὶ
1462 1587 1553 1621 λόγοις
1568 1587 1584 1621 ή
1597 1586 1651 1612 τῶν
1665 1584 1778 1612 δικαίων
1794 1584 1844 1610 ἀν-

1049 1636 1186 1672 ηνεγμένη
1203 1635 1305 1670 δέησις,
1323 1629 1507 1672 χρηματισμῷ
1522 1633 1552 1659 τὺ
1562 1632 1649 1667 πέρας
1661 1631 1725 1664 παρ’
1745 1629 1844 1656 ὲκατέτ

1049 1691 1106 1718 ροις
1122 1681 1266 1717 λαμϐάνει.
1281 1680 1411 1715 Ἀγγελοι
1427 1680 1481 1715 γὰρ
1499 1678 1687 1712 ἐπιφανέντες
1708 1676 1738 1702 τό
1757 1684 1787 1702 τε
1803 1676 1846 1707 είς

1048 1729 1165 1764 ἐπήκοον
1181 1726 1403 1761 ἀνυσθῆναι,-καὶ
1416 1725 1460 1752 τὸν
1476 1725 1541 1759 παρ’
1555 1723 1650 1750 ἐλπίδα
1663 1723 1742 1748 τοκον
1758 1721 1844 1755 ὲκδὴ-

1049 1776 1145 1802 σεσθαι
1160 1773 1342 1808 κατεμήνυον.
1356 1772 1496 1806 Ἄγγελοι,
1512 1771 1559 1805 τῆς
1575 1769 1630 1797 τῶν
1655 1768 1780 1803 ἀγγέλων
1803 1776 1845 1794 τι-

1051 1820 1188 1856 μιωτέρας
1208 1818 1428 1853 εὐαγγελίζονται
1451 1818 1500 1852 τὴν
1519 1816 1628 1852 κύησιν·
1646 1814 1773 1849 ἄγγελοι,
1793 1813 1845 1849 τὴν

1048 1867 1099 1901 τῆς
1108 1865 1279 1902 στειρώσεως
1294 1864 1523 1900 προαναφωνοῡσι
1536 1862 1624 1894 λύσιν,
1639 1861 1686 1888 καὶ
1697 1861 1731 1887 δι’
1746 1860 1844 1894 αὐτῆς,

1049 1912 1080 1939 τὸ
1098 1913 1149 1947 τῆς
1170 1912 1307 1947 ἁμαρτίας
1329 1910 1493 1946 διακοπῆναι
1518 1907 1736 1943 προαγορεύουσι
1764 1905 1847 1941 μεσό-

1048 1966 1148 1993 τοιχον.
1177 1957 1324 1991 Ἄγγελοι,
1349 1956 1399 1990 τὴν
1418 1954 1485 1990 παρ’
1506 1953 1602 1981 ἐλπίδα
1628 1951 1771 1986 σύλληψιν,
1794 1950 1846 1985 τῆς

1050 2004 1177 2040 ὑπερφυῆ
1209 2004 1256 2030 καὶ
1288 2003 1444 2038 ἀπόρρητον
1469 1999 1708 2034 καινουργησάσης
1734 1997 1844 2031 κύησιν,

1050 2050 1286 2086 προοιμιάζονται.
1311 2048 1454 2082 Ἄγγελοι,
1471 2046 1525 2073 τῶν
1543 2045 1648 2072 ὠδίνων
1662 2043 1846 2078 προτρέχουσι

1049 2097 1116 2132 τῆς,
1135 2096 1168 2123 δι’
1185 2093 1237 2131 ἧς,
1256 2096 1284 2122 αἱ
1306 2095 1355 2126 τῆς
1368 2093 1542 2128 προμήτορος
1557 2090 1717 2126 ἐπαύθησαν
1733 2088 1844 2120 ὀδύναι,

1051 2142 1126 2178 παρὰ
1141 2141 1305 2176 προσδοκίαν
1320 2141 1337 2175 ή
1361 2139 1472 2175 πρόοδος
1484 2159 1491 2171 ,
1507 2135 1541 2173 ἦς
1556 2135 1709 2173 παράδοξος
1728 2135 1745 2170 ἡ
1760 2134 1845 2170 γένη-

1051 2197 1104 2219 σις.
1126 2187 1171 2220 Ἐξ
1187 2186 1349 2214 ἀνελπίστου
1367 2184 1514 2220 γεωργίας,
1531 2184 1548 2218 ἠ
1562 2183 1634 2218 ὑπὲρ
1650 2182 1756 2208 ἔννοιαν
1774 2188 1845 2214 καρ-

208 2235 345 2269 insperata
365 2240 454 2261 messe
465 2253 473 2265 ,
487 2233 574 2268 major
589 2232 706 2266 cogitatu
723 2230 906 2258 l'ructilicatio.
924 2230 995 2258 Prae-

1052 2233 1181 2268 ποφορία·
1207 2231 1408 2266 προῡποφαίνει
1436 2229 1486 2264 τὴν
1507 2229 1556 2263 τῆς
1584 2227 1693 2262 φύσεως
1723 2233 1848 2252 καινοτο-

208 2281 327 2308 declarat
349 2284 453 2307 natura:
476 2279 646 2306 novationem
663 2297 670 2309 ,
696 2276 850 2304 sterilitatis
875 2281 997 2311 egestas,

208 2332 342 2362 partuque
357 2325 468 2354 edendae
481 2324 561 2360 proli,
578 2325 636 2358 ipsa
659 2323 716 2358 ejus
733 2323 860 2354 editionis
875 2323 980 2351 novitas
991 2343 998 2355 ,

208 2379 314 2400 summe
332 2371 395 2398 novi
411 2370 577 2398 sacratncnti
597 2373 789 2404 argumentum
807 2368 881 2395 facit.
898 2368 927 2395 lu
943 2369 1000 2395 suis

208 2419 282 2453 ipsa.
309 2417 444 2445 mirabilis
468 2422 562 2452 partus
594 2421 669 2444 certa
708 2416 808 2443 indicia
834 2416 943 2450 accipit.
971 2414 999 2442 ln

208 2470 351 2500 parentum
370 2465 515 2498 miraculo,
526 2471 656 2491 arcanum
672 2463 758 2498 magis
771 2463 888 2490 addiscit
902 2467 1001 2497 ntysle‘

209 2513 290 2539 rium.
309 2511 366 2539 lloc
383 2512 498 2547 quippe,
522 2511 641 2538 anterior
665 2509 739 2537 illius
761 2509 918 2544 prtedicatio
940 2513 999 2542 est;

208 2567 313 2594 suaque
330 2560 417 2595 ipsum
434 2558 603 2594 impleti0ne,
619 2557 677 2592 ejus
698 2557 769 2592 quod
787 2557 999 2592 praedicabatur,

209 2610 312 2634 eertum
331 2610 459 2633 eventum
484 2604 693 2640 praenuntiabat.
712 2603 772 2634 llic,
791 2603 904 2636 sterilis,
921 2610 935 2629 a
954 2611 1001 2629 na—

209 2658 276 2681 turae
288 2653 405 2688 propriis
415 2652 521 2686 repulsa
533 2661 540 2684 ;
553 2650 708 2685 illir,Virgo
718 2649 864 2677 inviolabili
874 2649 1003 2678 castitate

209 2700 322 2726 munita.
342 2699 400 2731 llic,
416 2699 572 2726 diuturnum
590 2697 743 2730 vinculum;
759 2697 825 2729 illic,
841 2696 1002 2723 immortalis

209 2746 344 2781 legitimus
370 2747 476 2773 modus.
495 2745 555 2777 Hic,
573 2744 731 2772 meritorum
749 2751 782 2771 ac
805 2750 916 2778 precum
936 2743 1000 2769 fru-

209 2797 285 2826 rius,
299 2792 364 2825 illic,
378 2795 487 2827 propter
499 2791 630 2826 majorem
644 2789 848 2825 comparatione
860 2790 999 2820 virtutem,

246 2872 268 2888 ”
289 2871 362 2899 l‘sal.
380 2879 406 2904 L,
425 2872 465 2898 ιιι.

1051 2281 1126 2315 μίαν,
1143 2280 1161 2314 ἡ
1173 2280 1224 2314 τῆς
1241 2277 1412 2313 πειριῦσεως
1429 2275 1532 2311 ἀπορία
1544 2282 1550 2289 ·
1569 2274 1618 2301 καὶ
1630 2275 1662 2308 τῇ
1676 2271 1827 2307 τικτομένη
1838 2291 1846 2303 ,

1049 2325 1096 2352 τοῦ
1112 2325 1270 2352 καινοτατον
1290 2322 1441 2358 μυστηρίου
1454 2321 1617 2356 τεκμήριον,
1632 2319 1667 2346 τὰ
1679 2318 1728 2353 τῆς
1742 2317 1848 2348 οίκείας

1049 2372 1202 2404 ἀποτὲξεως
1217 2371 1368 2405 παρέχεται
1384 2369 1547 2404 πράγματα.
1567 2367 1611 2393 Ἐν
1624 2367 1680 2397 τοῖς
1696 2364 1757 2391 καθ’
1777 2365 1843 2390 ἐαυ-

1049 2419 1110 2454 τὴν,
1128 2417 1162 2444 τὰ
1184 2416 1232 2443 τοῦ
1256 2416 1332 2448 ξένου
1353 2413 1565 2451 προῦεὸαιοῧται
1581 2412 1705 2440 τοκετοῦ.
1737 2411 1782 2438 Ἐν
1808 2410 1848 2446 τῷ

1053 2464 1125 2491 κατὰ
1139 2464 1202 2495 τοὺς
1217 2462 1348 2493 τεκόντας
1363 2461 1482 2496 θαύματι
1495 2480 1502 2493 ,
1515 2460 1550 2486 τὰ
1560 2459 1606 2486 τοῦ
1623 2457 1848 2494 ἀπορῤητοτέρου

1054 2510 1210 2537 διδάσκεται
1236 2507 1385 2542 θαύματος.
1415 2507 1608 2542 Προκήρυγμα
1640 2504 1695 2538 γὰρ
1723 2503 1846 2535 ἐκείνου,

1050 2556 1140 2583 τοῦτο·
1161 2555 1208 2582 καὶ
1223 2555 1257 2581 δι’
1268 2552 1305 2580 ὧν
1320 2551 1482 2589 ἐπληροῦτο,
1498 2552 1528 2577 τὸ
1540 2549 1662 2584 ἀσφαλὲς
1676 2548 1724 2575 τοῦ
1740 2557 1847 2583 κηρυτ-

1051 2602 1166 2636 τομένου
1191 2600 1396 2636 προανεφώνει·
1430 2596 1564 2624 Ἐνταῦθα
1591 2597 1686 2631 στεῖρα
1711 2595 1765 2621 τῶν
1798 2595 1850 2629 τῆς

1052 2648 1160 2683 φύσεως
1181 2647 1253 2673 ἰδίων
1278 2645 1452 2682 ἅπειργμένη
1466 2645 1548 2676 ,ἐκεῖ
1570 2642 1710 2677 Παρθένος
1724 2642 1756 2676 τῇ
1784 2643 1850 2667 ἁσυ-

1052 2695 1127 2730 λήτῳ
1158 2693 1254 2729 ἁγνείᾳ
1286 2691 1490 2727 τετειχισμένη.
1527 2689 1662 2716 Ἐνταῦθα
1696 2688 1804 2724 χρόνιος
1835 2687 1849 2712 ὀ

1053 2741 1151 2777 δεσμός
1159 2749 1167 2756 ·
1184 2741 1242 2767 ὲκεῖ
1254 2739 1388 2771 ἀθάνατος
1398 2739 1412 2764 ὁ
1421 2737 1564 2768 ἁνὸθευτος
1573 2737 1684 2772 τρόπος.
1703 2733 1848 2765 Ἐνταῦθα,

1054 2788 1276 2823 κατορθωμάτων
1290 2786 1336 2814 καὶ
1352 2785 1505 2822 προσευχῆς
1518 2784 1636 2820 καρπὸς,
1650 2784 1665 2810 ὁ
1678 2782 1757 2813 τόκος
1767 2789 1773 2794 ·
1791 2781 1850 2807 ἐκεῖ
