1951 3076
197 132 265 166 1399

764 142 925 174 GEORGII
944 145 1243 179 NICOMEDIENSIS

1766 155 1834 189 1400

196 196 307 225 propter
317 198 347 219 se
363 192 430 227 ipse,
450 193 614 221 desiderium
628 203 798 231 perspectum
815 199 896 228 habet
910 211 916 229 :
932 203 987 229 vult

1041 203 1076 235 ὡς
1093 203 1146 230 τῶν
1162 203 1285 231 ἀθεάτων
1302 204 1412 233 ἅπαντα
1434 207 1570 244 γνώστης.
1588 210 1635 237 τόν
1649 219 1680 238 τε
1695 211 1729 238 δι’
1753 213 1835 240 αὑτὸν

196 237 385 270 nihilominus,
406 237 487 273 idque
518 240 673 274 impensiori
699 243 830 276 bonitate,
857 247 986 274 utetiam

196 290 244 316 per
266 287 404 311 tuaternas
431 285 654 320 supplicationes,
679 295 711 315 ea
738 294 766 316 et
787 290 946 327 offerantur,
962 298 988 320 ct

195 330 369 364 impleantur.
389 331 451 360 Haec
465 334 574 370 quippe,
594 340 638 363 tua
654 337 686 364 ad
707 345 781 370 eum,
795 346 827 365 ac
841 345 934 366 nostra
953 341 987 367 ad

196 381 221 403 te
235 376 361 412 gloriatio
375 383 415 405 est
432 389 438 406 :
459 380 522 414 ltoc,
541 382 601 416 ejus
615 390 663 417 per
681 388 707 411 te
719 385 846 412 exhibita;
868 385 987 413 elemen-

196 423 239 450 tize
251 424 398 457 specimen.
417 425 472 462 Spe
485 427 617 462 subvecti,
630 437 709 464 quant
724 438 755 458 ea
773 431 847 463 facit,
866 437 986 460 nostram

195 470 361 504 despicimus
395 473 600 508 abjeclionem;
632 477 761 504 humilem
795 482 987 515 terrenamque

194 516 276 554 obliti
290 519 527 547 consuetudinem.
549 520 617 549 Hinc
641 530 655 548 a
683 523 798 552 terrenis
829 533 984 560 assurgere,

195 565 277 595 alque
295 562 321 588 iu
343 563 442 590 cmlum
469 566 634 593 contendere
659 567 782 596 nitimur.
805 568 874 598 llinc
906 571 987 599 nobis

193 613 269 634 certa
297 608 429 636 bonorum
458 611 726 648 repositorum'spes
753 615 861 651 aﬂ'ulget
887 626 895 645 :
923 617 987 645 hinc

194 659 356 682 :eternorum
375 662 490 691 surgunt
513 659 744 693 exspectationes.
762 660 895 690 lllustrcm
917 663 986 691 hanc

194 701 368 736 divinumque
386 702 562 731 festivitatem
589 707 777 736 amantissime
803 708 986 743 celebrantes,

195 748 320 776 universa
334 749 360 776 in
380 757 456 777 suam
470 751 623 786 providenti
639 753 766 788 gloriam,
779 759 987 790 maternantque

194 792 394 826 gloriationem,
413 803 444 823 ac
465 797 584 824 salutare
608 799 793 834 sultjcctorum
812 801 905 834 decus,
925 809 986 837 gra-

195 839 248 866 tias
273 841 470 874 submittimus,
486 843 594 871 Christo
613 845 747 872 bonorum
762 847 867 874 auctori
882 854 914 875 ac
930 847 985 874 lar-

193 885 294 920 gitori:
311 886 397 922 ipsum
415 889 515 923 quippe
528 890 605 917 decet
633 891 731 924 honor,
747 896 829 926 atque
849 893 983 927 adoratio,
1001 883 1022 909 Β

192 938 224 958 ac
240 931 372 966 laudatio,
390 941 451 961 cum
471 934 561 969 Patre,
579 943 612 963 ac
629 936 732 971 Spiritu
750 942 857 972 sancto,
873 947 945 967 nunc
956 944 983 967 et

191 983 311 1010 semper,
329 982 357 1005 et
372 979 397 1005 in
414 979 511 1006 saecula
525 981 697 1014 saeculorum,
717 981 813 1009 Amen.

1039 249 1078 280 εἰς
1099 250 1128 276 σὲ
1142 250 1197 277 τῶν
1224 251 1382 287 ὑμνολόγων
1401 256 1530 282 κατανοεῖ
1541 255 1623 282 πόθον
1635 265 1642 272 ·
1661 257 1786 293 βούλεται
1805 260 1834 286 δὲ

1039 296 1086 322 καὶ
1101 296 1162 322 λίαν
1179 296 1392 333 ἀγαθοπρεπῶς,
1405 301 1452 327 καὶ
1464 301 1509 328 διὰ
1523 302 1660 338 μητρῴων
1672 304 1833 338 ἐντεύξεων,

1038 343 1085 368 xci.
1103 343 1292 378 προτείνεσθαι
1306 346 1393 373 ταῦτα
1410 349 1457 373 καὶ
1487 348 1727 384 ἀποπληροῦσθαι.
1747 352 1834 378 Τοῦτο

1037 388 1093 424 γὰρ
1109 390 1140 415 τὸ
1150 390 1219 425 πρὸς
1234 391 1316 419 αὐτὸν
1327 393 1375 420 σοῦ
1390 394 1437 420 καὶ
1452 395 1542 429 ἡμῶν,
1557 397 1596 428 εἰς
1615 397 1644 423 σὲ
1658 397 1832 430 ἐγκαλλώπι-

1038 442 1095 468 σμα
1110 443 1116 450 ·
1132 435 1211 462 τοῦτό
1227 446 1268 470 τε,
1285 438 1431 474 γνώρισμα
1445 441 1495 475 τῆς
1517 441 1562 468 διὰ
1581 442 1630 469 σοῦ
1643 444 1835 479 γεγενημένης

1037 480 1120 507 αὐτοῦ
1140 482 1356 518 φιλανθρωπίας.
1389 485 1498 521 Ταύτης
1522 488 1583 519 ταῖς
1611 488 1701 515 ἐλπίσι
1731 498 1831 517 συναν-

1039 525 1197 561 υψούμενοι,
1211 529 1260 563 τῆς
1266 530 1372 562 οῑκείας
1384 533 1613 568 καταφρονοῦμεν
1624 536 1831 570 ταπεινότητος,

1036 571 1086 606 τῆς
1099 573 1279 608 χαμαιζήλου,
1301 576 1348 602 καὶ
1363 576 1480 610 γεώδους
1508 579 1751 616 ἐπιλανθανόμενοι
1771 581 1832 608 δια-

1037 618 1147 653 γωγῆς·
1160 619 1296 652 ἐντεῦθεν,
1325 621 1379 648 τῶν
1403 622 1453 658 τῆς
1468 623 1520 658 γῆς
1546 625 1683 660 ἐπαίρειν,
1700 626 1747 652 καὶ
1764 626 1834 661 πρὸς

1036 663 1151 699 οὐρανὸν
1164 665 1325 699 ἐπείγεσθαι
1347 668 1571 705 προθυμούμεθα.
1595 671 1736 698 Ἐντεῦθεν
1754 673 1830 706 ἡμῖν,

1037 710 1065 735 αἱ
1080 710 1255 744 ἀδιάψευστοι
1274 713 1327 739 τῶν
1356 714 1547 750 ἀποκειμένων
1563 717 1675 751 ἀγαθῶν
1702 718 1811 750 ἐλπίδες
1823 728 1830 734 ·

1037 754 1162 782 ἐντεῦθεν
1178 757 1206 783 αἱ
1225 757 1279 784 τῶν
1293 759 1411 787 αἰωνίων
1429 761 1601 796 προσδοκίαι.
1622 763 1672 790 Διὰ
1686 763 1776 795 τοῦτο,
1791 773 1832 798 φι-

1037 801 1174 837 λοφρόνως
1206 804 1255 840 τὴν
1272 804 1392 841 εὔσημον
1413 807 1461 834 καὶ
1479 808 1554 835 θείαν
1581 809 1686 845 ταύτην
1717 811 1832 844 ἄγοντες

1037 848 1144 884 ἑορτὴν,
1163 849 1201 885 τῷ
1215 851 1255 882 εὶς
1265 852 1370 878 οἰκείαν
1384 853 1492 880 ἅπαντα
1508 855 1725 890 προνοησαμένῳ
1740 855 1830 888 δόξαν,

1038 893 1078 925 εις
1090 895 1224 930 μητρικόν
1235 904 1264 922 τε
1275 897 1417 933 καύχημα,
1430 900 1477 926 καὶ
1493 901 1629 936 σωτήριον
1640 901 1694 928 τῶν
1702 901 1832 937 ὑπηκόων

1036 939 1262 976 ἑγκαλλώπισμα,
1288 942 1338 978 τὴν
1362 945 1537 979 εὐχαριστίαν
1555 946 1754 981 ἀναπέμπομεν
1769 946 1832 982 [ἄλ.

1037 985 1246 1023 ἁναφέρομενῙ,
1265 988 1377 1025 Χριστῷ
1399 990 1440 1025 τῷ
1466 991 1521 1018 τῶν
1545 992 1656 1027 ἀγαθῶν
1679 993 1757 1028 αἰτίῳ
1784 992 1832 1019 καὶ

191 1022 323 1075 παρόχῳ.·
338 1024 469 1075 Set-abst?)
483 1026 585 1075 πρέπει
611 1027 688 1075 τιμὴ,
714 1028 762 1054 καὶ
783 1028 981 1064 προσκύνησις,
1001 1031 1050 1058 καὶ
1079 1022 1230 1068 δοξολογίαξ
1246 1022 1298 1063 σὺν
1327 1022 1368 1072 τῷ
1382 1022 1480 1073 Πατρὶ,
1507 1038 1555 1065 καὶ
1569 1022 1622 1075 ,τῷ
1644 1040 1715 1075 ἁγίῳ
1742 1022 1831 1066 ilva!)-

194 1077 269 1104 ματι,
285 1070 332 1096 νῦν
351 1071 397 1098 καὶ
407 1072 461 1104 ἀεὶ,
477 1073 524 1099 καὶ
539 1073 580 1104 εἰς
593 1074 655 1106 τοὺς
669 1074 771 1107 αἰῶνας
789 1076 844 1103 τῶν
857 1076 963 1104 αἰώνων
974 1097 981 1104 .
1009 1078 1105 1116 ’Δμήνι

871 1191 1002 1220 ORATIO
1024 1192 1058 1220 tv
1078 1192 1158 1229 (ις).

673 1260 707 1287 In
725 1262 918 1295 conceptionem
937 1264 1110 1293 sanctissima:
1125 1265 1175 1293 Dei
1194 1265 1346 1296 Genitrict’s.

228 1335 249 1363 ι.
269 1335 359 1363 Suave
383 1335 492 1370 quidem
517 1341 559 1363 est
586 1338 728 1371 praesentis
751 1339 831 1374 hujus
854 1340 922 1367 lanae
938 1348 983 1368 so-

192 1383 340 1412 lemnitatis
372 1389 481 1409 nomen.
508 1382 543 1409 At
572 1383 683 1411 suavius
705 1389 747 1411 est
768 1385 840 1413 illius
865 1387 984 1414 rationes

193 1437 319 1456 sermone
338 1433 482 1462 retexere;
506 1435 575 1462 quas
591 1429 688 1457 iterato
706 1431 862 1458 evolveutes
881 1438 907 1458 et
922 1439 986 1466 gra-

194 1475 305 1503 tabttudi
316 1480 493 1509 exponentes,
505 1483 574 1502 novo
586 1483 636 1503 nos
649 1476 799 1503 dulcedinis
817 1477 987 1505 incremento

1034 1342 1205 1376 oboriuntur,
1224 1344 1317 1372 satiari
1330 1349 1419 1380 potest
1435 1346 1554 1380 animus,
1567 1347 1646 1382 cujus
1658 1348 1828 1377 demonstra-

1036 1387 1135 1415 tionem
1153 1388 1186 1415 ad
1203 1396 1246 1422 ea,
1264 1397 1323 1424 quae
1340 1395 1399 1417 acta
1418 1396 1482 1418 sunt
1509 1397 1569 1426 post
1598 1393 1731 1420 redditutn
1745 1396 1829 1428 justis

1036 1433 1090 1460 illis
1101 1433 1224 1462 Joachim
1239 1441 1266 1462 et
1278 1437 1363 1464 Anna;
1376 1437 1497 1465 divinum
1512 1439 1665 1472 oraettlutn,
1680 1440 1827 1475 rejicimus.

1038 1479 1076 1506 Eo
1094 1479 1165 1506 enim
1191 1488 1277 1516 usque
1295 1483 1476 1516 producentes
1493 1491 1657 1517 sermonem,
1675 1490 1702 1512 et
1718 1485 1829 1512 uberem

193 1529 361 1552 recreantur,
383 1526 409 1548 et
427 1522 602 1555 splendidiori
622 1530 688 1549 sane
704 1523 884 1558 ampliatique
902 1525 985 1551 volu-
999 1542 1021 1570 ο
1039 1525 1145 1560 copiam
1164 1534 1213 1561 per
1230 1527 1305 1554 illum
1321 1533 1527 1561 coacervautes,
1552 1529 1732 1557 insatiabilem
1751 1531 1829 1564 cupi-

193 1573 268 1603 ptate
301 1569 500 1603 perfnudimttr.
534 1569 600 1596 Cum
627 1570 698 1596 enim
729 1571 755 1597 in
786 1570 918 1602 ejuStnodi
947 1571 986 1598 rei

195 1619 312 1641 tractatu
329 1613 419 1641 verbis
432 1615 619 1646 immoratnur,
635 1621 749 1650 augetur
763 1617 884 1643 suavitas
900 1617 986 1644 itera-

194 1662 267 1688 tione
305 1662 458 1694 sertnouis;
493 1666 520 1690 et
555 1663 781 1697 quemadmodum
818 1671 988 1698 quacunque

194 1709 295 1734 olentia
322 1708 501 1735 innascuntur
526 1710 659 1743 germina,
682 1709 745 1735 licet
770 1717 818 1743 per
842 1717 870 1736 se
895 1710 987 1737 odoris

195 1755 311 1782 habeant
340 1754 537 1790 fragrantia"),
563 1759 730 1782 contrectata
757 1761 845 1782 tamen
868 1761 895 1783 et
911 1763 986 1783 cont-

194 1809 287 1835 pt‘cssa
322 1802 470 1837 jucundunt
504 1801 606 1836 magis,
645 1802 786 1836 magisque
820 1801 986 1836 fragrantem

195 1849 337 1883 exspirant
362 1849 489 1881 odorem;
507 1849 544 1875 ita
559 1853 585 1875 et
601 1847 718 1875 celebris
743 1848 793 1874 ista
818 1848 986 1881 solemnitas,

194 1900 395 1930 unguentorum
412 1897 506 1931 gratia:
523 1894 621 1922 referta
645 1894 740 1926 odore,
757 1894 986 1929 jucundissimam

195 1942 289 1976 utique
304 1949 420 1976 eamque
438 1941 550 1969 minime
568 1941 686 1968 fucatam
715 1948 806 1967 secum
822 1940 908 1968 defert
924 1949 987 1968 sua--

196 1987 310 2015 vitalem
330 1997 338 2015 :
355 1989 491 2023 praeconio
529 1992 618 2015 tamen
647 1987 801 2020 celebrata,
839 1981 989 2022 faustisque

195 2034 386 2061 commendata
402 2033 654 2065 acclamationibus.
673 2041 705 2060 ac
724 2034 813 2060 verbis
827 2033 908 2060 veluti
922 2041 987 2060 cou-

198 2085 324 2112 trectata,
351 2080 437 2114 magis
455 2087 516 2106 eam
533 2079 607 2106 emat
622 2087 697 2111 sane,
724 2079 902 2114 ell’unditque,
921 2079 988 2106 odo-

196 2131 311 2160 rataqtte
323 2133 460 2160 nunquam
483 2131 649 2153 evanescunt
665 2126 828 2161 cognitionis
839 2131 986 2160 unguenta;

196 2172 295 2206 quibus
321 2179 385 2199 vero
419 2171 539 2206 pettititts
567 2172 625 2206 ejus
661 2176 802 2207 perspecta
833 2171 861 2198 fit
894 2171 987 2203 notio,

1039 1570 1152 1597 ditatem
1179 1571 1317 1598 moderata
1342 1573 1540 1608 compositione
1561 1572 1736 1605 distulimus;
1758 1581 1831 1601 nttuc

1041 1623 1106 1642 vero
1125 1616 1170 1643 illo
1185 1617 1340 1651 posthabito
1358 1625 1471 1645 necesse
1495 1623 1538 1645 est
1556 1619 1715 1644 thesaurum
1741 1618 1830 1652 ipsum

1039 1668 1196 1696 cmuparate
1215 1663 1416 1698 aggredientes,
1432 1664 1474 1691 his
1489 1664 1534 1698 qui
1556 1671 1719 1696 convenere,
1731 1663 1831 1698 jucun-

1039 1707 1181 1735 dissimam
1198 1708 1353 1736 traditionis
1368 1714 1472 1744 partem
1489 1717 1637 1746 exponere.

1076 1754 1107 1780 ll.
1130 1753 1197 1781 Cum
1233 1756 1315 1790 igitur
1349 1756 1517 1784 sanctissimi
1548 1756 1672 1784 Joachim
1700 1761 1728 1784 et
1753 1757 1832 1783 Anna

1039 1800 1171 1835 ejusmodi
1184 1803 1357 1836 sponsionem
1368 1803 1502 1838 praeconis
1512 1810 1578 1831 voce
1590 1804 1708 1830 delatam
1722 1803 1834 1830 minime

1040 1855 1152 1882 prorsus
1170 1847 1363 1881 lutesitabundi,
1381 1848 1448 1883 quin
1473 1849 1696 1876 coustantissinta
1726 1854 1832 1880 mente,

1039 1893 1153 1928 perimle
1176 1901 1208 1920 ac
1231 1901 1260 1921 re
1279 1894 1334 1928 jam
1357 1895 1490 1928 completa
1523 1896 1724 1929 suscepissent.
1748 1895 1834 1922 letum

1039 1939 1223 1974 excepissent,
1239 1940 1363 1974 protinus
1381 1940 1426 1967 ille
1441 1940 1550 1974 quidem
1564 1948 1669 1975 preces,
1685 1941 1831 1973 stationes,

1040 1990 1195 2020 nuncupata
1233 1991 1313 2018 vota,
1351 1986 1553 2025 propitiationis
1595 1987 1832 2020 holocautomata.

1040 2032 1274 2066 acceptabilesque
1296 2032 1408 2059 instruit
1425 2032 1540 2060 hostias.
1570 2032 1629 2068 lpsa
1650 2040 1715 2060 vero
1734 2040 1834 2060 munus

1041 2078 1097 2106 suis
1121 2079 1295 2112 impetratunt
1321 2078 1449 2112 precibus
1473 2086 1502 2106 se
1527 2078 1582 2106 Deo
1605 2079 1779 2111 oblaturam,
1803 2087 1835 2106 ac

1041 2124 1184 2151 sacratiori
1214 2124 1374 2152 holocausto
1398 2129 1620 2151 consecraturatu
1636 2124 1792 2161 pollicetur.
1811 2124 1835 2151 0

1039 2170 1176 2205 justorum
1209 2170 1304 2197 ﬁdenti
1326 2171 1348 2198 Ο
1375 2170 1623 2205 exploratissimam
1650 2177 1745 2205 spem,
1775 2177 1837 2205 qua:

197 2219 352 2246 ulteriorem
375 2217 481 2252 spirant
507 2217 651 2245 suavitatis
673 2218 794 2245 odorem.
813 2217 880 2244 Cum
898 2217 989 2252 itaque
1005 2214 1027 2242 D
1043 2221 1173 2251 cognatas
1190 2222 1294 2252 naturae
1317 2216 1388 2243 vires
1410 2216 1559 2251 superant!
1575 2215 1597 2243 Ο
1614 2223 1656 2243 res
1674 2216 1740 2242 nulli
1760 2218 1837 2242 com”-

195 2265 252 2300 jugi
270 2265 309 2292 rei
329 2264 517 2296 meditatione,
537 2264 690 2298 iterataque
707 2264 888 2299 explicatione
903 2264 990 2292 dulcis

198 2313 255 2338 lucc
273 2311 406 2345 spiritalis
424 2311 549 2346 voluptas
567 2310 657 2345 tnajus
673 2315 763 2338 sumat
779 2310 990 2342 incremeuttun,

199 2359 341 2393 magisque
366 2358 429 2385 inde
455 2358 563 2385 animus
590 2357 758 2389 ohlcetetur;
790 2357 869 2389 longe
892 2356 991 2383 acriori

199 2407 290 2433 studio
317 2411 401 2442 atque
427 2405 578 2440 operosiori
608 2405 771 2432 tractatione
796 2404 829 2431 de
857 2405 907 2431 hac
935 2405 992 2438 ipsa

198 2452 372 2480 solemnitate
395 2457 504 2488 oportet
529 2452 631 2480 habere
648 2459 812 2484 sermonem,
837 2457 866 2478 ut
883 2450 992 2478 eillante

197 2506 229 2525 ex
247 2497 290 2525 illa
303 2498 474 2533 jucunditale
492 2498 598 2526 abunde
617 2497 784 2533 expleantur.
802 2497 903 2525 Verum
921 2502 949 2524 ut
965 2498 991 2524 id

198 2543 297 2578 ipsum,
325 2551 379 2578 qtto
405 2551 546 2577 caremus,
574 2544 682 2579 assequi
710 2544 864 2577 possimus,
893 2542 993 2570 divina:

199 2591 318 2618 odoratae
328 2590 408 2626 hujus
418 2590 573 2626 fragrantia
585 2591 687 2625 aspiret
697 2590 819 2622 amatus;
830 2589 992 2617 inexhausta

199 2636 298 2672 quippe
316 2641 356 2664 est
371 2636 466 2663 horum
483 2636 624 2668 bonorum,
643 2643 692 2663 nec
709 2643 743 2662 ex
757 2635 801 2668 iis,
818 2642 877 2670 quae
892 2636 925 2661 ab
941 2635 992 2661 illis

237 2704 304 2740 (ἰδ’)
318 2705 451 2740 Excerpta
465 2712 497 2740 est
513 2711 595 2738 opere
610 2703 713 2740 inedita
726 2703 862 2740 Hippolyti
876 2702 995 2740 Marruc-

200 2738 246 2766 cii'
262 2738 304 2767 cui
338 2738 454 2766 titulus:
473 2739 586 2768 Mariale
624 2739 732 2773 Georgii
768 2738 994 2766 Nicuutcdiensis.

202 2774 343 2803 Marraccii
358 2776 440 2803 coch
457 2775 670 2809 tnauuscriptus,
686 2774 778 2801 anm
793 2775 819 2800 itt
833 2773 993 2800 bibliotheca

202 2810 429 2845 tinttgt'egationis
450 2810 621 2838 Cle't'icortttu
650 2810 742 2837 Matris
758 2809 804 2836 Dei
825 2813 992 2836 asservalur.

203 2844 290 2873 Porto
306 2844 338 2873 de
355 2847 403 2873 hac
419 2845 530 2873 hotnilia
548 2845 574 2872 itt
591 2844 797 2879 conceptionem
825 2845 882 2870 hazc
905 2851 991 2870 anno-

199 2881 268 2908 tatit
294 2880 460 2909 Mat‘raccius
478 2890 486 2910 :
504 2880 661 2909 Orationem
689 2880 758 2908 hanc
781 2879 808 2907 itt
831 2879 992 2916 perauliquo

1041 2263 1187 2298 parabiles,
1200 2268 1227 2291 et
1239 2263 1325 2290 libero
1335 2271 1401 2290 sane
1411 2263 1512 2298 judicio
1523 2262 1716 2297 relinquendas
1729 2270 1837 2295 eorum,

1043 2311 1088 2345 qui
1107 2317 1198 2337 veram
1216 2316 1430 2345 germanamque
1455 2309 1577 2344 ipsarum
1602 2309 1779 2336 eminentiam
1798 2313 1838 2334 tc-

1043 2360 1107 2383 nent
1127 2355 1311 2390 exploratam!
1331 2355 1425 2390 Neque
1447 2355 1520 2382 ettim
1546 2362 1606 2382 cum
1626 2355 1706 2382 iidem
1733 2355 1838 2381 habent

1041 2402 1118 2437 justi,
1141 2402 1225 2436 signis
1251 2406 1381 2436 prieterea
1409 2401 1540 2435 indigent.
1557 2400 1626 2433 Quin
1641 2400 1765 2428 Joacltiut
1784 2408 1836 2427 nec

1047 2450 1124 2483 signa
1140 2456 1169 2475 se
1179 2448 1329 2483 promereri
1343 2448 1467 2481 expetiit,
1481 2447 1653 2482 postmodum
1670 2447 1838 2479 certissime,

1047 2503 1078 2522 ac
1095 2495 1116 2522 si
1137 2494 1191 2529 jam
1218 2495 1388 2530 accepisset,
1417 2494 1470 2522 sibi
1498 2493 1618 2521 futuram
1646 2493 1749 2528 proletu
1776 2500 1840 2520 sen-

1045 2541 1126 2568 tiens.

1082 2587 1126 2614 lll.
1147 2586 1224 2614 Anna
1250 2594 1316 2615 vero
1337 2587 1501 2621 promissam
1538 2586 1642 2620 prolem
1672 2585 1786 2620 perinde
1808 2593 1840 2612 ac

1046 2639 1259 2668 prmsentaneam
1279 2638 1306 2662 et
1323 2633 1413 2661 verbis
1439 2638 1466 2660 et
1491 2640 1520 2660 re
1535 2633 1593 2667 ipsa
1620 2637 1705 2664 tenet,
1726 2637 1753 2659 ct
1770 2639 1839 2666 pta:-

1051 2705 1147 2732 Graceo
1163 2713 1214 2732 ms.
1232 2705 1326 2732 codice
1338 2705 1389 2732 sub
1402 2705 1513 2732 nomine
1527 2704 1636 2738 Georgii
1648 2704 1840 2731 Nicomedien-

1050 2741 1089 2768 sis
1113 2741 1292 2774 utetropolita:
1305 2748 1318 2765 a
1338 2747 1366 2767 se
1381 2740 1516 2767 iuventam
1533 2741 1680 2774 exscripsit
1695 2747 1726 2766 ac
1746 2738 1843 2767 Latine

1051 2776 1166 2803 reddidit
1193 2776 1274 2803 Adin.
1299 2775 1333 2802 ﬂ.
1357 2775 1387 2802 P.
1420 2775 1452 2802 D.
1478 2775 1639 2802 Vincentius
1670 2775 1841 2808 liiccardius,

1050 2811 1167 2839 clericus
1186 2811 1333 2845 regularis,
1352 2811 1472 2844 mihique
1489 2810 1522 2837 ab
1536 2818 1570 2837 eo
1583 2810 1698 2846 benigne
1713 2817 1838 2838 commu—

1049 2848 1168 2875 nicatam
1185 2847 1320 2875 mariauis
1339 2847 1488 2874 lectoribus
1503 2845 1626 2874 exhibui.
