1951 3076
209 149 222 178 1
233 148 280 179 £03

780 149 934 180 GEORGII
955 148 1250 178 NICOMEDIENSIS

1767 144 1835 176 1434

213 209 312 238 quanta
331 203 428 238 cuique
443 202 557 230 facultas
571 207 623 235 est,
639 211 669 230 ea
687 203 785 237 singuli
803 213 861 232 eam
883 213 997 232 corone-

1051 204 1097 230 καὶ
1114 205 1163 237 ὅση
1181 203 1298 238 δύναμις
1311 202 1430 237 ἑκάστῳ,
1455 201 1494 236 τῷ
1521 201 1635 235 τοιούτῳ
1649 201 1733 236 αὐτὴν
1748 211 1836 230 xum.-

199 267 201 271 ι
213 257 281 276 mus.
294 249 451 283 Quanquam
463 249 533 276 enim
549 257 642 276 omnes
656 250 744 276 minus
756 257 837 284 quam
853 258 900 284 pro
910 250 998 283 dign?-

212 300 266 322 tate
293 295 432 328 habemus,
465 295 549 329 magis
577 299 665 322 tamen
689 295 838 329 ,alacritate
861 296 998 323 ahundare

210 347 352 372 conemur,
365 340 535 374 invicemque
549 340 696 366 voluntatis
707 341 880 367 contentione
889 341 998 367 vincere

211 387 378 414 Studeamus.
400 385 464 419 Quae
480 386 551 412 enim
574 386 613 412 vis
639 390 711 412 tanta
737 386 880 417 orationis,
910 390 938 412 ut
957 386 998 412 vel

213 432 352 458 minimum
370 432 432 466 quid
455 440 503 466 pro
517 432 620 458 meritis
644 432 755 466 exsequi
784 432 889 466 possit?
903 433 998 466 quisve

211 477 263 504 sibi
279 481 397 511 arroget,
415 482 443 504 ut
459 477 498 504 vel
512 479 582 504 nuda
597 477 759 511 cogitatione
773 478 883 512 propius
907 485 998 504 acces-

212 523 288 555 serit,
309 523 406 549 nedum
421 531 476 549 rem
498 523 574 557 plene
592 530 688 557 capere
706 523 868 550 tentaverit?
885 522 997 550 Omnem

215 570 303 602 itaque
327 575 483 595 sermonum
504 568 557 594 vim
583 569 776 595 transcendunt
801 569 924 596 eucontia
941 569 999 596 Vir-

214 614 304 648 ginis;
324 613 500 648 quamobrem
515 614 596 640 etiam
626 613 713 640 omnis
741 613 902 641 laudationis
928 614 999 648 leges

215 664 275 692 post
285 666 313 686 se
337 658 513 692 reliquerunt.
531 658 602 685 Sane
618 658 738 693 quidem,
766 659 815 686 viri
850 659 998 692 auditores,

215 704 370 738 priusquam
388 704 513 731 desiderii
534 704 640 731 aﬂ‘ectio
662 710 779 739 caperet,
806 713 887 740 grave
904 706 999 732 existi-

215 749 320 774 mabam
333 749 453 775 audaciae
472 749 591 780 crimen.
608 754 637 776 ut
652 757 710 776 eam
735 750 796 784 quis
822 757 876 776 rem
890 750 998 784 aggredi

215 799 399 828 praesumeret.
416 793 520 820 Etenim
538 794 677 822 videbatur
693 795 803 822 insaniae
813 803 844 821 ea
854 795 998 829 attingere,

215 847 274 874 quae
299 844 390 867 essent
405 840 505 874 majora
523 841 634 874 virtute,
660 849 692 867 ac
719 849 833 875 quorum
858 848 998 868 Sermones

215 884 338 911 altiorem
375 892 500 912 sermone
527 887 661 912 rationem
687 886 826 912 haberent.
857 886 1000 920 Postquam

215 933 304 956 autem
321 929 354 956 ab
373 934 467 964 agente
482 930 577 957 affectu
603 932 655 957 vim
681 938 785 966 passus,
813 932 869 965 ipse
895 939 1001 966 quoqtte

216 974 361 1000 multorum
378 976 446 1001 cessi
462 975 617 1008 temeritati,
634 976 744 1010 supplex
762 984 821 1002 cum
836 976 874 1003 eis
896 976 1000 1002 veniam

215 1019 334 1053 postulo,
348 1019 499 1047 allectionis
514 1023 700 1055 experimento
712 1022 849 1053 dedoctus,
866 1025 895 1048 ut
918 1029 952 1048 ne
975 1021 1001 1047 id

215 1065 317 1091 crimen
331 1071 422 1100 pntetn
449 1074 502 1093 non
527 1066 669 1093 veniabile.
697 1066 774 1101 Rogo
803 1067 903 1101 itaque,
924 1072 1001 1094 utne

216 1109 275 1143 quis
290 1117 409 1137 vestrum
427 1111 546 1138 audaciae
559 1112 681 1139 illaturus
694 1113 808 1143 crimen,
835 1120 891 1138 rem
917 1117 1001 1139 teme-

217 1155 305 1182 litatis
324 1163 356 1183 ac
381 1157 560 1190 arrogantiae,
588 1158 634 1184 sed
660 1158 847 1191 exsuperantis
874 1157 1000 1185 desiderii

213 1200 325 1234 jtulicet.
343 1201 447 1228 Etenim
469 1202 532 1229 illud
556 1202 731 1230 vehementer
758 1208 862 1236 tenens,
884 1203 1001 1231 maxima

215 1246 336 1280 quaedam
354 1246 417 1273 fecit
430 1254 610 1281 praesumere;
627 1248 677 1275 ﬁde
687 1248 795 1283 quidem
808 1249 906 1283 prrcvia
921 1249 999 1280 duce,

214 1297 261 1322 ape
271 1296 360 1317 autem
377 1293 409 1318 ad
429 1299 458 1318 ea
473 1292 641 1319 sulilevante.
657 1293 749 1328 Neque
766 1295 838 1321 enim
862 1301 1001 1321 sermones

214 1342 306 1362 eorum
322 1337 413 1371 gloria:
428 1345 509 1364 causa
523 1344 596 1371 sunt,
611 1339 657 1373 qui
676 1340 798 1366 encomio
807 1339 998 1371 celebrantur;

214 1382 261 1408 sed
281 1382 390 1416 pietatis
427 1391 491 1417 ergo
520 1384 674 1412 inferuntur
708 1392 802 1412 eorum
832 1385 877 1420 qui
908 1385 1000 1412 dicunt

214 1435 246 1453 ac
259 1432 348 1455 orant.
367 1428 545 1461 Quamobrem
562 1435 647 1456 tuttttn
661 1431 803 1457 admodum
819 1432 947 1462 arbitror,
971 1434 1000 1457 ut

216 1471 295 1504 Dn-ns,
310 1474 355 1506 qui
371 1481 419 1508 per
434 1478 558 1501 naturam
572 1475 643 1501 nullo
660 1481 747 1510 egeat.
761 1476 852 1511 sitque
868 1477 925 1511 ipsa
952 1483 1000 1510 per

213 1525 242 1544 se
261 1518 356 1552 gloria.
372 1526 403 1545 ac
419 1520 618 1554 magniﬁcentia
630 1528 724 1548 eorum
741 1522 785 1556 qui
800 1522 952 1554 laudantur,
970 1530 999 1549 se

1051 251 1206 285 στέψιιιμεν.
1220 250 1252 276 Εἰ
1268 249 1320 284 γὰρ
1336 249 1383 275 καὶ
1397 249 1498 279 πάντες
1513 248 1560 274 τοῦ
1576 248 1638 275 κατ’
1653 249 1732 280 ἀξίαν
1755 249 1835 276 ἐκπί-

1049 305 1164 331 πτομεν,
1194 296 1262 322 ἀλλα
1289 304 1321 329 γε
1351 294 1397 321 τοῦ
1427 294 1567 329 προθύμω
1593 294 1623 321 τὸ
1649 295 1731 321 πλέον
1760 295 1836 330 ἔχειν

1049 341 1220 377 πειρώμεθα,
1237 341 1284 368 καὶ
1300 341 1488 376 προαιρέσεως
1512 340 1581 374 τόνῳ
1603 340 1634 366 τὺ
1650 341 1728 375 νικᾷν
1749 341 1835 375 ἀλλή-

1048 388 1122 419 λους,
1140 387 1188 419 Τίς
1203 387 1256 421 γὰρ
1272 386 1305 413 ἂν
1329 386 1408 420 λόγος
1424 385 1470 411 καὶ
1492 385 1574 419 μόνου
1593 385 1762 419 βραχυτάτου
1784 385 1837 419 τῆς

1049 433 1129 466 ἀξίας
1145 432 1336 468 προσάψαιτο;
1367 431 1434 466 ἣτίς
1458 430 1592 466 φαντασίᾳ
1611 430 1675 465 ψιλῇ
1692 430 1837 464 προσεγγί-

1050 480 1106 512 ζειν
1131 480 1310 514 καυχησαιτο,
1339 478 1377 512 μὴ
1397 478 1437 504 ὃτι
1454 485 1486 510 γε
1511 476 1614 511 πλῆρες
1641 475 1837 510 κατειληφέναι

1050 525 1216 559 πειράσηται
1231 531 1238 555 ;
1252 523 1346 549 Πᾶσαν
1354 522 1443 548 τοίνυν
1456 521 1543 555 λόγων
1562 521 1677 555 δύναμιν
1694 520 1838 555 ύπερέπτη

1050 570 1084 598 τὰ
1097 571 1145 605 τῆς
1165 569 1305 605 Παρθένου
1321 568 1458 603 ἐγκώμια,
1474 568 1513 594 διὸ
1539 567 1586 594 καὶ
1604 567 1720 593 κατόπιν
1735 565 1838 596 παντὸς

1050 615 1161 642 ἐπαίνου
1184 614 1249 646 τοὺς
1274 614 1354 649 ὅρους
1377 613 1521 640 ἀπέθεντο.
1555 612 1627 646 Ἐγὼ
1654 612 1704 646 μὲν
1730 610 1790 643 οὖν,
1815 607 1839 637 ὦ

1050 661 1157 696 ἄνδρες,
1174 660 1238 696 πρὶν
1265 659 1304 695 τῷ
1318 658 1365 686 τοῦ
1391 659 1474 685 πόθου
1492 658 1594 685 ἁλῶναι
1612 657 1704 689 πάθει,
1720 657 1840 692 χαλεπὸν

1049 707 1100 741 τῆς
1117 706 1220 741 τόλμης
1241 705 1296 732 τῶν
1320 705 1518 740 ἐγχειρούντων
1535 703 1710 738 ἐψηφιζόμην
1736 703 1767 729 τὸ
1794 702 1839 736 ἔγ-

1051 752 1154 787 κλημα.
1187 751 1242 778 Καὶ
1262 750 1316 785 γὰρ
1346 747 1415 776 εἶναι
1444 750 1543 785 μανίας
1570 749 1657 776 ἐδόκει
1689 748 1744 777 τῶν
1767 747 1840 782 ὑπὲρ

1051 797 1164 832 δύναμιν
1179 796 1323 828 ἃπτεσθαι,
1340 796 1389 823 καὶ
1413 793 1450 822 ὧν
1475 796 1499 822 ot
1527 795 1601 829 λόγοι
1622 795 1653 820 τὺ
1671 794 1742 828 ὑπὲρ
1757 793 1839 826 λόγον

1053 843 1211 877 εἰλήφασινε
1227 842 1287 868 ἐπεὶ
1302 842 1330 868 δὲ
1346 841 1399 868 ὑπὸ
1427 839 1475 868 τοῦ
1503 840 1616 874 ἄγοντος
1638 839 1816 874 τυραννηθεὶς
1829 859 1838 872 ,

1017 888 1091 924 Βτῷ
1109 887 1164 914 τῶν
1190 887 1294 914 πολλῶν
1320 878 1446 922 ὑπήχθην
1472 886 1639 921 τολμήματι,
1669 885 1762 919 ἱκέτης
1789 885 1838 911 σὺν

1052 934 1156 965 τούτοις
1171 934 1239 968 προς
1254 932 1421 967 συγγνώμην
1447 931 1616 967 καθέστηκα,
1632 932 1664 966 τῇ
1689 931 1772 966 πείρᾳ
1789 929 1838 956 τοῦ

1051 981 1155 1012 πάθους
1171 979 1299 1014 ἐκμαθὼν
1323 979 1353 1005 τὸ
1373 978 1577 1012 ἁσὺγγνωστον.
1607 977 1679 1004 Αῑτῶ
1698 976 1799 1008 τοίνυν,
1815 976 1842 1003 ετ

1051 1034 1093 1058 τις
1107 1026 1185 1061 ὑμῶν
1201 1024 1346 1056 αὐθαδείας
1357 1024 1513 1057 ἐπεισάγειν
1529 1022 1647 1058 πειρῷτο
1661 1022 1839 1057 ἐγκλήματα,

1053 1071 1090 1106 μὴ
1103 1071 1219 1105 θράσους
1232 1069 1402 1102 ἀλαζονείαν,
1431 1067 1498 1094 ἀλλὰ
1523 1067 1606 1094 πόθου
1632 1067 1792 1102 περιουσίαν
1809 1066 1841 1093 τὸ

1052 1116 1232 1151 προκείμενον
1253 1114 1388 1149 κρινέτωο
1414 1114 1462 1140 καὶ
1487 1113 1541 1148 γὰρ
1566 1114 1582 1148 ἡ
1607 1112 1704 1139 τούτου
1734 1112 1840 1147 σφοδρὰ

1050 1162 1242 1196 ἐπικράτησις,
1257 1160 1311 1186 τῶν
1327 1159 1462 1194 μεγίστων
1473 1159 1647 1193 κατατολμᾷν
1662 1159 1838 1194 παρεσκεύτι⁴

1053 1216 1110 1234 σεν.
1134 1207 1257 1237 Πιστεως
1283 1205 1332 1240 μὲν
1357 1205 1543 1240 προαγούσης,
1567 1204 1676 1236 ἐλπίδος
1711 1204 1739 1231 δὲ
1769 1204 1840 1238 πρὸς

1050 1248 1137 1280 ταῢτα
1163 1251 1379 1286 συνανυψούσης.
1411 1245 1479 1276 Οὐδὲ
1496 1250 1550 1285 γὰρ
1570 1250 1650 1285 δόξης
1673 1250 1755 1276 ἓνεκα
1783 1249 1841 1275 τῶν

1050 1297 1299 1333 ἐγκωμιαζομένων
1314 1297 1339 1322 οἱ
1364 1296 1453 1330 λόγοι·
1482 1295 1624 1326 εὐσεϐείας
1637 1295 1666 1321 δὲ
1688 1295 1769 1330 χάριν
1784 1294 1841 1320 τῶν

1050 1344 1184 1377 λεγόντων
1212 1341 1394 1377 εἰσφέρονται.
1425 1340 1506 1367 Ὅθεν
1537 1349 1582 1375 μοι
1605 1340 1665 1366 λίαν
1689 1339 1842 1370 ἀκινδύνως

1050 1389 1132 1420 δοκεῖ,
1149 1387 1196 1414 καὶ
1209 1387 1239 1413 τὺ
1254 1387 1326 1413 θεῖον
1335 1385 1446 1420 ἀνενδεῆ
1462 1386 1510 1421 τὴν
1527 1385 1610 1419 φύσιν
1622 1385 1694 1420 ἔχον,
1707 1383 1840 1416 αὖτοδόξα

1050 1442 1078 1460 τε
1091 1433 1120 1459 ὃν
1143 1432 1190 1458 καὶ
1219 1431 1398 1467 μεγαλειότης
1424 1431 1479 1457 τῶν
1508 1431 1723 1465 ἐπαινουμένων,
1752 1429 1841 1456 αἴτιον

1050 1479 1090 1510 είς
1103 1478 1229 1513 ἀφορμὴν
1249 1477 1368 1503 ἐπαίνων
1392 1476 1471 1502 ἑαυτὸ
1490 1477 1544 1506 τοῖς
1574 1475 1748 1510 βουλομένοις
1769 1483 1841 1510 παρ·

1051 1523 1133 1558 ἐχειν,
1154 1523 1205 1550 οὑκ
1231 1522 1357 1549 ἐπίτασιν
1374 1522 1425 1556 τῆς
1441 1522 1544 1553 οἰκείας
1570 1521 1649 1556 δόξης
1673 1521 1841 1556 δεχόμενον-

213 1563 270 1596 ipse
299 1563 449 1592 volentibus
473 1566 498 1592 in
515 1565 696 1593 laudationem
723 1573 911 1602 argumentum
937 1576 999 1602 per-

1051 1570 1100 1603 τὴν
1118 1568 1145 1594 δὲ
1163 1567 1318 1603 προθυμίαν
1339 1567 1393 1593 τῶν
1411 1568 1577 1602 εἰσαγόντων
1605 1567 1721 1602 [έμενον.
1737 1566 1841 1593 Τούτου

212 1609 301 1636 mittat
315 1609 414 1637 nullutn
433 1611 493 1638 inde
516 1611 606 1646 gloria:
629 1617 804 1647 augmentum
827 1614 997 1648 suscipiens;

211 1656 257 1682 sed
290 1663 384 1683 eorum
409 1657 454 1691 qui
482 1656 613 1691 inferunt,
646 1659 813 1686 alacritatem
849 1659 999 1694 impensius

213 1701 315 1729 volens.
333 1701 380 1730 His
391 1711 456 1738 ergo
472 1705 497 1732 in
512 1706 583 1732 hunc
609 1706 717 1732 tnodum
730 1706 850 1737 statutis,
877 1713 926 1738 age
944 1705 998 1740 iam

1052 1612 1196 1648 τοιγαροῦν
1213 1611 1285 1638 οὓτω
1302 1611 1480 1643 διατεθέντος,
1498 1611 1565 1646 φέρε
1583 1612 1637 1638 τῶν
1662 1612 1711 1646 τῆς
1735 1610 1843 1647 παρού-

1054 1666 1103 1692 σης
1114 1657 1211 1692 ἑορτῆς
1221 1656 1391 1691 ἐφαψώμεθα
1401 1656 1488 1690 λόγων
1500 1665 1507 1672 ο
1520 1656 1568 1683 καὶ
1580 1656 1645 1691 περὶ
1655 1653 1693 1683 ὧν
1703 1655 1844 1691 προήχθη.

1055 1712 1104 1740 μεν
1120 1703 1220 1737 λέγειν,
1235 1701 1415 1737 περὶτούτων
1433 1703 1481 1737 τὴν
1498 1702 1618 1736 σπουδὴν
1633 1701 1840 1736 ἐνστησώμεθα.

213 1748 322 1776 festivos
337 1751 475 1784 praesentis
501 1751 569 1779 locis
594 1759 735 1780 sermones
760 1753 950 1787 auspicentur;
968 1759 999 1779 ac
1022 1751 1049 1778 in
1063 1750 1113 1781 eis,
1134 1750 1166 1777 de
1184 1749 1280 1783 quibus
1309 1748 1442 1782 cepimus
1467 1748 1539 1782 loqui
1564 1755 1674 1782 operam
1697 1753 1841 1781 ponamus.

249 1793 395 1821 Enimvero
407 1803 466 1830 quaa
480 1800 553 1824 tanta
570 1798 611 1825 vis
629 1798 695 1825 artis
719 1803 906 1832 argumentum
932 1805 1002 1831 prte-

212 1845 274 1866 sens
301 1847 422 1873 congrue
449 1843 616 1875 tractaverit,
643 1848 672 1870 ut
696 1843 768 1877 quod
793 1843 891 1877 cuique
913 1842 1002 1870 ordini

211 1891 426 1913 consentaneum
435 1892 486 1918 est,
498 1889 609 1923 exsequi
623 1888 726 1923 queat?
739 1889 867 1922 Quaenam
881 1889 1002 1916 instituta

210 1932 379 1966 comparatio
397 1931 454 1966 ejus
480 1933 516 1960 sit
543 1936 762 1968 rcpresentatura
785 1933 1003 1966 similitmlinetn,

211 1976 255 2003 cui
279 1977 344 2003 nihil
363 1985 377 2003 τι
391 1979 488 2005 sacculo
503 1979 626 2012 apparuit
637 1979 762 2013 aequale?
781 1979 850 2012 Quia
870 1979 943 2006 enim
957 1979 1003 2013 qui

210 2021 344 2056 ejusmodi
362 2027 521 2057 argumenta
536 2029 656 2057 versant,
673 2025 808 2052 similibus
820 2025 946 2060 aequalia,
960 2025 1002 2052 vel

212 2066 315 2101 majora
329 2068 478 2096 minoribus
494 2076 542 2103 per
562 2071 794 2103 comparationem
818 2074 1001 2104 opponentes,

210 2113 309 2139 exinde
338 2113 481 2141 verborum
513 2121 544 2142 ac
571 2115 703 2142 orationis
722 2120 855 2143 venantur
878 2115 1000 2149 copiam;

211 2159 314 2186 idcirco
338 2159 495 2187 facillimum
506 2161 612 2188 exsistit
626 2168 739 2188 examen
761 2161 942 2194 inventorum,
957 2169 1002 2188 ve-

211 2210 326 2237 rumque
344 2210 450 2235 eorum,
475 2211 537 2238 quae
561 2204 688 2231 dicuntur
711 2204 843 2238 judicium
863 2204 944 2232 habet
960 2214 967 2232 :
984 2213 998 2231 a
1015 2201 1036 2228 Ι)

210 2255 265 2281 quo
281 2253 371 2274 autem
385 2249 505 2282 superati
526 2254 589 2276 sunt
606 2255 708 2277 natura:
734 2250 811 2281 lines,
835 2250 897 2277 huic
917 2257 999 2277 cnco-

212 2293 326 2319 miorum
352 2293 423 2327 leges
442 2294 554 2328 obsequi
584 2302 636 2321 non
661 2295 761 2322 valent.
786 2294 826 2322 Ne
850 2295 910 2329 quis
935 2303 999 2330 ergo

211 2339 364 2372 superantia
378 2345 481 2366 natura:
494 2339 638 2371 rationem,
650 2347 681 2366 ac
693 2340 770 2374 siqua
787 2341 812 2367 ei
830 2348 998 2375 consequen-

212 2389 254 2410 ter
269 2385 367 2412 habent
393 2376 486 2412 iisdiun
511 2390 596 2412 tentet
615 2387 760 2420 subjicere.
792 2385 898 2414 Nullam
927 2387 998 2414 enim

212 2429 256 2456 illa
273 2437 419 2464 congruam
435 2436 530 2458 tnuttto
549 2433 766 2459 comtnunionem
786 2433 912 2467 ingerunt
928 2432 999 2459 mul-

213 2480 323 2509 tumque
344 2476 459 2504 invicem
485 2477 630 2504 discrimen
663 2478 820 2505 ostendunt.
845 2477 913 2504 llinc
934 2485 999 2512 ergo

162 2523 166 2526 ”
212 2521 277 2547 mihi
289 2520 373 2548 ardua
390 2527 500 2556 apparet
512 2523 649 2550 excellens
661 2523 812 2558 argumenti
832 2523 998 2557 praestantia,

212 2571 262 2593 nec
277 2566 334 2593 ﬁeri
357 2574 451 2602 posse,
480 2572 510 2594 ut
530 2568 592 2603 ullis
616 2569 729 2604 regulis,
759 2576 849 2594 rerum
870 2568 948 2595 nobis
971 2568 998 2594 in

212 2613 358 2645 quaestione
372 2613 519 2647 positarum
528 2615 681 2648 explicatio,
693 2614 725 2641 ad
744 2614 843 2641 similia
855 2614 997 2649 dirigatur.

210 2657 344 2684 Caeterum
375 2658 437 2686 licet
466 2659 549 2686 hocce
581 2659 732 2693 argumenti
769 2667 858 2686 rerum
889 2660 999 2687 omnino

211 2704 434 2737 consequentiam
446 2709 566 2738 superet,
582 2705 651 2732 haud
672 2710 761 2732 tamen
786 2705 997 2740 permittendum

211 2754 240 2775 ut
259 2757 307 2776 nos
323 2750 385 2776 illud
396 2749 519 2784 eil‘ugiat,
534 2751 676 2784 nequando
705 2751 828 2779 frustrati
853 2752 996 2785 desiderio,

212 2802 266 2822 una
281 2803 341 2822 cum
355 2803 387 2823 co
400 2796 501 2830 pietate
513 2796 662 2831 privemnr.

1091 1795 1173 1821 Ἀλλὰ
1187 1794 1228 1826 τίς
1247 1794 1280 1820 ἂν
1300 1793 1416 1828 δύναμις
1434 1793 1545 1828 τεχνικὴ
1560 1793 1590 1819 τὸ
1604 1793 1691 1828 παρὸν
1710 1791 1843 1826 μεθοδεύ-

1052 1849 1133 1872 σειεν,
1148 1840 1184 1871 ὡς
1192 1840 1299 1874 ἑκάστῳ
1311 1838 1474 1865 ἀκολουθίαν
1491 1836 1732 1872 ὰπεξεργάσασθαι
1743 1837 1819 1870 τάξει
1833 1845 1841 1868 ,'

1052 1886 1099 1917 Τίς
1119 1886 1262 1921 σύγκρισις
1287 1883 1519 1919 παραϐαλλομένη
1540 1883 1570 1910 τὸ
1592 1884 1686 1918 ὅμοιον
1697 1883 1842 1921 παραστήτ

1053 1939 1094 1958 σει
1122 1930 1207 1967 [Μαι.
1235 1929 1443 1966 ἀντιπαραστ.].
1460 1925 1538 1964 ᾧτινι
1568 1929 1598 1956 τὸ
1627 1929 1685 1955 ίσον
1710 1930 1766 1960 τοῖς
1793 1928 1842 1954 ἀπ’

1053 1978 1149 2009 αἰῶνος
1166 1977 1217 2004 οὐκ
1230 1975 1309 2011 ὤφθη
1327 1985 1335 2009 ;
1352 1976 1428 2003 Ἐπεὶ
1442 1975 1496 2011 γὰρ
1525 1976 1550 2002 οι
1571 1974 1620 2006 τὰς
1648 1974 1776 2005 τοιαύτας
1792 1975 1841 2015 ἁν-

1053 2024 1202 2055 ελίττοντες
1228 2023 1383 2055 ὑποθέσεις,
1404 2023 1462 2053 τοῖς
1485 2021 1589 2056 ὁμοίοις
1616 2020 1672 2053 ἴσα,
1686 2020 1703 2055 ἢ
1728 2019 1842 2054 μείζονα

1052 2070 1108 2101 τοῖς
1127 2069 1252 2096 ἐλάττοσι
1278 2069 1333 2095 τῶν
1361 2067 1535 2103 πραγμάτων
1557 2066 1753 2101 εἰσδεχομένων
1766 2067 1842 2092 ἀντι-

1053 2115 1259 2151 παρατιθέντες,
1278 2116 1310 2142 ὲκ
1340 2115 1443 2141 τούτων
1464 2114 1514 2149 τὴν
1541 2113 1674 2148 εὐπορίαν
1700 2112 1841 2148 θηρῶνται

1053 2162 1106 2188 τῶν
1121 2161 1225 2194 λόγων·
1243 2161 1288 2187 διά
1301 2169 1341 2186 τοι
1356 2159 1435 2186 τοῦτο
1450 2159 1537 2195 ῥᾴστη
1563 2159 1613 2193 μὲν
1635 2159 1726 2189 αὐτοῖς
1751 2159 1768 2192 ὴ
1785 2158 1841 2183 τῶν

1051 2206 1219 2241 εὑρεθέντων
1241 2205 1365 2237 ἐξέτασις
1378 2213 1384 2220 ·
1402 2204 1505 2240 ἀληθὴς
1524 2204 1583 2239 δέἡ
1602 2204 1659 2230 τῶν
1682 2203 1840 2237 λεγομένων

1051 2252 1190 2288 ἐπίκρισις
1208 2252 1330 2285 γίνεται·
1345 2247 1367 2284 ᾧ
1381 2250 1409 2276 δέ
1423 2251 1446 2276 οί
1461 2251 1508 2285 τῆς
1521 2250 1630 2284 φύσεως
1644 2250 1702 2285 ὅροι
1717 2248 1840 2284 ἡττήθη-

1051 2307 1110 2331 σαν,
1140 2297 1229 2332 τούτῳ
1255 2296 1310 2323 τῶν
1325 2296 1472 2330 ἐγκωμίων
1502 2297 1526 2322 οἱ
1551 2296 1639 2330 νόμοι,
1666 2295 1839 2330 λειτουργεῖν

1049 2342 1244 2378 ἐξησθένησαν,
1261 2341 1307 2369 Διὸ
1321 2342 1358 2378 μὴ
1368 2344 1424 2373 τοῖς
1445 2343 1537 2373 αὐτοῖς
1549 2342 1584 2368 τὰ
1598 2343 1647 2376 τῆς
1665 2341 1772 2375 φύσεως
1793 2339 1838 2372 ἐξ-

1049 2389 1185 2426 ῃρημένα,
1204 2389 1250 2415 καὶ
1276 2388 1312 2415 τὰ
1327 2388 1414 2424 ταύτῃ
1438 2388 1560 2422 ἑπόμενα
1577 2386 1796 2414 καθυποσάλλειν
1826 2386 1841 2411 ό

1051 2429 1213 2471 βουλόμενος
1243 2435 1393 2470 πειράσθω.
1421 2434 1557 2469 Οὺδεμίαν
1584 2434 1637 2469 γὰρ
1665 2432 1838 2467 κατάλληλον

1049 2483 1193 2509 κοινωνίαν
1212 2483 1280 2517 πρὸς
1299 2481 1386 2508 ταῦτα
1409 2481 1504 2507 ἐκεῖνα
1526 2480 1695 2515 εἰσφέρουσι,
1720 2479 1788 2506 πολὺ
1809 2479 1840 2505 τὸ

1049 2529 1189 2563 διεστηκὸς
1201 2527 1340 2561 ἑκατέρων
1350 2527 1521 2553 δεικνύντων.
1535 2526 1632 2552 Ἔνθεν
1647 2524 1694 2552 οὖν
1705 2526 1768 2560 ἐμοὶ
1776 2525 1839 2551 δύσ-

1049 2572 1150 2609 ληπτον
1167 2573 1216 2608 μὲν
1230 2573 1261 2599 τὸ
1271 2574 1318 2607 τῆς
1334 2571 1490 2603 ὑποθέσεως
1506 2570 1728 2606 ὑπερανεστηκδς
1745 2571 1841 2604 φαίνε-

1048 2627 1110 2645 ται·
1124 2619 1174 2645 οὐκ
1191 2618 1302 2653 ἐφικτὸν
1318 2618 1347 2644 δὲ
1363 2617 1474 2644 κανόσιν
1488 2616 1652 2643 ἀπευθύνειν
1666 2616 1735 2651 πρὸς
1759 2616 1842 2650 ὅμοια

1048 2665 1097 2699 τὴν
1113 2665 1168 2692 τῶν
1183 2665 1326 2700 φυομένων
1340 2664 1497 2698 κεφαλαίων
1518 2663 1683 2696 ἐξάπλωσιν.
1717 2661 1791 2697 Πλὴν
1816 2662 1841 2688 εξ

1049 2712 1096 2738 καὶ
1108 2711 1196 2746 πάντη
1208 2711 1262 2737 τῶν
1273 2711 1322 2746 τῆς
1333 2709 1495 2740 ἀκολουθίας
1512 2709 1683 2744 πραγμάτων
1697 2708 1728 2734 τὸ
1754 2707 1842 2743 παρὸν

1048 2757 1190 2792 ἐξῄρηται,
1207 2756 1266 2782 ἐνὸν
1288 2756 1324 2790 μὴ
1342 2755 1489 2790 ἐκφεύγειν
1504 2755 1549 2781 τὸν
1570 2755 1704 2790 ἡμέτερον
1719 2753 1838 2789 Ιπόθονξ,

1051 2802 1156 2836 μήποτε
1171 2801 1221 2835 τῆς
1235 2800 1354 2834 ἐφέσεως
1371 2799 1578 2836 διαμαρτόντες,
1601 2799 1648 2825 καὶ
1668 2799 1697 2825 τὸ
1717 2798 1840 2825 εὑεεεεῖν

1050 2846 1098 2872 σὺν
1113 2845 1199 2881 ταύτῃ
1215 2845 1418 2880 ἁφαιρεθῶμεν.
