1951 3076
153 133 221 165 1405

626 140 667 169 ΙΝ
687 140 739 170 SS.
759 141 890 171 MARLE
912 141 1275 174 PIL‘ESENTATIONEH.

1704 140 1772 172 1406

191 191 270 217 Ἐπεὶ
284 191 338 227 γὰρ
353 191 455 219 ἄνωθεν
473 193 550 234 ,ἡμῖν
574 194 724 231 εἰσῳρήσας
742 198 756 223 ὁ
780 197 826 223 τοῦ
851 197 929 232 ὄφεως

1025 199 1091 232 Quia
1101 201 1170 226 enim
1188 209 1200 226 u
1213 199 1344 234 principio
1360 199 1512 234 irrumpens
1537 199 1670 233 serpentis
1685 201 1769 231 virus.

151 238 200 269 ἰὸς,
217 239 382 274 ὑποσμύχων
392 248 422 266 τε
436 241 509 267 ἔνδον
525 243 700 269 κατεδαπάνα
714 243 743 269 τὸ
754 244 841 277 γένος·
854 244 936 279 νεμο-

151 292 231 318 μενος
245 284 274 310 δὲ
289 285 333 310 ἀεὶ
345 285 407 316 τοὺς
425 286 486 312 καθ’
510 287 623 318 ἕκαστα,
648 289 697 315 οὐκ
721 289 760 316 ἔτι
782 290 831 324 τῆς
851 291 938 324 νομῆς

150 329 326 360 ὰνεκόπτετο,
352 330 406 356 οὐδ’
425 330 594 367 ἀλεξιτήριον
611 334 757 368 φάρμακον
777 335 937 370 ἀποσμῆχον

149 373 243 400 τοῦτον
257 374 410 401 ἐδείκνυτο·
426 376 482 402 ἀλλ’
497 377 599 412 ὁμοίως
619 379 741 410 ἅπαντας
757 380 794 412 ὡς
820 379 937 406 ὕπουλον

147 428 174 445 τι
185 420 296 454 τραῦμα
322 421 536 456 ὲνδιαδυόμενος,
562 424 626 455 τοὺς
646 424 936 460 ύπογιγνωσκομένους

150 465 236 500 [Μαι.
258 466 504 504 ὑπογιγνομένους]
524 470 746 503 κατελυμαίνετο.
764 471 865 497 Τοῦτον
884 471 936 498 τοί-

147 520 195 538 νυν
221 513 236 538 ὁ
262 513 433 547 Δημιουργὺς
459 514 553 549 ἐξᾶραι
577 515 727 551 βουληθεὶς,
758 517 805 543 καὶ
839 517 935 543 ἑαυτοῦ

149 556 200 591 μὲν
225 556 274 592 τὴν
292 558 468 591 δυναστείαν,
497 559 543 585 τοῦ
572 561 741 596 τετρωμένου
765 562 792 588 δὲ
824 562 872 597 τὴν
897 563 936 588 ία-

146 603 240 638 τρείαν
257 603 439 636 ἐνδείξασθαι,
459 606 612 640 μηχανᾶται
640 606 711 633 κατὰ
729 607 775 633 τού
804 607 930 643 τρώσαν-

148 657 192 680 τος
206 649 252 676 τὸν
265 650 391 684 κείμενον
406 651 568 686 ἀναστῆσαι,
584 652 631 678 καὶ
648 652 722 687 αὐτῷ
734 653 769 679 τὰ
788 653 836 687 τῆς
855 653 935 688 νίκης

147 696 371 730 κατιγχειρίσαιν
395 696 522 730 λαμπρὸν
537 697 660 723 ἐντεῦθεν
679 697 709 723 τὸ
730 697 872 732 τρόπαιον,
887 699 934 723 καὶ

145 738 196 774 τὴν
207 740 255 765 τοῦ
281 739 442 775 φθείραντος
457 739 543 777 ἧτταν
566 742 758 777 δημοσιεύεται
775 741 859 777 [Μαι.
885 742 933 777 δη-

146 784 309 821 μοσιεύων].
326 786 412 813 Τοῦτο
438 787 466 813 δὲ
482 788 532 823 οὐχ
551 788 653 824 ἑτέρως
669 788 809 815 ὲκῦαίνειν
834 786 889 814 οἶόν
903 797 932 814 τε

143 829 188 866 ἦν,
204 833 228 858 sl
245 832 282 868 μὴ
297 832 346 867 τὴν
368 833 414 859 τοῦ
431 834 607 869 νενοσηκότος
620 835 667 860 τὸν
682 835 775 870 ἰατρὸν
797 835 933 861 ὑποδύντα

990 252 1021 271 ac
1033 245 1104 272 intus
1118 245 1235 278 latitans,
1249 247 1393 272 humanum
1405 245 1580 272 consumebat
1598 252 1682 280 genus
1695 254 1702 278 ;
1713 246 1772 273 sin-

989 290 1118 325 gulosque
1141 299 1247 325 semper
1274 293 1431 326 depascens,
1461 291 1574 318 necdum
1601 299 1616 318 a
1645 292 1769 325 pastione

989 337 1191 369 prohibebatur,
1204 345 1252 364 nec
1267 342 1482 369 pratsentaneum
1495 336 1577 363 ullttm
1606 336 1768 368 remedium.

989 382 1024 408 illi
1041 383 1197 413 exterendo,
1224 383 1433 415 ostendebatur;
1464 382 1510 409 sed
1534 381 1614 408 simili
1636 382 1771 415 subjectos

988 435 1081 455 Omnes
1095 428 1210 459 ratione,
1224 429 1320 455 occulti
1343 428 1464 455 vulneris
1487 428 1583 459 instar,
1606 428 1657 454 itna
1675 435 1770 462 perva-

988 474 1064 505 dens,
1077 474 1205 501 vitiabat:
1223 474 1316 500 volt-ns
1340 475 1430 507 itaque
1447 481 1536 501 rerum
1552 474 1684 501 Conditor
1704 473 1769 500 illud

988 519 1080 546 tollere
1097 524 1177 553 atque
1193 525 1248 546 tum
1266 520 1412 554 potentiam
1434 528 1521 552 suam,
1543 524 1598 546 lum
1623 520 1706 547 saucii
1725 527 1769 546 sa-

986 563 1122 590 nationem
1137 564 1276 595 exhibere,
1294 563 1319 590 id
1334 563 1442 590 molitur
1468 568 1497 589 ut
1521 563 1653 598 iacentem
1672 562 1769 589 adver-

986 616 1033 636 sus
1049 609 1226 636 sauciatorem
1241 610 1357 643 erigens,
1374 609 1398 636 ei
1413 609 1550 636 victoriam
1572 609 1682 635 tribuat.
1700 607 1768 634 Hinc

986 662 1050 689 ergo
1073 655 1168 682 illustri
1195 655 1331 689 trophaeo,
1359 654 1477 681 auctoris
1501 653 1623 680 interitus
1652 652 1768 679 traducit

986 701 1138 727 victoriam.
1154 701 1181 727 Id
1202 708 1282 734 porro
1299 700 1369 727 haud
1386 700 1436 726 alia
1455 700 1559 726 ratione
1579 698 1635 725 fieri
1652 702 1766 732 poterat,

985 752 1064 780 quam
1095 750 1125 772 ut
1154 746 1272 772 medicus
1299 745 1454 779 aegrotantis
1481 744 1595 771 induens
1631 749 1766 775 naturam,

984 790 1082 818 blando
1097 789 1226 824 ejusmodi
1248 790 1339 817 habitu
1353 810 1360 823 ,
1386 789 1456 823 quod
1477 794 1534 816 erat
1549 789 1672 815 vitiatum
1690 788 1722 814 ad
1737 795 1767 815 se

985 836 1121 869 traheret;
1138 840 1166 862 ut
1181 841 1337 870 comparato
1355 843 1405 862 usu
1422 842 1593 870 congressus,
1613 835 1767 868 inopinatus

144 875 242 910 φύσιν,
267 876 342 911 ἠπίῳ
354 877 393 912 τῷ
417 878 537 912 σχήματι
560 879 629 914 πρὸς
645 879 740 906 ἑαυτὸν
755 879 827 912 ἕλξοι
842 879 871 906 τὺ
884 879 929 906 λυ-

985 881 1115 913 lrrueret;
1151 885 1232 915 atque
1267 881 1317 908 hoc
1348 881 1443 914 modo,
1474 881 1559 907 morbi
1597 887 1678 907 causa
1711 880 1766 906 vim

145 922 319 956 μαινόμενον,
340 922 372 948 ἵν’
388 924 417 949 ὲν
431 923 469 958 τῷ
483 924 593 959 συνήθει
610 925 794 960 προσδραμὺν,
815 924 853 959 τῷ
868 925 930 952 ἁδο-

143 968 218 1001 κήτῳ
236 968 388 1004 προσπέσῃ,
406 969 454 994 καὶ
477 968 547 995 οὓτω
568 970 603 995 τὰ
617 970 667 1004 τῆς
687 971 766 996 νόσου
783 971 848 1005 ῥᾷον
862 971 930 997 ἀπο-

143 1012 247 1047 παυθῇ,
271 1013 319 1039 τοῦ
343 1013 429 1040 αἰτίου
447 1014 549 1050 ταύτης
571 1016 611 1046 είς
636 1015 751 1042 καθόλου
777 1016 930 1051 ἀδυναμίαν

141 1059 329 1094 χωρήσαντος.
351 1060 428 1087 Ἐπεὶ
441 1061 470 1086 δὲ
485 1061 571 1088 ταῦτα
585 1061 673 1093 οὕτως
689 1062 862 1097 ᾠκονομήθη,
877 1062 929 1089 ἔδει

140 1105 170 1131 δὲ
183 1105 212 1137 ἐξ
225 1103 258 1141 ἧς
273 1106 392 1141 ἀρχῆθεν
404 1107 434 1132 τὸ
445 1107 532 1133 δεινὸν
545 1107 662 1143 ὡρμήθη
677 1108 766 1142 ῥίζης,
783 1109 815 1134 ὲκ
828 1108 929 1143 ταύτης

140 1150 190 1185 τὴν
207 1151 328 1186 ἰατρείαν
343 1152 564 1188 ἀναϐλαστῆσαι·
586 1153 634 1180 καὶ
646 1153 679 1179 δι’
696 1151 728 1189 ἧς
748 1153 807 1180 ὁδοῦ
823 1154 891 1188 πρὸς
900 1154 929 1180 τὸ

141 1197 222 1230 γένος
241 1198 368 1232 εἰσήχθη,
395 1198 440 1224 διὰ
461 1199 564 1234 ταύτης
580 1199 756 1235 ὲξελαθῆναι²
776 1201 792 1235 ἢ
813 1200 841 1227 δὲ
863 1199 897 1236 ἦν
912 1201 929 1236 ὴ

141 1242 281 1275 γυναικῶν
303 1243 432 1275 εὐκολία,
454 1244 505 1270 οὐκ
534 1244 663 1278 ἀσφαλῶς
687 1245 737 1279 τὴν
759 1245 860 1272 εἴσοδον
885 1245 930 1278 ἐξ·

141 1289 283 1321 ανοίξασα,
301 1289 384 1324 ἑαυτῇ
402 1298 430 1315 τε
451 1290 550 1324 καὶτῷ
576 1290 687 1325 οἰκείῳ,
701 1290 748 1317 καὶ
766 1292 822 1323 τοῖς
836 1291 930 1318 ἔπειτα

141 1332 191 1368 τὴν
202 1333 292 1367 λύμην
315 1333 531 1360 διασκεδάσασαο
557 1335 605 1361 καὶ
629 1334 660 1367 δὴ
686 1335 766 1361 τοῦτο
796 1344 928 1371 πραγμα-

142 1379 260 1405 τεύεται.
282 1379 352 1405 Ἀλλ’
364 1379 456 1413 ἐπειδὴ
471 1379 553 1413 ἐγγὺς
568 1380 702 1414 ἐγενόμην
716 1380 766 1415 τῆς
777 1381 931 1413 ὑποθέσεως

143 1421 283 1458 ἀμηχανίᾳ
297 1423 343 1448 τοῦ
363 1422 527 1457 πράγματος
543 1424 589 1450 τὸν
607 1424 685 1458 λόγον
700 1425 866 1460 κατε-ἔχομαι,
884 1427 930 1453 καὶ

142 1467 181 1502 τῷ
196 1467 307 1502 μεγέθει
329 1468 376 1494 τοῦ
404 1468 544 1503 θαύματος
569 1470 618 1504 τὴν
634 1470 754 1497 διάνοιαν
774 1472 931 1507 καταπλήτ-

143 1522 225 1548 τομαι
240 1513 331 1549 [Μαι.
353 1514 503 1550 ἐκπλήττ.]
513 1535 519 1545 ,
539 1514 613 1546 ξένον
624 1515 696 1550 ὀρῶν
709 1516 755 1542 καὶ
778 1516 930 1551 παράδοξον

143 1559 190 1585 ἐπὶ
208 1559 260 1594 γῆς
285 1559 448 1594 τελούμενον
470 1561 629 1595 μυστήριον,
647 1561 693 1587 καὶ
712 1561 725 1587 ὃ
745 1561 798 1596 πρὸ
819 1562 930 1589 πάντων

143 1604 249 1630 αἰώνων
272 1605 400 1640 ἀρρήτως
418 1605 574 1640 ἑπηγγέλθη
598 1606 742 1641 σωτήριον,
766 1607 826 1633 νυνὶ
846 1607 931 1642 πέρας

143 1649 343 1684 είσδεχόμενον.
363 1649 449 1676 Τοῦτο
466 1650 566 1685 δηλαδὴ
582 1650 634 1677 τῶν
651 1650 700 1685 τὴν
726 1651 865 1686 Παρθένον
884 1660 930 1678 τε-

143 1694 247 1721 κόντων
268 1695 454 1729 ἀνῳκίσμενον
470 1694 640 1731 [ἐγκώμιον]
654 1702 662 1710 ⁶
675 1695 754 1722 τοῦτο
777 1696 929 1731 προοίμιον,

143 1740 234 1766 πᾶσαν
247 1740 381 1774 ὲκφεῦγον
396 1740 484 1773 λόγων
502 1740 634 1767 ἐπίδοσιν.
652 1740 746 1776 Τούτῳ
765 1741 928 1776 προσϐαλὼν

144 1782 194 1817 μὲν
213 1783 227 1808 ὁ
250 1783 329 1814 νοῦς,
348 1783 399 1810 οὐκ
425 1783 607 1819 ὲξασθενήσας
630 1784 658 1810 δὲ
679 1785 733 1811 τῶν
755 1785 863 1812 οἰκείων
887 1786 930 1818 ἐξ-

142 1831 250 1866 έστηκε.
272 1831 379 1858 Σκοποῦ
399 1831 454 1866 γὰρ
477 1832 552 1864 ὅστις
578 1831 611 1858 ἃν
630 1830 657 1858 εἴ
672 1832 687 1857 ὀ
716 1832 803 1860 ταῦτα
826 1833 931 1868 διερευ-

141 1876 272 1910 νώμενος,
290 1876 382 1911 ἡλίκον
395 1877 522 1904 ἐντεῦθεν
534 1878 655 1913 ἀνεφάνη
671 1878 702 1904 τὸ
717 1878 821 1914 θαῦμα.
835 1879 930 1906 Φιλαν-

141 1922 250 1957 θρωπίᾳ
273 1923 342 1958 μόνῃ
358 1923 391 1949 ὲκ
406 1923 443 1958 μὴ
458 1923 543 1950 ὄντων
561 1923 614 1950 ὑπὸ
631 1923 679 1950 τοῦ
704 1924 825 1952 πλάστου
854 1933 927 1961 παρ-

140 1968 274 2003 ήχθημεν·
283 1969 325 1995 ἐπ’
337 1969 429 2003 ἔργοις
440 1969 552 2002 ἀγαθοῖς
561 1969 606 1996 τὸν
612 1970 779 2005 παράδεισον
791 1973 930 1998 κατοικεῖν

141 2015 366 2049 προσετάγημεν·
384 2015 433 2050 τὴν
449 2015 558 2054 εντολὴν
579 2015 738 2051 ἀϐουλήτως
757 2017 930 2052 ἀπεκρουσά-

142 2059 211 2092 μεθα
221 2067 228 2074 ο
244 2058 359 2085 θάνατον
375 2061 408 2093 τῇ
425 2059 581 2094 προαιρέσει
595 2061 828 2096 ὲπεσπασάμεθα·
843 2062 929 2097 ἐπηγ-

139 2104 222 2139 γέλθη
238 2104 313 2139 παρὰ
326 2104 372 2130 τοῦ
387 2105 528 2136 κτίσαντος
542 2105 695 2141 ἐλευθερία,
708 2106 797 2133 καὶτὸ
811 2108 929 2141 πρᾶγμα

140 2151 250 2184 ἔμελλε,
273 2152 321 2177 καὶ
341 2152 355 2177 ὁ
378 2151 472 2186 χρόνος
498 2152 562 2182 τοὺς
581 2151 754 2187 ἐπιτηδείους
777 2152 926 2187 ἀνηρεύνα.

139 2196 312 2231 Παρὲτρεχον
340 2197 367 2223 αἱ
397 2196 506 2229 γενεαί·
540 2198 567 2224 αἱ
600 2198 767 2232 προφητεῖαι
805 2198 966 2238 συνεχεῖςο

140 2241 356 2268 κατεϐάλλοντο·
380 2242 409 2267 ὲν
432 2241 537 2267 ἐλπίσιν
565 2239 598 2276 ἦν
613 2242 645 2268 τὰ
661 2242 716 2268 τῶν
737 2242 925 2277 πατριαρχῶν,

139 2288 185 2315 καὶ
200 2288 311 2314 πάντων
325 2287 448 2315 δικαίων.
483 2288 609 2323 Ἀϐραὰμ
639 2288 812 2323 παρέδραμε,
838 2288 886 2314 καὶ
901 2288 927 2314 οἱ

140 2334 199 2368 μετ’
216 2334 318 2360 ἐκεῖνον
331 2335 360 2360 ἐν
373 2333 518 2368 συμϐόλοις
533 2333 566 2359 τὰ
577 2334 626 2368 τῆς
637 2334 745 2369 ἡμέρας
763 2333 924 2368 μυηθέντες,

139 2379 187 2405 καὶ⁵
213 2379 281 2413 πρὸς
305 2379 355 2413 τὴν
383 2379 495 2405 ἔκϐασιν
520 2378 566 2404 τοῦ
596 2378 740 2413 μέλλοντος
767 2379 924 2413 κεχηνότες.

138 2423 259 2457 Μωῦσῆς
277 2424 291 2449 ὁ
312 2423 457 2454 θεσπέσιος
475 2423 605 2457 ἐμφανῶς
620 2423 660 2454 εἰς
674 2424 737 2454 τοὺς
755 2423 858 2454 τύπους
878 2423 924 2449 τοῦ

140 2468 290 2503 μυστηρίου
307 2468 428 2504 θεωρῶν,
445 2469 493 2495 καὶ
510 2468 544 2494 τὰ
558 2470 608 2503 τῆς
620 2468 755 2503 ἀληθείας
771 2469 925 2500 κατανοῶν,

138 2513 224 2540 ἐδόκει
238 2514 305 2549 πρὸς
317 2514 405 2549 ἐαυτῷ
416 2516 469 2549 πλη
476 2514 586 2549 ροῦσθαι
599 2515 632 2542 τὰ
644 2514 860 2550 προδηλούμενα.
881 2515 925 2542 Ἐν

137 2561 171 2595 τῇ
186 2560 283 2595 ἐρήμῳ
296 2561 311 2594 ἡ
324 2560 411 2592 ἐλπίς.
432 2562 477 2588 Ἐν
491 2562 545 2592 τοῖς
559 2561 614 2587 τῶν
630 2562 732 2595 κριτῶν
747 2561 925 2595 δημαγωγοῖς

137 2605 329 2640 ήπροσδοκία.
355 2606 482 2641 Σαμουὴλ
499 2607 710 2642 ἐχρηματίζετο.
734 2606 816 2632 Δα6“ιδ
841 2607 924 2640 ὲγγὺς

136 2649 185 2685 τὴν
202 2651 307 2687 ἡμέραν
318 2652 478 2686 ἁναφωνῶν,
494 2653 685 2687 ἀπεμάκρυνε.
698 2652 758 2679 Τῶν
774 2653 924 2687 προφητῶν

136 2696 151 2721 ὸ
166 2696 245 2731 χορὸς
267 2696 435 2733 διαπρησίως
455 2699 600 2733 ἐκήρυττε,
619 2697 665 2724 καὶ
679 2698 726 2724 ἐπὶ
741 2697 837 2732 θύραις
853 2696 923 2724 εἶναι

173 2762 230 2801 (20)
320 2765 414 2791 iisdem
443 2767 495 2792 orti
517 2767 672 2801 majoribus.
694 2768 773 2801 Atqui
794 2768 862 2794 alter
890 2775 922 2796 ex

138 2798 211 2832 regia
233 2799 304 2826 tribu
335 2805 410 2832 erat,
435 2801 504 2828 alter
528 2798 567 2828 ex’
586 2798 766 2834 sacerdotali,
787 2809 816 2829 nt
844 2803 924 2830 habet

138 2833 272 2868 receptior
297 2835 420 2864 historia.
443 2836 527 2864 Erant
544 2837 624 2865 iidem
644 2833 820 2867 nihilominus
840 2838 925 2873 majo—

983 933 1088 953 ontnem
1100 926 1248 959 amittente,
1261 925 1318 960 ejus
1328 926 1432 954 curatio
1444 926 1548 953 facilior
1558 929 1641 952 esset.
1653 924 1767 957 Quando

983 977 1072 998 autem
1092 972 1150 999 haec
1169 973 1205 999 ita
1228 972 1333 998 fuerant
1353 972 1470 1006 provisa,
1487 978 1588 1006 parque
1601 975 1672 1002 erat,
1687 973 1716 996 ut
1732 969 1765 996 ab

982 1016 1074 1043 eadem
1088 1017 1144 1051 ipsa
1158 1017 1250 1044 radice
1263 1024 1295 1044 ex
1314 1024 1366 1051 qua
1381 1017 1479 1043 malum
1496 1024 1510 1042 a
1527 1015 1657 1050 principio
1673 1019 1763 1041 ortum

982 1065 1050 1092 erat,
1067 1061 1209 1088 medicatio
1234 1068 1341 1096 quoque
1363 1061 1542 1096 germinaret;
1561 1064 1643 1094 utque
1669 1058 1763 1086 eadem

982 1104 1126 1138 pelleretur
1142 1105 1202 1137 via,
1219 1113 1272 1140 qua
1299 1105 1324 1131 in
1345 1105 1482 1132 hominum
1503 1113 1585 1138 genus
1612 1104 1764 1137 invaserat;

982 1156 996 1176 a
1013 1149 1134 1177 muliebri
1147 1150 1272 1177 nimirum
1288 1150 1434 1182 facilitate,
1450 1158 1508 1185 qua;
1521 1151 1627 1177 incaute
1640 1150 1765 1184 aperiens

981 1194 1082 1221 aditum
1093 1215 1101 1227 ,
1114 1195 1165 1222 sibi
1182 1196 1295 1230 pariter,
1313 1197 1433 1230 viroque,
1450 1202 1528 1230 atque
1544 1196 1659 1230 posteris
1674 1195 1765 1229 perni-

981 1241 1049 1267 ciem
1069 1240 1212 1268 ascivisset
1229 1250 1236 1268 :
1255 1241 1295 1268 sic
1319 1242 1428 1268 omnino
1450 1249 1494 1268 res
1518 1241 1620 1268 habttit.
1647 1240 1765 1274 Atenim,

982 1284 1154 1320 propioriam
1171 1290 1328 1320 argumento
1341 1287 1438 1320 factus,
1451 1291 1544 1313 teneor
1557 1286 1595 1313 rei
1612 1284 1767 1312 difﬁcultate

982 1335 1011 1356 ut
1028 1338 1061 1357 ue
1077 1330 1180 1357 valeam
1206 1331 1297 1365 loqui;
1319 1339 1420 1366 proque
1439 1331 1559 1358 miraculi
1582 1331 1767 1364 magnitudine

981 1376 1072 1403 animo
1086 1376 1225 1410 percellor,
1241 1377 1286 1411 qui
1301 1385 1398 1404 novum
1413 1385 1445 1404 ac
1469 1377 1593 1404 mirabile
1608 1376 1764 1411 mysterium

982 1420 1007 1447 in
1026 1420 1106 1448 terris
1118 1420 1221 1448 videam
1238 1423 1432 1454 consummari,
1450 1430 1482 1449 ac
1503 1422 1574 1457 qttod
1591 1427 1654 1449 ante
1669 1421 1767 1449 saacula

981 1466 1070 1493 omnia
1084 1475 1182 1494 arcane
1195 1468 1354 1501 promissum
1367 1473 1435 1501 erat,
1448 1468 1592 1495 salutarem
1604 1475 1675 1494 nunc
1687 1467 1766 1494 linem

982 1511 1104 1546 adipisci.
1122 1511 1178 1539 Hoc
1198 1511 1262 1539 illud
1279 1518 1420 1547 parentum
1434 1513 1552 1548 Virginis
1571 1513 1738 1547 privilegium
1756 1520 1765 1539 :

982 1557 1040 1584 haec
1063 1557 1155 1589 initia.
1178 1566 1285 1586 omnem
1303 1566 1458 1586 sermonum
1484 1559 1620 1585 vincentia
1640 1558 1768 1591 amplitu-

981 1601 1080 1629 dinem.
1107 1603 1174 1631 lluic
1197 1604 1302 1631 animus
1329 1605 1483 1636 intendens,
1509 1604 1559 1632 nisi
1587 1609 1628 1631 est
1654 1603 1767 1631 debilior

982 1646 1104 1681 elTectus,
1122 1655 1137 1674 a
1152 1650 1268 1682 propriis
1286 1650 1414 1677 excessit.
1427 1650 1576 1678 Considera
1589 1650 1672 1680 enim.
1690 1648 1766 1683 quis-

981 1693 1042 1726 quis
1060 1700 1090 1721 es
1107 1694 1152 1729 qui
1171 1695 1220 1722 ista
1238 1696 1379 1728 scrutaris,
1395 1703 1475 1730 quam
1493 1696 1555 1723 inde
1573 1703 1698 1730 magnum
1715 1695 1766 1723 mi-

981 1738 1099 1765 raculum
1119 1739 1214 1766 eluxit.
1240 1739 1302 1768 Sola
1327 1740 1493 1775 benignitate
1516 1748 1531 1767 a
1552 1740 1606 1767 Deo
1623 1741 1711 1775 plaste
1731 1748 1764 1767 ex

982 1783 1066 1810 nihilo
1080 1785 1205 1818 producti
1228 1784 1366 1812 fueramus
1380 1794 1388 1813 ι
1402 1785 1508 1819 jussum
1524 1789 1583 1812 erat
1600 1785 1625 1812 in
1639 1786 1766 1820 operibus

981 1829 1059 1856 bonis
1076 1830 1229 1863 paradisum
1245 1830 1334 1857 colere
1348 1839 1355 1857 :
1368 1835 1531 1865 praeceptum
1548 1830 1708 1865 insipienter
1723 1838 1766 1858 re-

980 1873 1118 1909 pellentes,
1135 1879 1250 1901 mortem
1270 1880 1363 1902 nostra
1385 1875 1435 1909 ipsi
1459 1874 1597 1902 volttntate
1612 1879 1763 1902 attraxera-

981 1926 1041 1946 mus
1059 1930 1065 1947 ε
1079 1919 1191 1946 Creator
1204 1920 1355 1947 libertatem
1372 1920 1507 1954 pollicitus
1521 1925 1578 1953 est;
1595 1924 1706 1954 eratque
1722 1927 1765 1947 res

982 1963 1082 1996 l'utura,
1099 1971 1130 1991 ac
1143 1969 1248 1998 tempus
1264 1972 1310 1991 eos
1333 1965 1482 1999 quarebat,
1500 1965 1544 2000 qui
1561 1965 1648 1991 idonei
1661 1969 1761 1992 essent.

980 2010 1155 2038 Prateribant
1165 2014 1259 2037 anates
1269 2019 1275 2043 ;
1286 2010 1364 2045 juges
1376 2011 1523 2045 prophetiae
1533 2010 1761 2044 subjiciebantur;

981 2059 1007 2084 in
1030 2065 1078 2092 spe
1102 2061 1180 2084 erant
1203 2058 1419 2092 patriarcharum
1444 2056 1564 2084 omnium
1583 2064 1615 2083 ac
1628 2056 1763 2091 justorum

979 2111 1023 2130 res
1039 2103 1142 2137 positae.
1165 2103 1302 2130 Abraham
1321 2102 1495 2136 praeterierat,
1517 2101 1629 2136 ejusque
1646 2101 1763 2135 posteri,

979 2156 1038 2176 cum
1047 2149 1100 2176 diei
1111 2148 1180 2175 illius
1194 2152 1392 2175 sacratneutum
1407 2147 1432 2174 in
1445 2146 1568 2182 symbolis
1581 2145 1763 2177 didiscissent,

980 2199 1059 2228 atque
1084 2194 1183 2221 animis
1209 2194 1242 2220 ad
1260 2193 1357 2220 futura:
1387 2192 1427 2219 rei
1458 2199 1581 2219 eventum
1616 2191 1762 2218 inhiarent.

982 2241 1084 2276 Moyses
1100 2241 1145 2268 ille
1161 2240 1325 2268 admirabilis
1338 2239 1365 2266 in
1383 2239 1502 2274 mysterii
1523 2239 1623 2273 ﬁguras
1638 2238 1761 2271 intuens,

980 2295 1012 2314 ac
1036 2286 1176 2313 veritatem
1204 2285 1386 2319 perspiciens,
1414 2285 1483 2318 apud
1501 2291 1547 2315 se,
1568 2291 1600 2310 ac
1615 2287 1694 2309 aetate
1713 2290 1762 2310 sua

980 2332 1116 2366 impletum
1134 2331 1166 2358 iri
1181 2331 1371 2358 existimabat:
1393 2334 1451 2357 erat
1468 2337 1528 2364 spes
1544 2329 1569 2356 in
1591 2329 1698 2356 deserto
1712 2337 1720 2355 :
1734 2329 1760 2355 in

974 2379 1111 2414 judicibus
1136 2377 1225 2412 populi
1249 2378 1400 2405 rectoribus
1428 2376 1593 2410 exspectatio
1614 2384 1622 2402 :
1652 2374 1760 2401 Samuel

976 2431 1134 2458 responsum
1156 2423 1326 2457 accipiebat:
1346 2422 1426 2448 David
1444 2421 1617 2456 propinquam
1642 2420 1761 2447 clamans

976 2469 1063 2501 diem,
1089 2469 1196 2502 longius
1222 2468 1421 2495 submovebat:
1450 2467 1638 2501 prophetarum
1661 2466 1760 2492 chorus

977 2515 1048 2542 clara
1062 2514 1227 2549 praedicabat
1247 2503 1323 2545 vace,
1337 2521 1368 2540 ac
1380 2512 1517 2540 Christum
1534 2519 1615 2545 prope
1633 2511 1659 2538 in
1670 2511 1759 2544 januis

977 2561 1164 2587 annuntiabat.
1173 2559 1306 2586 Caeterum
1316 2567 1410 2586 omnes
1420 2567 1466 2593 spe
1479 2558 1608 2589 frustrati,
1618 2558 1757 2589 abierunt;

976 2608 1046 2640 quod
1068 2606 1193 2632 nimirutn
1215 2609 1320 2638 tempus
1336 2604 1462 2631 deﬁceret
1477 2611 1536 2630 cum
1560 2602 1602 2629 iis'
1620 2602 1664 2635 qui
1686 2602 1757 2636 digni

975 2657 1062 2678 erant.
1079 2651 1163 2679 Porro
1181 2651 1282 2678 invenit
1294 2650 1344 2678 sibi
1359 2658 1492 2685 congruos
1506 2649 1598 2676 iisdetn
1615 2652 1761 2682 prognatos

976 2698 1122 2732 majoribus
1137 2697 1204 2732 (‘20),
1230 2701 1310 2731 atque
1330 2697 1355 2723 in
1388 2703 1448 2724 eum
1472 2695 1549 2722 [luent
1574 2702 1588 2720 a
1607 2700 1695 2720 rerum
1712 2700 1759 2719 au-

978 2775 1032 2800 res,
1051 2775 1082 2795 ac
1095 2768 1247 2803 conjunctae
1268 2767 1393 2803 familiae,
1409 2774 1441 2803 eo
1455 2765 1524 2803 quod
1540 2765 1626 2791 tribus
1646 2763 1718 2799 regia
1732 2767 1761 2791 et

977 2801 1153 2832 sacerdotalis
1167 2803 1222 2836 jam
1235 2803 1298 2831 olim
1314 2802 1436 2837 conjugia
1456 2801 1610 2828 miscerent.
