1951 3076
182 151 193 182 Ι
201 150 248 181 1‘07

744 145 903 176 GEORGII
916 142 1223 174 'NlCOMEDlENSIS

1737 142 1809 174 14-78

180 212 256 233 ctore
271 208 395 238 paratos;
409 202 540 235 Joachim,
556 192 675 236 inquam,
692 209 722 229 ac
737 201 858 234 Annam;
874 207 969 234 paren-

1024 198 1069 224 τὸν
1092 197 1209 232 Χριστὸν
1236 196 1402 231 κατεμήνυε.
1429 195 1534 226 Πάντες
1557 195 1611 222 τῶν
1626 195 1808 224 ἐλπισθέντων

183 256 224 278 les
239 250 306 283 ejusI
321 256 380 283 qua:
393 248 600 283 promissionum
617 246 678 274 linis
695 246 863 274 conciliatrix
884 245 964 272 foret.

182 296 227 326 Hi.
255 295 342 330 prima
367 295 400 320 ad
425 301 492 327 opus
520 295 735 327 prmstruxerunt
761 290 965 326 praedictionum

182 342 257 369 initia
276 349 283 368 :
304 341 342 373 hi,
367 343 583 374 exspectatornm
610 337 727 364 radicem
758 336 963 370 germinaruut:

183 387 228 419 hi,
255 385 450 421 promissorum
478 383 682 410 fundamentum
709 382 853 415 jecerunt:
875 388 906 407 ex
926 380 968 406 his

183 431 260 458 nobis
288 429 399 457 emersit
428 428 553 456 sanitatis
585 427 759 462 myrctheca:
781 433 812 451 ex
835 425 893 457 his,
909 429 967 451 orla

182 475 282 511 prodiit
295 475 393 501 laetitiae
405 473 574 500 conciliatrix
589 481 595 498 :
609 479 641 498 ex
655 472 706 502 his,
722 470 867 504 prazierunt
878 468 965 504 gaudii

183 520 307 555 pignora.
331 518 363 545 lli
379 519 468 552 itaque
484 518 517 544 ob
539 516 714 543 excellentem
732 514 869 545 virtutem,
885 519 966 547 supra

183 573 277 594 onmes
296 565 352 592 noti
377 564 445 591 fiunt
465 563 519 590 Deo
536 561 674 594 Creatori;
693 565 721 587 ut
739 560 782 594 qui
803 558 919 594 prmsciti
937 565 968 585 ac

184 611 307 639 destinati
334 610 360 637 in
388 608 579 645 mysteriorum
606 607 757 634 divinorum
788 603 968 631 ministerium

183 661 270 685 erant.
287 655 466 689 Quamobrem
484 654 553 680 viam
571 659 678 680 onmem
691 651 879 678 mandatorum
897 649 971 676 ince-

183 704 287 734 dentes,
305 701 337 728 ad
353 707 486 728 summum
503 701 646 726 evaserunt
664 695 838 731 perfectionis
855 695 969 728 apicem,

183 748 288 782 solique
304 755 335 773 ea
359 750 423 773 sunt
444 743 602 775 consecuti,
618 750 677 777 quae
700 750 713 768 a
734 741 833 769 siccqu
862 739 970 775 plurimi

183 794 334 828 cupierunt.
367 791 523 825 Quanquam
553 789 624 816 enim
653 795 796 816 commune
833 787 970 814 hominum

184 846 269 873 genus
285 836 409 864 etfectum
431 841 471 863 est
489 834 623 869 particeps
637 854 645 867 ,
664 833 692 860 hi
718 838 807 860 tamen
822 831 919 858 eximia
940 837 972 858 ac

1018 242 1202 277 ἀποτυχόντες
1225 242 1394 276 ἀπέδραμον,
1419 241 1568 276 ἐπειδήπερ
1596 241 1610 267 ό
1637 241 1732 276 χρόνος
1759 242 1808 269 σὺν

1017 289 1073 319 τοῖς
1089 288 1175 320 ἀξίοις
1197 287 1396 322 ἀπελίμπανεν.
1422 283 1493 322 Εὗρε
1507 286 1540 322 δὴ
1555 287 1617 319 τοὺς
1640 287 1757 319 οίκείους
1776 288 1810 314 ἐκ

1017 333 1071 359 τῶν
1085 333 1175 359 αὐτῶν
1190 332 1371 369 ὡρμημένους
1381 352 1388 364 ,
1402 331 1449 358 καὶ
1469 331 1536 367 πρὸς
1551 330 1630 358 τοῦτο
1643 331 1682 366 τῷ
1698 331 1804 368 Κτίστῃ

1018 378 1270 413 εὑτρεπισμένους”
1303 378 1430 412 Ίωακείμ
1453 379 1524 412 φημι
1542 378 1591 405 καὶ
1616 371 1717 406 Ἀνναν
1744 380 1809 412 τοὺς

1019 424 1068 458 τὴν
1079 424 1168 450 αἰτίαν
1182 423 1229 450 τοῦ
1244 423 1337 455 τέλους
1352 423 1406 450 τῶν
1423 423 1598 458 μηνυθέντων
1611 424 1809 457 ἀποτεκόντας.

1019 466 1100 496 Οὗτοι
1123 468 1157 495 τὰ
1179 469 1235 495 τῶν
1260 469 1440 504 προρρήσεων
1459 469 1500 500 εις
1513 469 1593 504 ἔργον
1627 470 1810 498 κατεόἀλοντο

1020 515 1167 550 προοίμια·
1200 511 1273 541 οὗτοι
1303 515 1358 541 τῶν
1386 515 1628 550 προσδοκηθέντων
1654 515 1703 550 τὴν
1729 516 1810 552 ῥίζαν

1021 560 1190 595 ἐϐλάστησαν
1201 568 1207 575 ·
1222 557 1295 587 οὗτοι
1310 560 1365 587 τῶν
1379 561 1604 595 ὲπηγγελθέντων
1619 562 1664 588 τὸν
1683 562 1810 597 θεμέλιον

1021 604 1194 639 κατέπηξαν·
1219 605 1251 632 ἐκ
1275 604 1377 632 τούτων
1393 605 1458 640 ἡμῖν
1483 607 1500 641 ὴ
1517 605 1567 640 τῆς
1584 606 1705 641 ίατρείας
1723 616 1811 643 μυρο-

1021 651 1091 685 θήκη
1117 651 1324 687 κατεσκευάσθη
1335 659 1342 666 ·
1366 653 1398 678 ὲκ
1414 652 1519 678 τούτων
1540 653 1556 687 ὴ
1574 652 1626 687 τῆς
1639 652 1813 688 εὐφροσύνης

1021 696 1189 722 ἀνατέταλκε
1216 696 1367 733 πρόξενος⁵
1397 697 1430 723 ἐκ
1455 696 1558 724 τούτων
1587 697 1621 723 τὰ
1642 697 1692 732 τῆς
1721 699 1813 733 χαρᾶς

1022 741 1244 776 προωδοποίησεν
1264 742 1392 778 ἐνέχυρα.
1410 738 1490 768 Οὗτοι
1513 741 1603 769 τοίνυν
1620 742 1654 769 δι’
1672 743 1819 778 ὑπερϐάλι

1021 785 1120 812 λουσαν
1148 786 1260 821 ἀρετὴν,
1286 787 1362 821 παρὰ
1380 786 1486 818 πάντας
1500 787 1636 822 γνώριμοι
1648 787 1688 823 τῷ
1705 788 1812 824 Κτίστῃ

1023 831 1213 863 καθίστανται,
1233 831 1322 858 καίτοι
1348 832 1569 867 προγνωσθέντες
1591 833 1639 859 καὶ
1653 833 1815 869 όρισθέντες

184 869 312 916 peculiari
330 880 408 906 laude
426 879 590 906 claruerunt.
600 877 705 905 Etenim
723 877 768 911 qui
786 883 830 904 res
841 875 969 903 maximas

1025 876 1065 906 είς
1085 875 1165 902 θείων
1189 877 1346 911 μυστηρίων
1365 876 1547 912 λειτουργίαν.
1576 877 1623 904 Διὸ
1643 879 1734 905 πᾶσαν
1752 879 1814 906 ὁδὸν

184 933 297 962 gerunt,
315 926 442 961 majorem
461 925 495 952 ab
520 925 559 952 eis
585 924 719 958 recipiunt
736 923 860 958 gloriam,
889 929 968 956 quam

183 978 298 1006 quorum
317 970 367 997 illa:
382 977 465 997 causa
487 973 616 1004 geruntur
632 979 639 996 :
656 972 782 1002 tantoque
800 968 826 995 id
842 967 967 1002 amplius,

183 1021 285 1051 quanto
309 1015 437 1043 facinoris
465 1014 635 1042 necessitudo
656 1015 773 1041 maxima
790 1017 968 1041 monstratur.

183 1061 234 1089 Hic
249 1065 336 1088 autem
351 1061 417 1088 nihil
432 1061 547 1088 vicinius
563 1068 594 1087 ac
609 1065 751 1094 cognatum
772 1059 858 1094 magis
875 1058 970 1085 existi-

184 1107 250 1134 mari
263 1111 354 1142 queat,
368 1107 409 1136 iis.
423 1114 483 1141 quae
496 1105 635 1140 patrandis
652 1105 820 1132 mirabilibus
839 1105 865 1131 in
880 1103 968 1130 media

184 1156 319 1186 assumpta
345 1151 464 1179 fuerunt.
493 1151 548 1178 Sibi
568 1151 666 1185 quippe
691 1150 806 1177 Verbum
825 1156 859 1176 ex
873 1155 968 1176 eomm

184 1205 272 1224 massa
302 1196 502 1224 tabernaculum
524 1203 683 1228 exstruens,
709 1203 742 1222 ex
767 1194 860 1222 eodem
881 1194 968 1221 altiori

184 1249 265 1275 supra
281 1241 447 1268 intellectum
462 1241 578 1272 ratione,
593 1240 717 1267 humanm
736 1243 839 1266 naturae
853 1245 968 1265 massam

184 1287 341 1321 assumpsit,
368 1294 465 1314 novam
492 1294 618 1321 prorsus,
635 1293 695 1312 cum
710 1285 843 1312 actionem
862 1284 970 1318 dispen-

184 1341 258 1365 sans,
277 1339 332 1360 tum
345 1333 478 1368 cogitatus
492 1334 640 1360 inventum.

1022 920 1131 955 ἐντολῆς
1148 920 1318 955 βαδίσαντες,
1339 921 1406 957 πρὸς
1425 923 1565 958 ἀκρότητα
1580 923 1629 957 τῆς
1641 923 1815 959 τελειότητος

1020 966 1208 1002 κατήντησαν,
1235 966 1282 993 καὶ
1309 966 1384 1001 μόνοι
1408 967 1463 994 τῶν
1489 967 1625 999 πλείστοις
1652 968 1682 1002 ἐξ
1713 969 1814 1001 αἰῶνος

1020 1009 1249 1044 ἑπιθυμουμὲνων
1274 1009 1417 1044 ἐπέτυχον.
1449 1011 1481 1036 El
1512 1010 1567 1045 γὰρ
1594 1011 1641 1037 καὶ
1667 1011 1697 1037 τὸ
1722 1011 1814 1038 κοινὸν

1020 1056 1110 1083 αὐτῶν
1123 1056 1173 1090 τῆς
1194 1056 1301 1090 φύσεως
1321 1056 1494 1091 μετείληφεν,
1508 1057 1565 1083 ἀλλ’
1586 1057 1725 1092 ἐξαίρετον
1738 1055 1814 1084 οὗτοι

1019 1101 1050 1127 τὸ
1064 1101 1140 1132 κλέος
1151 1101 1311 1135 ἠνέγκαντο.
1327 1102 1382 1128 Καὶ
1395 1102 1449 1137 γὰρ
1464 1101 1488 1129 δι
1501 1099 1545 1129 ’ὧν
1556 1103 1589 1130 τὰ
1606 1103 1723 1138 μέγιστα
1739 1112 1812 1131 κατ-

1020 1145 1164 1182 ορθοῦνται
1187 1146 1240 1173 τῶν
1270 1147 1454 1182 πραγμάτων,
1479 1148 1556 1174 αὐτοὶ
1581 1148 1694 1183 μείζονα
1709 1149 1764 1176 τῶν
1779 1149 1815 1176 δι’

1022 1191 1069 1222 οὓς
1100 1190 1270 1222 τελειοῦται,
1296 1192 1345 1227 τὴν
1373 1192 1452 1225 δόξαν
1479 1193 1640 1228 εἰλήφασιν·
1666 1195 1714 1221 καὶ
1740 1196 1815 1230 τόσῳ

1024 1236 1136 1271 μᾶλλον,
1148 1236 1210 1262 ὅσον
1231 1236 1262 1263 τὸ
1285 1236 1504 1272 κατορθούμενον
1521 1238 1552 1265 τὺ
1577 1239 1745 1268 οἰκειότατον
1767 1240 1815 1266 ἐν-

1023 1281 1169 1310 δείκνυται.
1192 1282 1325 1308 Ἐνταῦθα
1339 1282 1366 1308 δέ
1385 1283 1436 1310 οὒκ
1454 1283 1487 1310 ἂν
1503 1283 1589 1319 [Μαι.
1607 1285 1662 1311 οἱδ*
1677 1285 1730 1321 ἂν]
1744 1286 1815 1312 ὑπο-

1024 1327 1154 1362 πτευθείη
1168 1327 1219 1362 ’τὴν
1243 1327 1382 1362 ἐγγύτητα
1406 1328 1487 1355 πλέον
1505 1329 1666 1364 φερόμενον,
1683 1330 1738 1356 τῶν
1762 1330 1815 1356 ὅσα.

183 1380 238 1410 τοῖς
256 1379 417 1415 παραδόξοις
434 1378 487 1405 τῶν
520 1378 666 1413 δρωμένων
701 1377 769 1413 προς
791 1376 931 1413 μεσιτείαν
960 1374 1155 1410 παρείληπται.
1185 1374 1238 1400 Τοῦ
1263 1374 1317 1410 γὰρ
1345 1374 1435 1401 αὐτῶν
1470 1375 1631 1410 φυράματος
1650 1376 1738 1411 ἐαυτῷ
1754 1376 1804 1412 τὴν

186 1424 288 1460 σκηνὴν
302 1425 315 1450 ὸ
330 1425 415 1458 Λόγος
432 1425 606 1459 δειμάμενος,
619 1426 651 1451 ἐκ
665 1424 766 1458 ταύτης
779 1423 849 1458 ὑπὲρ
881 1422 943 1450 νοῦν
957 1421 988 1448 τὸ
1007 1421 1178 1457 ἀνθρώπινον
1197 1418 1293 1455 et).an
1319 1420 1443 1456 φύραμα,
1460 1420 1539 1456 ξένην
1559 1421 1648 1458 πάντη
1680 1422 1814 1449 διοικονο-

185 1471 319 1508 μούμενος
332 1471 378 1497 καὶ
390 1472 489 1506 πρᾶξιν
502 1472 549 1498 καὶ
563 1472 665 1507 νόησιν.

221 1517 267 1544 Sic
279 1518 379 1551 itaque,
391 1518 514 1551 hunc-que
525 1518 550 1544 in
566 1518 684 1549 modum,
698 1525 758 1551 qua:
770 1517 898 1551 praeclara
912 1524 973 1552 ges-

186 1563 296 1594 sissent,
317 1563 469 1589 sterilitatis
487 1563 592 1589 ratione
605 1563 789 1595 declarantur,
804 1570 836 1590 ac
849 1563 971 1590 orbitatis
986 1553 1006 1582 (ἶ

186 1608 299 1641 morbo,
315 1608 418 1635 Occulta
432 1615 524 1635 eorum
541 1608 648 1635 virtutis
670 1613 813 1643 augmenta
829 1608 972 1643 publican-

186 1658 241 1680 tnr.
260 1653 326 1679 (lum
346 1654 416 1679 enim
440 1653 565 1688 legitima:
579 1653 798 1685 consuetudines,
820 1652 972 1680 numerosi-

187 1703 242 1725 tate
261 1699 343 1732 prolis
362 1699 486 1732 pietatem
505 1698 701 1731 decernerent,
717 1703 875 1733 certumque
890 1698 972 1725 bene-

187 1743 313 1770 dictionis
330 1748 530 1777 argnmentum,
550 1748 652 1770 natura:
668 1744 817 1770 ubertatem
832 1744 972 1776 haberent,

187 1797 220 1816 ex
236 1797 267 1816 ea
282 1789 387 1817 abunde
401 1790 548 1816 hostiarum
563 1790 807 1824 acceptabilitatem
828 1790 862 1816 ad
884 1789 973 1824 propi-

188 1835 325 1862 tiatiunem
348 1837 513 1862 censebant:
535 1835 616 1870 idque
638 1837 734 1870 opinor
762 1835 832 1862 haud
854 1835 941 1862 aliene
958 1842 972 1862 a

188 1881 291 1907 ratione
309 1880 375 1915 (21),
390 1886 469 1908 antve
481 1880 652 1907 offerentium
667 1888 766 1907 crassa:
781 1881 864 1907 menti
883 1881 972 1907 minus

187 1932 314 1959 congrue.
336 1925 403 1957 Quia
428 1926 499 1953 enim
516 1925 576 1960 ejus
596 1926 645 1952 aevi
670 1926 793 1953 homines
811 1925 972 1952 addictiores

186 1972 342 2005 corporeis,
361 1976 503 2005 augmento
523 1972 623 1998 carnali
651 1972 720 1999 bona
743 1971 825 1998 animi
843 1976 972 2006 contege-

188 2018 263 2049 bant,
278 2025 308 2044 ac
323 2017 478 2044 uberiormn
492 2017 686 2045 charismatum
714 2017 832 2052 Spiritus
850 2017 969 2052 hospites

187 2066 274 2094 erant,
287 2069 319 2089 ex
333 2062 366 2089 iis
380 2067 504 2096 acceptas
516 2063 637 2090 victimas
650 2070 682 2089 ac
696 2068 759 2089 vota
771 2062 970 2097 conjectabanl.

187 2107 254 2135 Cum
269 2115 333 2142 ergo
348 2108 394 2142 qui
409 2109 510 2135 umbrae
525 2108 711 2135 deserviebant
728 2108 764 2134 ita
781 2108 900 2135 moribus
914 2113 970 2135 sta-

188 2157 272 2179 tutum
290 2153 430 2185 haberent,
443 2153 532 2180 oblata
548 2160 562 2180 a
573 2153 654 2188 jnstis
669 2153 749 2186 dona,
765 2160 798 2181 eo
813 2155 882 2188 quod
897 2155 971 2188 prole

187 2203 322 2229 carerent,
345 2206 397 2225 non
421 2199 604 2231 admiserunt;
621 2199 789 2233 illegitimum
805 2199 970 2226 arbitrantes

188 2248 216 2268 nt
229 2243 255 2268 in
273 2243 314 2269 eis
339 2243 467 2270 hactenus
481 2243 647 2270 obtinentem
673 2250 703 2270 ac
727 2247 860 2270 servatam
882 2243 969 2279 legum

187 2288 365 2315 stabilitatem
380 2288 573 2315 convellerent.

225 2332 322 2360 Verum
345 2341 396 2360 non
408 2333 495 2360 desint
509 2333 552 2368 qui
569 2334 629 2361 inde
650 2335 826 2368 quaestionem
843 2335 969 2362 studeant

189 2385 306 2412 movere,
326 2386 357 2406 ac
382 2378 473 2406 dicant
488 2387 495 2405 :
510 2378 647 2413 Siquidem
671 2381 703 2406 ad
722 2382 773 2407 hoc
794 2381 871 2408 electi
893 2387 970 2408 erant

189 2422 347 2449 castissima:
370 2423 486 2458 Virginis
499 2429 639 2458 parentes,
658 2433 786 2460 quorsum
803 2426 842 2452 eis
854 2427 886 2452 ad
908 2427 971 2454 illud

189 2474 274 2500 usque
289 2472 393 2502 tempus
405 2469 514 2497 occlusa
531 2463 688 2497 manserunt
701 2470 874 2498 fecunditatis
891 2472 970 2503 dona,

189 2512 386 2548 plurimamque
408 2518 514 2541 atatem
537 2516 610 2549 prole
625 2521 748 2544 carentes
762 2523 892 2552 egerunt;
910 2526 969 2544 cum

189 2563 318 2594 prieterea
334 2564 404 2586 esset
422 2561 640 2594 praedestinatum
656 2567 685 2589 ut
702 2562 823 2598 mystcrii
840 2563 971 2590 exhibitio

226 2620 281 2655 (21)
298 2620 375 2647 "and
397 2622 481 2648 aliene
498 2631 512 2648 a
530 2627 640 2651 ratione.
661 2623 786 2651 Dortrina
808 2625 864 2651 haec
882 2625 970 2652 minus

188 2663 337 2693 consonare
348 2657 474 2693 videatur
493 2658 571 2693 dictis
583 2666 596 2684 a
612 2658 729 2691 Georgio
746 2660 816 2686 inter
831 2660 969 2693 explican-

190 2691 251 2717 dam
262 2690 399 2717 historiam
409 2697 508 2719 sancta:
516 2692 646 2724 Mari:e,tit
655 2694 775 2720 dicebam
790 2690 878 2722 modo.
892 2703 914 2720 tn
921 2696 970 2721 ilii-

189 2733 242 2759 que
256 2726 377 2752 nonnihil
396 2728 481 2753 reddit
498 2734 661 2761 suspectam,
681 2727 780 2755 Leonis
794 2729 883 2756 Allatii
902 2737 969 2756 con-

187 2761 334 2799 jecturam.
351 2769 392 2799 _ac
407 2762 484 2799 tidem
495 2762 620 2799 Codicum
642 2763 665 2789 ei
687 2764 889 2790 inscribentium
901 2785 908 2797 ,
925 2766 968 2799 qni

191 2795 272 2832 sciam
303 2796 515 2832 antiquariorum
541 2797 696 2824 facilitatem
728 2795 906 2832 prictigendis
924 2795 970 2826 aut

191 2830 350 2863 ampliandis
365 2831 457 2864 titulis,
471 2831 568 2866 unique
580 2839 654 2860 certo
668 2840 699 2860 ac
715 2830 852 2860 faiiiosiori
866 2835 967 2861 auctori

1061 1514 1139 1542 Οὕτω
1155 1515 1215 1550 μὲν,
1231 1515 1302 1541 οὕτω
1317 1515 1351 1541 τὰ
1364 1515 1417 1542 τῶν
1433 1515 1524 1541 καλῶν
1539 1514 1703 1546 διανύοντες,
1723 1515 1811 1542 ἀπαι-

1022 1560 1066 1595 δίᾳ
1088 1561 1174 1586 ταῦτα
1199 1560 1438 1595 καταμηνύονται·
1457 1561 1504 1587 καὶ
1529 1561 1700 1596 στειρώσεως
1724 1561 1807 1596 νοσή-

1024 1615 1089 1641 ματι
1101 1607 1135 1632 τὰ
1148 1607 1197 1641 τῆς
1212 1607 1311 1641 ἀρετῆς
1325 1606 1414 1633 αὐτῶν
1429 1606 1604 1642 κρυπτόμενα
1619 1606 1812 1641 δημοσιεύεται

1022 1651 1258 1686 πλεονεκτήματα.
1277 1652 1336 1678 Τῶν
1360 1653 1415 1687 γὰρ
1433 1651 1534 1686 ἐοίμων
1563 1652 1610 1678 τοῦ
1629 1652 1711 1686 νόμου
1729 1660 1813 1685 προσ-

1022 1697 1125 1729 τάξεων
1150 1698 1182 1731 τῇ
1206 1697 1333 1731 εὐτεκνίᾳ
1359 1696 1511 1731 κρινουσῶν
1532 1696 1580 1731 τὴν
1596 1696 1748 1728 εὑσέὃειιν,
1765 1697 1813 1722 καὶ

1022 1742 1174 1776 τεκμήριον
1200 1741 1314 1775 ἀψευδὲς
1334 1741 1459 1776 εὐλογίας
1478 1743 1527 1776 τὴν
1553 1742 1681 1776 εὐθηνίαν
1696 1742 1746 1776 τῆς
1763 1741 1815 1776 φύ-

1024 1795 1093 1817 σεως
1116 1786 1312 1822 λογιζομένων,
1339 1787 1369 1819 ἐξ
1390 1788 1476 1822 αὐτῆς
1498 1787 1544 1814 τοῦ
1559 1787 1739 1822 ὲξιλάσματος
1758 1788 1814 1815 τῶν

1023 1832 1125 1859 Θυσιῶν
1149 1832 1293 1866 ἐπέκρινον
1309 1832 1339 1859 τὸ
1358 1833 1478 1860 δεκτέον.
1503 1833 1586 1860 Οὐδὲν
1601 1833 1706 1867 ἀλόγως
1724 1831 1814 1867 οἶμαι,

1022 1877 1083 1904 οὐδὲ
1111 1877 1162 1912 τῆς
1193 1878 1246 1904 τῶν
1277 1878 1455 1913 προαγόντων
1484 1879 1640 1913 παχύτητος
1673 1879 1815 1914 ἀλλότριον

1023 1923 1221 1956 θεσπιζουσῶν.
1252 1924 1362 1960 Ἐπειδὴ
1379 1925 1439 1960 ,γὰρ
1464 1925 1693 1960 σωματικώτερον
1710 1926 1733 1952 οἱ
1753 1926 1815 1952 τότε

1024 1968 1171 2001 διέκειντο,
1196 1971 1228 2005 τῇ
1254 1971 1304 2005 τῆς
1331 1970 1433 2006 σαρκὸς
1460 1971 1578 1997 ἐπιδόσει
1603 1972 1637 1996 τὰ
1661 1971 1709 2005 τῆς
1725 1970 1816 2005 ψυχῆς

1024 2014 1258 2048 συγκαλύπτοντες
1275 2016 1380 2049 ἀγαθά’
1396 2016 1466 2048 ξένοι
1479 2025 1508 2042 τε
1525 2016 1578 2043 τῶν
1592 2016 1638 2042 τοῦ
1654 2017 1812 2050 Πνεὺματος

1023 2059 1142 2094 δαψιλῶν
1163 2061 1343 2096 χαρισμάτων
1368 2061 1564 2096 τυγχάνοντες,
1587 2062 1617 2087 τὸ
1633 2062 1815 2088 εὐαπόδεκτον

1023 2108 1055 2134 ἐκ
1067 2106 1169 2133 τούτων
1187 2107 1427 2141 κατεστοχάςοντο.
1450 2106 1534 2133 Τοῦτο
1554 2107 1644 2133 τοίνυν
1658 2108 1683 2133 οἱ
1700 2108 1732 2142 τῇ
1748 2108 1816 2142 σκιᾷ

1022 2152 1195 2183 δουλεύοντες
1218 2152 1248 2178 τὸ
1274 2152 1334 2183 ἔθος
1359 2152 1535 2187 κατέχοντες,
1563 2152 1708 2184 ὰπαιδείας
1733 2153 1816 2180 ἕνεκα

1024 2197 1078 2224 τῶν
1093 2198 1216 2229 δικαίων,
1231 2197 1265 2224 τὰ
1277 2197 1473 2232 προσαγόμενα
1489 2198 1518 2224 οὺ
1534 2198 1709 2232 προσήκαντο
1723 2197 1813 2232 δῶρα,

1023 2244 1072 2270 οὐκ
1081 2243 1192 2278 ἔννομον
1200 2241 1269 2270 εἶναι
1281 2243 1441 2278 νομίσαντες
1450 2244 1478 2269 ἐν
1485 2243 1590 2274 τούτοις
1601 2243 1741 2269 ἀνακινεῖν
1755 2243 1811 2269 τῶν

1024 2290 1114 2325 νόμων
1130 2289 1160 2316 τὸ
1172 2290 1313 2324 στάσιμον,
1331 2290 1378 2316 καὶ
1394 2289 1489 2324 μέχρις
1505 2289 1617 2315 ἐκείνων
1633 2288 1815 2324 τηρούμενον.

1064 2335 1134 2362 Ἀλλ’
1145 2335 1220 2366 εἰκὸς
1232 2335 1351 2370 ἀπἰρίαν
1362 2335 1433 2365 τινὲς
1443 2335 1509 2369 ἡμῖν
1521 2334 1646 2360 ἐντεῦθεν
1658 2334 1816 2367 ἐπεισάγειν

1023 2383 1210 2416 πειράσονται.
1237 2383 1268 2408 Εἰ
1292 2382 1346 2416 γὰρ
1364 2383 1404 2413 εἰς
1418 2382 1497 2408 τοῦτο
1515 2382 1610 2416 ἔτυχον
1630 2379 1700 2407 εἶναι
1716 2381 1818 2414 ἐξειλε-

1021 2429 1120 2463 γμένοι
1137 2428 1287 2463 φάσκοντες
1301 2429 1325 2455 οἱ
1342 2430 1389 2463 τῆς
1408 2428 1546 2462 πανάγνου
1566 2428 1740 2462 γεννήτορες,
1757 2427 1817 2458 πῶς

1020 2474 1111 2505 αὐτοῖς
1124 2474 1220 2508 μέχρις
1234 2473 1338 2500 ἐκείνου
1350 2473 1385 2500 τὰ
1396 2473 1445 2507 τῆς
1456 2472 1631 2503 παιδοποιίας
1647 2471 1816 2507 ἀπεκλείοθη

1022 2518 1189 2554 χαρίσματα,
1204 2518 1250 2544 καὶ
1267 2517 1359 2551 ἄγονοι
1377 2518 1407 2544 τὸ
1420 2519 1545 2544 πλεῖστον
1560 2517 1606 2543 τοῦ
1623 2517 1681 2552 βίου
1695 2517 1814 2551 διήνυον’

1020 2564 1068 2590 καὶ
1084 2563 1152 2598 πρὸς
1175 2563 1260 2600 [Μαι.
1280 2564 1308 2590 ὲν
1323 2563 1402 2599 πρὺς]
1421 2564 1525 2594 τούτοις
1542 2562 1576 2589 τὰ
1590 2563 1636 2589 τοῦ
1653 2563 1812 2598 μυστηρίου

1025 2630 1155 2653 tractatus
1177 2626 1295 2659 ejusdem
1313 2627 1465 2660 argumenti
1485 2625 1648 2652 tribuendis.
1667 2624 1767 2650 Verum
1784 2629 1814 2651 ut

1024 2661 1133 2694 Georgii
1164 2661 1259 2692 nostri,
1277 2666 1324 2687 ant
1340 2659 1410 2688 alius
1422 2660 1457 2687 sit
1478 2661 1534 2686 hrec
1556 2661 1661 2689 oratio.
1680 2659 1815 2685 luculenta

1025 2701 1101 2722 certe
1121 2699 1162 2722 est
1182 2704 1213 2722 ac
1229 2696 1340 2728 diserta,
1359 2697 1494 2730 dignaque
1514 2699 1542 2720 ut
1555 2694 1626 2730 juris
1643 2694 1740 2729 publici
1757 2695 1814 2724 fiat.

1024 2739 1055 2757 ac
1081 2735 1246 2764 proponatur
1260 2731 1299 2757 uti
1326 2731 1385 2757 alia:
1410 2730 1539 2764 Georgii.
1567 2729 1661 2756 Maria:
1678 2734 1816 2762 concepta:

1024 2765 1220 2797 laudatoribus,
1238 2773 1269 2792 ex
1290 2773 1340 2799 qua
1365 2765 1487 2797 discant,
1504 2764 1602 2791 nedum
1622 2769 1652 2790 ut
1671 2770 1817 2799 exerceant

1023 2801 1157 2841 cala'mum
1170 2820 1176 2831 .
1200 2797 1392 2840 verum—etiam
1412 2800 1438 2827 ilt
1459 2807 1513 2834 quo
1528 2803 1687 2831 exerceant,
1709 2803 1738 2826 ut
1760 2797 1817 2832 jam

1023 2843 1120 2869 SprlllS
1135 2843 1238 2862 lllOlllll.
