1951 3076
130 153 198 185 1109

611 149 652 179 IN
676 148 728 179 SS.
749 148 882 179 MARLE
901 148 1268 180 PR/ESENTATIONEM.

1695 148 1764 182 14ίῦ

128 207 216 244 ἀρχὴν
230 205 380 242 λαμϐάνειν
395 202 575 241 προώρισται,
591 204 638 230 καὶ
652 203 681 236 ἐξ
696 203 786 230 αὐτῶν
801 204 818 238 ἠ
832 203 919 239 τούτῳ

976 204 1078 231 initium
1093 209 1224 237 sumeret,
1244 212 1275 231 ac
1293 204 1385 232 divino
1400 204 1588 232 annttntiatum
1610 207 1761 241 praeconio,

127 253 296 288 λειτουργεῖν
312 251 448 286 μέλλουσα
459 252 508 286 τὴν
524 250 636 286 πρόοδον
650 250 722 285 ἔχειν
735 248 917 285 ἀναπεφώνη-

127 307 171 326 ται
183 307 190 327 :
203 299 233 325 Ei
244 298 280 324 τὰ
294 297 425 324 δοκοῦντα
438 297 499 324 τότε
513 296 552 332 τῷ
566 295 797 332 νόμῳάνελλιπῶς
809 295 922 330 ἐξεπλή-

127 353 220 380 ρωσαν
231 353 238 360 ·
263 344 288 370 εί
302 343 419 378 ἄφθονον
433 343 479 370 τὸν
492 342 545 369 τῶν
560 343 668 378 ἀρετῶν
684 343 769 378 ἐσμὸν
786 341 920 377 θησαυρί-

128 398 235 421 trav-rec,
251 389 420 424 ἀφθονότερα
433 388 462 415 δὲ
473 386 514 420 οἷς
530 389 555 415 oi
571 389 632 415 τότε
643 389 674 415 τὸ
688 388 791 415 τέλειον
802 387 920 423 ἕκρινον,

127 435 308 470 ἐπεφέροντο,
339 434 397 466 πῶς
421 433 468 460 τοῦ
491 433 525 460 δι’
540 431 571 460 οὗ
593 433 706 468 ἔμελλον
730 433 777 460 τοῦ
799 433 919 468 πέρατος

127 482 288 516 ἐπικρατεῖν
305 480 512 515 ἀπετύγχανον;
528 479 587 512 πῶς
603 481 632 506 ὲν
641 476 664 513 ᾧ
680 479 713 506 τὰ
728 479 783 506 τῶν
798 479 925 515 προρρήη

128 536 198 554 σεων
215 527 254 562 τῷ
270 527 320 562 τῆς
345 526 489 558 ἀπαιδείας
512 523 586 553 οὗτοι
610 527 744 562 νοσήματι
765 526 815 561 τῆς
829 526 920 561 ὁρμῆς

127 574 296 605 ἀνέκοπτονς
314 573 370 604 πῶς
385 573 407 599 δ’
428 573 479 599 οὐκ
493 572 523 605 ἐξ
540 570 577 600 ὧν
594 572 625 599 τὸ
640 573 731 599 κοινὸν
747 572 892 598 ἀναλαϐεῖν
907 572 921 598 ὁ

127 620 214 653 Λόγος
231 619 376 654 ἠπείγετο,
396 618 535 653 πλήθοντα
560 619 594 645 τὰ
611 618 744 654 προοίμια
763 618 920 650 ὲδείκνυτο;

134 666 239 691 Ἐκεῖνο
256 665 346 700 μέντοι
361 665 427 699 ἡμῖν
441 664 557 698 ἀψευδὲς
572 664 640 699 πρὸς
669 663 818 698 ἀπολογίαν
834 663 920 699 ὀφθή-

128 720 216 743 σεται,
229 711 267 742 ὡς
282 711 322 737 ὅτι
339 712 353 736 ὁ
366 711 420 737 τῶν
438 710 592 746 μελλόντων
607 710 709 746 ταμίας
726 711 774 737 καὶ
788 710 921 746 δημιουρ-

127 758 176 792 γος
190 757 245 783 τῶν
264 757 403 787 ἁπάντων,
426 756 537 783 ἐπειδάν
552 765 577 782 τι
593 756 647 782 τῶν
666 756 833 792 ἀπορρήτων
847 757 922 782 οἱκο-

127 802 223 837 νομετν
240 800 367 836 βουληθῇ,
395 800 425 827 οὐ
454 800 564 834 φύσεως
590 800 710 827 ἐπιδόσει
735 801 783 827 καὶ
805 800 923 836 ἀφθονίᾳ

127 847 177 882 τὴν
196 846 250 873 τῶν
273 846 425 882 μελλόντων
447 847 535 883 ἀρχὴν
555 847 767 880 καταϐάλλεται,
792 846 860 874 ἀλλά
874 847 921 874 δυ-

128 894 238 928 νάμεως
253 893 407 929 περιουσίᾳ,
419 892 467 919 καὶ
479 893 582 928 ἀπορίᾳ
599 894 769 929 πραγμάτων
782 894 812 920 τδ
824 892 921 928 μέλλον
938 885 959 913 Β

128 938 337 968 κατασκευάζει.
362 939 418 965 Καὶ
436 938 491 974 γὰρ
513 938 660 965 ίδιαίτατον
682 940 732 974 μὲν
747 939 826 965 τοῦτο
840 939 920 966 Θεοῦ.

128 986 166 1012 Οὐ
176 985 399 1020 Θαυμαστότατον
410 984 438 1011 δὲ
449 985 479 1010 τὸ
489 984 539 1019 τ’ής
552 979 715 1016 ἀκολουθίας
739 985 789 1020 τῆς
802 985 919 1019 φύσεως.

128 1031 207 1058 Οὖτω
219 1030 258 1066 τῷ
281 1030 408 1066 ’Δὸραὰμ
425 1030 612 1065 ὑποσχόμενος
632 1030 732 1065 πλήθει
751 1031 860 1066 ἄστρων
874 1030 922 1057 καὶ

127 1076 236 1112 ψάμμῳ
267 1076 406 1110 θαλάσσης
421 1075 470 1111 τὴν
485 1075 531 1102 τοῦ
549 1075 708 1111 σπέρματος
723 1075 922 1107 ἁπεικάζεσθαι

128 1122 256 1158 πρόοδον,
283 1123 334 1148 οὐκ
360 1121 495 1156 εὐκληρία
521 1121 601 1147 τοῦτο
635 1121 744 1155 φύσεως
773 1121 812 1153 εἰς
840 1121 921 1156 ἔργον

129 1168 293 1203 ἐξήνεγκεν,
310 1167 367 1194 ἀλλ’
389 1166 532 1198 ἀσθενείας
555 1167 711 1201 συμὸόλοις,
734 1168 782 1193 καὶ
807 1167 922 1203 δυνάμει

129 1215 162 1249 τῇ
183 1213 282 1240 ἑαυτοῦ
305 1212 354 1248 τὴν
374 1213 521 1247 ὑπόσχεσιν
545 1212 750 1248 ὲξεπλήρωσεν.
774 1212 854 1239 Οὕτω
876 1213 922 1238 τὸν

129 1259 259 1295 Σαμουὴλ
283 1259 455 1294 παρήγαγεν.
483 1257 563 1284 Οὕτω
587 1258 634 1285 τὸν
657 1258 786 1293 Ἰωάννην
811 1259 921 1293 κήρυκα

129 1307 178 1342 τῆς
189 1305 344 1341 οἰκονομίας
359 1304 551 1340 παρέπεμψεν.
567 1304 645 1331 Οὕτω
655 1304 684 1331 δὲ
697 1304 744 1330 καὶ
759 1303 793 1330 τά
807 1304 922 1330 πλεῖστα

129 1354 185 1380 τῶν
210 1355 251 1384 εἰς
272 1353 347 1388 ἡμᾶς
372 1351 534 1388 παραδόξως
549 1350 672 1386 ἡκόντων
687 1351 859 1386 πραγμάτων
877 1351 923 1377 ὲκ-

130 1399 216 1426 ὗάντα
229 1399 260 1426 ἀν
270 1407 310 1430 τις
324 1396 534 1433 διερευνώμενος
549 1396 661 1429 κατίδοι,
677 1396 708 1423 οὐ
725 1396 801 1431 παρὰ
814 1396 852 1431 τῷ
867 1398 923 1428 τοῖς

131 1445 270 1477 πλείστοις
293 1444 433 1477 δοκοῦντι,
463 1443 539 1480 παρὰ
561 1444 590 1470 δὲ
612 1443 659 1470 τοῦ
687 1444 774 1470 αἰτίου
795 1442 922 1479 τῷίπρέ-

131 1499 222 1518 ποντι.

173 1584 252 1620 Ἐμοὶ
266 1584 294 1610 δὲ
311 1584 370 1611 οὐδὲ
385 1584 465 1619 μέχρι
481 1583 585 1610 τούτων
598 1584 632 1610 τά
647 1584 696 1618 τῆς
718 1582 822 1614 λύσεως
841 1582 924 1618 ἕστη-

131 1639 194 1658 κεν”
211 1630 280 1657 ἀλλά
295 1630 343 1657 καὶ
357 1630 450 1664 ἕτερόν
475 1638 502 1656 τι
519 1629 568 1656 οὐκ
581 1629 714 1657 ἀπίθανον
731 1629 924 1664 ἐπεισέρχεται

131 1678 232 1711 λέγειν,
249 1677 282 1703 Τί
297 1677 325 1703 δὲ
337 1675 418 1704 τοῦτό
433 1677 524 1709 ἐστινς
542 1676 599 1702 Οὐκ
614 1676 647 1702 ἂν
662 1675 774 1710 ἔκδηλον
794 1677 850 1707 τοῖς
864 1675 925 1702 τότε

130 1724 162 1749 τὸ
186 1722 300 1754 εὐσεϐὲς
320 1721 395 1757 αὐτῷ
416 1721 572 1757 κατεφάνη·
589 1721 638 1748 οὐκ
655 1721 689 1748 ἂν
706 1721 722 1756 ή
740 1721 861 1755 ὲγγύτης
873 1721 924 1747 αὺ-

131 1768 186 1796 τῶν
202 1769 271 1803 πρὸς
293 1768 323 1795 τὸ
342 1768 430 1800 Θεϊον,
456 1767 487 1794 τὸ
505 1767 614 1802 βέϐαιον
630 1766 664 1793 δι’
681 1767 763 1803 εὐχῆς
778 1767 922 1802 δεξαμένη.

131 1814 178 1841 τὸν
202 1813 355 1848 φιλόνεικον
384 1811 463 1846 λόγον
492 1811 547 1838 τῶν
574 1811 754 1844 δισταζύντων
781 1810 924 1838 ἀπώσατο.

132 1860 190 1887 Νῦν
201 1859 231 1886 δὲ
248 1860 277 1885 ἐν
300 1859 380 1894 χρείᾳ
392 1857 490 1884 τούτου
509 1857 706 1890 καταστάντες,
721 1856 827 1889 ἔδειξαν
844 1856 925 1888 εὐθὺς

132 1907 206 1937 ὅπως
223 1905 272 1941 τὴν
287 1904 443 1939 οἰκειότητα
457 1904 508 1930 κάν
536 1904 592 1934 τοῖς
613 1902 704 1934 ἄλλοις
720 1902 788 1938 πρὸς
801 1901 846 1928 τὸν
858 1900 925 1928 Θεὸν

133 1950 217 1987 εἶχον,
233 1951 281 1978 τοῦ
296 1950 415 1986 φανεροῦ
433 1951 464 1976 τὸ
480 1949 583 1984 ἀφανὲς
598 1949 688 1976 αὐτῶν
704 1948 924 1984 δημοσιεύοντος.

139 1997 217 2023 Ἐπεὶ
241 1994 288 2023 οὖν
310 1997 335 2022 οῑ
361 1995 461 2022 δίκαιοι
486 1995 536 2030 τὴν
560 1994 654 2028 δέησιν
681 1993 858 2028 ὰνεκίνησαν,
875 1992 926 2018 οὑκ

133 2043 286 2078 ἀμφίϐολον
310 2042 359 2078 τὴν
382 2041 505 2074 ἐπίταξιν
535 2040 609 2076 [Leg.
631 2038 781 2074 ἐπίτευξιν]
804 2038 926 2073 ἐπήλπι-

134 2098 193 2117 σαν,
208 2089 244 2116 Οὔ
259 2088 298 2124 τῷ
313 2087 436 2123 λογισμῷ
449 2087 561 2113 τοιαῦτα
578 2087 738 2121 ὲπὲκριναν,
756 2086 796 2111 ὃτι
813 2085 838 2111 εἰ
856 2084 925 2110 πάν-

132 2145 187 2168 τως
204 2135 262 2171 ᾔδει
285 2135 299 2161 ὁ
311 2134 366 2161 τῶν
380 2134 488 2169 ἀδήλων
505 2132 640 2168 γνώστης,
662 2132 706 2158 ἐπ’
719 2131 814 2165 ἀγαθῷ
829 2131 864 2157 τὰ
879 2130 926 2165 τῆς

133 2181 308 2214 τεκνογονίας
329 2180 511 2216 ὲκϐήσεσθαι,
531 2179 581 2206 οὐκ
595 2178 628 2205 ἂν
650 2177 753 2204 τούτων
773 2178 823 2212 τὴν
843 2177 926 2212 φύσιν

135 2227 313 2254 ἀπέκλεισεν
337 2226 388 2252 οὐκ
411 2226 444 2253 ἂν
465 2225 561 2260 ἀγονίᾳ
584 2224 629 2250 τὸν
646 2224 702 2258 βίον
718 2223 796 2258 ἡμῶν
816 2222 925 2249 κατεδί-

135 2282 231 2301 κασεν.
246 2272 292 2299 Διὸ
310 2272 356 2299 ἐπὶ
375 2271 422 2298 τὸν
444 2270 581 2306 Ἀδραὰμ,
603 2271 649 2297 καὶ
663 2270 782 2304 Σάρραν,
798 2270 845 2296 καὶ
865 2269 928 2296 ’Λν-

133 2329 184 2347 ναν
196 2319 328 2354 ἀλλήλους
341 2317 460 2353 καθορᾷν
473 2317 697 2352 παρεκελεύοντο⁷
712 2315 758 2342 καὶ
774 2317 834 2349 μετ’
850 2315 926 2342 ἐκείο

133 2374 188 2391 νων
201 2364 250 2399 τὴν
263 2364 313 2398 τῆς
329 2363 414 2399 εὐχῆς
427 2362 633 2397 ἀπολαμϐάνειν
648 2361 829 2396 παρώτρυνον
844 2359 928 2386 ἑκϐα-

136 2418 189 2437 σιν.
205 2419 214 2435 ‹
228 2409 318 2436 Καλὸν
328 2407 375 2435 οὖν
393 2409 459 2444 ἡμῖν
470 2405 554 2440 οὗτοι,
566 2407 633 2442 φησι
643 2427 650 2440 ,
664 2405 843 2442 παράδειγμα
858 2405 926 2440 πρό-

134 2465 256 2489 κεινται,
286 2456 310 2481 εἰ
331 2455 501 2486 samum;
521 2454 570 2489 τὴν
593 2453 685 2488 δέησιν
707 2451 924 2488 προδαλοίμεθα.

135 2503 226 2530 Καλὸν
239 2502 389 2537 τεκμήριον
401 2502 417 2536 ἡ
429 2502 479 2535 τῆς
492 2501 600 2535 Σάρρας
617 2499 761 2535 στείρωσις
774 2499 814 2530 εἰς
826 2498 926 2525 ἀπαλό-

135 2557 205 2583 τητα
238 2547 449 2584 μεταϐληϐεῖσα.
478 2546 567 2573 Καλὸν
603 2547 717 2580 σημεῖον
743 2545 758 2580 ἡ
784 2544 821 2580 τῷ
850 2544 925 2580 γήρᾳ

155 2595 322 2630 χαμφθεῖσα,
335 2595 374 2625 είς
385 2592 564 2628 ἀκμαζόντων
580 2592 668 2628 μελῶν
681 2591 822 2627 ἐνέργειαν
839 2599 923 2626 μετα-

118 2641 310 2669 σκευασθεῖσα.
322 2640 469 2675 Βλέψωμεν
480 2640 520 2671 εἰς
537 2639 638 2666 ’Ἅνναν
647 2639 696 2673 τὴν
713 2637 832 2664 Ἐλκανᾶ
844 2637 929 2673 [Male

137 2688 220 2716 Allat.
234 2688 263 2715 ὲν
279 2686 378 2722 Κανᾷ.1
390 2706 398 2719 ,
413 2686 443 2713 τὸ
461 2687 517 2713 ἴσον
535 2686 600 2721 ἡμῖν
613 2685 698 2716 πάθος
713 2684 745 2711 δι’
761 2685 844 2720 εὐχῆς
858 2684 927 2710 ἀπο-

138 2734 266 2770 θεμένην.
285 2733 426 2767 Μάθωμεν
442 2732 528 2767 αὐτῆς
546 2732 576 2758 τὸ
600 2732 648 2766 τῆς
664 2731 783 2766 δεήσεως
798 2730 927 2765 ἔμμονον,

138 2780 238 2807 καὶτὸ
262 2779 310 2814 τῆς
330 2778 450 2809 διανοίας
479 2778 612 2814 ἔμπυρον.
640 2777 751 2812 Γνῶμεν
779 2778 853 2808 ὅπως
881 2777 929 2804 καὶ

175 2857 196 2873 ⁸⁵
217 2856 284 2885 Gen.
307 2864 374 2889 un,
408 2856 450 2883 Π.

973 254 1003 276 ιιι
1019 257 1078 283 quae
1101 250 1231 285 mysterio
1245 254 1319 278 esset
1342 250 1544 284 ministratttra,
1560 258 1592 278 ex
1615 251 1656 278 eis
1671 252 1763 286 prodi-

973 294 1031 322 ret?
1051 295 1188 330 Siquidem
1206 295 1271 331 legis
1290 296 1358 323 scita
1374 296 1478 330 integre
1501 296 1680 330 impleverant
1698 307 1706 325 :
1726 298 1763 326 si-

972 341 1080 376 quidem
1109 341 1237 368 virtutium
1268 342 1319 369 sibi
1353 343 1506 369 uberiorem
1545 344 1763 371 thesaurizantes

973 395 1108 419 messem,
1129 389 1253 416 uberiora
1278 388 1446 420 oll'erebant.
1477 397 1557 424 quam
1578 390 1678 423 quibus
1704 390 1763 425 ejus

972 434 1061 460 aetatis
1081 433 1204 460 homines
1231 434 1379 468 perfectum
1403 434 1598 467 decernerent;
1627 436 1763 469 quoutodu

972 487 1005 507 eo
1019 479 1230 512 frustrabantur,
1255 487 1308 515 quo
1331 480 1419 507 medio
1435 485 1514 507 erattt
1527 480 1649 515 adepturi
1664 480 1763 508 linem?

973 525 1113 558 Quomodo
1135 526 1161 552 in
1184 533 1238 559 qtto
1258 530 1336 552 erant
1360 526 1452 560 posita:
1468 526 1665 560 praedictiones,
1685 527 1712 553 itt
1731 534 1764 553 eo

974 571 1030 602 illi,
1055 571 1207 598 sterilitatis
1241 571 1307 597 vitio
1335 571 1504 604 laborantes,
1538 572 1762 606 impedimentum

973 617 1126 645 habebant?
1138 617 1278 651 Quomodo
1291 623 1380 645 autem
1393 625 1425 645 ex
1440 619 1537 653 quibus
1555 619 1672 646 Verbum
1688 627 1764 646 com-

974 671 1082 690 munem
1102 668 1226 690 naturatn
1247 671 1374 698 reparare
1389 665 1525 697 studebat,
1542 673 1594 691 11011
1612 666 1764 693 exuberan-

975 710 1009 737 tia
1027 710 1225 737 exhibebantur
1242 711 1338 737 initia?
1354 711 1381 738 id
1399 711 1539 738 enimvero
1556 718 1659 738 certum
1687 712 1764 739 nobis

974 756 1006 782 ad
1024 755 1210 783 defensionent
1232 756 1381 789 videbitur;
1408 760 1437 782 ut
1452 757 1592 789 nimirum,
1610 757 1761 784 fulturarum

974 802 1154 836 dispensator,
1171 803 1415 837 universorumque
1431 801 1520 836 opifex
1543 802 1622 834 Deus,
1639 809 1668 830 ttt
1686 811 1764 830 arca—

974 856 1037 875 num
1055 848 1156 882 aliquid
1169 856 1201 875 ac
1220 849 1343 876 mirabile
1359 849 1423 875 velit
1436 849 1606 882 dispensare,
1623 848 1764 882 haudqua-

974 902 1054 928 quam
1071 900 1174 921 naturas
1189 896 1334 922 crementis
1349 903 1381 922 ac
1397 896 1529 925 ubertate,
1544 894 1695 922 futurorum
1709 895 1762 921 ini-

975 940 1039 967 tium
1053 944 1208 974 perstruat;
1224 941 1271 968 sed
1288 946 1317 968 ut
1340 941 1465 976 potentia:
1481 941 1619 967 alllucntia
1631 961 1638 973 ,
1655 940 1762 967 rerum-

972 992 1024 1019 que
1047 985 1148 1020 inopia.
1165 985 1270 1013 Etenim
1287 987 1332 1013 Dei
1352 987 1468 1013 maxime
1482 987 1590 1021 propria
1607 994 1638 1013 ea
1651 994 1762 1014 ωεοιιοι

974 1030 1026 1057 mia
1046 1036 1088 1058 est
1104 1041 1109 1058 :
1125 1039 1175 1058 nec
1199 1039 1331 1059 summam
1357 1033 1438 1059 habet
1454 1033 1673 1064 admirationem,
1691 1032 1763 1066 quod

973 1076 1061 1103 ordini
1075 1081 1178 1103 natura,
1196 1081 1377 1104 consentanea
1398 1078 1489 1104 habet.
1510 1077 1556 1104 Sic
1567 1086 1628 1104 cum
1643 1077 1760 1104 Abrahae

974 1123 1110 1157 pollicitus
1123 1127 1205 1156 esset,
1219 1123 1276 1150 fore
1290 1128 1318 1150 ιιι
1331 1124 1390 1158 ejus
1401 1125 1513 1151 seminis
1527 1126 1678 1159 provunlio,
1694 1125 1764 1152 mul-

975 1168 1080 1195 titudini
1092 1169 1229 1196 stellarum
1239 1177 1270 1196 ac
1284 1177 1374 1197 arente
1383 1170 1465 1197 maris
1476 1170 1572 1197 similis
1584 1174 1656 1197 esset
1668 1171 1698 1199 ".
1710 1178 1763 1197 ttou

976 1214 1002 1241 id
1025 1218 1129 1241 naturae
1145 1214 1276 1242 felicitate
1291 1216 1323 1242 ad
1338 1223 1405 1250 opus
1422 1216 1546 1249 reduxit;
1563 1217 1609 1243 sed
1628 1216 1768 1243 imbecilli-

975 1261 1038 1288 tatis
1061 1261 1203 1296 symbolis,
1218 1269 1320 1296 suaque
1343 1263 1400 1297 ipse
1415 1264 1534 1296 potentia
1548 1283 1554 1293 ,
1570 1263 1641 1296 quod
1663 1262 1767 1296 promi-

973 1307 1063 1339 sisset,
1089 1307 1219 1342 itnplevit.
1245 1307 1273 1334 in
1298 1309 1369 1335 hunc
1393 1309 1501 1335 tnodunt
1529 1308 1681 1336 Satnueletn
1699 1317 1763 1343 pro-

973 1352 1070 1380 duxit:
1093 1354 1131 1381 sic
1145 1353 1277 1381 Joannem
1298 1355 1456 1382 mconomiae
1475 1361 1624 1388 praeconem
1654 1355 1763 1389 praemi-

974 1399 1018 1426 sit.
1036 1397 1083 1426 Sic
1098 1407 1219 1434 prorsus,
1245 1405 1273 1426 ut
1288 1400 1351 1434 quis
1365 1405 1512 1432 scrutetur,
1536 1401 1680 1427 maximam
1703 1408 1766 1434 par-

974 1448 1028 1472 tem
1041 1446 1162 1472 evenisse
1179 1446 1333 1480 perspiciet,
1351 1453 1455 1479 eorutn,
1472 1454 1533 1480 quat
1554 1447 1716 1473 mirabilder
1735 1447 1764 1474 in

974 1498 1024 1518 nos
1044 1496 1237 1526 pervenerunt,
1255 1492 1325 1519 haud
1347 1499 1398 1526 qua
1416 1492 1520 1518 ratione
1538 1492 1676 1527 plerisque
1691 1493 1767 1520 vidc-

976 1537 1067 1569 batur,
1082 1537 1128 1564 sed
1148 1542 1176 1565 ut
1193 1537 1298 1564 auctori
1314 1545 1464 1572 congruum
1481 1543 1549 1565 erat.

1012 1581 1075 1608 Mihi
1092 1582 1267 1609 nihilominus
1288 1582 1359 1610 haud
1383 1583 1408 1609 in
1424 1583 1456 1610 iis
1469 1583 1568 1610 solutio
1583 1583 1654 1610 sistit
1673 1592 1680 1610 :
1697 1584 1763 1618 quin

976 1628 1047 1654 aliud
1063 1628 1200 1662 quidpiatn
1219 1635 1271 1655 non
1294 1628 1471 1661 improbabile
1487 1629 1630 1656 dicendum
1654 1637 1765 1656 succur-

977 1674 1022 1701 rit.
1037 1674 1105 1707 Quid
1123 1681 1186 1700 vero
1203 1673 1286 1700 illud?
1308 1673 1406 1701 Eorum
1423 1674 1508 1708 pietas
1525 1683 1577 1702 non
1601 1675 1766 1702 innotuisset

976 1719 1034 1753 ejus
1049 1719 1137 1747 aetatis
1159 1719 1336 1748 hominibus:
1361 1727 1454 1747 eorum
1480 1721 1513 1747 ad
1533 1720 1616 1748 Deum
1647 1722 1767 1748 necessi-

977 1765 1040 1792 tudo
1052 1766 1085 1792 ab
1097 1766 1220 1792 oratione
1235 1766 1394 1792 confirmata
1404 1786 1411 1799 ,
1427 1765 1635 1801 haudquaquam
1653 1769 1765 1794 submo-

977 1812 1062 1839 visset
1079 1812 1277 1839 contentiosum
1298 1819 1452 1839 serntonem
1478 1813 1616 1839 hominum
1637 1813 1764 1840 dubitan-

978 1857 1056 1884 titttn.
1088 1856 1164 1884 Nunc
1191 1862 1281 1884 autem
1310 1857 1336 1884 in
1359 1865 1391 1884 ea
1414 1859 1556 1886 constituti
1586 1859 1766 1894 necessitate,

978 1904 1101 1937 protinus
1117 1904 1312 1935 ostenderunt,
1329 1908 1357 1930 ttt
1376 1904 1402 1930 itt
1419 1904 1480 1931 aliis
1504 1912 1610 1939 quoque
1633 1905 1766 1932 haberent

977 1948 1202 1975 necessitudinem
1220 1955 1281 1975 cum
1299 1947 1363 1981 Deo,
1379 1949 1532 1983 publicante
1545 1955 1644 1976 eventu
1661 1951 1767 1984 perspi-

954 2030 957 2033 ι
977 2001 1037 2026 cuo,
1050 1994 1120 2028 qttod
1136 1998 1195 2020 erat
1210 1994 1364 2020 ObSt‘lll'lllll.
1383 1993 1529 2029 Postquam
1543 2003 1607 2030 ergo
1621 1996 1686 2030 justi
1704 2005 1766 2023 ora-

979 2040 1078 2066 tioneut
1096 2040 1262 2071 movissent,
1281 2039 1348 2066 nihil
1365 2048 1393 2067 se
1409 2041 1461 2067 voti
1486 2047 1624 2074 compotes
1641 2041 1697 2068 fore
1714 2042 1765 2069 du-

977 2086 1108 2112 bitarunt.
1134 2085 1189 2113 Nec
1214 2085 1361 2121 quidquam
1387 2087 1519 2120 ejusmodi
1549 2095 1641 2115 secum
1674 2089 1767 2116 animo

978 2134 1150 2163 statuerunt;
1167 2136 1195 2157 ttt
1210 2131 1337 2157 nimirum
1363 2131 1528 2158 occultorum
1544 2134 1668 2167 cognitor
1682 2134 1765 2165 Deus.

978 2176 1112 2211 siquidem
1142 2177 1167 2203 ιιι
1197 2177 1267 2204 bono
1294 2184 1432 2204 cessuram
1460 2177 1582 2205 scivissat
1617 2180 1764 2206 editionem

942 2221 964 2248 1)
980 2223 1073 2257 prolis,
1099 2222 1307 2257 haudquaquam
1330 2230 1423 2249 eorum
1439 2226 1542 2250 natura:
1554 2229 1626 2251 esset
1639 2225 1765 2253 occlusu-

976 2276 1023 2295 rus
1036 2267 1124 2300 fores;
1144 2268 1349 2302 haudquaquam
1377 2268 1410 2295 iis
1435 2270 1567 2304 angustiis
1591 2278 1684 2298 eorum
1710 2274 1767 2298 att-—

977 2313 1097 2341 dicturus
1115 2313 1207 2340 vitam.
1234 2314 1414 2346 Quamobrem
1429 2322 1489 2341 sese
1511 2314 1604 2343 tnutu’o
1618 2317 1765 2344 hortaban-

977 2363 1030 2392 tur,
1047 2363 1076 2386 ut
1091 2359 1117 2386 in
1130 2359 1278 2392 Abraham,
1300 2359 1461 2394 Saramqne,
1480 2365 1506 2388 et
1521 2363 1626 2390 Annam
1644 2364 1764 2398 respice-

978 2408 1053 2439 rent;
1070 2411 1163 2440 sequc‘,
1177 2411 1205 2434 ut
1215 2414 1276 2433 cum
1289 2406 1341 2434 illis
1355 2407 1485 2434 orationis
1501 2415 1626 2435 eventum
1641 2411 1764 2444 accipere

981 2457 1162 2485 mererentur,
1185 2453 1377 2487 provocabant.
1395 2463 1404 2479 t
1425 2453 1586 2482 Prasclarum
1600 2455 1701 2490 itaque,
1724 2457 1766 2483 in-

980 2498 1054 2533 quit,
1079 2499 1156 2526 nobis
1172 2499 1208 2525 illi
1227 2499 1382 2533 exemplum
1401 2500 1531 2534 propositi
1557 2506 1635 2534 sunt,
1655 2507 1684 2529 ut
1698 2503 1766 2530 nihil

980 2543 1134 2571 lnesitantes
1150 2543 1300 2571 orationem
1318 2552 1483 2578 prontatnus.
1504 2555 1513 2571 ι
1529 2545 1654 2573 Praeclari
1682 2555 1766 2583 argn-

979 2591 1062 2617 menti
1078 2591 1138 2617 loco
1153 2596 1194 2618 est
1216 2590 1289 2618 Sara:
1301 2591 1430 2618 sterilitas
1449 2592 1474 2618 in
1488 2593 1627 2620 mollitiem
1651 2599 1764 2621 mutata.

978 2635 1141 2663 Praeclarum
1154 2637 1273 2672 signum,
1288 2637 1398 2664 incurva
1413 2637 1456 2664 illa
1470 2639 1556 2672 senio,
1572 2639 1597 2666 iu
1610 2645 1765 2675 vegetorunt

979 2683 1162 2710 membrorum
1193 2683 1377 2718 operationem
1398 2691 1542 2712 conversa.
1576 2685 1765 2720 Respiciamus

979 2729 1005 2757 in
1020 2737 1078 2757 eam
1103 2730 1208 2757 Eleans:
1234 2730 1355 2762 Annam,
1379 2731 1467 2759 simile
1491 2731 1569 2759 nobis
1597 2731 1691 2758 vitium
1718 2739 1766 2765 per

978 2784 1073 2811 preces
1096 2776 1284 2810 depellentem.
1302 2776 1443 2804 Discanttts
1461 2778 1518 2812 ejus
1541 2778 1674 2806 orati0ttis
1698 2785 1765 2806 conv
