1951 3076
202 135 269 168 1411

768 137 928 168 GEORGII
948 136 1248 168 NICOMEDIENSIS

1770 139 1839 172 1412

200 193 340 226 stautimt,
365 200 396 220 ac
412 193 495 220 animi
513 193 659 221 fervorem.
680 193 841 221 Norerimus
861 200 889 221 ut
902 202 987 229 quan-

1045 193 1104 228 μεθ’
1121 194 1200 229 ἡμῶν
1212 193 1413 229 ὲγκαλουμένη,
1427 193 1477 220 οὐκ
1489 193 1606 221 ὲνεδίδου
1617 195 1836 230 προσευχομένη.

200 247 281 277 quam
307 239 401 266 eadem
427 239 567 266 nobisettm
588 240 692 267 ratione
709 241 734 266 in
757 241 858 267 erimcn
876 245 988 272 vocata,

201 286 271 312 haud
286 289 375 311 tanton
392 284 424 311 ab
440 285 560 312 oratione
583 286 728 313 destiterit.
746 286 820 312 llaue
837 294 885 313 nos
901 286 990 312 imite-

200 339 269 358 mur.
299 331 364 365 Ejus
385 338 452 365 pone
473 331 584 366 vestigia
610 332 686 366 sequi
716 332 882 358 Studeamus.
912 331 989 358 Ducit

201 377 256 404 ita-c
272 377 304 403 ad
321 378 480 411 petitionem
494 385 583 404 rerum
596 382 781 410 speratarum;
796 377 988 411 petitionisque

200 424 431 455 ccasecutiouem,
452 431 483 450 es
502 424 533 450 iis
548 431 607 456 quze
621 429 660 450 est
677 428 799 457 operata,
814 423 954 458 promittit.
976 433 986 448 ι

199 468 256 495 Hoc
283 469 374 503 itaque
395 469 461 503 justi
485 469 628 496 consilium
654 470 680 495 itt
707 477 776 503 optts
802 469 987 501 deduxerunt,

199 514 327 548 quocirca
353 515 414 541 itule
438 514 510 541 ltunc
525 515 564 541 eis
590 514 699 540 modum
715 515 909 541 accinebanlur
926 522 988 549 pre-

199 559 313 586 cationis
328 560 408 585 verba
426 569 432 586 :
454 569 463 586 ι
481 559 532 592 Τιι,
550 559 653 593 inquit,
670 559 797 590 Domine,
811 559 856 593 qui
869 559 989 586 Patriar-

198 606 257 632 cita:
280 605 428 639 promisisti
460 605 517 631 fore
551 609 580 631 ut
608 612 689 639 super
730 612 872 631 numerttm
900 612 989 631 arena:

200 650 282 675 maris
301 648 359 681 ejus
384 649 577 683 tttttltipiicares
603 657 709 682 semen,
728 649 936 684 haudquaquam
962 650 987 677 id

200 694 358 729 multiplicis
385 695 467 730 prolis
493 695 611 722 editione
626 695 725 727 fecisti,
750 695 796 722 sed
814 695 893 722 unius
908 702 968 722 ortu
981 716 987 728 ,

200 741 407 775 promissionem
429 740 554 775 implesti.
574 740 612 767 Tu
629 741 789 775 promissam
807 745 920 772 terram,
935 749 987 768 tton

199 794 232 813 ex
257 787 364 818 multis,
389 787 434 813 sed
452 794 483 813 ex
499 781 551 814 uno
573 787 664 814 hocin
690 787 875 814 luereditatem
894 788 987 815 distri-

200 833 293 859 bttisti.
309 833 347 859 Tu
362 833 435 859 Sara:
452 833 684 866 infecunditatem,
699 833 726 860 in
744 834 826 868 prolis
837 833 987 861 fecundita-

1044 239 1153 275 Ταύτην
1170 241 1251 275 ἡμεῖς
1270 239 1467 275 μιμησώμεθα.
1493 239 1603 274 Ταύτης
1620 241 1737 267 κατόπιν
1761 241 1836 276 βαδί-
1867 266 1871 269 .

1044 285 1100 316 ζειν
1116 285 1301 319 ἐπειγώμεθα.
1329 285 1403 321 Αὕτη
1422 287 1588 321 χειραγωγεῐ
1605 286 1672 321 πρὸς
1691 286 1746 314 τῶν
1762 287 1838 314 ἐλπι-

1044 329 1166 364 ζομένων
1193 330 1241 365 τὴν
1265 330 1383 365 αἴτησιν,
1410 331 1458 357 καὶ
1485 330 1534 364 τὴν
1559 331 1710 365 ἐπιτυχίαν,
1736 330 1771 358 δί
1798 329 1837 359 ὧν

1044 376 1206 410 ἐνήργησεν,
1230 376 1440 410 ἐπαγγέλλεται.
1467 385 1476 402 ι
1492 375 1601 410 Ταύτην
1615 377 1762 412 τοιγαροῦν
1787 378 1837 414 τὴν

1045 422 1200 456 συμϐουλὴν
1219 423 1243 448 oi
1265 421 1364 448 δίκαιοι
1385 422 1426 453 εἰς
1447 421 1528 456 ἔργον
1549 421 1710 456 ἐξήνεγκαν,
1737 423 1778 450 διὸ
1801 424 1836 450 τὰ

1042 467 1091 501 τῆς
1103 468 1186 502 εὐχῆς
1201 467 1327 494 ἐντεῦθεν
1339 468 1429 500 αὐτοῖς
1442 468 1611 503 κατεπῄδετο
1622 469 1744 504 ῥήματα.
1762 478 1772 494 ‹
1788 470 1836 500 Συ,

1044 504 1121 547 φησι,
1143 513 1242 548 Κύριε,
1266 514 1306 548 τῷ
1322 506 1482 550 πατριάρχῃ
1499 512 1746 549 ἐπαγγειλάμενος,
1764 515 1835 550 ὑπὲρ

1042 557 1160 592 ἀριθμὸν
1172 557 1287 592 ψάμμου
1300 558 1439 593 θαλάσσης
1455 559 1504 594 τὴν
1518 559 1565 585 τοῦ
1582 560 1742 594 σπέρματος
1753 559 1836 586 αὑτοῦ

1043 602 1190 637 πληθύνειν
1205 603 1336 636 ἐπίδοσιν,
1353 604 1404 630 οὐκ
1420 605 1452 630 ἐκ
1470 605 1650 636 πολυτεκνίας
1667 606 1746 633 τοῦτο
1758 607 1837 642 ἐνερ-

1042 649 1130 683 γήσας
1147 647 1230 683 [Μαι.
1250 649 1416 685 ἐνήργησας]
1428 670 1435 682 ,
1453 650 1510 676 ἀλλ’
1522 651 1555 676 ὲκ
1573 651 1621 685 τῆς
1631 651 1679 677 τοῦ
1692 652 1751 684 ἑνὸς
1765 660 1836 687 προ-

1042 694 1114 724 όδου,
1132 693 1181 729 τὴν
1193 694 1342 728 ὑπόσχεσιν
1356 694 1516 726 ἐξετέλεσας
1526 703 1533 710 ·
1555 696 1587 721 σὺ
1606 695 1655 731 τὴν
1670 697 1836 731 κατάσχεσιν

1041 740 1091 774 τῆς
1102 739 1164 774 γῆς,
1174 740 1224 766 οὐκ
1238 741 1270 766 ὲκ
1284 740 1427 770 πλειόνων,
1440 741 1509 767 ἀλλὰ
1522 741 1571 767 τοῦ
1582 742 1639 773 ἑνὸς
1650 742 1746 769 τούτου
1756 744 1838 779 ἐκλη-

1043 785 1202 820 ροδότησας.
1221 785 1258 811 Σὺ
1275 785 1324 821 τὴν
1339 786 1449 819 ἀγονίαν
1464 786 1512 821 τῆς
1528 787 1636 822 Σάρρας
1650 788 1691 819 εἰς
1705 796 1836 822 τεκνογο-

1042 830 1100 856 νίαν
1116 830 1275 865 μετέϐαλες.
1290 831 1326 857 Σὺ
1341 832 1376 858 τὰ
1391 833 1545 867 παρειμένα
1559 833 1662 869 ταύτης
1672 834 1754 870 μέλη,
1767 835 1837 869 πρὸς

201 882 252 906 tem
267 879 382 905 vertisti.
403 878 441 905 Tu
456 879 514 913 ejus
529 879 642 906 remissa
657 879 789 912 membra,
803 884 830 906 ιιι
847 884 891 906 tuo
902 880 987 907 inser-

1041 876 1092 911 τὴν
1109 876 1158 910 σὴν
1174 876 1284 912 ἐντολὴν
1299 878 1476 912 ὑπουργῆσαι
1489 879 1645 914 ὲνίσχυσας.
1663 880 1699 906 Σὺ
1711 881 1760 916 τὴν
1771 882 1838 908 ἀπιν-

199 925 287 952 virent
303 929 447 959 prmcepto,
476 925 620 952 roborasti.
639 925 677 952 Tu
696 926 754 960 ejus
775 926 988 954 incredulitatem

200 971 226 998 in
250 971 329 997 fidetn
359 971 549 1001 commutasti,
581 971 661 1005 inqtte
684 972 750 998 nihil
774 972 988 999 Ita-sitaltundam

199 1021 333 1048 metttem,
357 1015 506 1042 luesitautis
529 1015 611 1042 animi
631 1021 719 1042 tnotus
742 1017 838 1043 cedere
859 1016 985 1044 eil'ecisti.

199 1061 257 1088 Non
272 1062 401 1093 ridemus,
414 1061 504 1094 utilia,
516 1061 562 1088 sed
575 1066 603 1088 ut
618 1063 708 1093 Anna,
721 1062 918 1096 supplicamus.
931 1062 988 1090 Non

199 1107 283 1133 dubio
298 1106 390 1132 animo
404 1114 496 1133 sumus
513 1106 538 1132 itt
551 1106 692 1139 oratione;
707 1107 753 1133 sed
769 1114 863 1133 sumus
875 1112 949 1134 certa
963 1108 988 1134 in

198 1156 323 1178 eveutmn
343 1151 402 1177 title.
419 1150 457 1177 Tu
481 1151 602 1185 patribus
625 1151 724 1178 nostris
745 1151 876 1178 mirabilia
893 1159 989 1185 opera—

200 1200 244 1222 tus
257 1203 295 1221 cs.
311 1195 350 1222 'l'u
367 1194 451 1222 Jacob
464 1195 624 1222 benedixisti
635 1215 642 1227 ,
659 1203 811 1229 nemenqne
832 1196 857 1223 ei
878 1196 989 1223 lsraelis

201 1241 345 1274 iudidtsli,
382 1249 436 1276 qtto
462 1241 520 1274 ejus
547 1241 609 1268 inde
638 1242 721 1268 animi
754 1242 988 1276 perspicacitatetn

199 1287 339 1314 innueres.
356 1288 420 1320 Ejus
432 1292 457 1313 tu
470 1288 565 1314 semini
581 1287 776 1321 profectiottcnt
789 1288 817 1314 iu
830 1287 988 1323 Egyptuut,

199 1333 370 1367 salutemque
388 1333 541 1367 providisti.
559 1332 616 1360 Non
637 1333 784 1367 permisisti
801 1340 829 1360 ut
847 1333 986 1368 Egyptia-

200 1386 258 1406 rum
280 1379 427 1405 crudelitas
445 1379 570 1413 populum
597 1385 670 1406 tuum
689 1380 863 1413 deprimeret.
883 1379 922 1406 Tu
947 1380 989 1406 itt-

200 1424 348 1451 toleraudis
361 1424 444 1458 plagis
456 1424 608 1451 incredulos
625 1425 762 1459 eastigasli
773 1445 780 1458 ,
798 1431 863 1452 utet
879 1432 922 1452 tua
941 1426 989 1452 be-

200 1469 319 1502 nignitas
330 1474 491 1502 palesetret,
510 1477 657 1503 eorumque
668 1470 782 1496 durities
793 1470 988 1497 declararetur.

200 1513 241 1541 Tu
260 1522 357 1541 novum
381 1515 406 1541 in
428 1515 496 1541 tttari
512 1515 563 1542 iter
579 1515 715 1542 invenisti.
734 1515 772 1542 Tu
791 1515 987 1543 elementorum

200 1561 313 1588 virtutes
331 1561 474 1588 iunovasti.
494 1561 533 1587 Tu
552 1567 676 1589 naturaut
701 1562 800 1589 ﬂuxam
814 1581 823 1595 ,
839 1563 865 1589 in
889 1563 985 1590 durant

198 1607 316 1642 speciem
330 1607 498 1640 convenisti,
517 1608 698 1643 populumque
715 1613 790 1635 tttttm
807 1609 888 1636 siccis
903 1609 988 1636 vesti-

195 1653 251 1688 giis
279 1654 431 1680 traduxisti.
459 1655 499 1681 Tu
529 1656 639 1681 uberem
668 1662 758 1682 escam
786 1655 810 1682 ei
835 1655 861 1682 in
883 1655 990 1682 deserto

199 1699 302 1733 pluisti,
317 1700 535 1735 esurientemque
549 1701 580 1727 ad
598 1708 684 1735 usque
698 1702 869 1728 saturitatem
886 1701 987 1729 aluisti.

200 1745 240 1773 Tu
262 1747 358 1774 durant
378 1753 483 1782 petram
507 1756 604 1782 aquam
622 1749 756 1775 scaturire
782 1748 880 1780 fecisti,
904 1756 936 1776 ac
953 1749 990 1776 si-

201 1793 311 1820 tientem
328 1794 453 1828 populum
470 1786 579 1828 potasti.
597 1794 636 1820 Ad
651 1802 711 1821 eam
728 1802 776 1821 nos
793 1795 967 1828 respicientes
980 1815 987 1827 ,

201 1840 408 1874 haudquaquam
431 1840 568 1866 dubietate
590 1848 684 1875 preces
709 1841 919 1875 supprimimus,
943 1843 989 1868 sed

200 1885 284 1912 animi
312 1886 469 1912 sinceritate
501 1894 574 1920 spent
600 1887 776 1914 intendimus.
801 1886 878 1914 Tune
905 1888 987 1919 enim,

202 1931 326 1962 Domine,
346 1931 378 1957 iis
403 1930 582 1964 producettdis
603 1931 712 1963 ellicax,
729 1939 788 1965 qua:
806 1932 918 1966 produci
943 1940 990 1959 ne-

199 1977 325 2009 quibant,
352 1975 377 2001 itt
405 1975 436 2002 iis
463 1982 522 2009 qua:
537 1975 661 2002 humanae
679 1981 743 2002 sunt
759 1975 895 2003 facultatis
909 1977 987 2011 juxta

201 2020 389 2056 primigeniam
413 2021 564 2053 rationem,
582 2028 631 2055 pro
657 2027 700 2048 tua
719 2021 862 2048 clementia
882 2023 989 2056 adiutor

201 2075 254 2093 non
279 2067 352 2093 eris?
377 2066 515 2100 Siquidem
538 2072 594 2093 toto
611 2066 738 2094 distantia
753 2075 851 2099 genere
868 2075 989 2095 commu—

201 2111 282 2138 nione
299 2112 470 2146 temperasti;
491 2112 582 2146 qttidui
603 2112 676 2139 ttnita
695 2120 742 2146 per
760 2118 903 2145 naturam,
919 2114 945 2140 in
963 2114 988 2140 id

200 2156 271 2191 quod
291 2158 428 2190 proprium
448 2158 558 2189 habent,
576 2158 710 2184 imbecilla
734 2158 921 2185 converteris?
945 2158 989 2186 Si-

1043 923 1119 949 στίαν
1143 922 1248 958 ταύτης
1271 924 1312 955 εἰς
1338 924 1432 950 πίστιν
1448 925 1637 960 μετήνεγκας,
1658 927 1706 953 καὶ
1721 927 1761 958 είς
1779 927 1838 953 ἀδί-

1042 977 1158 995 στακτον
1170 969 1284 1003 γνώμην
1298 969 1331 996 τὰ
1343 971 1390 995 τοῦ
1405 970 1551 997 διστακτοῦ
1564 972 1780 1005 μετεσκεύασας.
1797 973 1834 999 Οὐ

1043 1014 1182 1049 γελῶμεν,
1204 1015 1241 1047 ὡς
1260 1016 1364 1050 ἐκείνη,
1389 1016 1447 1042 ἀλλ’
1463 1016 1632 1052 ἱκετεύομεν,
1647 1018 1684 1049 ὡς
1697 1019 1714 1053 ἡ
1739 1019 1834 1045 Ἄννα.

1041 1061 1098 1087 Οὐκ
1111 1061 1322 1095 ἀμφιϐάλλομεν
1336 1062 1375 1092 εἰς
1390 1061 1440 1097 τὴν
1453 1062 1547 1097 δέησιν
1557 1071 1563 1078 ”
1583 1064 1652 1091 ἀλλὰ
1667 1065 1834 1100 πιστεύομεν

1041 1107 1080 1138 εἰς
1092 1107 1141 1141 τὴν
1153 1106 1275 1133 ἔκὸασιν.
1289 1107 1325 1133 Σὺ
1337 1107 1372 1134 τὰ
1382 1108 1523 1142 παράδοξα
1537 1111 1594 1141 τοῖς
1607 1111 1743 1145 πατράσιν
1754 1111 1835 1146 ἡμῶν

1041 1152 1206 1187 ἐνήργησας.
1229 1153 1265 1179 Σὺ
1285 1153 1330 1179 τὸν
1352 1153 1450 1180 Ἰακὼϐ
1471 1154 1635 1190 εὐλόγησας,
1654 1157 1703 1183 καὶ
1725 1157 1835 1193 Ἰσραὴλ

1043 1198 1238 1233 μετεκάλεσας,
1252 1199 1282 1224 τὸ
1293 1199 1446 1235 διορατικὺν
1460 1201 1542 1227 αὑτοῦ
1559 1201 1684 1228 ἐντεῦθεν
1709 1202 1835 1229 ὑπαινιτ-

1041 1243 1164 1278 τόμενος.
1192 1243 1228 1269 Σὺ
1247 1243 1287 1279 τῷ
1305 1245 1444 1280 σπέρματι
1461 1246 1544 1272 αὐτοῦ
1564 1247 1614 1281 τὴν
1636 1249 1676 1279 εἰς
1696 1249 1834 1282 Αἴγυπτον

1041 1289 1204 1324 ὁδοιπορίαν,
1217 1290 1265 1316 καὶ
1278 1292 1444 1327 συντήρησιν
1458 1292 1649 1328 ᾠκονόμησας.
1664 1294 1700 1322 Σὺ
1717 1294 1771 1321 τῶν
1787 1295 1834 1322 Αἱ-

1041 1337 1165 1371 γυπτίων
1178 1337 1227 1372 τὴν
1245 1338 1403 1372 μιαιφονίαν
1419 1338 1458 1374 τῷ
1475 1339 1532 1374 λαῷ
1553 1348 1598 1365 σου
1612 1339 1691 1375 [Leg.
1706 1340 1753 1366 τὸν
1770 1340 1833 1368 λαόν

1043 1382 1101 1419 σου]
1120 1383 1355 1418 κατασμικρύνειν
1378 1384 1408 1410 οὐ
1439 1383 1645 1419 συνεχώρησας.
1662 1385 1699 1412 Σὺ
1716 1384 1834 1419 πληγιίς

1041 1429 1191 1463 ὰφορήτοις
1206 1429 1388 1460 ἀπειθοῦντας
1400 1429 1511 1459 τούτους
1524 1429 1668 1461 ὲκόλασας,
1685 1429 1729 1456 ἵνα
1743 1432 1791 1456 και
1803 1429 1834 1456 τὸ

1042 1474 1087 1500 σὺν
1121 1467 1189 1501 ,ιΙαῘε
1205 1474 1287 1500 ΑΙίαι.
1302 1474 1331 1500 τὸ
1345 1474 1444 1510 σοφὴν]
1463 1474 1657 1509 φιλάνθρωπον
1675 1475 1832 1510 ἁναδειχθῇ,

1042 1519 1178 1545 κάκείνων
1196 1519 1226 1546 τὸ
1241 1519 1398 1554 ἀμείλικτον
1413 1521 1569 1556 φανερωυῇ.
1585 1521 1621 1546 Σὺ
1638 1520 1716 1556 ξένην
1732 1521 1791 1547 ὁδὸν
1805 1522 1834 1546 ἐν

1043 1565 1166 1601 θαλάσσῃ
1182 1565 1380 1600 ὲνεούργησας.
1400 1566 1435 1592 Σὺ
1458 1566 1507 1596 τὰς
1524 1566 1578 1592 τῶν
1596 1566 1738 1600 στοιχείων
1757 1567 1834 1601 ἐνερ-

1042 1612 1120 1645 γείας
1140 1611 1367 1646 ἐκαινοτόμησας.
1385 1612 1419 1638 Σὺ
1441 1612 1490 1646 τὴν
1510 1611 1597 1646 ῥοώδη
1615 1611 1713 1645 φύσιν,
1730 1612 1770 1643 είς
1787 1613 1834 1638 ἁν-

1041 1657 1154 1683 τίτυπον
1168 1657 1261 1692 σχῆμα
1277 1657 1460 1691 μετέστησας,
1475 1657 1521 1683 καὶ
1534 1656 1578 1682 τὸν
1590 1656 1654 1683 λαόν
1666 1665 1713 1683 σου
1725 1656 1811 1692 ἀϐρόχ
1820 1665 1834 1689 ρ

1042 1703 1140 1739 πορείᾳ
1154 1703 1324 1734 διεϐίϐασας.
1337 1704 1373 1730 Σὺ
1390 1703 1438 1738 τὴν
1450 1703 1565 1737 ἄφθονον
1576 1703 1678 1738 τροφὴν
1692 1704 1720 1729 ὲν
1736 1704 1834 1740 ἐρήμῳ

1041 1747 1240 1783 ἐπώμὸρησας,
1255 1748 1304 1774 καὶ
1319 1749 1454 1775 πεινῶντα
1470 1749 1564 1775 τοῦτον
1580 1749 1619 1781 εἰς
1632 1749 1713 1784 κόρον
1725 1749 1835 1784 ὲξέθρε-

1040 1794 1105 1828 ψας.
1123 1794 1159 1820 Σὺ
1178 1794 1226 1829 τὴν
1243 1795 1398 1829 ἁκρότομον
1423 1794 1526 1830 πέτραν
1547 1794 1618 1831 ὕδωρ
1636 1795 1761 1830 πηγάσαι
1782 1803 1833 1822 πει

1041 1839 1170 1874 ποίηκας,
1180 1840 1228 1866 καὶ
1238 1839 1357 1874 διψῶντα
1369 1839 1462 1866 τοῦτον
1474 1841 1613 1872 ἑπότισας.
1625 1841 1698 1876 Πρὸς
1708 1841 1742 1876 ἥν
1752 1842 1833 1876 ἡμεῖς

1041 1885 1253 1917 ἀποϐλέποντες,
1270 1886 1318 1912 οὐκ
1340 1885 1492 1920 ἀμφιϐολίᾳ
1507 1886 1540 1912 τὰ
1557 1887 1607 1922 τῆς
1630 1887 1712 1921 εὐχῆς
1747 1896 1833 1915 κατα-

1042 1929 1203 1964 στέλλομεν,
1218 1929 1275 1955 ἀλλ’
1295 1930 1456 1965 εἰλικρινεία
1477 1931 1511 1956 τὰ
1529 1930 1579 1964 τῆς
1597 1931 1704 1963 ἐλπίδος
1716 1931 1834 1958 ἐκτείνο-

1043 1983 1103 2010 μεν.
1116 1977 1153 2001 Οὐ
1164 1975 1219 2009 γὰρ
1232 1975 1274 2009 ἐφ’
1284 1973 1324 2007 οἷς
1335 1975 1385 2001 οὐκ
1398 1975 1466 2007 ἔστι,
1479 1975 1575 2011 Κύριε,
1586 1976 1723 2010 παράγειν
1734 1977 1752 2003 ἃ
1764 1985 1832 2012 προ-

1041 2020 1122 2056 ήχθη,
1137 2018 1289 2055 ὲνήργήσας
1309 2019 1422 2055 [Melius
1438 2019 1618 2055 ὲνεργήσας],
1632 2013 1687 2051 τὸῖς
1699 2021 1743 2054 ἐφ’
1767 2021 1833 2056 ἡμῖν

1040 2066 1178 2103 κειμένοις
1191 2066 1262 2092 κατὰ
1273 2066 1318 2092 τὸν
1334 2066 1380 2092 σὸν
1393 2067 1505 2101 ἀρχικὸν
1516 2067 1588 2101 ὅρον,
1602 2067 1633 2092 οὐ
1643 2068 1830 2102 συνεργήσεις,

1040 2113 1234 2148 φιλάνθρωπες
1271 2113 1343 2139 [ii-rd
1356 2114 1440 2139 παντὶ
1460 2113 1622 2147 διεστηκότα
1641 2113 1680 2148 τῷ
1701 2114 1776 2147 γένει
1792 2114 1833 2144 είς

1040 2159 1184 2185 κοινωνίαν
1202 2159 1354 2194 ὲκέρασας,
1371 2159 1405 2185 τὰ
1419 2159 1549 2194 ἡνωμένα
1564 2160 1596 2193 τῇ
1614 2158 1696 2192 φύσει
1709 2179 1716 2187 ,
1738 2158 1831 2195 [πρὸς]

199 2203 308 2237 quidem
328 2203 478 2236 produxisti
501 2206 624 2228 naturam
641 2211 673 2229 ex
689 2203 772 2229 niltilo
784 2223 792 2235 ,
806 2204 899 2237 quidni
917 2204 986 2231 male

1041 2205 1069 2231 τὸ
1085 2204 1149 2231 ἴδιον
1164 2205 1214 2231 οὐκ
1231 2204 1410 2239 ἀναστρέψεις
1431 2204 1668 2238 ὲξασϐενήσαντα;
1685 2204 1715 2229 Ei
1734 2205 1771 2238 μὴ
1787 2203 1833 2230 οὗ·

200 2249 343 2277 ltabentem
365 2252 492 2281 tanquam
510 2247 639 2274 Dominus
668 2249 880 2276 iustauraveris?
898 2249 985 2277 Tuum

197 2300 252 2326 est.
271 2295 394 2326 Domine,
412 2302 481 2328 opus
497 2294 562 2320 illud
580 2303 586 2320 :
603 2299 675 2320 tttunt
690 2294 806 2328 facinus,
820 2297 891 2330 quod
905 2305 987 2324 neuio

190 2342 267 2368 ‘alius
286 2350 299 2367 ιι
314 2346 339 2368 te
352 2346 480 2375 praestare
499 2341 590 2375 possit.
605 2340 726 2368 Potentia
741 2347 785 2368 tua
804 2350 847 2369 res
862 2343 987 2370 maxima:

195 2389 322 2423 prodigio
337 2393 490 2422 patrantur.
508 2387 563 2414 Tua
574 2388 706 2421 jussionc,
720 2387 830 2415 flumina
847 2395 987 2416 revertun-

200 2441 254 2466 tur,
280 2442 312 2462 ac
339 2435 365 2461 itt
394 2434 559 2462 contrarium
588 2435 683 2461 ﬂuunt.
710 2435 768 2461 Tuo
793 2435 833 2462 sol
851 2441 987 2471 prtecepto

197 2488 309 2508 cursum
332 2481 445 2513 inhibet,
465 2480 641 2515 retrahitque.
667 2480 725 2507 Tuo
744 2486 810 2507 nutu
832 2481 987 2515 ntultigeuze

198 2527 338 2554 brutarum
355 2527 532 2554 animantium
555 2527 659 2561 species
673 2526 795 2554 fecundae
815 2527 849 2554 ad
874 2535 986 2554 succes-

197 2573 303 2600 sionem
325 2578 494 2607 permanent.
514 2572 683 2600 Ordinationi
704 2578 754 2599 tum
769 2573 868 2600 cedunt
882 2574 984 2605 omnia,

198 2627 249 2646 nec
272 2619 417 2654 quidquam
444 2623 490 2646 tuo
515 2625 648 2654 pratt'epto
675 2619 787 2646 resistit.
815 2617 856 2645 Tu
878 2626 985 2653 quoque

197 2667 303 2693 Annam
323 2665 394 2692 illam
415 2665 508 2692 eodem
535 2665 701 2692 laborantem
726 2665 852 2692 orbitatis
878 2665 983 2697 morbo,

198 2712 281 2738 tnulta
299 2713 374 2747 prole
396 2713 513 2744 donasti,
538 2719 570 2738 ac
588 2719 646 2738 eam
669 2719 729 2745 quae
756 2710 854 2737 multos
869 2709 984 2737 habebat

197 2758 310 2791 liberos,
335 2759 393 2785 sitte
418 2758 510 2785 liberis
534 2757 659 2784 effecisti.
686 2756 741 2783 Nus
759 2763 878 2791 quoque,
899 2763 915 2783 ο
932 2755 985 2783 Do-

197 2803 281 2836 mine,
309 2804 406 2838 probro
427 2803 570 2834 atiicitnur,
589 2810 641 2829 non
663 2809 714 2828 una
731 2802 862 2828 duntaxat
887 2807 983 2829 contu-

199 2848 300 2876 bernali
321 2849 473 2883 proferente
495 2849 605 2882 femina,
632 2849 678 2876 scd
696 2847 766 2876 tribu
783 2848 909 2876 universa
927 2853 977 2875 tra-

1042 2259 1093 2276 σαν
1113 2250 1162 2285 τὴν
1178 2249 1259 2284 φύσιν
1280 2252 1453 2285 παρήγαγες,
1473 2250 1510 2284 μὴ
1527 2247 1556 2276 εὖ
1571 2249 1765 2284 διακειμένην,
1781 2249 1832 2275 οὐκ

1041 2297 1214 2332 ἀδιοροώσεις,
1224 2297 1261 2327 ὡς
1273 2297 1388 2332 Κύριος;
1402 2297 1460 2329 Σὺν,
1472 2294 1494 2322 ὧ
1503 2297 1635 2328 Δέσποτα,
1647 2295 1727 2322 τοῦτο
1739 2294 1831 2330 ἔργον.

1042 2343 1090 2369 Σὺν
1103 2343 1133 2368 τὸ
1146 2342 1326 2377 κατόρθωμα,
1338 2343 1369 2368 τὸ
1382 2343 1464 2368 πᾶσιν
1477 2342 1627 2376 ἀμήχανον.
1640 2341 1676 2374 Σῇ
1687 2340 1832 2374 δυναστείᾳ

1040 2389 1075 2415 τὰ
1083 2389 1198 2424 μέγιστα
1209 2388 1263 2414 τῶν
1274 2388 1446 2423 πραγμάτων
1453 2388 1686 2422 τερατουργεῐται.
1700 2386 1736 2420 Σῇ
1747 2393 1833 2419 προσ-

1040 2436 1116 2468 τάξει
1141 2435 1196 2461 τῶν
1212 2435 1342 2469 ποταμῶν
1362 2433 1397 2460 τὰ
1410 2434 1534 2469 ῥεύματα
1547 2434 1586 2464 εἰς
1599 2432 1751 2467 τοῦμπαλιν
1764 2432 1832 2458 ἀνα-

1040 2481 1142 2516 τρέχει.
1163 2479 1199 2515 Σῇ
1218 2479 1341 2506 κελεύσει
1355 2481 1369 2506 ὁ
1382 2480 1456 2514 ἥλιος
1473 2480 1518 2505 τὸν
1532 2478 1633 2514 δρόμον
1647 2477 1830 2512 ἀναχαιτίζει.

1041 2528 1077 2562 Σῇ
1095 2518 1233 2553 ἐπινεύσει
1249 2527 1282 2553 τὰ
1304 2526 1432 2560 πολυειδῆ
1454 2525 1508 2551 τῶν
1526 2526 1631 2559 ἀγόνων
1649 2524 1656 2560 [
1671 2524 1744 2551 Μαι.
1764 2523 1830 2550 ἁλό-

1040 2571 1114 2607 γων]
1129 2574 1194 2606 γένη
1209 2590 1217 2602 ,
1233 2571 1334 2606 γόνιμα
1354 2571 1422 2605 πρὸς
1441 2570 1565 2605 διαδοχὴν
1590 2569 1760 2604 διαμένουσι.
1789 2570 1829 2605 Τῇ

1040 2618 1073 2652 σῇ
1086 2617 1206 2649 διατάξει
1219 2617 1308 2643 πάντα
1320 2617 1441 2649 ὑπείκει,
1457 2616 1504 2642 καὶ
1519 2616 1558 2651 τῷ
1573 2616 1765 2651 προστάγματι
1782 2625 1829 2642 σου

1039 2663 1115 2689 οὐδὲν
1136 2663 1303 2690 ἀντιπίπτει.
1332 2663 1368 2689 Σὺ
1393 2664 1441 2689 καὶ.
1466 2664 1516 2697 τὴν
1547 2662 1646 2688 Ἄνναν
1669 2663 1718 2697 τὴν
1743 2662 1831 2697 αὐτὴν

1039 2708 1167 2736 ἀτεκνίαν
1184 2710 1338 2744 νοσήσασαν
1359 2710 1399 2740 εἰς
1427 2708 1605 2735 πολυτεκνίαν
1624 2707 1807 2742 μετεποίησα,
1820 2728 1830 2742 ,

1039 2755 1086 2781 καὶ
1102 2756 1152 2789 τὴν
1174 2755 1337 2781 πολύτεκνον
1363 2755 1402 2786 εἰς
1427 2754 1540 2781 ἄτεκνον
1566 2753 1725 2788 μετέϐαλες.
1747 2753 1830 2780 Ἐστι

1039 2803 1087 2830 καὶ
1104 2804 1168 2838 ἡμῖν
1185 2802 1338 2837 ὀνειδισμὸς
1351 2821 1358 2833 ,
1377 2799 1399 2828 ὦ
1417 2801 1554 2830 Δέσποτα.
1574 2801 1624 2827 οὐκ
1641 2802 1673 2827 ὲκ
1691 2801 1756 2835 μιᾶς
1777 2801 1830 2833 τῇς

1040 2849 1164 2875 συνοίκου
1187 2849 1316 2882 γυειαικδς
1331 2849 1525 2883 ἐκφερόμενος,
1541 2847 1608 2874 ἀλλὰ
1624 2847 1699 2882 παρὰ
1711 2848 1760 2882 τῆς
1776 2856 1830 2882 φυ-
