  <div class='ocr_page' id='page_1' title='image "/cluster/home/n/w/nwhite01/storage/ocr_20150623/100/njp.32101077772869/756.png"; bbox 0 0 1951 3076; ppageno 0'>
   <div class='ocr_carea' id='block_1_1' title="bbox 121 144 189 176">
    <p class='ocr_par' dir='ltr' id='par_1_1' title="bbox 121 144 189 176">
     <span class='ocr_line' id='line_1_1' title="bbox 121 144 189 176; baseline -0.015 0"><span class='ocrx_word' id='word_1_1' title='bbox 121 144 189 176; x_wconf 71' lang='grc'><strong>1413</strong></span> 
     </span>
    </p>
   </div>
   <div class='ocr_carea' id='block_1_2' title="bbox 600 135 1251 173">
    <p class='ocr_par' dir='ltr' id='par_1_2' title="bbox 600 135 1251 173">
     <span class='ocr_line' id='line_1_2' title="bbox 600 135 1251 173; baseline -0.012 0"><span class='ocrx_word' id='word_1_2' title='bbox 600 142 642 172; x_wconf 83' lang='grc' dir='ltr'>ΙΝ</span> <span class='ocrx_word' id='word_1_3' title='bbox 663 142 714 173; x_wconf 89' lang='lat' dir='ltr'><strong>SS.</strong></span> <span class='ocrx_word' id='word_1_4' title='bbox 735 140 867 172; x_wconf 68' lang='grc' dir='ltr'><strong>ΜΑΒΙΕ</strong></span> <span class='ocrx_word' id='word_1_5' title='bbox 885 135 1251 168; x_wconf 62' lang='grc' dir='ltr'><strong>ΡΚἘΞΕΝΤΑΤΙΟΝΕΜ.</strong></span> 
     </span>
    </p>
   </div>
   <div class='ocr_carea' id='block_1_3' title="bbox 1675 133 1742 165">
    <p class='ocr_par' dir='ltr' id='par_1_3' title="bbox 1675 133 1742 165">
     <span class='ocr_line' id='line_1_3' title="bbox 1675 133 1742 165; baseline 0 0"><span class='ocrx_word' id='word_1_6' title='bbox 1675 133 1742 165; x_wconf 62' lang='lat' dir='ltr'><strong>iiii</strong></span> 
     </span>
    </p>
   </div>
   <div class='ocr_carea' id='block_1_4' title="bbox 119 187 915 235">
    <p class='ocr_par' dir='ltr' id='par_1_4' title="bbox 119 196 907 235">
     <span class='ocr_line' id='line_1_4' title="bbox 119 196 907 235; baseline -0.006 -9"><span class='ocrx_word' id='word_1_7' title='bbox 119 200 169 235; x_wconf 80' lang='grc' dir='ltr'><strong>λῆς</strong></span> <span class='ocrx_word' id='word_1_8' title='bbox 193 197 303 232; x_wconf 81' lang='grc' dir='ltr'>ἁπάσης</span> <span class='ocrx_word' id='word_1_9' title='bbox 324 196 593 232; x_wconf 75' lang='grc' dir='ltr'>ἑκτραγῳδούμενος.</span> <span class='ocrx_word' id='word_1_10' title='bbox 620 197 656 224; x_wconf 78' lang='grc' dir='ltr'>Σὺ</span> <span class='ocrx_word' id='word_1_11' title='bbox 677 196 789 228; x_wconf 69' lang='grc' dir='ltr'>δυνατὸς</span> <span class='ocrx_word' id='word_1_12' title='bbox 814 196 907 222; x_wconf 82' lang='grc' dir='ltr'>τοῦτον</span> 
     </span>
    </p>
   </div>
   <div class='ocr_carea' id='block_1_5' title="bbox 968 187 1742 235">
    <p class='ocr_par' dir='ltr' id='par_1_5' title="bbox 968 187 1742 225">
     <span class='ocr_line' id='line_1_5' title="bbox 968 187 1742 225; baseline 0.001 -9"><span class='ocrx_word' id='word_1_13' title='bbox 968 191 1019 225; x_wconf 71' lang='grc' dir='ltr'>ςὶοο</span> <span class='ocrx_word' id='word_1_14' title='bbox 1032 190 1171 216; x_wconf 76' lang='lat' dir='ltr'><strong>illudeute.</strong></span> <span class='ocrx_word' id='word_1_15' title='bbox 1190 189 1268 216; x_wconf 75' lang='lat' dir='ltr'><strong>Potes</strong></span> <span class='ocrx_word' id='word_1_16' title='bbox 1280 189 1336 224; x_wconf 83' lang='lat' dir='ltr'><strong>ipse</strong></span> <span class='ocrx_word' id='word_1_17' title='bbox 1348 187 1411 215; x_wconf 86' lang='lat' dir='ltr'><strong>illud</strong></span> <span class='ocrx_word' id='word_1_18' title='bbox 1426 188 1542 215; x_wconf 82' lang='lat' dir='ltr'><strong>auferre.</strong></span> <span class='ocrx_word' id='word_1_19' title='bbox 1556 187 1636 216; x_wconf 83' lang='lat' dir='ltr'><strong>Vales</strong></span> <span class='ocrx_word' id='word_1_20' title='bbox 1652 191 1742 218; x_wconf 79' lang='lat' dir='ltr'><strong>otian-</strong></span> 
     </span>
    </p>
   </div>
   <div class='ocr_carea' id='block_1_6' title="bbox 120 243 907 280">
    <p class='ocr_par' dir='ltr' id='par_1_6' title="bbox 120 243 907 280">
     <span class='ocr_line' id='line_1_6' title="bbox 120 243 907 280; baseline -0.006 -8"><span class='ocrx_word' id='word_1_21' title='bbox 120 245 229 280; x_wconf 76' lang='grc' dir='ltr'><strong>ἐξᾶραι·</strong></span> <span class='ocrx_word' id='word_1_22' title='bbox 245 245 279 271; x_wconf 64' lang='lat' dir='ltr'><strong>aii</strong></span> <span class='ocrx_word' id='word_1_23' title='bbox 292 244 382 275; x_wconf 72' lang='grc' dir='ltr'>ἱκανὸς</span> <span class='ocrx_word' id='word_1_24' title='bbox 395 244 444 278; x_wconf 88' lang='grc' dir='ltr'>τὴν</span> <span class='ocrx_word' id='word_1_25' title='bbox 456 243 507 278; x_wconf 83' lang='grc' dir='ltr'><strong>τῆς</strong></span> <span class='ocrx_word' id='word_1_26' title='bbox 518 244 625 278; x_wconf 83' lang='grc' dir='ltr'>φύσεως</span> <span class='ocrx_word' id='word_1_27' title='bbox 637 243 735 278; x_wconf 79' lang='grc' dir='ltr'>ἀργίαν</span> <span class='ocrx_word' id='word_1_28' title='bbox 749 244 788 274; x_wconf 81' lang='grc' dir='ltr'><strong>εἰς</strong></span> <span class='ocrx_word' id='word_1_29' title='bbox 802 251 907 276; x_wconf 82' lang='grc' dir='ltr'>καρπο-</span> 
     </span>
    </p>
   </div>
   <div class='ocr_carea' id='block_1_7' title="bbox 121 287 909 326">
    <p class='ocr_par' dir='ltr' id='par_1_7' title="bbox 121 287 909 326">
     <span class='ocr_line' id='line_1_7' title="bbox 121 287 909 326; baseline -0.005 -9"><span class='ocrx_word' id='word_1_30' title='bbox 121 291 221 326; x_wconf 77' lang='grc' dir='ltr'>φορίαν</span> <span class='ocrx_word' id='word_1_31' title='bbox 236 289 438 325; x_wconf 80' lang='grc' dir='ltr'>ὲξευτρεπίσαι.</span> <span class='ocrx_word' id='word_1_32' title='bbox 454 289 499 315; x_wconf 83' lang='grc' dir='ltr'>Διὺ</span> <span class='ocrx_word' id='word_1_33' title='bbox 512 289 578 324; x_wconf 72' lang='grc' dir='ltr'>πρὸς</span> <span class='ocrx_word' id='word_1_34' title='bbox 595 289 624 315; x_wconf 82' lang='grc' dir='ltr'>σὲ</span> <span class='ocrx_word' id='word_1_35' title='bbox 644 289 739 314; x_wconf 79' lang='grc' dir='ltr'>τοῦτον</span> <span class='ocrx_word' id='word_1_36' title='bbox 753 288 846 318; x_wconf 84' lang='grc' dir='ltr'>ἁπλῶς</span> <span class='ocrx_word' id='word_1_37' title='bbox 864 287 909 314; x_wconf 66' lang='grc' dir='ltr'><strong>τὸν</strong></span> 
     </span>
    </p>
   </div>
   <div class='ocr_carea' id='block_1_8' title="bbox 122 334 910 371">
    <p class='ocr_par' dir='ltr' id='par_1_8' title="bbox 122 334 910 371">
     <span class='ocr_line' id='line_1_8' title="bbox 122 334 910 371; baseline -0.003 -9"><span class='ocrx_word' id='word_1_38' title='bbox 122 337 184 363; x_wconf 76' lang='grc' dir='ltr'>νοῦν</span> <span class='ocrx_word' id='word_1_39' title='bbox 204 336 400 370; x_wconf 80' lang='grc' dir='ltr'><strong>ἐνστησάμενοι</strong></span> <span class='ocrx_word' id='word_1_40' title='bbox 411 355 418 367; x_wconf 80' lang='grc'><em>,</em></span> <span class='ocrx_word' id='word_1_41' title='bbox 432 335 481 370; x_wconf 73' lang='grc' dir='ltr'><strong>οὐχ</strong></span> <span class='ocrx_word' id='word_1_42' title='bbox 496 335 596 371; x_wconf 78' lang='grc' dir='ltr'>ἑτέρως</span> <span class='ocrx_word' id='word_1_43' title='bbox 617 335 794 370; x_wconf 80' lang='grc' dir='ltr'>έκκλίνομεν,</span> <span class='ocrx_word' id='word_1_44' title='bbox 814 334 910 369; x_wconf 78' lang='grc' dir='ltr'><strong>μέχρις</strong></span> 
     </span>
    </p>
   </div>
   <div class='ocr_carea' id='block_1_9' title="bbox 122 379 909 417">
    <p class='ocr_par' dir='ltr' id='par_1_9' title="bbox 122 379 909 417">
     <span class='ocr_line' id='line_1_9' title="bbox 122 379 909 417; baseline -0.004 -9"><span class='ocrx_word' id='word_1_45' title='bbox 122 383 155 409; x_wconf 85' lang='grc' dir='ltr'>ἂν</span> <span class='ocrx_word' id='word_1_46' title='bbox 169 383 223 409; x_wconf 84' lang='grc' dir='ltr'>τῶν</span> <span class='ocrx_word' id='word_1_47' title='bbox 236 382 406 417; x_wconf 77' lang='grc' dir='ltr'><strong>αἰτουμένων</strong></span> <span class='ocrx_word' id='word_1_48' title='bbox 426 381 456 415; x_wconf 64' lang='grc' dir='ltr'><strong>το</strong></span> <span class='ocrx_word' id='word_1_49' title='bbox 472 382 559 416; x_wconf 78' lang='grc' dir='ltr'>πέρας</span> <span class='ocrx_word' id='word_1_50' title='bbox 573 381 738 415; x_wconf 85' lang='grc' dir='ltr'>κατίδοιμεν·</span> <span class='ocrx_word' id='word_1_51' title='bbox 757 381 793 416; x_wconf 84' lang='grc' dir='ltr'>μὴ</span> <span class='ocrx_word' id='word_1_52' title='bbox 810 379 909 415; x_wconf 81' lang='grc' dir='ltr'>βραδύ-</span> 
     </span>
    </p>
   </div>
   <div class='ocr_carea' id='block_1_10' title="bbox 123 425 909 462">
    <p class='ocr_par' dir='ltr' id='par_1_10' title="bbox 123 425 909 462">
     <span class='ocr_line' id='line_1_10' title="bbox 123 425 909 462; baseline -0.004 -8"><span class='ocrx_word' id='word_1_53' title='bbox 123 437 179 454; x_wconf 85' lang='grc' dir='ltr'>νειν</span> <span class='ocrx_word' id='word_1_54' title='bbox 192 428 246 462; x_wconf 81' lang='grc' dir='ltr'><strong>γὰρ</strong></span> <span class='ocrx_word' id='word_1_55' title='bbox 262 427 342 462; x_wconf 81' lang='grc' dir='ltr'>ῐσμεν</span> <span class='ocrx_word' id='word_1_56' title='bbox 359 426 404 453; x_wconf 76' lang='grc' dir='ltr'><strong>τὸν</strong></span> <span class='ocrx_word' id='word_1_57' title='bbox 418 427 446 453; x_wconf 77' lang='grc' dir='ltr'>ὲν</span> <span class='ocrx_word' id='word_1_58' title='bbox 461 428 518 457; x_wconf 86' lang='grc' dir='ltr'>τοῖς</span> <span class='ocrx_word' id='word_1_59' title='bbox 530 426 619 457; x_wconf 69' lang='grc' dir='ltr'>ἄλλοις</span> <span class='ocrx_word' id='word_1_60' title='bbox 632 426 737 460; x_wconf 75' lang='grc' dir='ltr'>ταχέως</span> <span class='ocrx_word' id='word_1_61' title='bbox 751 425 909 460; x_wconf 72' lang='grc' dir='ltr'>προφθάντα</span> 
     </span>
    </p>
   </div>
   <div class='ocr_carea' id='block_1_11' title="bbox 123 474 320 507">
    <p class='ocr_par' dir='ltr' id='par_1_11' title="bbox 123 474 320 507">
     <span class='ocr_line' id='line_1_11' title="bbox 123 474 320 507; baseline -0.01 -7"><span class='ocrx_word' id='word_1_62' title='bbox 123 474 171 505; x_wconf 74' lang='grc' dir='ltr'><strong>τὰς</strong></span> <span class='ocrx_word' id='word_1_63' title='bbox 186 474 320 507; x_wconf 80' lang='grc' dir='ltr'>αἰτήσεις.</span> 
     </span>
    </p>
   </div>
   <div class='ocr_carea' id='block_1_12' title="bbox 158 517 910 553">
    <p class='ocr_par' dir='ltr' id='par_1_12' title="bbox 158 517 910 553">
     <span class='ocr_line' id='line_1_12' title="bbox 158 517 910 553; baseline -0.004 -7"><span class='ocrx_word' id='word_1_64' title='bbox 158 519 234 552; x_wconf 77' lang='grc' dir='ltr'>Αὕτη</span> <span class='ocrx_word' id='word_1_65' title='bbox 249 519 303 545; x_wconf 87' lang='grc' dir='ltr'>τῶν</span> <span class='ocrx_word' id='word_1_66' title='bbox 317 519 430 545; x_wconf 85' lang='grc' dir='ltr'>δικαίων</span> <span class='ocrx_word' id='word_1_67' title='bbox 453 519 470 553; x_wconf 82' lang='grc' dir='ltr'><strong>ἡ</strong></span> <span class='ocrx_word' id='word_1_68' title='bbox 488 518 588 551; x_wconf 78' lang='grc' dir='ltr'>δέησις,</span> <span class='ocrx_word' id='word_1_69' title='bbox 609 517 640 544; x_wconf 80' lang='grc' dir='ltr'>τὸ</span> <span class='ocrx_word' id='word_1_70' title='bbox 657 517 800 553; x_wconf 76' lang='grc' dir='ltr'>εἱλικρινὲς</span> <span class='ocrx_word' id='word_1_71' title='bbox 820 517 910 544; x_wconf 75' lang='grc' dir='ltr'>αὐτῶν</span> 
     </span>
    </p>
   </div>
   <div class='ocr_carea' id='block_1_13' title="bbox 123 562 911 599">
    <p class='ocr_par' dir='ltr' id='par_1_13' title="bbox 123 562 911 599">
     <span class='ocr_line' id='line_1_13' title="bbox 123 562 911 599; baseline -0.003 -8"><span class='ocrx_word' id='word_1_72' title='bbox 123 564 305 599; x_wconf 73' lang='grc' dir='ltr'>τεκμηριῶσαι</span> <span class='ocrx_word' id='word_1_73' title='bbox 319 565 368 599; x_wconf 84' lang='grc' dir='ltr'><strong>τῆς</strong></span> <span class='ocrx_word' id='word_1_74' title='bbox 384 563 511 595; x_wconf 83' lang='grc' dir='ltr'>πίστεως·</span> <span class='ocrx_word' id='word_1_75' title='bbox 523 563 571 589; x_wconf 82' lang='grc' dir='ltr'>καὶ</span> <span class='ocrx_word' id='word_1_76' title='bbox 583 562 622 594; x_wconf 75' lang='grc' dir='ltr'>οἷς</span> <span class='ocrx_word' id='word_1_77' title='bbox 636 563 754 599; x_wconf 55' lang='lat' dir='ltr'><strong>apposta]</strong></span> <span class='ocrx_word' id='word_1_78' title='bbox 768 562 851 599; x_wconf 65' lang='grc' dir='ltr'><strong>[Μαι.</strong></span> <span class='ocrx_word' id='word_1_79' title='bbox 866 564 911 599; x_wconf 65' lang='lat' dir='ltr'><strong>ep-</strong></span> 
     </span>
    </p>
   </div>
   <div class='ocr_carea' id='block_1_14' title="bbox 126 609 909 646">
    <p class='ocr_par' dir='ltr' id='par_1_14' title="bbox 126 609 909 646">
     <span class='ocr_line' id='line_1_14' title="bbox 126 609 909 646; baseline -0.001 -10"><span class='ocrx_word' id='word_1_80' title='bbox 126 609 215 646; x_wconf 79' lang='grc' dir='ltr'>ῥήθη]</span> <span class='ocrx_word' id='word_1_81' title='bbox 238 609 269 636; x_wconf 77' lang='grc' dir='ltr'>τὸ</span> <span class='ocrx_word' id='word_1_82' title='bbox 292 610 321 636; x_wconf 85' lang='grc' dir='ltr'>ὲν</span> <span class='ocrx_word' id='word_1_83' title='bbox 346 610 402 640; x_wconf 84' lang='grc' dir='ltr'>τοῖς</span> <span class='ocrx_word' id='word_1_84' title='bbox 437 609 527 640; x_wconf 81' lang='grc' dir='ltr'>ἄλλοις</span> <span class='ocrx_word' id='word_1_85' title='bbox 547 609 689 644; x_wconf 67' lang='grc' dir='ltr'>εὐδόκιμον</span> <span class='ocrx_word' id='word_1_86' title='bbox 712 609 909 645; x_wconf 78' lang='grc' dir='ltr'>προφαίνουσα.</span> 
     </span>
    </p>
   </div>
   <div class='ocr_carea' id='block_1_15' title="bbox 125 654 912 690">
    <p class='ocr_par' dir='ltr' id='par_1_15' title="bbox 125 654 912 690">
     <span class='ocr_line' id='line_1_15' title="bbox 125 654 912 690; baseline 0 -9"><span class='ocrx_word' id='word_1_87' title='bbox 125 655 210 682; x_wconf 81' lang='grc' dir='ltr'>Τοῦτο</span> <span class='ocrx_word' id='word_1_88' title='bbox 224 655 272 689; x_wconf 85' lang='grc' dir='ltr'>τῆς</span> <span class='ocrx_word' id='word_1_89' title='bbox 288 654 359 682; x_wconf 80' lang='grc' dir='ltr'>κατὰ</span> <span class='ocrx_word' id='word_1_90' title='bbox 371 654 402 681; x_wconf 80' lang='grc' dir='ltr'>τὸ</span> <span class='ocrx_word' id='word_1_91' title='bbox 418 655 532 690; x_wconf 77' lang='grc' dir='ltr'>κρύφιον</span> <span class='ocrx_word' id='word_1_92' title='bbox 548 655 638 681; x_wconf 77' lang='grc' dir='ltr'>αὐτῶν</span> <span class='ocrx_word' id='word_1_93' title='bbox 653 655 794 686; x_wconf 73' lang='grc' dir='ltr'>εὐσεϐείας</span> <span class='ocrx_word' id='word_1_94' title='bbox 807 655 912 690; x_wconf 69' lang='grc' dir='ltr'>προκά-</span> 
     </span>
    </p>
   </div>
   <div class='ocr_carea' id='block_1_16' title="bbox 129 697 911 736">
    <p class='ocr_par' dir='ltr' id='par_1_16' title="bbox 129 697 911 736">
     <span class='ocr_line' id='line_1_16' title="bbox 129 697 911 736; baseline -0.001 -8"><span class='ocrx_word' id='word_1_95' title='bbox 129 709 232 735; x_wconf 84' lang='grc' dir='ltr'>ραγμα.</span> <span class='ocrx_word' id='word_1_96' title='bbox 255 699 311 727; x_wconf 74' lang='grc' dir='ltr'><strong>Καὶ</strong></span> <span class='ocrx_word' id='word_1_97' title='bbox 327 700 382 735; x_wconf 75' lang='grc' dir='ltr'><strong>γὰρ</strong></span> <span class='ocrx_word' id='word_1_98' title='bbox 396 701 413 736; x_wconf 86' lang='grc' dir='ltr'><strong>ἡ</strong></span> <span class='ocrx_word' id='word_1_99' title='bbox 434 700 488 727; x_wconf 81' lang='grc' dir='ltr'>τῶν</span> <span class='ocrx_word' id='word_1_100' title='bbox 507 700 594 734; x_wconf 85' lang='grc' dir='ltr'>λόγων</span> <span class='ocrx_word' id='word_1_101' title='bbox 611 700 740 735; x_wconf 80' lang='grc' dir='ltr'><strong>πρόοδος,</strong></span> <span class='ocrx_word' id='word_1_102' title='bbox 763 700 812 736; x_wconf 84' lang='grc' dir='ltr'>τὴν</span> <span class='ocrx_word' id='word_1_103' title='bbox 829 701 858 733; x_wconf 77' lang='grc' dir='ltr'>ἐξ</span> <span class='ocrx_word' id='word_1_104' title='bbox 874 697 911 727; x_wconf 84' lang='grc' dir='ltr'>ὧν</span> 
     </span>
    </p>
   </div>
   <div class='ocr_carea' id='block_1_17' title="bbox 126 738 912 782">
    <p class='ocr_par' dir='ltr' id='par_1_17' title="bbox 126 738 912 782">
     <span class='ocr_line' id='line_1_17' title="bbox 126 738 912 782; baseline 0 -9"><span class='ocrx_word' id='word_1_105' title='bbox 126 746 246 782; x_wconf 73' lang='grc' dir='ltr'>προῆλθε</span> <span class='ocrx_word' id='word_1_106' title='bbox 272 738 444 781; x_wconf 75' lang='grc' dir='ltr'>καταμηνύει</span> <span class='ocrx_word' id='word_1_107' title='bbox 461 746 592 773; x_wconf 85' lang='grc' dir='ltr'>διάθεσιν.</span> <span class='ocrx_word' id='word_1_108' title='bbox 619 747 649 774; x_wconf 84' lang='grc' dir='ltr'>Ἃ</span> <span class='ocrx_word' id='word_1_109' title='bbox 667 746 721 782; x_wconf 83' lang='grc' dir='ltr'><strong>γὰρ</strong></span> <span class='ocrx_word' id='word_1_110' title='bbox 738 746 810 774; x_wconf 79' lang='grc' dir='ltr'>ἔνδον</span> <span class='ocrx_word' id='word_1_111' title='bbox 831 746 912 782; x_wconf 77' lang='grc' dir='ltr'>ἐκρύ-</span> 
     </span>
    </p>
   </div>
   <div class='ocr_carea' id='block_1_18' title="bbox 125 790 911 827">
    <p class='ocr_par' dir='ltr' id='par_1_18' title="bbox 125 790 911 827">
     <span class='ocr_line' id='line_1_18' title="bbox 125 790 911 827; baseline 0 -10"><span class='ocrx_word' id='word_1_112' title='bbox 125 799 208 817; x_wconf 85' lang='grc' dir='ltr'>πτετο</span> <span class='ocrx_word' id='word_1_113' title='bbox 225 791 261 826; x_wconf 84' lang='grc' dir='ltr'>μὴ</span> <span class='ocrx_word' id='word_1_114' title='bbox 272 791 424 825; x_wconf 85' lang='grc' dir='ltr'>δηλούμενα</span> <span class='ocrx_word' id='word_1_115' title='bbox 444 791 606 826; x_wconf 82' lang='grc' dir='ltr'>πράγματα,</span> <span class='ocrx_word' id='word_1_116' title='bbox 621 791 699 817; x_wconf 82' lang='grc' dir='ltr'>τοῦτο</span> <span class='ocrx_word' id='word_1_117' title='bbox 709 790 784 826; x_wconf 72' lang='lat' dir='ltr'><strong>{Leg.</strong></span> <span class='ocrx_word' id='word_1_118' title='bbox 796 791 911 827; x_wconf 72' lang='grc' dir='ltr'>τούτων]</span> 
     </span>
    </p>
   </div>
   <div class='ocr_carea' id='block_1_19' title="bbox 127 836 912 871">
    <p class='ocr_par' dir='ltr' id='par_1_19' title="bbox 127 836 912 871">
     <span class='ocr_line' id='line_1_19' title="bbox 127 836 912 871; baseline 0.001 -9"><span class='ocrx_word' id='word_1_119' title='bbox 127 836 250 871; x_wconf 74' lang='grc' dir='ltr'>σύμϐολα</span> <span class='ocrx_word' id='word_1_120' title='bbox 265 836 448 871; x_wconf 82' lang='grc' dir='ltr'><strong>προαγόμενοι</strong></span> <span class='ocrx_word' id='word_1_121' title='bbox 460 837 483 862; x_wconf 83' lang='grc' dir='ltr'>οἱ</span> <span class='ocrx_word' id='word_1_122' title='bbox 499 836 573 870; x_wconf 86' lang='grc' dir='ltr'>λόγοι</span> <span class='ocrx_word' id='word_1_123' title='bbox 588 836 774 863; x_wconf 76' lang='grc' dir='ltr'><strong>καθίστανται·</strong></span> <span class='ocrx_word' id='word_1_124' title='bbox 791 837 838 863; x_wconf 80' lang='grc' dir='ltr'><strong>καὶ</strong></span> <span class='ocrx_word' id='word_1_125' title='bbox 850 836 912 868; x_wconf 79' lang='grc' dir='ltr'>νοῦς</span> 
     </span>
    </p>
   </div>
   <div class='ocr_carea' id='block_1_20' title="bbox 129 881 911 917">
    <p class='ocr_par' dir='ltr' id='par_1_20' title="bbox 129 881 911 917">
     <span class='ocr_line' id='line_1_20' title="bbox 129 881 911 917; baseline 0.001 -10"><span class='ocrx_word' id='word_1_126' title='bbox 129 883 178 917; x_wconf 77' lang='grc' dir='ltr'>μὲν</span> <span class='ocrx_word' id='word_1_127' title='bbox 191 882 238 908; x_wconf 82' lang='grc' dir='ltr'>τὸν</span> <span class='ocrx_word' id='word_1_128' title='bbox 252 881 330 915; x_wconf 84' lang='grc' dir='ltr'>λόγον</span> <span class='ocrx_word' id='word_1_129' title='bbox 345 883 463 915; x_wconf 81' lang='grc' dir='ltr'>ἐκφέρει.</span> <span class='ocrx_word' id='word_1_130' title='bbox 478 882 563 916; x_wconf 77' lang='grc' dir='ltr'>Λόγος</span> <span class='ocrx_word' id='word_1_131' title='bbox 578 882 617 914; x_wconf 81' lang='grc' dir='ltr'><strong>δὲ,</strong></span> <span class='ocrx_word' id='word_1_132' title='bbox 635 882 686 916; x_wconf 82' lang='grc' dir='ltr'><strong>τῆς</strong></span> <span class='ocrx_word' id='word_1_133' title='bbox 701 882 790 917; x_wconf 86' lang='grc' dir='ltr'>ψυχῆς</span> <span class='ocrx_word' id='word_1_134' title='bbox 808 881 842 908; x_wconf 81' lang='grc' dir='ltr'>τὰ</span> <span class='ocrx_word' id='word_1_135' title='bbox 859 891 911 908; x_wconf 82' lang='grc' dir='ltr'>πα-</span> 
     </span>
    </p>
   </div>
   <div class='ocr_carea' id='block_1_21' title="bbox 128 922 912 962">
    <p class='ocr_par' dir='ltr' id='par_1_21' title="bbox 128 922 912 962">
     <span class='ocr_line' id='line_1_21' title="bbox 128 922 912 962; baseline 0.003 -10"><span class='ocrx_word' id='word_1_136' title='bbox 128 926 237 961; x_wconf 82' lang='grc' dir='ltr'>θήματα</span> <span class='ocrx_word' id='word_1_137' title='bbox 251 926 441 960; x_wconf 82' lang='grc' dir='ltr'>καταγγέλλει.</span> <span class='ocrx_word' id='word_1_138' title='bbox 458 927 514 953; x_wconf 83' lang='grc' dir='ltr'><strong>Καὶ</strong></span> <span class='ocrx_word' id='word_1_139' title='bbox 526 927 560 953; x_wconf 77' lang='grc' dir='ltr'>τὰ</span> <span class='ocrx_word' id='word_1_140' title='bbox 576 927 625 962; x_wconf 78' lang='grc' dir='ltr'>μὲν</span> <span class='ocrx_word' id='word_1_141' title='bbox 638 927 733 961; x_wconf 76' lang='grc' dir='ltr'>ἄδηλοι,</span> <span class='ocrx_word' id='word_1_142' title='bbox 760 922 825 962; x_wconf 75' lang='grc' dir='ltr'>δῆλα</span> <span class='ocrx_word' id='word_1_143' title='bbox 847 927 912 954; x_wconf 84' lang='grc' dir='ltr'>καθ-</span> 
     </span>
    </p>
   </div>
   <div class='ocr_carea' id='block_1_22' title="bbox 129 970 910 1008">
    <p class='ocr_par' dir='ltr' id='par_1_22' title="bbox 129 970 910 1008">
     <span class='ocr_line' id='line_1_22' title="bbox 129 970 910 1008; baseline 0.004 -12"><span class='ocrx_word' id='word_1_144' title='bbox 129 970 230 1005; x_wconf 72' lang='grc' dir='ltr'>ίστησι,</span> <span class='ocrx_word' id='word_1_145' title='bbox 248 971 302 997; x_wconf 83' lang='grc' dir='ltr'>τῶν</span> <span class='ocrx_word' id='word_1_146' title='bbox 319 971 512 1006; x_wconf 75' lang='grc' dir='ltr'>πραττομένων</span> <span class='ocrx_word' id='word_1_147' title='bbox 524 971 552 998; x_wconf 82' lang='grc' dir='ltr'>δὲ</span> <span class='ocrx_word' id='word_1_148' title='bbox 571 972 619 1004; x_wconf 81' lang='grc' dir='ltr'><strong>τὰς</strong></span> <span class='ocrx_word' id='word_1_149' title='bbox 638 973 725 1008; x_wconf 84' lang='grc' dir='ltr'>ἀρχὰς</span> <span class='ocrx_word' id='word_1_150' title='bbox 741 973 910 1008; x_wconf 81' lang='grc' dir='ltr'>ὑποτίθησιν.</span> 
     </span>
    </p>
   </div>
   <div class='ocr_carea' id='block_1_23' title="bbox 128 1015 911 1053">
    <p class='ocr_par' dir='ltr' id='par_1_23' title="bbox 128 1015 911 1053">
     <span class='ocr_line' id='line_1_23' title="bbox 128 1015 911 1053; baseline 0.005 -12"><span class='ocrx_word' id='word_1_151' title='bbox 128 1015 206 1042; x_wconf 78' lang='grc' dir='ltr'>Οὕτω</span> <span class='ocrx_word' id='word_1_152' title='bbox 220 1016 310 1042; x_wconf 79' lang='grc' dir='ltr'>τοίνυν</span> <span class='ocrx_word' id='word_1_153' title='bbox 322 1015 376 1042; x_wconf 84' lang='grc' dir='ltr'><strong>τῶν</strong></span> <span class='ocrx_word' id='word_1_154' title='bbox 390 1016 502 1043; x_wconf 76' lang='grc' dir='ltr'>δικαίων</span> <span class='ocrx_word' id='word_1_155' title='bbox 516 1017 532 1052; x_wconf 88' lang='grc' dir='ltr'>ἡ</span> <span class='ocrx_word' id='word_1_156' title='bbox 547 1017 639 1052; x_wconf 83' lang='grc' dir='ltr'>δέησις</span> <span class='ocrx_word' id='word_1_157' title='bbox 654 1019 693 1049; x_wconf 83' lang='grc' dir='ltr'><strong>εις</strong></span> <span class='ocrx_word' id='word_1_158' title='bbox 708 1017 788 1052; x_wconf 71' lang='grc' dir='ltr'>ἔργον</span> <span class='ocrx_word' id='word_1_159' title='bbox 804 1018 911 1053; x_wconf 83' lang='grc' dir='ltr'>ήνύετο.</span> 
     </span>
    </p>
   </div>
   <div class='ocr_carea' id='block_1_24' title="bbox 128 1060 912 1098">
    <p class='ocr_par' dir='ltr' id='par_1_24' title="bbox 128 1060 912 1098">
     <span class='ocr_line' id='line_1_24' title="bbox 128 1060 912 1098; baseline 0.004 -12"><span class='ocrx_word' id='word_1_160' title='bbox 128 1060 174 1087; x_wconf 79' lang='grc' dir='ltr'><strong>Διὸ</strong></span> <span class='ocrx_word' id='word_1_161' title='bbox 193 1061 379 1096; x_wconf 81' lang='grc' dir='ltr'>χρηματισμῷ</span> <span class='ocrx_word' id='word_1_162' title='bbox 392 1061 422 1087; x_wconf 82' lang='grc' dir='ltr'>τὸ</span> <span class='ocrx_word' id='word_1_163' title='bbox 435 1061 531 1096; x_wconf 80' lang='grc' dir='ltr'>μέλλον</span> <span class='ocrx_word' id='word_1_164' title='bbox 547 1062 757 1097; x_wconf 77' lang='grc' dir='ltr'>κατεμηνύοντο.</span> <span class='ocrx_word' id='word_1_165' title='bbox 776 1063 807 1089; x_wconf 79' lang='grc' dir='ltr'><em>Ὠ</em></span> <span class='ocrx_word' id='word_1_166' title='bbox 820 1071 912 1098; x_wconf 84' lang='grc' dir='ltr'>παρα-</span> 
     </span>
    </p>
   </div>
   <div class='ocr_carea' id='block_1_25' title="bbox 127 1106 914 1143">
    <p class='ocr_par' dir='ltr' id='par_1_25' title="bbox 127 1106 914 1143">
     <span class='ocr_line' id='line_1_25' title="bbox 127 1106 914 1143; baseline 0.003 -11"><span class='ocrx_word' id='word_1_167' title='bbox 127 1106 204 1139; x_wconf 76' lang='grc' dir='ltr'>δόξου</span> <span class='ocrx_word' id='word_1_168' title='bbox 224 1106 381 1141; x_wconf 72' lang='grc' dir='ltr'>ἐπιτυχίαςί</span> <span class='ocrx_word' id='word_1_169' title='bbox 405 1107 437 1132; x_wconf 86' lang='grc' dir='ltr'>Ὤ</span> <span class='ocrx_word' id='word_1_170' title='bbox 459 1107 542 1142; x_wconf 75' lang='grc' dir='ltr'>εὐχῆς</span> <span class='ocrx_word' id='word_1_171' title='bbox 556 1108 618 1139; x_wconf 77' lang='grc' dir='ltr'>τοὺς</span> <span class='ocrx_word' id='word_1_172' title='bbox 638 1108 770 1143; x_wconf 80' lang='grc' dir='ltr'>οὐρανοὺς</span> <span class='ocrx_word' id='word_1_173' title='bbox 788 1107 914 1143; x_wconf 82' lang='grc' dir='ltr'>διασχού-</span> 
     </span>
    </p>
   </div>
   <div class='ocr_carea' id='block_1_26' title="bbox 129 1152 913 1189">
    <p class='ocr_par' dir='ltr' id='par_1_26' title="bbox 129 1152 913 1189">
     <span class='ocr_line' id='line_1_26' title="bbox 129 1152 913 1189; baseline 0.003 -11"><span class='ocrx_word' id='word_1_174' title='bbox 129 1160 191 1187; x_wconf 84' lang='grc' dir='ltr'>σης,</span> <span class='ocrx_word' id='word_1_175' title='bbox 210 1153 258 1178; x_wconf 83' lang='grc' dir='ltr'><strong>καὶ</strong></span> <span class='ocrx_word' id='word_1_176' title='bbox 277 1152 345 1187; x_wconf 76' lang='grc' dir='ltr'>πρὸς</span> <span class='ocrx_word' id='word_1_177' title='bbox 360 1152 435 1187; x_wconf 67' lang='grc' dir='ltr'>αὐτῷ</span> <span class='ocrx_word' id='word_1_178' title='bbox 450 1152 489 1188; x_wconf 82' lang='grc' dir='ltr'>τῷ</span> <span class='ocrx_word' id='word_1_179' title='bbox 508 1153 595 1188; x_wconf 84' lang='grc' dir='ltr'>θρόνῳ</span> <span class='ocrx_word' id='word_1_180' title='bbox 616 1153 666 1188; x_wconf 82' lang='grc' dir='ltr'><strong>τῆς</strong></span> <span class='ocrx_word' id='word_1_181' title='bbox 681 1153 758 1188; x_wconf 77' lang='grc' dir='ltr'>δόξης</span> <span class='ocrx_word' id='word_1_182' title='bbox 778 1163 913 1189; x_wconf 86' lang='grc' dir='ltr'>προσανα-</span> 
     </span>
    </p>
   </div>
   <div class='ocr_carea' id='block_1_27' title="bbox 129 1196 913 1233">
    <p class='ocr_par' dir='ltr' id='par_1_27' title="bbox 129 1196 913 1233">
     <span class='ocr_line' id='line_1_27' title="bbox 129 1196 913 1233; baseline 0.001 -11"><span class='ocrx_word' id='word_1_183' title='bbox 129 1197 253 1231; x_wconf 81' lang='grc' dir='ltr'>πτάσηςι</span> <span class='ocrx_word' id='word_1_184' title='bbox 281 1197 313 1222; x_wconf 86' lang='grc' dir='ltr'><strong><em>Ὢ</em></strong></span> <span class='ocrx_word' id='word_1_185' title='bbox 334 1196 438 1230; x_wconf 79' lang='grc' dir='ltr'><strong>ἀλόγων</strong></span> <span class='ocrx_word' id='word_1_186' title='bbox 460 1196 553 1232; x_wconf 66' lang='grc' dir='ltr'><strong>[Μαι.</strong></span> <span class='ocrx_word' id='word_1_187' title='bbox 572 1196 659 1230; x_wconf 82' lang='grc' dir='ltr'>λόγων</span> <span class='ocrx_word' id='word_1_188' title='bbox 675 1196 749 1232; x_wconf 80' lang='grc' dir='ltr'>τῶν]</span> <span class='ocrx_word' id='word_1_189' title='bbox 771 1197 824 1223; x_wconf 85' lang='grc' dir='ltr'>τῶν</span> <span class='ocrx_word' id='word_1_190' title='bbox 844 1197 913 1233; x_wconf 81' lang='grc' dir='ltr'>ὑπὲρ</span> 
     </span>
    </p>
   </div>
   <div class='ocr_carea' id='block_1_28' title="bbox 129 1242 914 1278">
    <p class='ocr_par' dir='ltr' id='par_1_28' title="bbox 129 1242 914 1278">
     <span class='ocr_line' id='line_1_28' title="bbox 129 1242 914 1278; baseline 0 -9"><span class='ocrx_word' id='word_1_191' title='bbox 129 1243 207 1276; x_wconf 66' lang='grc' dir='ltr'>λόγον</span> <span class='ocrx_word' id='word_1_192' title='bbox 217 1243 430 1277; x_wconf 81' lang='grc' dir='ltr'>ἀνυμνησάντων</span> <span class='ocrx_word' id='word_1_193' title='bbox 439 1242 469 1269; x_wconf 79' lang='grc' dir='ltr'><strong>τὺ</strong></span> <span class='ocrx_word' id='word_1_194' title='bbox 481 1242 609 1276; x_wconf 75' lang='grc' dir='ltr'>μὲγεθοςί</span> <span class='ocrx_word' id='word_1_195' title='bbox 628 1243 737 1278; x_wconf 84' lang='grc' dir='ltr'>Ἐπειδὴ</span> <span class='ocrx_word' id='word_1_196' title='bbox 748 1243 775 1269; x_wconf 84' lang='grc' dir='ltr'>δὲ</span> <span class='ocrx_word' id='word_1_197' title='bbox 788 1243 817 1269; x_wconf 79' lang='grc' dir='ltr'>τὸ</span> <span class='ocrx_word' id='word_1_198' title='bbox 829 1251 914 1278; x_wconf 85' lang='grc' dir='ltr'>μηνυ-</span> 
     </span>
    </p>
   </div>
   <div class='ocr_carea' id='block_1_29' title="bbox 129 1288 914 1324">
    <p class='ocr_par' dir='ltr' id='par_1_29' title="bbox 129 1288 914 1324">
     <span class='ocr_line' id='line_1_29' title="bbox 129 1288 914 1324; baseline -0.001 -8"><span class='ocrx_word' id='word_1_199' title='bbox 129 1289 176 1316; x_wconf 82' lang='grc' dir='ltr'>θὲν</span> <span class='ocrx_word' id='word_1_200' title='bbox 196 1289 233 1320; x_wconf 86' lang='grc' dir='ltr'><strong>ὡς</strong></span> <span class='ocrx_word' id='word_1_201' title='bbox 246 1288 285 1321; x_wconf 77' lang='grc' dir='ltr'><strong>ὃν,</strong></span> <span class='ocrx_word' id='word_1_202' title='bbox 304 1290 320 1323; x_wconf 87' lang='grc' dir='ltr'>ὴ</span> <span class='ocrx_word' id='word_1_203' title='bbox 345 1289 436 1324; x_wconf 83' lang='grc' dir='ltr'>μήτηρ</span> <span class='ocrx_word' id='word_1_204' title='bbox 457 1288 588 1320; x_wconf 80' lang='grc' dir='ltr'>λαϐοῦσα,</span> <span class='ocrx_word' id='word_1_205' title='bbox 612 1288 641 1315; x_wconf 77' lang='grc' dir='ltr'>τὸ</span> <span class='ocrx_word' id='word_1_206' title='bbox 655 1289 853 1323; x_wconf 79' lang='grc' dir='ltr'>τεχθησόμενον</span> <span class='ocrx_word' id='word_1_207' title='bbox 875 1288 914 1324; x_wconf 88' lang='grc' dir='ltr'>τῷ</span> 
     </span>
    </p>
   </div>
   <div class='ocr_carea' id='block_1_30' title="bbox 129 1333 912 1369">
    <p class='ocr_par' dir='ltr' id='par_1_30' title="bbox 129 1333 912 1369">
     <span class='ocr_line' id='line_1_30' title="bbox 129 1333 912 1369; baseline 0 -10"><span class='ocrx_word' id='word_1_208' title='bbox 129 1333 190 1368; x_wconf 80' lang='grc' dir='ltr'><strong>Θεῷ</strong></span> <span class='ocrx_word' id='word_1_209' title='bbox 206 1333 334 1368; x_wconf 69' lang='grc' dir='ltr'>ἀφιεροῦν</span> <span class='ocrx_word' id='word_1_210' title='bbox 344 1353 350 1364; x_wconf 85' lang='lat'><strong>,</strong></span> <span class='ocrx_word' id='word_1_211' title='bbox 364 1333 411 1359; x_wconf 67' lang='grc' dir='ltr'>καὶ</span> <span class='ocrx_word' id='word_1_212' title='bbox 424 1334 452 1359; x_wconf 82' lang='grc' dir='ltr'>ἐν</span> <span class='ocrx_word' id='word_1_213' title='bbox 468 1333 523 1366; x_wconf 84' lang='grc' dir='ltr'>ναῷ</span> <span class='ocrx_word' id='word_1_214' title='bbox 535 1333 708 1360; x_wconf 77' lang='grc' dir='ltr'>ἀνατίθεσθαι</span> <span class='ocrx_word' id='word_1_215' title='bbox 727 1334 912 1369; x_wconf 81' lang='grc' dir='ltr'>ὑπισχνεῖται·</span> 
     </span>
    </p>
   </div>
   <div class='ocr_carea' id='block_1_31' title="bbox 131 1375 914 1414">
    <p class='ocr_par' dir='ltr' id='par_1_31' title="bbox 131 1375 914 1414">
     <span class='ocr_line' id='line_1_31' title="bbox 131 1375 914 1414; baseline 0 -9"><span class='ocrx_word' id='word_1_216' title='bbox 131 1379 164 1405; x_wconf 86' lang='grc' dir='ltr'>Τί</span> <span class='ocrx_word' id='word_1_217' title='bbox 181 1379 269 1410; x_wconf 78' lang='grc' dir='ltr'>τοῦτο,</span> <span class='ocrx_word' id='word_1_218' title='bbox 284 1375 306 1405; x_wconf 80' lang='grc' dir='ltr'><strong>ὦ</strong></span> <span class='ocrx_word' id='word_1_219' title='bbox 324 1379 421 1410; x_wconf 71' lang='grc' dir='ltr'>Ἄννα,</span> <span class='ocrx_word' id='word_1_220' title='bbox 438 1379 542 1413; x_wconf 75' lang='grc' dir='ltr'>εἴποιμι</span> <span class='ocrx_word' id='word_1_221' title='bbox 557 1379 589 1405; x_wconf 86' lang='grc' dir='ltr'>ἂν</span> <span class='ocrx_word' id='word_1_222' title='bbox 606 1379 673 1414; x_wconf 69' lang='grc' dir='ltr'>πρὸς</span> <span class='ocrx_word' id='word_1_223' title='bbox 689 1379 808 1414; x_wconf 83' lang='grc' dir='ltr'>ταύτην;</span> <span class='ocrx_word' id='word_1_224' title='bbox 822 1379 854 1405; x_wconf 80' lang='grc' dir='ltr'>Τί</span> <span class='ocrx_word' id='word_1_225' title='bbox 869 1379 914 1405; x_wconf 79' lang='grc' dir='ltr'>τοῦ</span> 
     </span>
    </p>
   </div>
   <div class='ocr_carea' id='block_1_32' title="bbox 132 1424 916 1460">
    <p class='ocr_par' dir='ltr' id='par_1_32' title="bbox 132 1424 916 1460">
     <span class='ocr_line' id='line_1_32' title="bbox 132 1424 916 1460; baseline 0.001 -10"><span class='ocrx_word' id='word_1_226' title='bbox 132 1424 276 1459; x_wconf 77' lang='grc' dir='ltr'>μέλλοντος</span> <span class='ocrx_word' id='word_1_227' title='bbox 292 1425 451 1459; x_wconf 80' lang='grc' dir='ltr'>προτρέχεις</span> <span class='ocrx_word' id='word_1_228' title='bbox 464 1425 513 1456; x_wconf 82' lang='grc' dir='ltr'><strong>τῆς</strong></span> <span class='ocrx_word' id='word_1_229' title='bbox 531 1425 662 1460; x_wconf 80' lang='grc' dir='ltr'>προόδου;</span> <span class='ocrx_word' id='word_1_230' title='bbox 682 1425 714 1451; x_wconf 89' lang='grc' dir='ltr'>Τί</span> <span class='ocrx_word' id='word_1_231' title='bbox 728 1426 760 1460; x_wconf 83' lang='grc' dir='ltr'><strong>τῇ</strong></span> <span class='ocrx_word' id='word_1_232' title='bbox 777 1424 916 1460; x_wconf 76' lang='grc' dir='ltr'>προθυμίᾳ</span> 
     </span>
    </p>
   </div>
   <div class='ocr_carea' id='block_1_33' title="bbox 133 1470 917 1507">
    <p class='ocr_par' dir='ltr' id='par_1_33' title="bbox 133 1470 917 1507">
     <span class='ocr_line' id='line_1_33' title="bbox 133 1470 917 1507; baseline 0.001 -11"><span class='ocrx_word' id='word_1_233' title='bbox 133 1470 299 1504; x_wconf 72' lang='grc' dir='ltr'>προφοάνεις</span> <span class='ocrx_word' id='word_1_234' title='bbox 315 1471 345 1496; x_wconf 72' lang='grc' dir='ltr'>τὸ</span> <span class='ocrx_word' id='word_1_235' title='bbox 361 1471 576 1506; x_wconf 85' lang='grc' dir='ltr'>κηρυττόμενον;</span> <span class='ocrx_word' id='word_1_236' title='bbox 598 1471 630 1498; x_wconf 86' lang='grc' dir='ltr'>Τί</span> <span class='ocrx_word' id='word_1_237' title='bbox 649 1471 679 1498; x_wconf 79' lang='grc' dir='ltr'>τὸ</span> <span class='ocrx_word' id='word_1_238' title='bbox 703 1471 787 1507; x_wconf 83' lang='grc' dir='ltr'>μήπω</span> <span class='ocrx_word' id='word_1_239' title='bbox 803 1471 917 1506; x_wconf 79' lang='grc' dir='ltr'>γενόμε-</span> 
     </span>
    </p>
   </div>
   <div class='ocr_carea' id='block_1_34' title="bbox 132 1516 954 1558">
    <p class='ocr_par' dir='ltr' id='par_1_34' title="bbox 132 1516 954 1558">
     <span class='ocr_line' id='line_1_34' title="bbox 132 1516 954 1558; baseline 0.001 -16"><span class='ocrx_word' id='word_1_240' title='bbox 132 1525 176 1542; x_wconf 82' lang='grc' dir='ltr'><strong>νον</strong></span> <span class='ocrx_word' id='word_1_241' title='bbox 192 1516 250 1551; x_wconf 81' lang='grc' dir='ltr'><strong>Θεῷ</strong></span> <span class='ocrx_word' id='word_1_242' title='bbox 268 1517 360 1551; x_wconf 66' lang='grc' dir='ltr'>φέρειν</span> <span class='ocrx_word' id='word_1_243' title='bbox 373 1516 578 1553; x_wconf 76' lang='grc' dir='ltr'>κατεπαγγέὶλῃ</span> <span class='ocrx_word' id='word_1_244' title='bbox 590 1516 629 1550; x_wconf 85' lang='grc' dir='ltr'><strong>ὡς</strong></span> <span class='ocrx_word' id='word_1_245' title='bbox 643 1517 752 1553; x_wconf 72' lang='grc' dir='ltr'>ὲνχερσ).</span> <span class='ocrx_word' id='word_1_246' title='bbox 770 1517 919 1552; x_wconf 74' lang='grc' dir='ltr'>κατεχόμε-</span> <span class='ocrx_word' id='word_1_247' title='bbox 931 1526 954 1558; x_wconf 78' lang='lat' dir='ltr'><strong><em>C</em></strong></span> 
     </span>
    </p>
   </div>
   <div class='ocr_carea' id='block_1_35' title="bbox 133 1562 919 1598">
    <p class='ocr_par' dir='ltr' id='par_1_35' title="bbox 133 1562 919 1598">
     <span class='ocr_line' id='line_1_35' title="bbox 133 1562 919 1598; baseline 0 -10"><span class='ocrx_word' id='word_1_248' title='bbox 133 1571 188 1588; x_wconf 85' lang='grc' dir='ltr'>νον.</span> <span class='ocrx_word' id='word_1_249' title='bbox 204 1562 267 1588; x_wconf 78' lang='grc' dir='ltr'>Δέον</span> <span class='ocrx_word' id='word_1_250' title='bbox 286 1562 331 1589; x_wconf 83' lang='grc' dir='ltr'>τὸν</span> <span class='ocrx_word' id='word_1_251' title='bbox 348 1562 398 1597; x_wconf 81' lang='grc' dir='ltr'><strong>τῆς</strong></span> <span class='ocrx_word' id='word_1_252' title='bbox 412 1563 505 1594; x_wconf 82' lang='grc' dir='ltr'>ὠδῖνος</span> <span class='ocrx_word' id='word_1_253' title='bbox 521 1563 617 1598; x_wconf 78' lang='grc' dir='ltr'>καιρὸν</span> <span class='ocrx_word' id='word_1_254' title='bbox 632 1562 827 1596; x_wconf 82' lang='grc' dir='ltr'>ἀναμείνασαν,</span> <span class='ocrx_word' id='word_1_255' title='bbox 850 1562 919 1588; x_wconf 77' lang='grc' dir='ltr'>οὕτω</span> 
     </span>
    </p>
   </div>
   <div class='ocr_carea' id='block_1_36' title="bbox 133 1607 918 1643">
    <p class='ocr_par' dir='ltr' id='par_1_36' title="bbox 133 1607 918 1643">
     <span class='ocr_line' id='line_1_36' title="bbox 133 1607 918 1643; baseline 0.003 -10"><span class='ocrx_word' id='word_1_256' title='bbox 133 1607 220 1642; x_wconf 78' lang='grc' dir='ltr'>δῶρον</span> <span class='ocrx_word' id='word_1_257' title='bbox 243 1607 282 1642; x_wconf 82' lang='grc' dir='ltr'>τῷ</span> <span class='ocrx_word' id='word_1_258' title='bbox 307 1607 336 1640; x_wconf 75' lang='grc' dir='ltr'><strong>ἐξ</strong></span> <span class='ocrx_word' id='word_1_259' title='bbox 361 1608 445 1643; x_wconf 82' lang='grc' dir='ltr'>αὐτῆς</span> <span class='ocrx_word' id='word_1_260' title='bbox 462 1608 501 1643; x_wconf 83' lang='grc' dir='ltr'>τῷ</span> <span class='ocrx_word' id='word_1_261' title='bbox 515 1608 641 1634; x_wconf 78' lang='grc' dir='ltr'><strong>δεδωκότι</strong></span> <span class='ocrx_word' id='word_1_262' title='bbox 660 1607 918 1642; x_wconf 81' lang='grc' dir='ltr'>προσανατίοεσθαι.</span> 
     </span>
    </p>
   </div>
   <div class='ocr_carea' id='block_1_37' title="bbox 135 1651 919 1688">
    <p class='ocr_par' dir='ltr' id='par_1_37' title="bbox 135 1651 919 1688">
     <span class='ocr_line' id='line_1_37' title="bbox 135 1651 919 1688; baseline 0 -10"><span class='ocrx_word' id='word_1_263' title='bbox 135 1652 201 1678; x_wconf 82' lang='grc' dir='ltr'>Δέον</span> <span class='ocrx_word' id='word_1_264' title='bbox 220 1652 258 1686; x_wconf 81' lang='grc' dir='ltr'>τῷ</span> <span class='ocrx_word' id='word_1_265' title='bbox 271 1652 318 1679; x_wconf 83' lang='grc' dir='ltr'>τοῦ</span> <span class='ocrx_word' id='word_1_266' title='bbox 336 1652 433 1687; x_wconf 82' lang='grc' dir='ltr'>ἀδήλου</span> <span class='ocrx_word' id='word_1_267' title='bbox 459 1654 557 1687; x_wconf 82' lang='grc' dir='ltr'>πέρατι</span> <span class='ocrx_word' id='word_1_268' title='bbox 575 1651 818 1688; x_wconf 82' lang='grc' dir='ltr'>συστοχαζομένην,</span> <span class='ocrx_word' id='word_1_269' title='bbox 835 1652 872 1686; x_wconf 83' lang='grc' dir='ltr'><strong>μὴ</strong></span> <span class='ocrx_word' id='word_1_270' title='bbox 886 1653 919 1687; x_wconf 84' lang='grc' dir='ltr'><strong>τῇ</strong></span> 
     </span>
    </p>
   </div>
   <div class='ocr_carea' id='block_1_38' title="bbox 137 1697 920 1733">
    <p class='ocr_par' dir='ltr' id='par_1_38' title="bbox 137 1697 920 1733">
     <span class='ocr_line' id='line_1_38' title="bbox 137 1697 920 1733; baseline -0.001 -9"><span class='ocrx_word' id='word_1_271' title='bbox 137 1697 307 1733; x_wconf 81' lang='grc' dir='ltr'>προκηρύξει</span> <span class='ocrx_word' id='word_1_272' title='bbox 322 1698 515 1733; x_wconf 79' lang='grc' dir='ltr'>διαμαρτάνειν</span> <span class='ocrx_word' id='word_1_273' title='bbox 538 1698 592 1724; x_wconf 84' lang='grc' dir='ltr'>τῶν</span> <span class='ocrx_word' id='word_1_274' title='bbox 616 1698 799 1732; x_wconf 82' lang='grc' dir='ltr'><strong>ὑποσχέσεων.</strong></span> <span class='ocrx_word' id='word_1_275' title='bbox 821 1697 853 1725; x_wconf 86' lang='grc' dir='ltr'><strong>Ὢ</strong></span> <span class='ocrx_word' id='word_1_276' title='bbox 870 1697 920 1732; x_wconf 84' lang='grc' dir='ltr'><strong>τῆς</strong></span> 
     </span>
    </p>
   </div>
   <div class='ocr_carea' id='block_1_39' title="bbox 138 1742 919 1778">
    <p class='ocr_par' dir='ltr' id='par_1_39' title="bbox 138 1742 919 1778">
     <span class='ocr_line' id='line_1_39' title="bbox 138 1742 919 1778; baseline 0.001 -10"><span class='ocrx_word' id='word_1_277' title='bbox 138 1743 194 1768; x_wconf 79' lang='grc' dir='ltr'>τῶν</span> <span class='ocrx_word' id='word_1_278' title='bbox 208 1742 319 1768; x_wconf 83' lang='grc' dir='ltr'>δικαίων</span> <span class='ocrx_word' id='word_1_279' title='bbox 331 1742 447 1774; x_wconf 85' lang='grc' dir='ltr'>πίστεως</span> <span class='ocrx_word' id='word_1_280' title='bbox 460 1743 466 1769; x_wconf 89' lang='lat' dir='ltr'><strong>l</strong></span> <span class='ocrx_word' id='word_1_281' title='bbox 482 1743 513 1769; x_wconf 84' lang='grc' dir='ltr'><strong>Ὢ</strong></span> <span class='ocrx_word' id='word_1_282' title='bbox 527 1743 629 1778; x_wconf 81' lang='grc' dir='ltr'>μητρὸς</span> <span class='ocrx_word' id='word_1_283' title='bbox 645 1742 832 1778; x_wconf 78' lang='grc' dir='ltr'>μεγαλοψύχου</span> <span class='ocrx_word' id='word_1_284' title='bbox 848 1742 919 1777; x_wconf 85' lang='grc' dir='ltr'>γνώ-</span> 
     </span>
    </p>
   </div>
   <div class='ocr_carea' id='block_1_40' title="bbox 138 1787 919 1823">
    <p class='ocr_par' dir='ltr' id='par_1_40' title="bbox 138 1787 919 1823">
     <span class='ocr_line' id='line_1_40' title="bbox 138 1787 919 1823; baseline 0 -10"><span class='ocrx_word' id='word_1_285' title='bbox 138 1795 223 1822; x_wconf 88' lang='grc' dir='ltr'>ρισμα</span> <span class='ocrx_word' id='word_1_286' title='bbox 236 1788 242 1813; x_wconf 93' lang='lat' dir='ltr'><strong>l</strong></span> <span class='ocrx_word' id='word_1_287' title='bbox 260 1787 317 1813; x_wconf 78' lang='grc' dir='ltr'><strong>Οὐκ</strong></span> <span class='ocrx_word' id='word_1_288' title='bbox 332 1788 535 1823; x_wconf 76' lang='grc' dir='ltr'>ἀμφισσητήσει</span> <span class='ocrx_word' id='word_1_289' title='bbox 549 1788 579 1814; x_wconf 82' lang='grc' dir='ltr'><strong>τὺ</strong></span> <span class='ocrx_word' id='word_1_290' title='bbox 598 1788 694 1823; x_wconf 81' lang='grc' dir='ltr'>μέλλον</span> <span class='ocrx_word' id='word_1_291' title='bbox 707 1788 875 1823; x_wconf 69' lang='grc' dir='ltr'>συνέκρινεψ</span> <span class='ocrx_word' id='word_1_292' title='bbox 889 1787 919 1814; x_wconf 80' lang='grc' dir='ltr'>οὐ</span> 
     </span>
    </p>
   </div>
   <div class='ocr_carea' id='block_1_41' title="bbox 134 1833 920 1870">
    <p class='ocr_par' dir='ltr' id='par_1_41' title="bbox 134 1833 920 1870">
     <span class='ocr_line' id='line_1_41' title="bbox 134 1833 920 1870; baseline 0.003 -11"><span class='ocrx_word' id='word_1_293' title='bbox 134 1833 277 1868; x_wconf 79' lang='grc' dir='ltr'>δισταγμῷ</span> <span class='ocrx_word' id='word_1_294' title='bbox 293 1833 322 1859; x_wconf 66' lang='grc' dir='ltr'><strong>τὸ</strong></span> <span class='ocrx_word' id='word_1_295' title='bbox 335 1834 470 1869; x_wconf 81' lang='grc' dir='ltr'>κηρυχθέν</span> <span class='ocrx_word' id='word_1_296' title='bbox 485 1833 694 1870; x_wconf 77' lang='grc' dir='ltr'>[ὰνεὸάλλετο]·</span> <span class='ocrx_word' id='word_1_297' title='bbox 710 1835 741 1861; x_wconf 82' lang='grc' dir='ltr'>οὐ</span> <span class='ocrx_word' id='word_1_298' title='bbox 756 1835 805 1870; x_wconf 85' lang='grc' dir='ltr'>τὴν</span> <span class='ocrx_word' id='word_1_299' title='bbox 821 1833 920 1868; x_wconf 78' lang='grc' dir='ltr'>ἑαυτῆς</span> 
     </span>
    </p>
   </div>
   <div class='ocr_carea' id='block_1_42' title="bbox 135 1878 919 1915">
    <p class='ocr_par' dir='ltr' id='par_1_42' title="bbox 135 1878 919 1915">
     <span class='ocr_line' id='line_1_42' title="bbox 135 1878 919 1915; baseline 0.001 -12"><span class='ocrx_word' id='word_1_300' title='bbox 135 1878 284 1913; x_wconf 79' lang='grc' dir='ltr'>κατενόησε</span> <span class='ocrx_word' id='word_1_301' title='bbox 311 1878 406 1914; x_wconf 78' lang='grc' dir='ltr'>μέχρις</span> <span class='ocrx_word' id='word_1_302' title='bbox 429 1879 534 1905; x_wconf 76' lang='grc' dir='ltr'>ἐκείνου</span> <span class='ocrx_word' id='word_1_303' title='bbox 557 1879 742 1915; x_wconf 80' lang='grc' dir='ltr'>ἀνεπιτήδειον</span> <span class='ocrx_word' id='word_1_304' title='bbox 769 1879 863 1914; x_wconf 80' lang='grc' dir='ltr'>φύσιν·</span> <span class='ocrx_word' id='word_1_305' title='bbox 889 1878 919 1904; x_wconf 82' lang='grc' dir='ltr'>οὐ</span> 
     </span>
    </p>
   </div>
   <div class='ocr_carea' id='block_1_43' title="bbox 135 1924 918 1960">
    <p class='ocr_par' dir='ltr' id='par_1_43' title="bbox 135 1924 918 1960">
     <span class='ocr_line' id='line_1_43' title="bbox 135 1924 918 1960; baseline 0 -10"><span class='ocrx_word' id='word_1_306' title='bbox 135 1924 281 1959; x_wconf 71' lang='grc' dir='ltr'>δυσχερείᾳ</span> <span class='ocrx_word' id='word_1_307' title='bbox 301 1924 348 1950; x_wconf 82' lang='grc' dir='ltr'>τοῦ</span> <span class='ocrx_word' id='word_1_308' title='bbox 363 1924 512 1959; x_wconf 78' lang='grc' dir='ltr'>ἀσυνήθους</span> <span class='ocrx_word' id='word_1_309' title='bbox 532 1925 598 1959; x_wconf 72' lang='grc' dir='ltr'>πρὸς</span> <span class='ocrx_word' id='word_1_310' title='bbox 614 1925 768 1959; x_wconf 81' lang='grc' dir='ltr'>ἀντιλογίαν</span> <span class='ocrx_word' id='word_1_311' title='bbox 783 1925 900 1960; x_wconf 76' lang='grc' dir='ltr'>κατέστη</span> <span class='ocrx_word' id='word_1_312' title='bbox 911 1930 918 1939; x_wconf 85' lang='grc'><em>’</em></span> 
     </span>
    </p>
   </div>
   <div class='ocr_carea' id='block_1_44' title="bbox 134 1969 920 2005">
    <p class='ocr_par' dir='ltr' id='par_1_44' title="bbox 134 1969 920 2005">
     <span class='ocr_line' id='line_1_44' title="bbox 134 1969 920 2005; baseline -0.001 -9"><span class='ocrx_word' id='word_1_313' title='bbox 134 1971 165 1996; x_wconf 77' lang='grc' dir='ltr'>οὐ</span> <span class='ocrx_word' id='word_1_314' title='bbox 181 1969 219 2004; x_wconf 78' lang='grc' dir='ltr'>τῷ</span> <span class='ocrx_word' id='word_1_315' title='bbox 236 1970 273 2005; x_wconf 82' lang='grc' dir='ltr'>μὴ</span> <span class='ocrx_word' id='word_1_316' title='bbox 288 1970 391 2005; x_wconf 57' lang='grc' dir='ltr'>δύνατῷ</span> <span class='ocrx_word' id='word_1_317' title='bbox 404 1969 507 2005; x_wconf 81' lang='grc' dir='ltr'>ἀγωνίᾳ</span> <span class='ocrx_word' id='word_1_318' title='bbox 519 1970 567 2005; x_wconf 88' lang='grc' dir='ltr'>τὴν</span> <span class='ocrx_word' id='word_1_319' title='bbox 576 1970 664 2005; x_wconf 80' lang='grc' dir='ltr'>ψυχὴν</span> <span class='ocrx_word' id='word_1_320' title='bbox 675 1969 848 2004; x_wconf 75' lang='grc' dir='ltr'>περιέϐαλεν.</span> <span class='ocrx_word' id='word_1_321' title='bbox 864 1969 920 1995; x_wconf 76' lang='grc' dir='ltr'><strong>Οὐκ</strong></span> 
     </span>
    </p>
   </div>
   <div class='ocr_carea' id='block_1_45' title="bbox 134 2014 920 2050">
    <p class='ocr_par' dir='ltr' id='par_1_45' title="bbox 134 2014 920 2050">
     <span class='ocr_line' id='line_1_45' title="bbox 134 2014 920 2050; baseline -0.001 -9"><span class='ocrx_word' id='word_1_322' title='bbox 134 2015 274 2050; x_wconf 75' lang='grc' dir='ltr'>ἠπόρησεν</span> <span class='ocrx_word' id='word_1_323' title='bbox 293 2015 322 2041; x_wconf 81' lang='grc' dir='ltr'>ὲν</span> <span class='ocrx_word' id='word_1_324' title='bbox 346 2015 427 2050; x_wconf 79' lang='grc' dir='ltr'>ἑαυτῇ</span> <span class='ocrx_word' id='word_1_325' title='bbox 450 2014 625 2050; x_wconf 75' lang='grc' dir='ltr'>λογιζομένη,</span> <span class='ocrx_word' id='word_1_326' title='bbox 641 2014 678 2047; x_wconf 87' lang='grc' dir='ltr'><strong>ὡς</strong></span> <span class='ocrx_word' id='word_1_327' title='bbox 701 2014 779 2041; x_wconf 84' lang='grc' dir='ltr'>εἴωθε</span> <span class='ocrx_word' id='word_1_328' title='bbox 799 2015 854 2045; x_wconf 85' lang='grc' dir='ltr'>τοῖς</span> <span class='ocrx_word' id='word_1_329' title='bbox 873 2014 920 2041; x_wconf 77' lang='grc' dir='ltr'><strong>ἄλ-</strong></span> 
     </span>
    </p>
   </div>
   <div class='ocr_carea' id='block_1_46' title="bbox 134 2057 918 2095">
    <p class='ocr_par' dir='ltr' id='par_1_46' title="bbox 134 2057 918 2095">
     <span class='ocr_line' id='line_1_46' title="bbox 134 2057 918 2095; baseline -0.001 -10"><span class='ocrx_word' id='word_1_330' title='bbox 134 2059 210 2093; x_wconf 81' lang='grc' dir='ltr'>λοι;;</span> <span class='ocrx_word' id='word_1_331' title='bbox 228 2057 302 2094; x_wconf 66' lang='grc' dir='ltr'>*Αρα</span> <span class='ocrx_word' id='word_1_332' title='bbox 319 2060 356 2095; x_wconf 84' lang='grc' dir='ltr'>μὴ</span> <span class='ocrx_word' id='word_1_333' title='bbox 374 2061 414 2091; x_wconf 85' lang='grc' dir='ltr'><strong>εῐς</strong></span> <span class='ocrx_word' id='word_1_334' title='bbox 429 2059 537 2094; x_wconf 75' lang='grc' dir='ltr'>ἀπάτην</span> <span class='ocrx_word' id='word_1_335' title='bbox 550 2060 584 2086; x_wconf 79' lang='grc' dir='ltr'>τὰ</span> <span class='ocrx_word' id='word_1_336' title='bbox 600 2059 648 2085; x_wconf 77' lang='grc' dir='ltr'>τοῦ</span> <span class='ocrx_word' id='word_1_337' title='bbox 667 2059 792 2094; x_wconf 80' lang='grc' dir='ltr'>χρησμοῦ</span> <span class='ocrx_word' id='word_1_338' title='bbox 814 2058 918 2093; x_wconf 71' lang='grc' dir='ltr'>ὰποόήα</span> 
     </span>
    </p>
   </div>
   <div class='ocr_carea' id='block_1_47' title="bbox 135 2104 919 2141">
    <p class='ocr_par' dir='ltr' id='par_1_47' title="bbox 135 2104 919 2141">
     <span class='ocr_line' id='line_1_47' title="bbox 135 2104 919 2141; baseline -0.001 -9"><span class='ocrx_word' id='word_1_339' title='bbox 135 2114 226 2139; x_wconf 57' lang='lat' dir='ltr'><strong>act-to;</strong></span> <span class='ocrx_word' id='word_1_340' title='bbox 243 2104 316 2141; x_wconf 66' lang='lat' dir='ltr'><strong>&#39;Apa</strong></span> <span class='ocrx_word' id='word_1_341' title='bbox 338 2106 375 2141; x_wconf 85' lang='grc' dir='ltr'>μὴ</span> <span class='ocrx_word' id='word_1_342' title='bbox 396 2106 412 2141; x_wconf 85' lang='grc' dir='ltr'>ἡ</span> <span class='ocrx_word' id='word_1_343' title='bbox 428 2106 521 2141; x_wconf 83' lang='grc' dir='ltr'>χρονία</span> <span class='ocrx_word' id='word_1_344' title='bbox 539 2106 681 2141; x_wconf 78' lang='grc' dir='ltr'>στείρωσις</span> <span class='ocrx_word' id='word_1_345' title='bbox 696 2107 751 2137; x_wconf 82' lang='grc' dir='ltr'>τοῖς</span> <span class='ocrx_word' id='word_1_346' title='bbox 769 2107 816 2139; x_wconf 78' lang='grc' dir='ltr'><strong>τῆς</strong></span> <span class='ocrx_word' id='word_1_347' title='bbox 832 2106 919 2138; x_wconf 73' lang='grc' dir='ltr'>ἑπαγ-</span> 
     </span>
    </p>
   </div>
   <div class='ocr_carea' id='block_1_48' title="bbox 134 2148 920 2187">
    <p class='ocr_par' dir='ltr' id='par_1_48' title="bbox 134 2148 920 2187">
     <span class='ocr_line' id='line_1_48' title="bbox 134 2148 920 2187; baseline -0.004 -9"><span class='ocrx_word' id='word_1_348' title='bbox 134 2152 228 2187; x_wconf 80' lang='grc' dir='ltr'>γελίας</span> <span class='ocrx_word' id='word_1_349' title='bbox 255 2152 435 2186; x_wconf 81' lang='grc' dir='ltr'>ὑπαντήσειεν</span> <span class='ocrx_word' id='word_1_350' title='bbox 453 2148 545 2185; x_wconf 69' lang='grc' dir='ltr'>;τΑρα</span> <span class='ocrx_word' id='word_1_351' title='bbox 574 2151 611 2186; x_wconf 77' lang='grc' dir='ltr'>μὴ</span> <span class='ocrx_word' id='word_1_352' title='bbox 638 2151 688 2185; x_wconf 83' lang='grc' dir='ltr'><strong>τῆς</strong></span> <span class='ocrx_word' id='word_1_353' title='bbox 707 2150 885 2184; x_wconf 70' lang='grc' dir='ltr'>ψυχαγωγίας</span> <span class='ocrx_word' id='word_1_354' title='bbox 906 2150 920 2176; x_wconf 84' lang='grc' dir='ltr'>ὁ</span> 
     </span>
    </p>
   </div>
   <div class='ocr_carea' id='block_1_49' title="bbox 964 233 1746 268">
    <p class='ocr_par' dir='ltr' id='par_1_49' title="bbox 964 233 1746 268">
     <span class='ocr_line' id='line_1_49' title="bbox 964 233 1746 268; baseline 0 -6"><span class='ocrx_word' id='word_1_355' title='bbox 964 241 1016 262; x_wconf 92' lang='lat' dir='ltr'><strong>tem</strong></span> <span class='ocrx_word' id='word_1_356' title='bbox 1034 240 1157 261; x_wconf 81' lang='lat' dir='ltr'><strong>naturam</strong></span> <span class='ocrx_word' id='word_1_357' title='bbox 1176 235 1201 261; x_wconf 92' lang='lat' dir='ltr'><strong>in</strong></span> <span class='ocrx_word' id='word_1_358' title='bbox 1217 233 1358 261; x_wconf 77' lang='lat' dir='ltr'><strong>fecundam</strong></span> <span class='ocrx_word' id='word_1_359' title='bbox 1376 234 1505 260; x_wconf 88' lang='lat' dir='ltr'><strong>mutando</strong></span> <span class='ocrx_word' id='word_1_360' title='bbox 1525 239 1628 268; x_wconf 84' lang='lat' dir='ltr'><strong>aptare.</strong></span> <span class='ocrx_word' id='word_1_361' title='bbox 1645 234 1746 267; x_wconf 89' lang='lat' dir='ltr'><strong>Quam-</strong></span> 
     </span>
    </p>
   </div>
   <div class='ocr_carea' id='block_1_50' title="bbox 960 280 1744 314">
    <p class='ocr_par' dir='ltr' id='par_1_50' title="bbox 960 280 1744 314">
     <span class='ocr_line' id='line_1_50' title="bbox 960 280 1744 314; baseline -0.001 -6"><span class='ocrx_word' id='word_1_362' title='bbox 960 281 1053 309; x_wconf 87' lang='lat' dir='ltr'><strong>obrem</strong></span> <span class='ocrx_word' id='word_1_363' title='bbox 1066 280 1258 312; x_wconf 80' lang='lat' dir='ltr'><strong>eainomnino,</strong></span> <span class='ocrx_word' id='word_1_364' title='bbox 1281 284 1306 306; x_wconf 91' lang='lat' dir='ltr'><strong>te</strong></span> <span class='ocrx_word' id='word_1_365' title='bbox 1321 286 1411 306; x_wconf 74' lang='lat' dir='ltr'><strong>coram</strong></span> <span class='ocrx_word' id='word_1_366' title='bbox 1427 284 1542 305; x_wconf 88' lang='lat' dir='ltr'><strong>mentem</strong></span> <span class='ocrx_word' id='word_1_367' title='bbox 1555 286 1744 314; x_wconf 80' lang='lat' dir='ltr'><strong>proponentes,</strong></span> 
     </span>
    </p>
   </div>
   <div class='ocr_carea' id='block_1_51' title="bbox 961 326 1746 359">
    <p class='ocr_par' dir='ltr' id='par_1_51' title="bbox 961 326 1746 359">
     <span class='ocr_line' id='line_1_51' title="bbox 961 326 1746 359; baseline 0 -6"><span class='ocrx_word' id='word_1_368' title='bbox 961 334 1014 354; x_wconf 88' lang='lat' dir='ltr'><strong>non</strong></span> <span class='ocrx_word' id='word_1_369' title='bbox 1035 327 1114 353; x_wconf 77' lang='lat' dir='ltr'><strong>aliter</strong></span> <span class='ocrx_word' id='word_1_370' title='bbox 1129 326 1310 358; x_wconf 76' lang='lat' dir='ltr'><strong>deﬂectimus,</strong></span> <span class='ocrx_word' id='word_1_371' title='bbox 1332 326 1418 352; x_wconf 89' lang='lat' dir='ltr'><strong>donec</strong></span> <span class='ocrx_word' id='word_1_372' title='bbox 1433 326 1589 359; x_wconf 90' lang='lat' dir='ltr'><strong>petitionum</strong></span> <span class='ocrx_word' id='word_1_373' title='bbox 1605 327 1686 353; x_wconf 86' lang='lat' dir='ltr'><strong>linem</strong></span> <span class='ocrx_word' id='word_1_374' title='bbox 1707 327 1746 353; x_wconf 86' lang='lat' dir='ltr'><strong>vi-</strong></span> 
     </span>
    </p>
   </div>
   <div class='ocr_carea' id='block_1_52' title="bbox 960 371 1744 406">
    <p class='ocr_par' dir='ltr' id='par_1_52' title="bbox 960 371 1744 406">
     <span class='ocr_line' id='line_1_52' title="bbox 960 371 1744 406; baseline 0.001 -8"><span class='ocrx_word' id='word_1_375' title='bbox 960 372 1083 399; x_wconf 74' lang='lat' dir='ltr'><strong>deamus.</strong></span> <span class='ocrx_word' id='word_1_376' title='bbox 1104 372 1211 398; x_wconf 79' lang='lat' dir='ltr'><strong>Scimus</strong></span> <span class='ocrx_word' id='word_1_377' title='bbox 1233 371 1305 398; x_wconf 89' lang='lat' dir='ltr'><strong>enim</strong></span> <span class='ocrx_word' id='word_1_378' title='bbox 1335 371 1392 398; x_wconf 81' lang='lat' dir='ltr'><strong>fore</strong></span> <span class='ocrx_word' id='word_1_379' title='bbox 1410 375 1438 398; x_wconf 95' lang='lat' dir='ltr'><strong>ut</strong></span> <span class='ocrx_word' id='word_1_380' title='bbox 1456 378 1509 398; x_wconf 91' lang='lat' dir='ltr'><strong>non</strong></span> <span class='ocrx_word' id='word_1_381' title='bbox 1526 371 1627 404; x_wconf 86' lang='lat' dir='ltr'><strong>tardes,</strong></span> <span class='ocrx_word' id='word_1_382' title='bbox 1651 373 1695 406; x_wconf 86' lang='lat' dir='ltr'><strong>qui</strong></span> <span class='ocrx_word' id='word_1_383' title='bbox 1719 372 1744 399; x_wconf 93' lang='lat' dir='ltr'><strong>in</strong></span> 
     </span>
    </p>
   </div>
   <div class='ocr_carea' id='block_1_53' title="bbox 962 418 1409 452">
    <p class='ocr_par' dir='ltr' id='par_1_53' title="bbox 962 418 1409 452">
     <span class='ocr_line' id='line_1_53' title="bbox 962 418 1409 452; baseline -0.004 -7"><span class='ocrx_word' id='word_1_384' title='bbox 962 418 1021 445; x_wconf 81' lang='lat' dir='ltr'><strong>aliis</strong></span> <span class='ocrx_word' id='word_1_385' title='bbox 1039 419 1092 445; x_wconf 88' lang='lat' dir='ltr'><strong>cito</strong></span> <span class='ocrx_word' id='word_1_386' title='bbox 1105 418 1241 444; x_wconf 87' lang='lat' dir='ltr'><strong>oratioues</strong></span> <span class='ocrx_word' id='word_1_387' title='bbox 1257 424 1383 452; x_wconf 85' lang='lat' dir='ltr'><strong>occupes.</strong></span> <span class='ocrx_word' id='word_1_388' title='bbox 1400 426 1409 443; x_wconf 73' lang='grc' dir='ltr'><strong>ι</strong></span> 
     </span>
    </p>
   </div>
   <div class='ocr_carea' id='block_1_54' title="bbox 997 510 1746 546">
    <p class='ocr_par' dir='ltr' id='par_1_54' title="bbox 997 510 1746 546">
     <span class='ocr_line' id='line_1_54' title="bbox 997 510 1746 546; baseline -0.003 -6"><span class='ocrx_word' id='word_1_389' title='bbox 997 513 1059 540; x_wconf 79' lang='lat' dir='ltr'><strong>Haec</strong></span> <span class='ocrx_word' id='word_1_390' title='bbox 1073 512 1204 546; x_wconf 78' lang='lat' dir='ltr'><strong>iustorum</strong></span> <span class='ocrx_word' id='word_1_391' title='bbox 1220 511 1316 542; x_wconf 88' lang='lat' dir='ltr'><strong>oratio,</strong></span> <span class='ocrx_word' id='word_1_392' title='bbox 1332 511 1464 538; x_wconf 82' lang='lat' dir='ltr'><strong>sinceram</strong></span> <span class='ocrx_word' id='word_1_393' title='bbox 1480 518 1572 538; x_wconf 81' lang='lat' dir='ltr'><strong>eorum</strong></span> <span class='ocrx_word' id='word_1_394' title='bbox 1589 510 1667 538; x_wconf 86' lang='lat' dir='ltr'><strong>iidem</strong></span> <span class='ocrx_word' id='word_1_395' title='bbox 1683 518 1746 545; x_wconf 84' lang='lat' dir='ltr'><strong>pcr-</strong></span> 
     </span>
    </p>
   </div>
   <div class='ocr_carea' id='block_1_55' title="bbox 962 556 1746 593">
    <p class='ocr_par' dir='ltr' id='par_1_55' title="bbox 962 556 1746 593">
     <span class='ocr_line' id='line_1_55' title="bbox 962 556 1746 593; baseline -0.004 -7"><span class='ocrx_word' id='word_1_396' title='bbox 962 559 1055 593; x_wconf 88' lang='lat' dir='ltr'><strong>spicue</strong></span> <span class='ocrx_word' id='word_1_397' title='bbox 1077 558 1215 588; x_wconf 85' lang='lat' dir='ltr'><strong>indicans,</strong></span> <span class='ocrx_word' id='word_1_398' title='bbox 1232 564 1340 591; x_wconf 76' lang='lat' dir='ltr'><strong>quaque</strong></span> <span class='ocrx_word' id='word_1_399' title='bbox 1358 556 1484 583; x_wconf 80' lang='lat' dir='ltr'><strong>exaudita</strong></span> <span class='ocrx_word' id='word_1_400' title='bbox 1501 556 1560 587; x_wconf 78' lang='lat' dir='ltr'><strong>fuit.</strong></span> <span class='ocrx_word' id='word_1_401' title='bbox 1577 556 1702 590; x_wconf 89' lang='lat' dir='ltr'><strong>probatos</strong></span> <span class='ocrx_word' id='word_1_402' title='bbox 1720 557 1746 583; x_wconf 90' lang='lat' dir='ltr'><strong>in</strong></span> 
     </span>
    </p>
   </div>
   <div class='ocr_carea' id='block_1_56' title="bbox 962 601 1747 635">
    <p class='ocr_par' dir='ltr' id='par_1_56' title="bbox 962 601 1747 635">
     <span class='ocr_line' id='line_1_56' title="bbox 962 601 1747 635; baseline -0.003 -5"><span class='ocrx_word' id='word_1_403' title='bbox 962 605 1022 631; x_wconf 86' lang='lat' dir='ltr'><strong>aliis</strong></span> <span class='ocrx_word' id='word_1_404' title='bbox 1046 611 1134 630; x_wconf 83' lang='lat' dir='ltr'><strong>mores</strong></span> <span class='ocrx_word' id='word_1_405' title='bbox 1155 602 1307 629; x_wconf 75' lang='lat' dir='ltr'><strong>declarans.</strong></span> <span class='ocrx_word' id='word_1_406' title='bbox 1335 602 1396 628; x_wconf 75' lang='lat' dir='ltr'><strong>Hzee</strong></span> <span class='ocrx_word' id='word_1_407' title='bbox 1415 601 1533 635; x_wconf 88' lang='lat' dir='ltr'><strong>pietatis,</strong></span> <span class='ocrx_word' id='word_1_408' title='bbox 1551 609 1629 635; x_wconf 81' lang='lat' dir='ltr'><strong>quam</strong></span> <span class='ocrx_word' id='word_1_409' title='bbox 1649 603 1675 628; x_wconf 89' lang='lat' dir='ltr'><strong>in</strong></span> <span class='ocrx_word' id='word_1_410' title='bbox 1699 609 1747 628; x_wconf 79' lang='lat' dir='ltr'><strong>oc—</strong></span> 
     </span>
    </p>
   </div>
   <div class='ocr_carea' id='block_1_57' title="bbox 963 646 1748 685">
    <p class='ocr_par' dir='ltr' id='par_1_57' title="bbox 963 646 1748 685">
     <span class='ocr_line' id='line_1_57' title="bbox 963 646 1748 685; baseline -0.003 -10"><span class='ocrx_word' id='word_1_411' title='bbox 963 647 1035 675; x_wconf 87' lang='lat' dir='ltr'><strong>culto</strong></span> <span class='ocrx_word' id='word_1_412' title='bbox 1056 647 1199 685; x_wconf 65' lang='lat' dir='ltr'><strong>coli-bant,</strong></span> <span class='ocrx_word' id='word_1_413' title='bbox 1224 647 1345 680; x_wconf 62' lang='lat' dir='ltr'><strong>quaedam</strong></span> <span class='ocrx_word' id='word_1_414' title='bbox 1370 646 1441 672; x_wconf 70' lang='lat' dir='ltr'><strong>velut</strong></span> <span class='ocrx_word' id='word_1_415' title='bbox 1463 646 1623 679; x_wconf 78' lang='lat' dir='ltr'><strong>designatio.</strong></span> <span class='ocrx_word' id='word_1_416' title='bbox 1646 646 1748 680; x_wconf 86' lang='lat' dir='ltr'><strong>Quippe</strong></span> 
     </span>
    </p>
   </div>
   <div class='ocr_carea' id='block_1_58' title="bbox 963 690 1746 726">
    <p class='ocr_par' dir='ltr' id='par_1_58' title="bbox 963 690 1746 726">
     <span class='ocr_line' id='line_1_58' title="bbox 963 690 1746 726; baseline -0.001 -7"><span class='ocrx_word' id='word_1_417' title='bbox 963 692 1028 720; x_wconf 79' lang='lat' dir='ltr'><strong>foris</strong></span> <span class='ocrx_word' id='word_1_418' title='bbox 1042 692 1198 726; x_wconf 87' lang='lat' dir='ltr'><strong>deprompta</strong></span> <span class='ocrx_word' id='word_1_419' title='bbox 1219 692 1316 723; x_wconf 77' lang='lat' dir='ltr'><strong>verba,</strong></span> <span class='ocrx_word' id='word_1_420' title='bbox 1341 691 1556 725; x_wconf 84' lang='lat' dir='ltr'><strong>depromentimn</strong></span> <span class='ocrx_word' id='word_1_421' title='bbox 1578 690 1746 718; x_wconf 78' lang='lat' dir='ltr'><strong>ali&#39;cctionem</strong></span> 
     </span>
    </p>
   </div>
   <div class='ocr_carea' id='block_1_59' title="bbox 963 736 1748 774">
    <p class='ocr_par' dir='ltr' id='par_1_59' title="bbox 963 736 1748 774">
     <span class='ocr_line' id='line_1_59' title="bbox 963 736 1748 774; baseline -0.004 -9"><span class='ocrx_word' id='word_1_422' title='bbox 963 738 1126 774; x_wconf 75' lang='lat' dir='ltr'><strong>significant.</strong></span> <span class='ocrx_word' id='word_1_423' title='bbox 1146 737 1211 770; x_wconf 70' lang='lat' dir='ltr'><strong>Quae</strong></span> <span class='ocrx_word' id='word_1_424' title='bbox 1227 737 1300 763; x_wconf 89' lang='lat' dir='ltr'><strong>enim</strong></span> <span class='ocrx_word' id='word_1_425' title='bbox 1318 737 1389 763; x_wconf 83' lang='lat' dir='ltr'><strong>intus</strong></span> <span class='ocrx_word' id='word_1_426' title='bbox 1406 736 1511 763; x_wconf 86' lang='lat' dir='ltr'><strong>occulta</strong></span> <span class='ocrx_word' id='word_1_427' title='bbox 1534 736 1702 771; x_wconf 75' lang='lat' dir='ltr'><strong>legebantur,</strong></span> <span class='ocrx_word' id='word_1_428' title='bbox 1717 744 1748 762; x_wconf 79' lang='lat' dir='ltr'><strong>ea</strong></span> 
     </span>
    </p>
   </div>
   <div class='ocr_carea' id='block_1_60' title="bbox 964 782 1749 819">
    <p class='ocr_par' dir='ltr' id='par_1_60' title="bbox 964 782 1749 819">
     <span class='ocr_line' id='line_1_60' title="bbox 964 782 1749 819; baseline -0.005 -7"><span class='ocrx_word' id='word_1_429' title='bbox 964 785 1105 813; x_wconf 86' lang='lat' dir='ltr'><strong>verborum</strong></span> <span class='ocrx_word' id='word_1_430' title='bbox 1123 783 1254 819; x_wconf 77' lang='lat' dir='ltr'><strong>symbolis</strong></span> <span class='ocrx_word' id='word_1_431' title='bbox 1265 783 1290 810; x_wconf 93' lang='lat' dir='ltr'><strong>in</strong></span> <span class='ocrx_word' id='word_1_432' title='bbox 1305 782 1391 817; x_wconf 84' lang='lat' dir='ltr'><strong>palam</strong></span> <span class='ocrx_word' id='word_1_433' title='bbox 1407 787 1521 817; x_wconf 82' lang='lat' dir='ltr'><strong>aguntur</strong></span> <span class='ocrx_word' id='word_1_434' title='bbox 1535 791 1541 809; x_wconf 95' lang='lat'>:</span> <span class='ocrx_word' id='word_1_435' title='bbox 1555 790 1587 809; x_wconf 86' lang='lat' dir='ltr'><strong>ac</strong></span> <span class='ocrx_word' id='word_1_436' title='bbox 1601 789 1677 809; x_wconf 79' lang='lat' dir='ltr'><strong>mens</strong></span> <span class='ocrx_word' id='word_1_437' title='bbox 1690 782 1749 816; x_wconf 85' lang='lat' dir='ltr'><strong>qui-</strong></span> 
     </span>
    </p>
   </div>
   <div class='ocr_carea' id='block_1_61' title="bbox 963 828 1750 862">
    <p class='ocr_par' dir='ltr' id='par_1_61' title="bbox 963 828 1750 862">
     <span class='ocr_line' id='line_1_61' title="bbox 963 828 1750 862; baseline -0.001 -5"><span class='ocrx_word' id='word_1_438' title='bbox 963 831 1024 858; x_wconf 86' lang='lat' dir='ltr'><strong>dem</strong></span> <span class='ocrx_word' id='word_1_439' title='bbox 1042 838 1193 858; x_wconf 86' lang='lat' dir='ltr'><strong>sermonem</strong></span> <span class='ocrx_word' id='word_1_440' title='bbox 1209 829 1301 862; x_wconf 80' lang='lat' dir='ltr'><strong>ell&#39;ert;</strong></span> <span class='ocrx_word' id='word_1_441' title='bbox 1330 836 1419 856; x_wconf 87' lang='lat' dir='ltr'><strong>sermo</strong></span> <span class='ocrx_word' id='word_1_442' title='bbox 1444 833 1534 855; x_wconf 86' lang='lat' dir='ltr'><strong>autem</strong></span> <span class='ocrx_word' id='word_1_443' title='bbox 1564 829 1646 855; x_wconf 89' lang='lat' dir='ltr'><strong>animi</strong></span> <span class='ocrx_word' id='word_1_444' title='bbox 1667 828 1750 856; x_wconf 79' lang='lat' dir='ltr'><strong>aﬂ&#39;ec-</strong></span> 
     </span>
    </p>
   </div>
   <div class='ocr_carea' id='block_1_62' title="bbox 964 874 1750 908">
    <p class='ocr_par' dir='ltr' id='par_1_62' title="bbox 964 874 1750 908">
     <span class='ocr_line' id='line_1_62' title="bbox 964 874 1750 908; baseline -0.005 -4"><span class='ocrx_word' id='word_1_445' title='bbox 964 877 1067 904; x_wconf 90' lang='lat' dir='ltr'><strong>tionum</strong></span> <span class='ocrx_word' id='word_1_446' title='bbox 1092 876 1202 903; x_wconf 89' lang='lat' dir='ltr'><strong>nuntius</strong></span> <span class='ocrx_word' id='word_1_447' title='bbox 1232 876 1350 907; x_wconf 83' lang='lat' dir='ltr'><strong>exsistit,</strong></span> <span class='ocrx_word' id='word_1_448' title='bbox 1369 882 1400 902; x_wconf 92' lang='lat' dir='ltr'><strong>ac</strong></span> <span class='ocrx_word' id='word_1_449' title='bbox 1415 882 1445 901; x_wconf 86' lang='lat' dir='ltr'><strong>ea</strong></span> <span class='ocrx_word' id='word_1_450' title='bbox 1463 881 1523 908; x_wconf 68' lang='lat' dir='ltr'><strong>qua:</strong></span> <span class='ocrx_word' id='word_1_451' title='bbox 1541 874 1656 901; x_wconf 88' lang='lat' dir='ltr'><strong>obscura</strong></span> <span class='ocrx_word' id='word_1_452' title='bbox 1672 878 1750 900; x_wconf 82' lang='lat' dir='ltr'><strong>erant</strong></span> 
     </span>
    </p>
   </div>
   <div class='ocr_carea' id='block_1_63' title="bbox 963 920 1752 958">
    <p class='ocr_par' dir='ltr' id='par_1_63' title="bbox 963 920 1752 958">
     <span class='ocr_line' id='line_1_63' title="bbox 963 920 1752 958; baseline -0.003 -9"><span class='ocrx_word' id='word_1_453' title='bbox 963 923 1105 958; x_wconf 88' lang='lat' dir='ltr'><strong>perspicua</strong></span> <span class='ocrx_word' id='word_1_454' title='bbox 1121 921 1194 953; x_wconf 79' lang='lat' dir='ltr'><strong>facit,</strong></span> <span class='ocrx_word' id='word_1_455' title='bbox 1210 921 1400 955; x_wconf 87' lang='lat' dir='ltr'><strong>actionumque</strong></span> <span class='ocrx_word' id='word_1_456' title='bbox 1413 920 1544 954; x_wconf 89' lang='lat' dir='ltr'><strong>principia</strong></span> <span class='ocrx_word' id='word_1_457' title='bbox 1560 921 1688 947; x_wconf 83' lang='lat' dir='ltr'><strong>ostendit.</strong></span> <span class='ocrx_word' id='word_1_458' title='bbox 1705 920 1752 947; x_wconf 77' lang='lat' dir='ltr'><strong>Sic</strong></span> 
     </span>
    </p>
   </div>
   <div class='ocr_carea' id='block_1_64' title="bbox 963 965 1750 1002">
    <p class='ocr_par' dir='ltr' id='par_1_64' title="bbox 963 965 1750 1002">
     <span class='ocr_line' id='line_1_64' title="bbox 963 965 1750 1002; baseline -0.001 -8"><span class='ocrx_word' id='word_1_459' title='bbox 963 975 1027 1002; x_wconf 82' lang='lat' dir='ltr'><strong>ergo</strong></span> <span class='ocrx_word' id='word_1_460' title='bbox 1040 967 1178 1002; x_wconf 86' lang='lat' dir='ltr'><strong>justorum</strong></span> <span class='ocrx_word' id='word_1_461' title='bbox 1191 966 1279 993; x_wconf 90' lang='lat' dir='ltr'><strong>oratio</strong></span> <span class='ocrx_word' id='word_1_462' title='bbox 1294 973 1376 1000; x_wconf 90' lang='lat' dir='ltr'><strong>opere</strong></span> <span class='ocrx_word' id='word_1_463' title='bbox 1398 965 1583 999; x_wconf 74' lang='lat' dir='ltr'><strong>complebatur</strong></span> <span class='ocrx_word' id='word_1_464' title='bbox 1598 974 1604 992; x_wconf 92' lang='lat'><strong>:</strong></span> <span class='ocrx_word' id='word_1_465' title='bbox 1622 965 1750 1000; x_wconf 78' lang='lat' dir='ltr'><strong>quocirca</strong></span> 
     </span>
    </p>
   </div>
   <div class='ocr_carea' id='block_1_65' title="bbox 964 1010 1750 1039">
    <p class='ocr_par' dir='ltr' id='par_1_65' title="bbox 964 1010 1750 1039">
     <span class='ocr_line' id='line_1_65' title="bbox 964 1010 1750 1039; baseline -0.001 -1"><span class='ocrx_word' id='word_1_466' title='bbox 964 1011 1082 1039; x_wconf 79' lang='lat' dir='ltr'><strong>futurum</strong></span> <span class='ocrx_word' id='word_1_467' title='bbox 1104 1011 1141 1038; x_wconf 85' lang='lat' dir='ltr'><strong>rei</strong></span> <span class='ocrx_word' id='word_1_468' title='bbox 1159 1015 1283 1038; x_wconf 78' lang='lat' dir='ltr'><strong>eventum</strong></span> <span class='ocrx_word' id='word_1_469' title='bbox 1307 1010 1416 1038; x_wconf 89' lang='lat' dir='ltr'><strong>oraculo</strong></span> <span class='ocrx_word' id='word_1_470' title='bbox 1438 1011 1578 1038; x_wconf 76' lang='lat' dir='ltr'><strong>docentur.</strong></span> <span class='ocrx_word' id='word_1_471' title='bbox 1601 1011 1623 1038; x_wconf 88' lang='grc'>0</span> <span class='ocrx_word' id='word_1_472' title='bbox 1641 1011 1750 1038; x_wconf 87' lang='lat' dir='ltr'><strong>mirabi-</strong></span> 
     </span>
    </p>
   </div>
   <div class='ocr_carea' id='block_1_66' title="bbox 965 1055 1751 1090">
    <p class='ocr_par' dir='ltr' id='par_1_66' title="bbox 965 1055 1751 1090">
     <span class='ocr_line' id='line_1_66' title="bbox 965 1055 1751 1090; baseline 0 -8"><span class='ocrx_word' id='word_1_473' title='bbox 965 1057 1016 1083; x_wconf 89' lang='lat' dir='ltr'><strong>lem</strong></span> <span class='ocrx_word' id='word_1_474' title='bbox 1032 1056 1218 1090; x_wconf 85' lang='lat' dir='ltr'><strong>adeptioneml</strong></span> <span class='ocrx_word' id='word_1_475' title='bbox 1238 1055 1259 1082; x_wconf 86' lang='lat'>0</span> <span class='ocrx_word' id='word_1_476' title='bbox 1283 1055 1464 1090; x_wconf 89' lang='lat' dir='ltr'><strong>precationem</strong></span> <span class='ocrx_word' id='word_1_477' title='bbox 1485 1056 1570 1084; x_wconf 76' lang='lat' dir='ltr'><strong>cmlos</strong></span> <span class='ocrx_word' id='word_1_478' title='bbox 1591 1063 1751 1089; x_wconf 75' lang='lat' dir='ltr'><strong>supergres-</strong></span> 
     </span>
    </p>
   </div>
   <div class='ocr_carea' id='block_1_67' title="bbox 966 1101 1753 1136">
    <p class='ocr_par' dir='ltr' id='par_1_67' title="bbox 966 1101 1753 1136">
     <span class='ocr_line' id='line_1_67' title="bbox 966 1101 1753 1136; baseline -0.001 -7"><span class='ocrx_word' id='word_1_479' title='bbox 966 1109 1036 1134; x_wconf 87' lang='lat' dir='ltr'><strong>sam,</strong></span> <span class='ocrx_word' id='word_1_480' title='bbox 1051 1109 1165 1136; x_wconf 58' lang='lat' dir='ltr'><strong>uitaeque</strong></span> <span class='ocrx_word' id='word_1_481' title='bbox 1179 1101 1211 1128; x_wconf 87' lang='lat' dir='ltr'><strong>ad</strong></span> <span class='ocrx_word' id='word_1_482' title='bbox 1228 1102 1314 1135; x_wconf 89' lang='lat' dir='ltr'><strong>ipsum</strong></span> <span class='ocrx_word' id='word_1_483' title='bbox 1337 1102 1462 1128; x_wconf 88' lang='lat' dir='ltr'><strong>thronum</strong></span> <span class='ocrx_word' id='word_1_484' title='bbox 1478 1101 1569 1135; x_wconf 64' lang='lat' dir='ltr'><strong>gloriae</strong></span> <span class='ocrx_word' id='word_1_485' title='bbox 1582 1102 1712 1129; x_wconf 81' lang='lat' dir='ltr'><strong>evolavit!</strong></span> <span class='ocrx_word' id='word_1_486' title='bbox 1729 1101 1753 1128; x_wconf 86' lang='grc' dir='ltr'>Ο</span> 
     </span>
    </p>
   </div>
   <div class='ocr_carea' id='block_1_68' title="bbox 965 1147 1749 1181">
    <p class='ocr_par' dir='ltr' id='par_1_68' title="bbox 965 1147 1749 1181">
     <span class='ocr_line' id='line_1_68' title="bbox 965 1147 1749 1181; baseline -0.001 -6"><span class='ocrx_word' id='word_1_487' title='bbox 965 1154 1115 1178; x_wconf 85' lang='lat' dir='ltr'><strong>sermones,</strong></span> <span class='ocrx_word' id='word_1_488' title='bbox 1142 1147 1240 1180; x_wconf 84' lang='lat' dir='ltr'><strong>quibus</strong></span> <span class='ocrx_word' id='word_1_489' title='bbox 1265 1154 1359 1174; x_wconf 88' lang='lat' dir='ltr'><strong>eorum</strong></span> <span class='ocrx_word' id='word_1_490' title='bbox 1386 1147 1492 1173; x_wconf 80' lang='lat' dir='ltr'><strong>laudata</strong></span> <span class='ocrx_word' id='word_1_491' title='bbox 1520 1151 1560 1174; x_wconf 88' lang='lat' dir='ltr'><strong>est</strong></span> <span class='ocrx_word' id='word_1_492' title='bbox 1584 1147 1749 1181; x_wconf 80' lang='lat' dir='ltr'><strong>magnitudo,</strong></span> 
     </span>
    </p>
   </div>
   <div class='ocr_carea' id='block_1_69' title="bbox 965 1191 1750 1227">
    <p class='ocr_par' dir='ltr' id='par_1_69' title="bbox 965 1191 1750 1227">
     <span class='ocr_line' id='line_1_69' title="bbox 965 1191 1750 1227; baseline 0.003 -9"><span class='ocrx_word' id='word_1_493' title='bbox 965 1200 1025 1227; x_wconf 77' lang='lat' dir='ltr'><strong>quae</strong></span> <span class='ocrx_word' id='word_1_494' title='bbox 1049 1196 1112 1218; x_wconf 92' lang='lat' dir='ltr'><strong>sunt</strong></span> <span class='ocrx_word' id='word_1_495' title='bbox 1127 1192 1230 1226; x_wconf 81' lang='lat' dir='ltr'><strong>majora</strong></span> <span class='ocrx_word' id='word_1_496' title='bbox 1255 1193 1395 1218; x_wconf 82' lang='lat' dir='ltr'><strong>sermone!</strong></span> <span class='ocrx_word' id='word_1_497' title='bbox 1409 1191 1484 1224; x_wconf 85' lang='lat' dir='ltr'><strong>Quod</strong></span> <span class='ocrx_word' id='word_1_498' title='bbox 1505 1200 1569 1219; x_wconf 83' lang='lat' dir='ltr'><strong>vero</strong></span> <span class='ocrx_word' id='word_1_499' title='bbox 1592 1192 1688 1220; x_wconf 81' lang='lat' dir='ltr'><strong>futurae</strong></span> <span class='ocrx_word' id='word_1_500' title='bbox 1712 1194 1750 1220; x_wconf 86' lang='lat' dir='ltr'><strong>rei</strong></span> 
     </span>
    </p>
   </div>
   <div class='ocr_carea' id='block_1_70' title="bbox 968 1238 1750 1272">
    <p class='ocr_par' dir='ltr' id='par_1_70' title="bbox 968 1238 1750 1272">
     <span class='ocr_line' id='line_1_70' title="bbox 968 1238 1750 1272; baseline 0.001 -8"><span class='ocrx_word' id='word_1_501' title='bbox 968 1238 1107 1268; x_wconf 84' lang='lat' dir='ltr'><strong>nuntium.</strong></span> <span class='ocrx_word' id='word_1_502' title='bbox 1137 1242 1264 1271; x_wconf 78' lang='lat' dir='ltr'><strong>tanquam</strong></span> <span class='ocrx_word' id='word_1_503' title='bbox 1283 1238 1336 1271; x_wconf 82' lang='lat' dir='ltr'><strong>jam</strong></span> <span class='ocrx_word' id='word_1_504' title='bbox 1365 1243 1453 1269; x_wconf 76' lang='lat' dir='ltr'><strong>esset.</strong></span> <span class='ocrx_word' id='word_1_505' title='bbox 1478 1243 1563 1265; x_wconf 86' lang='lat' dir='ltr'><strong>mater</strong></span> <span class='ocrx_word' id='word_1_506' title='bbox 1591 1239 1750 1272; x_wconf 82' lang='lat' dir='ltr'><strong>accepisset.</strong></span> 
     </span>
    </p>
   </div>
   <div class='ocr_carea' id='block_1_71' title="bbox 968 1283 1751 1318">
    <p class='ocr_par' dir='ltr' id='par_1_71' title="bbox 968 1283 1751 1318">
     <span class='ocr_line' id='line_1_71' title="bbox 968 1283 1751 1318; baseline -0.001 -6"><span class='ocrx_word' id='word_1_507' title='bbox 968 1285 1132 1312; x_wconf 89' lang='lat' dir='ltr'><strong>nascituram</strong></span> <span class='ocrx_word' id='word_1_508' title='bbox 1149 1283 1250 1318; x_wconf 90' lang='lat' dir='ltr'><strong>prolem</strong></span> <span class='ocrx_word' id='word_1_509' title='bbox 1264 1283 1317 1311; x_wconf 89' lang='lat' dir='ltr'><strong>Deo</strong></span> <span class='ocrx_word' id='word_1_510' title='bbox 1332 1291 1361 1310; x_wconf 89' lang='lat' dir='ltr'><strong>se</strong></span> <span class='ocrx_word' id='word_1_511' title='bbox 1374 1290 1604 1316; x_wconf 87' lang='lat' dir='ltr'><strong>consecraturam,</strong></span> <span class='ocrx_word' id='word_1_512' title='bbox 1626 1288 1707 1317; x_wconf 76' lang='lat' dir='ltr'><strong>atrpte</strong></span> <span class='ocrx_word' id='word_1_513' title='bbox 1724 1284 1751 1311; x_wconf 94' lang='lat' dir='ltr'><strong>in</strong></span> 
     </span>
    </p>
   </div>
   <div class='ocr_carea' id='block_1_72' title="bbox 968 1330 1750 1364">
    <p class='ocr_par' dir='ltr' id='par_1_72' title="bbox 968 1330 1750 1364">
     <span class='ocr_line' id='line_1_72' title="bbox 968 1330 1750 1364; baseline -0.001 -7"><span class='ocrx_word' id='word_1_514' title='bbox 968 1330 1068 1364; x_wconf 78' lang='lat' dir='ltr'><strong>templo</strong></span> <span class='ocrx_word' id='word_1_515' title='bbox 1085 1330 1236 1357; x_wconf 85' lang='lat' dir='ltr'><strong>oblaturam</strong></span> <span class='ocrx_word' id='word_1_516' title='bbox 1264 1330 1416 1364; x_wconf 81' lang='lat' dir='ltr'><strong>pollicetur.</strong></span> <span class='ocrx_word' id='word_1_517' title='bbox 1436 1330 1505 1362; x_wconf 83' lang='lat' dir='ltr'><strong>Quid</strong></span> <span class='ocrx_word' id='word_1_518' title='bbox 1533 1330 1595 1361; x_wconf 83' lang='lat' dir='ltr'><strong>hoc.</strong></span> <span class='ocrx_word' id='word_1_519' title='bbox 1620 1338 1636 1357; x_wconf 93' lang='lat' dir='ltr'><strong>o</strong></span> <span class='ocrx_word' id='word_1_520' title='bbox 1662 1331 1750 1363; x_wconf 82' lang='lat' dir='ltr'><strong>Anna,</strong></span> 
     </span>
    </p>
   </div>
   <div class='ocr_carea' id='block_1_73' title="bbox 968 1374 1753 1410">
    <p class='ocr_par' dir='ltr' id='par_1_73' title="bbox 968 1374 1753 1410">
     <span class='ocr_line' id='line_1_73' title="bbox 968 1374 1753 1410; baseline -0.001 -8"><span class='ocrx_word' id='word_1_521' title='bbox 968 1375 1082 1402; x_wconf 82' lang='lat' dir='ltr'><strong>dixerim</strong></span> <span class='ocrx_word' id='word_1_522' title='bbox 1099 1375 1132 1402; x_wconf 89' lang='lat' dir='ltr'><strong>ad</strong></span> <span class='ocrx_word' id='word_1_523' title='bbox 1148 1374 1228 1401; x_wconf 80' lang='lat' dir='ltr'><strong>eam?</strong></span> <span class='ocrx_word' id='word_1_524' title='bbox 1245 1374 1278 1402; x_wconf 90' lang='lat' dir='ltr'><strong>Ut</strong></span> <span class='ocrx_word' id='word_1_525' title='bbox 1293 1374 1356 1408; x_wconf 90' lang='lat' dir='ltr'><strong>quid</strong></span> <span class='ocrx_word' id='word_1_526' title='bbox 1371 1374 1467 1401; x_wconf 70' lang='lat' dir='ltr'><strong>futura:</strong></span> <span class='ocrx_word' id='word_1_527' title='bbox 1482 1375 1518 1401; x_wconf 86' lang='lat' dir='ltr'><strong>rei</strong></span> <span class='ocrx_word' id='word_1_528' title='bbox 1531 1376 1667 1409; x_wconf 83' lang='lat' dir='ltr'><strong>processui</strong></span> <span class='ocrx_word' id='word_1_529' title='bbox 1685 1383 1753 1410; x_wconf 58' lang='lat' dir='ltr'><strong>prve-</strong></span> 
     </span>
    </p>
   </div>
   <div class='ocr_carea' id='block_1_74' title="bbox 968 1420 1753 1455">
    <p class='ocr_par' dir='ltr' id='par_1_74' title="bbox 968 1420 1753 1455">
     <span class='ocr_line' id='line_1_74' title="bbox 968 1420 1753 1455; baseline -0.001 -7"><span class='ocrx_word' id='word_1_530' title='bbox 968 1421 1072 1448; x_wconf 83' lang='lat' dir='ltr'><strong>curris?</strong></span> <span class='ocrx_word' id='word_1_531' title='bbox 1098 1420 1232 1453; x_wconf 87' lang='lat' dir='ltr'><strong>Quorsum</strong></span> <span class='ocrx_word' id='word_1_532' title='bbox 1258 1421 1399 1447; x_wconf 81' lang='lat' dir='ltr'><strong>alacritate</strong></span> <span class='ocrx_word' id='word_1_533' title='bbox 1429 1421 1510 1447; x_wconf 86' lang='lat' dir='ltr'><strong>animi</strong></span> <span class='ocrx_word' id='word_1_534' title='bbox 1539 1422 1608 1455; x_wconf 81' lang='lat' dir='ltr'><strong>quod</strong></span> <span class='ocrx_word' id='word_1_535' title='bbox 1637 1421 1753 1448; x_wconf 80' lang='lat' dir='ltr'><strong>edicitur</strong></span> 
     </span>
    </p>
   </div>
   <div class='ocr_carea' id='block_1_75' title="bbox 969 1465 1752 1501">
    <p class='ocr_par' dir='ltr' id='par_1_75' title="bbox 969 1465 1752 1501">
     <span class='ocr_line' id='line_1_75' title="bbox 969 1465 1752 1501; baseline 0 -9"><span class='ocrx_word' id='word_1_536' title='bbox 969 1466 1118 1501; x_wconf 64' lang='lat' dir='ltr'><strong>praevenis?</strong></span> <span class='ocrx_word' id='word_1_537' title='bbox 1140 1465 1321 1499; x_wconf 84' lang='lat' dir='ltr'><strong>Quamobrem</strong></span> <span class='ocrx_word' id='word_1_538' title='bbox 1346 1465 1417 1500; x_wconf 89' lang='lat' dir='ltr'><strong>quod</strong></span> <span class='ocrx_word' id='word_1_539' title='bbox 1446 1465 1560 1493; x_wconf 68' lang='lat' dir='ltr'><strong>net-dum</strong></span> <span class='ocrx_word' id='word_1_540' title='bbox 1588 1473 1677 1493; x_wconf 87' lang='lat' dir='ltr'><strong>ortum</strong></span> <span class='ocrx_word' id='word_1_541' title='bbox 1695 1472 1752 1499; x_wconf 83' lang='lat' dir='ltr'><strong>est,</strong></span> 
     </span>
    </p>
   </div>
   <div class='ocr_carea' id='block_1_76' title="bbox 969 1511 1754 1546">
    <p class='ocr_par' dir='ltr' id='par_1_76' title="bbox 969 1511 1754 1546">
     <span class='ocr_line' id='line_1_76' title="bbox 969 1511 1754 1546; baseline 0 -7"><span class='ocrx_word' id='word_1_542' title='bbox 969 1512 1065 1539; x_wconf 74' lang='lat' dir='ltr'><strong>oiferre</strong></span> <span class='ocrx_word' id='word_1_543' title='bbox 1079 1513 1132 1539; x_wconf 85' lang='lat' dir='ltr'><strong>Deo</strong></span> <span class='ocrx_word' id='word_1_544' title='bbox 1143 1511 1288 1546; x_wconf 83' lang='lat' dir='ltr'><strong>promittis,</strong></span> <span class='ocrx_word' id='word_1_545' title='bbox 1305 1516 1431 1546; x_wconf 84' lang='lat' dir='ltr'><strong>tanquam</strong></span> <span class='ocrx_word' id='word_1_546' title='bbox 1443 1511 1469 1538; x_wconf 92' lang='lat' dir='ltr'><strong>in</strong></span> <span class='ocrx_word' id='word_1_547' title='bbox 1484 1512 1607 1539; x_wconf 79' lang='lat' dir='ltr'><strong>rnanibus</strong></span> <span class='ocrx_word' id='word_1_548' title='bbox 1622 1512 1754 1540; x_wconf 75' lang='lat' dir='ltr'><strong>haberes?</strong></span> 
     </span>
    </p>
   </div>
   <div class='ocr_carea' id='block_1_77' title="bbox 971 1557 1755 1592">
    <p class='ocr_par' dir='ltr' id='par_1_77' title="bbox 971 1557 1755 1592">
     <span class='ocr_line' id='line_1_77' title="bbox 971 1557 1755 1592; baseline 0.001 -8"><span class='ocrx_word' id='word_1_549' title='bbox 971 1557 1024 1584; x_wconf 86' lang='lat' dir='ltr'><strong>Par</strong></span> <span class='ocrx_word' id='word_1_550' title='bbox 1038 1563 1097 1584; x_wconf 88' lang='lat' dir='ltr'><strong>erat</strong></span> <span class='ocrx_word' id='word_1_551' title='bbox 1113 1563 1143 1584; x_wconf 92' lang='lat' dir='ltr'><strong>ut</strong></span> <span class='ocrx_word' id='word_1_552' title='bbox 1166 1562 1322 1592; x_wconf 81' lang='lat' dir='ltr'><strong>exspectato</strong></span> <span class='ocrx_word' id='word_1_553' title='bbox 1346 1563 1439 1592; x_wconf 88' lang='lat' dir='ltr'><strong>partus</strong></span> <span class='ocrx_word' id='word_1_554' title='bbox 1465 1562 1584 1591; x_wconf 85' lang='lat' dir='ltr'><strong>tempore</strong></span> <span class='ocrx_word' id='word_1_555' title='bbox 1599 1559 1637 1584; x_wconf 84' lang='lat' dir='ltr'><strong>sic</strong></span> <span class='ocrx_word' id='word_1_556' title='bbox 1657 1566 1755 1585; x_wconf 82' lang='lat' dir='ltr'><strong>munus</strong></span> 
     </span>
    </p>
   </div>
   <div class='ocr_carea' id='block_1_78' title="bbox 971 1602 1754 1637">
    <p class='ocr_par' dir='ltr' id='par_1_78' title="bbox 971 1602 1754 1637">
     <span class='ocr_line' id='line_1_78' title="bbox 971 1602 1754 1637; baseline 0.003 -9"><span class='ocrx_word' id='word_1_557' title='bbox 971 1603 1043 1637; x_wconf 87' lang='lat' dir='ltr'><strong>quod</strong></span> <span class='ocrx_word' id='word_1_558' title='bbox 1060 1607 1134 1630; x_wconf 79' lang='lat' dir='ltr'><strong>esset</strong></span> <span class='ocrx_word' id='word_1_559' title='bbox 1154 1603 1270 1635; x_wconf 86' lang='lat' dir='ltr'><strong>editura,</strong></span> <span class='ocrx_word' id='word_1_560' title='bbox 1290 1603 1375 1630; x_wconf 88' lang='lat' dir='ltr'><strong>datori</strong></span> <span class='ocrx_word' id='word_1_561' title='bbox 1396 1602 1516 1629; x_wconf 71' lang='lat' dir='ltr'><strong>olferrel.</strong></span> <span class='ocrx_word' id='word_1_562' title='bbox 1532 1602 1584 1629; x_wconf 83' lang='lat' dir='ltr'><strong>Par</strong></span> <span class='ocrx_word' id='word_1_563' title='bbox 1598 1608 1655 1630; x_wconf 79' lang='lat' dir='ltr'><strong>erat</strong></span> <span class='ocrx_word' id='word_1_564' title='bbox 1669 1608 1698 1629; x_wconf 87' lang='lat' dir='ltr'><strong>ut.</strong></span> <span class='ocrx_word' id='word_1_565' title='bbox 1712 1603 1754 1630; x_wconf 46' lang='lat' dir='ltr'><strong>in‘</strong></span> 
     </span>
    </p>
   </div>
   <div class='ocr_carea' id='block_1_79' title="bbox 971 1649 1756 1684">
    <p class='ocr_par' dir='ltr' id='par_1_79' title="bbox 971 1649 1756 1684">
     <span class='ocr_line' id='line_1_79' title="bbox 971 1649 1756 1684; baseline 0.003 -9"><span class='ocrx_word' id='word_1_566' title='bbox 971 1650 1038 1676; x_wconf 86' lang='lat' dir='ltr'><strong>certi</strong></span> <span class='ocrx_word' id='word_1_567' title='bbox 1061 1653 1175 1676; x_wconf 86' lang='lat' dir='ltr'><strong>eventus</strong></span> <span class='ocrx_word' id='word_1_568' title='bbox 1198 1649 1278 1676; x_wconf 86' lang='lat' dir='ltr'><strong>linem</strong></span> <span class='ocrx_word' id='word_1_569' title='bbox 1299 1650 1464 1681; x_wconf 80' lang='lat' dir='ltr'><strong>observans,</strong></span> <span class='ocrx_word' id='word_1_570' title='bbox 1482 1650 1687 1684; x_wconf 79' lang='lat' dir='ltr'><strong>haudquaquam</strong></span> <span class='ocrx_word' id='word_1_571' title='bbox 1709 1658 1756 1677; x_wconf 84' lang='lat' dir='ltr'><strong>vo-</strong></span> 
     </span>
    </p>
   </div>
   <div class='ocr_carea' id='block_1_80' title="bbox 974 1693 1752 1729">
    <p class='ocr_par' dir='ltr' id='par_1_80' title="bbox 974 1693 1752 1729">
     <span class='ocr_line' id='line_1_80' title="bbox 974 1693 1752 1729; baseline 0.004 -10"><span class='ocrx_word' id='word_1_572' title='bbox 974 1701 1041 1722; x_wconf 83' lang='lat' dir='ltr'><strong>vens</strong></span> <span class='ocrx_word' id='word_1_573' title='bbox 1066 1693 1197 1720; x_wconf 65' lang='lat' dir='ltr'><strong>violandae</strong></span> <span class='ocrx_word' id='word_1_574' title='bbox 1215 1695 1404 1729; x_wconf 86' lang='lat' dir='ltr'><strong>promissionis</strong></span> <span class='ocrx_word' id='word_1_575' title='bbox 1418 1695 1565 1729; x_wconf 88' lang='lat' dir='ltr'><strong>periculum</strong></span> <span class='ocrx_word' id='word_1_576' title='bbox 1592 1696 1752 1722; x_wconf 76' lang='lat' dir='ltr'><strong>incurreret.</strong></span> 
     </span>
    </p>
   </div>
   <div class='ocr_carea' id='block_1_81' title="bbox 971 1739 1753 1773">
    <p class='ocr_par' dir='ltr' id='par_1_81' title="bbox 971 1739 1753 1773">
     <span class='ocr_line' id='line_1_81' title="bbox 971 1739 1753 1773; baseline 0.001 -6"><span class='ocrx_word' id='word_1_577' title='bbox 971 1739 993 1767; x_wconf 93' lang='lat'><strong>0</strong></span> <span class='ocrx_word' id='word_1_578' title='bbox 1007 1739 1142 1773; x_wconf 80' lang='lat' dir='ltr'><strong>justorum</strong></span> <span class='ocrx_word' id='word_1_579' title='bbox 1158 1740 1254 1767; x_wconf 76' lang='lat' dir='ltr'><strong>fidem!</strong></span> <span class='ocrx_word' id='word_1_580' title='bbox 1272 1740 1293 1768; x_wconf 93' lang='grc' dir='ltr'><strong>Ο</strong></span> <span class='ocrx_word' id='word_1_581' title='bbox 1307 1741 1484 1773; x_wconf 69' lang='lat' dir='ltr'><strong>magnanima:</strong></span> <span class='ocrx_word' id='word_1_582' title='bbox 1499 1741 1594 1768; x_wconf 85' lang='lat' dir='ltr'><strong>Matris</strong></span> <span class='ocrx_word' id='word_1_583' title='bbox 1611 1742 1753 1769; x_wconf 80' lang='lat' dir='ltr'><strong>indicium]</strong></span> 
     </span>
    </p>
   </div>
   <div class='ocr_carea' id='block_1_82' title="bbox 970 1785 1755 1821">
    <p class='ocr_par' dir='ltr' id='par_1_82' title="bbox 970 1785 1755 1821">
     <span class='ocr_line' id='line_1_82' title="bbox 970 1785 1755 1821; baseline 0.004 -10"><span class='ocrx_word' id='word_1_584' title='bbox 970 1785 1047 1811; x_wconf 86' lang='lat' dir='ltr'><strong>Nulla</strong></span> <span class='ocrx_word' id='word_1_585' title='bbox 1063 1785 1202 1812; x_wconf 86' lang='lat' dir='ltr'><strong>dubielate</strong></span> <span class='ocrx_word' id='word_1_586' title='bbox 1222 1785 1340 1812; x_wconf 82' lang='lat' dir='ltr'><strong>futurum</strong></span> <span class='ocrx_word' id='word_1_587' title='bbox 1356 1787 1541 1820; x_wconf 82' lang='lat' dir='ltr'><strong>comparavit,</strong></span> <span class='ocrx_word' id='word_1_588' title='bbox 1557 1787 1684 1821; x_wconf 83' lang='lat' dir='ltr'><strong>nullaque</strong></span> <span class='ocrx_word' id='word_1_589' title='bbox 1702 1788 1755 1815; x_wconf 74' lang='lat' dir='ltr'><strong>lia:-</strong></span> 
     </span>
    </p>
   </div>
   <div class='ocr_carea' id='block_1_83' title="bbox 970 1831 1755 1865">
    <p class='ocr_par' dir='ltr' id='par_1_83' title="bbox 970 1831 1755 1865">
     <span class='ocr_line' id='line_1_83' title="bbox 970 1831 1755 1865; baseline 0.003 -8"><span class='ocrx_word' id='word_1_590' title='bbox 970 1831 1099 1858; x_wconf 87' lang='lat' dir='ltr'><strong>sitatione</strong></span> <span class='ocrx_word' id='word_1_591' title='bbox 1122 1832 1191 1865; x_wconf 82' lang='lat' dir='ltr'><strong>quod</strong></span> <span class='ocrx_word' id='word_1_592' title='bbox 1214 1836 1272 1858; x_wconf 79' lang='lat' dir='ltr'><strong>erat</strong></span> <span class='ocrx_word' id='word_1_593' title='bbox 1296 1832 1448 1858; x_wconf 86' lang='lat' dir='ltr'><strong>nuntiatum</strong></span> <span class='ocrx_word' id='word_1_594' title='bbox 1475 1832 1532 1859; x_wconf 82' lang='lat' dir='ltr'><strong>fore</strong></span> <span class='ocrx_word' id='word_1_595' title='bbox 1549 1833 1662 1859; x_wconf 88' lang='lat' dir='ltr'><strong>distulit.</strong></span> <span class='ocrx_word' id='word_1_596' title='bbox 1683 1833 1755 1860; x_wconf 82' lang='lat' dir='ltr'><strong>Nihil</strong></span> 
     </span>
    </p>
   </div>
   <div class='ocr_carea' id='block_1_84' title="bbox 971 1876 1753 1913">
    <p class='ocr_par' dir='ltr' id='par_1_84' title="bbox 971 1876 1753 1913">
     <span class='ocr_line' id='line_1_84' title="bbox 971 1876 1753 1913; baseline 0.004 -11"><span class='ocrx_word' id='word_1_597' title='bbox 971 1876 1088 1910; x_wconf 87' lang='lat' dir='ltr'><strong>ineptam</strong></span> <span class='ocrx_word' id='word_1_598' title='bbox 1107 1876 1237 1904; x_wconf 82' lang='lat' dir='ltr'><strong>hactenus</strong></span> <span class='ocrx_word' id='word_1_599' title='bbox 1253 1881 1375 1903; x_wconf 87' lang='lat' dir='ltr'><strong>naturam</strong></span> <span class='ocrx_word' id='word_1_600' title='bbox 1391 1878 1581 1905; x_wconf 87' lang='lat' dir='ltr'><strong>consideravit.</strong></span> <span class='ocrx_word' id='word_1_601' title='bbox 1607 1877 1753 1913; x_wconf 80' lang='lat' dir='ltr'><strong>Haudqua-</strong></span> 
     </span>
    </p>
   </div>
   <div class='ocr_carea' id='block_1_85' title="bbox 971 1922 1754 1956">
    <p class='ocr_par' dir='ltr' id='par_1_85' title="bbox 971 1922 1754 1956">
     <span class='ocr_line' id='line_1_85' title="bbox 971 1922 1754 1956; baseline 0.004 -8"><span class='ocrx_word' id='word_1_602' title='bbox 971 1929 1052 1956; x_wconf 88' lang='lat' dir='ltr'><strong>quam</strong></span> <span class='ocrx_word' id='word_1_603' title='bbox 1073 1922 1187 1949; x_wconf 81' lang='lat' dir='ltr'><strong>insuetao</strong></span> <span class='ocrx_word' id='word_1_604' title='bbox 1202 1924 1239 1949; x_wconf 88' lang='lat' dir='ltr'><strong>rei</strong></span> <span class='ocrx_word' id='word_1_605' title='bbox 1263 1922 1419 1950; x_wconf 85' lang='lat' dir='ltr'><strong>ditlicnltate</strong></span> <span class='ocrx_word' id='word_1_606' title='bbox 1437 1924 1537 1950; x_wconf 89' lang='lat' dir='ltr'><strong>moveri</strong></span> <span class='ocrx_word' id='word_1_607' title='bbox 1553 1931 1581 1950; x_wconf 87' lang='lat' dir='ltr'><strong>se</strong></span> <span class='ocrx_word' id='word_1_608' title='bbox 1597 1925 1629 1951; x_wconf 89' lang='lat' dir='ltr'><strong>ad</strong></span> <span class='ocrx_word' id='word_1_609' title='bbox 1644 1930 1754 1951; x_wconf 80' lang='lat' dir='ltr'><strong>contra-</strong></span> 
     </span>
    </p>
   </div>
   <div class='ocr_carea' id='block_1_86' title="bbox 971 1969 1756 2006">
    <p class='ocr_par' dir='ltr' id='par_1_86' title="bbox 971 1969 1756 2006">
     <span class='ocr_line' id='line_1_86' title="bbox 971 1969 1756 2006; baseline 0.004 -10"><span class='ocrx_word' id='word_1_610' title='bbox 971 1969 1116 1996; x_wconf 88' lang='lat' dir='ltr'><strong>dicendum</strong></span> <span class='ocrx_word' id='word_1_611' title='bbox 1141 1970 1212 1997; x_wconf 89' lang='lat' dir='ltr'><strong>sivit.</strong></span> <span class='ocrx_word' id='word_1_612' title='bbox 1235 1970 1446 2004; x_wconf 87' lang='lat' dir='ltr'><strong>Haudquaquam</strong></span> <span class='ocrx_word' id='word_1_613' title='bbox 1465 1978 1513 2005; x_wconf 86' lang='lat' dir='ltr'><strong>pro</strong></span> <span class='ocrx_word' id='word_1_614' title='bbox 1528 1971 1566 1998; x_wconf 87' lang='lat' dir='ltr'><strong>rei</strong></span> <span class='ocrx_word' id='word_1_615' title='bbox 1584 1973 1756 2006; x_wconf 79' lang='lat' dir='ltr'><strong>impossibili-</strong></span> 
     </span>
    </p>
   </div>
   <div class='ocr_carea' id='block_1_87' title="bbox 972 2015 1757 2052">
    <p class='ocr_par' dir='ltr' id='par_1_87' title="bbox 972 2015 1757 2052">
     <span class='ocr_line' id='line_1_87' title="bbox 972 2015 1757 2052; baseline 0.004 -11"><span class='ocrx_word' id='word_1_616' title='bbox 972 2017 1025 2041; x_wconf 83' lang='lat' dir='ltr'><strong>tate</strong></span> <span class='ocrx_word' id='word_1_617' title='bbox 1045 2016 1164 2041; x_wconf 88' lang='lat' dir='ltr'><strong>animum</strong></span> <span class='ocrx_word' id='word_1_618' title='bbox 1182 2015 1311 2042; x_wconf 85' lang='lat' dir='ltr'><strong>auxietati</strong></span> <span class='ocrx_word' id='word_1_619' title='bbox 1339 2015 1421 2042; x_wconf 86' lang='lat' dir='ltr'><strong>dedit.</strong></span> <span class='ocrx_word' id='word_1_620' title='bbox 1447 2015 1504 2042; x_wconf 83' lang='lat' dir='ltr'><strong>Non</strong></span> <span class='ocrx_word' id='word_1_621' title='bbox 1524 2017 1658 2044; x_wconf 86' lang='lat' dir='ltr'><strong>dubitavit</strong></span> <span class='ocrx_word' id='word_1_622' title='bbox 1684 2018 1757 2052; x_wconf 76' lang='lat' dir='ltr'><strong>apud</strong></span> 
     </span>
    </p>
   </div>
   <div class='ocr_carea' id='block_1_88' title="bbox 971 2061 1756 2094">
    <p class='ocr_par' dir='ltr' id='par_1_88' title="bbox 971 2061 1756 2094">
     <span class='ocr_line' id='line_1_88' title="bbox 971 2061 1756 2094; baseline 0.001 -6"><span class='ocrx_word' id='word_1_623' title='bbox 971 2067 1000 2088; x_wconf 88' lang='lat' dir='ltr'><strong>se</strong></span> <span class='ocrx_word' id='word_1_624' title='bbox 1015 2061 1150 2094; x_wconf 77' lang='lat' dir='ltr'><strong>cogitans,</strong></span> <span class='ocrx_word' id='word_1_625' title='bbox 1168 2061 1205 2087; x_wconf 89' lang='lat' dir='ltr'><strong>uti</strong></span> <span class='ocrx_word' id='word_1_626' title='bbox 1220 2062 1362 2088; x_wconf 81' lang='lat' dir='ltr'><strong>consuevit</strong></span> <span class='ocrx_word' id='word_1_627' title='bbox 1376 2061 1499 2088; x_wconf 86' lang='lat' dir='ltr'><strong>accidere</strong></span> <span class='ocrx_word' id='word_1_628' title='bbox 1511 2061 1571 2088; x_wconf 85' lang='lat' dir='ltr'><strong>aliis</strong></span> <span class='ocrx_word' id='word_1_629' title='bbox 1586 2070 1593 2088; x_wconf 84' lang='lat'><strong>:</strong></span> <span class='ocrx_word' id='word_1_630' title='bbox 1610 2062 1679 2089; x_wconf 85' lang='lat' dir='ltr'><strong>Num</strong></span> <span class='ocrx_word' id='word_1_631' title='bbox 1694 2070 1756 2089; x_wconf 88' lang='lat' dir='ltr'><strong>ora-</strong></span> 
     </span>
    </p>
   </div>
   <div class='ocr_carea' id='block_1_89' title="bbox 971 2106 1755 2140">
    <p class='ocr_par' dir='ltr' id='par_1_89' title="bbox 971 2106 1755 2140">
     <span class='ocr_line' id='line_1_89' title="bbox 971 2106 1755 2140; baseline 0.003 -7"><span class='ocrx_word' id='word_1_632' title='bbox 971 2106 1059 2133; x_wconf 90' lang='lat' dir='ltr'><strong>culum</strong></span> <span class='ocrx_word' id='word_1_633' title='bbox 1079 2106 1104 2132; x_wconf 93' lang='lat' dir='ltr'><strong>in</strong></span> <span class='ocrx_word' id='word_1_634' title='bbox 1125 2106 1307 2140; x_wconf 85' lang='lat' dir='ltr'><strong>deccptionem</strong></span> <span class='ocrx_word' id='word_1_635' title='bbox 1327 2106 1422 2133; x_wconf 79' lang='lat' dir='ltr'><strong>cedet?</strong></span> <span class='ocrx_word' id='word_1_636' title='bbox 1441 2106 1509 2133; x_wconf 80' lang='lat' dir='ltr'><strong>Num</strong></span> <span class='ocrx_word' id='word_1_637' title='bbox 1531 2107 1655 2134; x_wconf 83' lang='lat' dir='ltr'><strong>diuturna</strong></span> <span class='ocrx_word' id='word_1_638' title='bbox 1673 2109 1755 2135; x_wconf 70' lang='grc' dir='ltr'><strong>διαςιὶ-</strong></span> 
     </span>
    </p>
   </div>
   <div class='ocr_carea' id='block_1_90' title="bbox 971 2151 1754 2187">
    <p class='ocr_par' dir='ltr' id='par_1_90' title="bbox 971 2151 1754 2187">
     <span class='ocr_line' id='line_1_90' title="bbox 971 2151 1754 2187; baseline 0.005 -9"><span class='ocrx_word' id='word_1_639' title='bbox 971 2151 1033 2178; x_wconf 88' lang='lat' dir='ltr'><strong>litas</strong></span> <span class='ocrx_word' id='word_1_640' title='bbox 1045 2152 1216 2186; x_wconf 81' lang='lat' dir='ltr'><strong>promissioni</strong></span> <span class='ocrx_word' id='word_1_641' title='bbox 1231 2152 1366 2179; x_wconf 86' lang='lat' dir='ltr'><strong>incurret?</strong></span> <span class='ocrx_word' id='word_1_642' title='bbox 1383 2152 1451 2179; x_wconf 86' lang='lat' dir='ltr'><strong>Num</strong></span> <span class='ocrx_word' id='word_1_643' title='bbox 1465 2153 1510 2187; x_wconf 83' lang='lat' dir='ltr'><strong>qui</strong></span> <span class='ocrx_word' id='word_1_644' title='bbox 1527 2154 1652 2187; x_wconf 85' lang='lat' dir='ltr'><strong>apparuit</strong></span> <span class='ocrx_word' id='word_1_645' title='bbox 1664 2162 1696 2181; x_wconf 78' lang='lat' dir='ltr'><strong>eo</strong></span> <span class='ocrx_word' id='word_1_646' title='bbox 1710 2162 1754 2182; x_wconf 88' lang='lat' dir='ltr'><strong>ve-</strong></span> 
     </span>
    </p>
   </div>
   <div class='ocr_carea' id='block_1_91' title="bbox 135 2194 915 2233">
    <p class='ocr_par' dir='ltr' id='par_1_91' title="bbox 135 2195 915 2232">
     <span class='ocr_line' id='line_1_91' title="bbox 135 2195 915 2232; baseline -0.003 -8"><span class='ocrx_word' id='word_1_647' title='bbox 135 2198 230 2231; x_wconf 69' lang='grc' dir='ltr'>ᾳανεὶς</span> <span class='ocrx_word' id='word_1_648' title='bbox 241 2197 359 2232; x_wconf 84' lang='grc' dir='ltr'>κομίζων</span> <span class='ocrx_word' id='word_1_649' title='bbox 371 2195 436 2232; x_wconf 80' lang='grc' dir='ltr'>ἧκεν</span> <span class='ocrx_word' id='word_1_650' title='bbox 447 2197 592 2231; x_wconf 72' lang='grc' dir='ltr'>εὐαγγέλια</span> <span class='ocrx_word' id='word_1_651' title='bbox 603 2206 610 2229; x_wconf 72' lang='grc' dir='ltr'>ς</span> <span class='ocrx_word' id='word_1_652' title='bbox 628 2198 693 2224; x_wconf 81' lang='grc' dir='ltr'>Ἰδοὺ</span> <span class='ocrx_word' id='word_1_653' title='bbox 705 2197 738 2223; x_wconf 77' lang='grc' dir='ltr'><strong>τὰ</strong></span> <span class='ocrx_word' id='word_1_654' title='bbox 749 2197 798 2231; x_wconf 81' lang='grc' dir='ltr'>τῆς</span> <span class='ocrx_word' id='word_1_655' title='bbox 810 2196 915 2231; x_wconf 81' lang='grc' dir='ltr'>ἡλικίας</span> 
     </span>
    </p>
   </div>
   <div class='ocr_carea' id='block_1_92' title="bbox 968 2194 1757 2233">
    <p class='ocr_par' dir='ltr' id='par_1_92' title="bbox 971 2194 1757 2233">
     <span class='ocr_line' id='line_1_92' title="bbox 971 2194 1757 2233; baseline 0.004 -9"><span class='ocrx_word' id='word_1_656' title='bbox 971 2197 1020 2230; x_wconf 90' lang='lat' dir='ltr'><strong>nit,</strong></span> <span class='ocrx_word' id='word_1_657' title='bbox 1043 2203 1072 2224; x_wconf 90' lang='lat' dir='ltr'><strong>ut</strong></span> <span class='ocrx_word' id='word_1_658' title='bbox 1096 2198 1226 2225; x_wconf 86' lang='lat' dir='ltr'><strong>mulceret</strong></span> <span class='ocrx_word' id='word_1_659' title='bbox 1246 2194 1360 2225; x_wconf 87' lang='lat' dir='ltr'><strong>nuntio?</strong></span> <span class='ocrx_word' id='word_1_660' title='bbox 1377 2199 1445 2226; x_wconf 86' lang='lat' dir='ltr'><strong>Ecce</strong></span> <span class='ocrx_word' id='word_1_661' title='bbox 1459 2199 1516 2233; x_wconf 86' lang='lat' dir='ltr'><strong>jam</strong></span> <span class='ocrx_word' id='word_1_662' title='bbox 1535 2199 1661 2226; x_wconf 86' lang='lat' dir='ltr'><strong>deﬂoruit</strong></span> <span class='ocrx_word' id='word_1_663' title='bbox 1677 2205 1757 2228; x_wconf 69' lang='lat' dir='ltr'><strong>aetas.</strong></span> 
     </span>
    </p>
   </div>
   <div class='ocr_carea' id='block_1_93' title="bbox 134 2242 920 2279">
    <p class='ocr_par' dir='ltr' id='par_1_93' title="bbox 134 2242 920 2279">
     <span class='ocr_line' id='line_1_93' title="bbox 134 2242 920 2279; baseline -0.003 -9"><span class='ocrx_word' id='word_1_664' title='bbox 134 2243 306 2279; x_wconf 76' lang='grc' dir='ltr'>παρήϐησεν.</span> <span class='ocrx_word' id='word_1_665' title='bbox 337 2244 401 2270; x_wconf 80' lang='grc' dir='ltr'>Ἰδοὺ</span> <span class='ocrx_word' id='word_1_666' title='bbox 425 2245 456 2270; x_wconf 77' lang='grc' dir='ltr'>τὸ</span> <span class='ocrx_word' id='word_1_667' title='bbox 479 2244 530 2278; x_wconf 74' lang='grc' dir='ltr'><strong>τῆς</strong></span> <span class='ocrx_word' id='word_1_668' title='bbox 550 2244 642 2278; x_wconf 79' lang='grc' dir='ltr'>ἀκμῆς</span> <span class='ocrx_word' id='word_1_669' title='bbox 669 2243 852 2278; x_wconf 76' lang='grc' dir='ltr'>ἀνθηρότατον</span> <span class='ocrx_word' id='word_1_670' title='bbox 881 2242 920 2276; x_wconf 83' lang='grc' dir='ltr'>τῷ</span> 
     </span>
    </p>
   </div>
   <div class='ocr_carea' id='block_1_94' title="bbox 134 2288 920 2326">
    <p class='ocr_par' dir='ltr' id='par_1_94' title="bbox 134 2288 920 2326">
     <span class='ocr_line' id='line_1_94' title="bbox 134 2288 920 2326; baseline -0.003 -10"><span class='ocrx_word' id='word_1_671' title='bbox 134 2291 225 2326; x_wconf 80' lang='grc' dir='ltr'>χρόνῳ</span> <span class='ocrx_word' id='word_1_672' title='bbox 241 2290 413 2325; x_wconf 77' lang='grc' dir='ltr'>μαραίνεται.</span> <span class='ocrx_word' id='word_1_673' title='bbox 432 2290 500 2317; x_wconf 77' lang='grc' dir='ltr'>Ἰδοὺ</span> <span class='ocrx_word' id='word_1_674' title='bbox 516 2290 546 2316; x_wconf 79' lang='grc' dir='ltr'><strong>τὸ</strong></span> <span class='ocrx_word' id='word_1_675' title='bbox 568 2289 621 2316; x_wconf 84' lang='grc' dir='ltr'>τῶν</span> <span class='ocrx_word' id='word_1_676' title='bbox 640 2289 728 2324; x_wconf 83' lang='grc' dir='ltr'>μελῶν</span> <span class='ocrx_word' id='word_1_677' title='bbox 745 2288 920 2324; x_wconf 83' lang='grc' dir='ltr'>ἰσχυρότατον</span> 
     </span>
    </p>
   </div>
   <div class='ocr_carea' id='block_1_95' title="bbox 135 2335 919 2370">
    <p class='ocr_par' dir='ltr' id='par_1_95' title="bbox 135 2335 919 2370">
     <span class='ocr_line' id='line_1_95' title="bbox 135 2335 919 2370; baseline -0.005 -7"><span class='ocrx_word' id='word_1_678' title='bbox 135 2336 203 2370; x_wconf 75' lang='grc' dir='ltr'>πρὸς</span> <span class='ocrx_word' id='word_1_679' title='bbox 216 2336 324 2363; x_wconf 77' lang='grc' dir='ltr'>ἔκλυσιν</span> <span class='ocrx_word' id='word_1_680' title='bbox 337 2336 487 2370; x_wconf 73' lang='grc' dir='ltr'>ἐπείγεται.</span> <span class='ocrx_word' id='word_1_681' title='bbox 503 2335 539 2362; x_wconf 78' lang='grc' dir='ltr'>Τὸ</span> <span class='ocrx_word' id='word_1_682' title='bbox 550 2335 598 2362; x_wconf 68' lang='grc' dir='ltr'>τοῦ</span> <span class='ocrx_word' id='word_1_683' title='bbox 626 2335 683 2370; x_wconf 85' lang='grc' dir='ltr'>βίου</span> <span class='ocrx_word' id='word_1_684' title='bbox 703 2335 830 2361; x_wconf 84' lang='grc' dir='ltr'>πλεῖστον</span> <span class='ocrx_word' id='word_1_685' title='bbox 848 2341 919 2368; x_wconf 85' lang='grc' dir='ltr'>παρ-</span> 
     </span>
    </p>
   </div>
   <div class='ocr_carea' id='block_1_96' title="bbox 135 2379 920 2416">
    <p class='ocr_par' dir='ltr' id='par_1_96' title="bbox 135 2379 920 2416">
     <span class='ocr_line' id='line_1_96' title="bbox 135 2379 920 2416; baseline -0.005 -8"><span class='ocrx_word' id='word_1_686' title='bbox 135 2382 263 2416; x_wconf 81' lang='grc' dir='ltr'>έδραμεν.</span> <span class='ocrx_word' id='word_1_687' title='bbox 283 2382 312 2407; x_wconf 90' lang='lat'><strong>&#39;0</strong></span> <span class='ocrx_word' id='word_1_688' title='bbox 331 2383 386 2413; x_wconf 82' lang='grc' dir='ltr'>τοῖς</span> <span class='ocrx_word' id='word_1_689' title='bbox 411 2383 494 2408; x_wconf 77' lang='grc' dir='ltr'>πᾶσιν</span> <span class='ocrx_word' id='word_1_690' title='bbox 513 2381 603 2416; x_wconf 71' lang='grc' dir='ltr'><strong>[Μαι.</strong></span> <span class='ocrx_word' id='word_1_691' title='bbox 620 2379 732 2415; x_wconf 74' lang='grc' dir='ltr'>παισὶν]</span> <span class='ocrx_word' id='word_1_692' title='bbox 754 2379 920 2413; x_wconf 77' lang='grc' dir='ltr'>ἐπαγγέλλε-</span> 
     </span>
    </p>
   </div>
   <div class='ocr_carea' id='block_1_97' title="bbox 136 2425 920 2462">
    <p class='ocr_par' dir='ltr' id='par_1_97' title="bbox 136 2425 920 2462">
     <span class='ocr_line' id='line_1_97' title="bbox 136 2425 920 2462; baseline -0.003 -9"><span class='ocrx_word' id='word_1_693' title='bbox 136 2427 198 2453; x_wconf 86' lang='grc' dir='ltr'>σθαι</span> <span class='ocrx_word' id='word_1_694' title='bbox 213 2426 427 2462; x_wconf 72' lang='grc' dir='ltr'>[ιες.ὲπειγάλλ.</span> <span class='ocrx_word' id='word_1_695' title='bbox 441 2426 676 2462; x_wconf 78' lang='grc' dir='ltr'>]παρασκευάζων</span> <span class='ocrx_word' id='word_1_696' title='bbox 693 2426 787 2460; x_wconf 77' lang='grc' dir='ltr'>καιρὸς</span> <span class='ocrx_word' id='word_1_697' title='bbox 800 2425 920 2459; x_wconf 82' lang='grc' dir='ltr'>ὑποφεύ-</span> 
     </span>
    </p>
   </div>
   <div class='ocr_carea' id='block_1_98' title="bbox 135 2470 920 2507">
    <p class='ocr_par' dir='ltr' id='par_1_98' title="bbox 135 2470 920 2507">
     <span class='ocr_line' id='line_1_98' title="bbox 135 2470 920 2507; baseline -0.001 -10"><span class='ocrx_word' id='word_1_698' title='bbox 135 2480 190 2506; x_wconf 76' lang='grc' dir='ltr'>γει,</span> <span class='ocrx_word' id='word_1_699' title='bbox 216 2472 247 2498; x_wconf 81' lang='grc' dir='ltr'><strong>Ἠ</strong></span> <span class='ocrx_word' id='word_1_700' title='bbox 270 2472 320 2506; x_wconf 83' lang='grc' dir='ltr'><strong>τῆς</strong></span> <span class='ocrx_word' id='word_1_701' title='bbox 338 2473 507 2503; x_wconf 84' lang='grc' dir='ltr'>παιδοποιίας</span> <span class='ocrx_word' id='word_1_702' title='bbox 520 2472 591 2507; x_wconf 74' lang='grc' dir='ltr'>χαρὰ</span> <span class='ocrx_word' id='word_1_703' title='bbox 612 2473 641 2498; x_wconf 84' lang='grc' dir='ltr'>ὲν</span> <span class='ocrx_word' id='word_1_704' title='bbox 657 2472 810 2507; x_wconf 84' lang='grc' dir='ltr'>προοιμίοις</span> <span class='ocrx_word' id='word_1_705' title='bbox 824 2470 855 2497; x_wconf 80' lang='grc' dir='ltr'><strong>τὸ</strong></span> <span class='ocrx_word' id='word_1_706' title='bbox 870 2478 920 2496; x_wconf 86' lang='grc' dir='ltr'>πο-</span> 
     </span>
    </p>
   </div>
   <div class='ocr_carea' id='block_1_99' title="bbox 137 2517 920 2554">
    <p class='ocr_par' dir='ltr' id='par_1_99' title="bbox 137 2517 920 2554">
     <span class='ocr_line' id='line_1_99' title="bbox 137 2517 920 2554; baseline -0.001 -11"><span class='ocrx_word' id='word_1_707' title='bbox 137 2518 225 2544; x_wconf 77' lang='grc' dir='ltr'>θεινὸν</span> <span class='ocrx_word' id='word_1_708' title='bbox 239 2518 314 2553; x_wconf 82' lang='grc' dir='ltr'>φέρει</span> <span class='ocrx_word' id='word_1_709' title='bbox 325 2518 391 2553; x_wconf 82' lang='grc' dir='ltr'>πρὸς</span> <span class='ocrx_word' id='word_1_710' title='bbox 399 2518 438 2553; x_wconf 82' lang='grc' dir='ltr'>τῷ</span> <span class='ocrx_word' id='word_1_711' title='bbox 447 2519 520 2554; x_wconf 77' lang='grc' dir='ltr'>γήρᾳ</span> <span class='ocrx_word' id='word_1_712' title='bbox 526 2519 573 2549; x_wconf 80' lang='grc' dir='ltr'><strong>τὰς</strong></span> <span class='ocrx_word' id='word_1_713' title='bbox 584 2518 752 2553; x_wconf 75' lang='grc' dir='ltr'>ἐπικαρπίας</span> <span class='ocrx_word' id='word_1_714' title='bbox 763 2517 920 2548; x_wconf 73' lang='grc' dir='ltr'>ἐλπίζουσα.</span> 
     </span>
    </p>
   </div>
   <div class='ocr_carea' id='block_1_100' title="bbox 136 2561 920 2599">
    <p class='ocr_par' dir='ltr' id='par_1_100' title="bbox 136 2561 920 2599">
     <span class='ocr_line' id='line_1_100' title="bbox 136 2561 920 2599; baseline -0.001 -10"><span class='ocrx_word' id='word_1_715' title='bbox 136 2563 170 2589; x_wconf 85' lang='grc' dir='ltr'>Τί</span> <span class='ocrx_word' id='word_1_716' title='bbox 188 2563 255 2598; x_wconf 82' lang='grc' dir='ltr'>πρὸς</span> <span class='ocrx_word' id='word_1_717' title='bbox 272 2564 318 2599; x_wconf 77' lang='grc' dir='ltr'>τὴν</span> <span class='ocrx_word' id='word_1_718' title='bbox 330 2564 432 2598; x_wconf 81' lang='grc' dir='ltr'>δέησιν,</span> <span class='ocrx_word' id='word_1_719' title='bbox 449 2564 496 2590; x_wconf 74' lang='grc' dir='ltr'>καὶ</span> <span class='ocrx_word' id='word_1_720' title='bbox 508 2565 556 2599; x_wconf 82' lang='grc' dir='ltr'>τὴν</span> <span class='ocrx_word' id='word_1_721' title='bbox 570 2563 738 2597; x_wconf 70' lang='grc' dir='ltr'>ἐπαγγελίαν</span> <span class='ocrx_word' id='word_1_722' title='bbox 753 2561 920 2597; x_wconf 78' lang='grc' dir='ltr'>έπασχολοῢ-</span> 
     </span>
    </p>
   </div>
   <div class='ocr_carea' id='block_1_101' title="bbox 138 2608 921 2645">
    <p class='ocr_par' dir='ltr' id='par_1_101' title="bbox 138 2608 921 2645">
     <span class='ocr_line' id='line_1_101' title="bbox 138 2608 921 2645; baseline -0.001 -11"><span class='ocrx_word' id='word_1_723' title='bbox 138 2617 187 2644; x_wconf 84' lang='grc' dir='ltr'><strong>μαι</strong></span> <span class='ocrx_word' id='word_1_724' title='bbox 202 2617 209 2642; x_wconf 88' lang='lat'>;</span> <span class='ocrx_word' id='word_1_725' title='bbox 225 2609 307 2635; x_wconf 73' lang='grc' dir='ltr'>Οὐδὲν</span> <span class='ocrx_word' id='word_1_726' title='bbox 321 2609 440 2635; x_wconf 84' lang='grc' dir='ltr'>τοιοῦτον</span> <span class='ocrx_word' id='word_1_727' title='bbox 461 2611 477 2645; x_wconf 84' lang='grc' dir='ltr'>ἡ</span> <span class='ocrx_word' id='word_1_728' title='bbox 495 2610 578 2636; x_wconf 78' lang='grc' dir='ltr'>’Ἄννα</span> <span class='ocrx_word' id='word_1_729' title='bbox 588 2609 625 2643; x_wconf 82' lang='grc' dir='ltr'>τῷ</span> <span class='ocrx_word' id='word_1_730' title='bbox 640 2608 762 2643; x_wconf 85' lang='grc' dir='ltr'>λογισμῷ</span> <span class='ocrx_word' id='word_1_731' title='bbox 776 2616 921 2643; x_wconf 85' lang='grc' dir='ltr'>παρεμπε-</span> 
     </span>
    </p>
   </div>
   <div class='ocr_carea' id='block_1_102' title="bbox 138 2653 921 2689">
    <p class='ocr_par' dir='ltr' id='par_1_102' title="bbox 138 2653 921 2689">
     <span class='ocr_line' id='line_1_102' title="bbox 138 2653 921 2689; baseline -0.001 -10"><span class='ocrx_word' id='word_1_732' title='bbox 138 2654 195 2679; x_wconf 83' lang='grc' dir='ltr'>σεῖν</span> <span class='ocrx_word' id='word_1_733' title='bbox 210 2660 410 2689; x_wconf 73' lang='grc' dir='ltr'>συνεχωρησεψ</span> <span class='ocrx_word' id='word_1_734' title='bbox 426 2654 483 2680; x_wconf 86' lang='grc' dir='ltr'>ἀλλ’</span> <span class='ocrx_word' id='word_1_735' title='bbox 497 2654 563 2689; x_wconf 74' lang='grc' dir='ltr'>ὁμοῦ</span> <span class='ocrx_word' id='word_1_736' title='bbox 578 2662 607 2680; x_wconf 77' lang='grc' dir='ltr'><strong>τε</strong></span> <span class='ocrx_word' id='word_1_737' title='bbox 624 2654 658 2681; x_wconf 80' lang='grc' dir='ltr'><strong>τὰ</strong></span> <span class='ocrx_word' id='word_1_738' title='bbox 676 2654 724 2688; x_wconf 81' lang='grc' dir='ltr'>τῆς</span> <span class='ocrx_word' id='word_1_739' title='bbox 742 2653 823 2688; x_wconf 82' lang='grc' dir='ltr'>εὐχῆς</span> <span class='ocrx_word' id='word_1_740' title='bbox 854 2661 921 2680; x_wconf 82' lang='grc' dir='ltr'>κατ-</span> 
     </span>
    </p>
   </div>
   <div class='ocr_carea' id='block_1_103' title="bbox 137 2698 922 2736">
    <p class='ocr_par' dir='ltr' id='par_1_103' title="bbox 137 2698 922 2736">
     <span class='ocr_line' id='line_1_103' title="bbox 137 2698 922 2736; baseline 0.001 -12"><span class='ocrx_word' id='word_1_741' title='bbox 137 2699 281 2731; x_wconf 74' lang='grc' dir='ltr'>εῦόιλλετο,</span> <span class='ocrx_word' id='word_1_742' title='bbox 305 2699 353 2726; x_wconf 74' lang='grc' dir='ltr'>καὶ</span> <span class='ocrx_word' id='word_1_743' title='bbox 382 2700 431 2736; x_wconf 79' lang='grc' dir='ltr'>τὴν</span> <span class='ocrx_word' id='word_1_744' title='bbox 447 2700 588 2733; x_wconf 74' lang='grc' dir='ltr'>ὲπίτευξιν</span> <span class='ocrx_word' id='word_1_745' title='bbox 613 2699 716 2734; x_wconf 80' lang='grc' dir='ltr'>ταύτης</span> <span class='ocrx_word' id='word_1_746' title='bbox 745 2699 784 2734; x_wconf 79' lang='grc' dir='ltr'>τῷ</span> <span class='ocrx_word' id='word_1_747' title='bbox 812 2698 922 2733; x_wconf 82' lang='grc' dir='ltr'>ὀφθέντι</span> 
     </span>
    </p>
   </div>
   <div class='ocr_carea' id='block_1_104' title="bbox 137 2745 924 2782">
    <p class='ocr_par' dir='ltr' id='par_1_104' title="bbox 137 2745 924 2782">
     <span class='ocr_line' id='line_1_104' title="bbox 137 2745 924 2782; baseline 0 -10"><span class='ocrx_word' id='word_1_748' title='bbox 137 2745 325 2780; x_wconf 79' lang='grc' dir='ltr'>κατεμηνύθη,</span> <span class='ocrx_word' id='word_1_749' title='bbox 353 2747 401 2772; x_wconf 78' lang='grc' dir='ltr'>καὶ</span> <span class='ocrx_word' id='word_1_750' title='bbox 425 2747 462 2777; x_wconf 79' lang='grc' dir='ltr'><strong>ὡς</strong></span> <span class='ocrx_word' id='word_1_751' title='bbox 491 2746 540 2782; x_wconf 75' lang='grc' dir='ltr'>ἤδη</span> <span class='ocrx_word' id='word_1_752' title='bbox 567 2746 717 2781; x_wconf 79' lang='grc' dir='ltr'>κατέχουσα</span> <span class='ocrx_word' id='word_1_753' title='bbox 749 2746 779 2772; x_wconf 75' lang='grc' dir='ltr'>τὸ</span> <span class='ocrx_word' id='word_1_754' title='bbox 811 2746 924 2781; x_wconf 84' lang='grc' dir='ltr'>προσδο-</span> 
     </span>
    </p>
   </div>
   <div class='ocr_carea' id='block_1_105' title="bbox 137 2790 923 2827">
    <p class='ocr_par' dir='ltr' id='par_1_105' title="bbox 137 2790 923 2827">
     <span class='ocr_line' id='line_1_105' title="bbox 137 2790 923 2827; baseline 0.001 -11"><span class='ocrx_word' id='word_1_755' title='bbox 137 2790 272 2825; x_wconf 77' lang='grc' dir='ltr'>κώμενον,</span> <span class='ocrx_word' id='word_1_756' title='bbox 297 2793 330 2825; x_wconf 69' lang='grc' dir='ltr'>τῇ</span> <span class='ocrx_word' id='word_1_757' title='bbox 357 2792 458 2827; x_wconf 74' lang='grc' dir='ltr'>σφοδρᾷ</span> <span class='ocrx_word' id='word_1_758' title='bbox 470 2791 608 2826; x_wconf 78' lang='grc' dir='ltr'>προθυμίᾳ</span> <span class='ocrx_word' id='word_1_759' title='bbox 632 2791 670 2826; x_wconf 86' lang='grc' dir='ltr'><strong>τῷ</strong></span> <span class='ocrx_word' id='word_1_760' title='bbox 678 2791 734 2826; x_wconf 75' lang='grc' dir='ltr'>ναῷ</span> <span class='ocrx_word' id='word_1_761' title='bbox 745 2790 823 2817; x_wconf 77' lang='grc' dir='ltr'>τοῦτο</span> <span class='ocrx_word' id='word_1_762' title='bbox 839 2799 923 2826; x_wconf 86' lang='grc' dir='ltr'>προσ-</span> 
     </span>
    </p>
   </div>
   <div class='ocr_carea' id='block_1_106' title="bbox 137 2836 922 2872">
    <p class='ocr_par' dir='ltr' id='par_1_106' title="bbox 137 2836 922 2872">
     <span class='ocr_line' id='line_1_106' title="bbox 137 2836 922 2872; baseline 0 -10"><span class='ocrx_word' id='word_1_763' title='bbox 137 2836 216 2869; x_wconf 74' lang='grc' dir='ltr'>άγειν</span> <span class='ocrx_word' id='word_1_764' title='bbox 251 2836 389 2871; x_wconf 74' lang='grc' dir='ltr'>ἠπείγετο.</span> <span class='ocrx_word' id='word_1_765' title='bbox 416 2837 463 2869; x_wconf 81' lang='grc' dir='ltr'><strong>Τίς</strong></span> <span class='ocrx_word' id='word_1_766' title='bbox 493 2837 526 2863; x_wconf 80' lang='grc' dir='ltr'>ἂν</span> <span class='ocrx_word' id='word_1_767' title='bbox 547 2837 624 2871; x_wconf 77' lang='grc' dir='ltr'>λόγος</span> <span class='ocrx_word' id='word_1_768' title='bbox 647 2837 677 2862; x_wconf 66' lang='grc' dir='ltr'><strong>τὸ</strong></span> <span class='ocrx_word' id='word_1_769' title='bbox 715 2837 764 2872; x_wconf 80' lang='grc' dir='ltr'><strong>τῆς</strong></span> <span class='ocrx_word' id='word_1_770' title='bbox 804 2836 922 2868; x_wconf 79' lang='grc' dir='ltr'>πίστεως</span> 
     </span>
    </p>
   </div>
   <div class='ocr_carea' id='block_1_107' title="bbox 972 2242 1754 2278">
    <p class='ocr_par' dir='ltr' id='par_1_107' title="bbox 972 2242 1754 2278">
     <span class='ocr_line' id='line_1_107' title="bbox 972 2242 1754 2278; baseline 0.004 -8"><span class='ocrx_word' id='word_1_771' title='bbox 972 2243 1040 2270; x_wconf 80' lang='lat' dir='ltr'><strong>Ecce</strong></span> <span class='ocrx_word' id='word_1_772' title='bbox 1062 2242 1118 2277; x_wconf 86' lang='lat' dir='ltr'><strong>jam</strong></span> <span class='ocrx_word' id='word_1_773' title='bbox 1145 2243 1352 2271; x_wconf 80' lang='lat' dir='ltr'><strong>ﬂorentissimus</strong></span> <span class='ocrx_word' id='word_1_774' title='bbox 1366 2244 1442 2278; x_wconf 76' lang='lat' dir='ltr'><strong>vigor</strong></span> <span class='ocrx_word' id='word_1_775' title='bbox 1467 2249 1586 2278; x_wconf 89' lang='lat' dir='ltr'><strong>tempore</strong></span> <span class='ocrx_word' id='word_1_776' title='bbox 1611 2246 1754 2273; x_wconf 86' lang='lat' dir='ltr'><strong>emarcuit.</strong></span> 
     </span>
    </p>
   </div>
   <div class='ocr_carea' id='block_1_108' title="bbox 971 2288 1757 2324">
    <p class='ocr_par' dir='ltr' id='par_1_108' title="bbox 971 2288 1757 2324">
     <span class='ocr_line' id='line_1_108' title="bbox 971 2288 1757 2324; baseline 0.004 -9"><span class='ocrx_word' id='word_1_777' title='bbox 971 2288 1042 2316; x_wconf 87' lang='lat' dir='ltr'><strong>Ecce</strong></span> <span class='ocrx_word' id='word_1_778' title='bbox 1056 2289 1109 2322; x_wconf 85' lang='lat' dir='ltr'><strong>jam</strong></span> <span class='ocrx_word' id='word_1_779' title='bbox 1125 2289 1306 2316; x_wconf 85' lang='lat' dir='ltr'><strong>membrorum</strong></span> <span class='ocrx_word' id='word_1_780' title='bbox 1328 2290 1490 2324; x_wconf 67' lang='lat' dir='ltr'><strong>praecipuum</strong></span> <span class='ocrx_word' id='word_1_781' title='bbox 1506 2290 1586 2317; x_wconf 83' lang='lat' dir='ltr'><strong>robur</strong></span> <span class='ocrx_word' id='word_1_782' title='bbox 1610 2291 1643 2318; x_wconf 91' lang='lat' dir='ltr'><strong>ad</strong></span> <span class='ocrx_word' id='word_1_783' title='bbox 1659 2292 1757 2319; x_wconf 91' lang='lat' dir='ltr'><strong>debili-</strong></span> 
     </span>
    </p>
   </div>
   <div class='ocr_carea' id='block_1_109' title="bbox 973 2335 1758 2373">
    <p class='ocr_par' dir='ltr' id='par_1_109' title="bbox 973 2335 1758 2373">
     <span class='ocr_line' id='line_1_109' title="bbox 973 2335 1758 2373; baseline 0.005 -12"><span class='ocrx_word' id='word_1_784' title='bbox 973 2338 1052 2362; x_wconf 81' lang='lat' dir='ltr'><strong>tatem</strong></span> <span class='ocrx_word' id='word_1_785' title='bbox 1077 2335 1172 2362; x_wconf 87' lang='lat' dir='ltr'><strong>tendit.</strong></span> <span class='ocrx_word' id='word_1_786' title='bbox 1188 2335 1303 2362; x_wconf 78' lang='lat' dir='ltr'><strong>Maxima</strong></span> <span class='ocrx_word' id='word_1_787' title='bbox 1319 2336 1379 2362; x_wconf 75' lang='lat' dir='ltr'><strong>vitae</strong></span> <span class='ocrx_word' id='word_1_788' title='bbox 1394 2343 1456 2370; x_wconf 89' lang='lat' dir='ltr'><strong>pars</strong></span> <span class='ocrx_word' id='word_1_789' title='bbox 1471 2337 1589 2373; x_wconf 54' lang='lat' dir='ltr'><strong>decursa</strong></span> <span class='ocrx_word' id='word_1_790' title='bbox 1600 2342 1650 2364; x_wconf 87' lang='lat' dir='ltr'><strong>est.</strong></span> <span class='ocrx_word' id='word_1_791' title='bbox 1671 2338 1758 2366; x_wconf 88' lang='lat' dir='ltr'><strong>Tem-</strong></span> 
     </span>
    </p>
   </div>
   <div class='ocr_carea' id='block_1_110' title="bbox 971 2381 1759 2419">
    <p class='ocr_par' dir='ltr' id='par_1_110' title="bbox 971 2381 1759 2419">
     <span class='ocr_line' id='line_1_110' title="bbox 971 2381 1759 2419; baseline 0.006 -13"><span class='ocrx_word' id='word_1_792' title='bbox 971 2388 1030 2415; x_wconf 83' lang='lat' dir='ltr'><strong>pus,</strong></span> <span class='ocrx_word' id='word_1_793' title='bbox 1048 2389 1103 2415; x_wconf 84' lang='lat' dir='ltr'><strong>quo</strong></span> <span class='ocrx_word' id='word_1_794' title='bbox 1129 2381 1250 2415; x_wconf 88' lang='lat' dir='ltr'><strong>prolibus</strong></span> <span class='ocrx_word' id='word_1_795' title='bbox 1277 2381 1337 2414; x_wconf 87' lang='lat' dir='ltr'><strong>quis</strong></span> <span class='ocrx_word' id='word_1_796' title='bbox 1360 2382 1455 2409; x_wconf 83' lang='lat' dir='ltr'><strong>lubens</strong></span> <span class='ocrx_word' id='word_1_797' title='bbox 1477 2382 1642 2416; x_wconf 80' lang='lat' dir='ltr'><strong>adgaudeal,</strong></span> <span class='ocrx_word' id='word_1_798' title='bbox 1670 2383 1759 2419; x_wconf 79' lang='lat' dir='ltr'><strong>iisque</strong></span> 
     </span>
    </p>
   </div>
   <div class='ocr_carea' id='block_1_111' title="bbox 971 2426 1758 2462">
    <p class='ocr_par' dir='ltr' id='par_1_111' title="bbox 971 2426 1758 2462">
     <span class='ocr_line' id='line_1_111' title="bbox 971 2426 1758 2462; baseline 0.006 -11"><span class='ocrx_word' id='word_1_799' title='bbox 971 2427 1080 2460; x_wconf 76' lang='lat' dir='ltr'><strong>gestiat,</strong></span> <span class='ocrx_word' id='word_1_800' title='bbox 1099 2426 1231 2461; x_wconf 81' lang='lat' dir='ltr'><strong>subfugit.</strong></span> <span class='ocrx_word' id='word_1_801' title='bbox 1247 2426 1363 2453; x_wconf 59' lang='lat' dir='ltr'><strong>Edenda;</strong></span> <span class='ocrx_word' id='word_1_802' title='bbox 1378 2427 1460 2460; x_wconf 89' lang='lat' dir='ltr'><strong>prolis</strong></span> <span class='ocrx_word' id='word_1_803' title='bbox 1476 2428 1602 2462; x_wconf 72' lang='lat' dir='ltr'><strong>gaudium</strong></span> <span class='ocrx_word' id='word_1_804' title='bbox 1615 2429 1758 2456; x_wconf 86' lang='lat' dir='ltr'><strong>desidera-</strong></span> 
     </span>
    </p>
   </div>
   <div class='ocr_carea' id='block_1_112' title="bbox 971 2471 1760 2510">
    <p class='ocr_par' dir='ltr' id='par_1_112' title="bbox 971 2471 1760 2510">
     <span class='ocr_line' id='line_1_112' title="bbox 971 2471 1760 2510; baseline 0.005 -12"><span class='ocrx_word' id='word_1_805' title='bbox 971 2471 1025 2498; x_wconf 89' lang='lat' dir='ltr'><strong>bile</strong></span> <span class='ocrx_word' id='word_1_806' title='bbox 1039 2471 1101 2507; x_wconf 73' lang='lat' dir='ltr'><strong>quid</strong></span> <span class='ocrx_word' id='word_1_807' title='bbox 1116 2471 1212 2505; x_wconf 89' lang='lat' dir='ltr'><strong>primis</strong></span> <span class='ocrx_word' id='word_1_808' title='bbox 1227 2472 1305 2499; x_wconf 90' lang='lat' dir='ltr'><strong>annis</strong></span> <span class='ocrx_word' id='word_1_809' title='bbox 1321 2471 1409 2504; x_wconf 77' lang='lat' dir='ltr'><strong>affert,</strong></span> <span class='ocrx_word' id='word_1_810' title='bbox 1423 2472 1540 2500; x_wconf 84' lang='lat' dir='ltr'><strong>fructum</strong></span> <span class='ocrx_word' id='word_1_811' title='bbox 1555 2482 1667 2508; x_wconf 80' lang='lat' dir='ltr'><strong>sperans</strong></span> <span class='ocrx_word' id='word_1_812' title='bbox 1681 2476 1760 2510; x_wconf 77' lang='lat' dir='ltr'><strong>gravi</strong></span> 
     </span>
    </p>
   </div>
   <div class='ocr_carea' id='block_1_113' title="bbox 971 2515 1759 2553">
    <p class='ocr_par' dir='ltr' id='par_1_113' title="bbox 971 2515 1759 2553">
     <span class='ocr_line' id='line_1_113' title="bbox 971 2515 1759 2553; baseline 0.005 -9"><span class='ocrx_word' id='word_1_813' title='bbox 971 2517 1048 2544; x_wconf 85' lang='lat' dir='ltr'><strong>senio</strong></span> <span class='ocrx_word' id='word_1_814' title='bbox 1061 2521 1151 2543; x_wconf 59' lang='lat' dir='ltr'><strong>astate.</strong></span> <span class='ocrx_word' id='word_1_815' title='bbox 1168 2515 1202 2543; x_wconf 85' lang='lat' dir='ltr'><strong>Ut</strong></span> <span class='ocrx_word' id='word_1_816' title='bbox 1218 2517 1280 2552; x_wconf 89' lang='lat' dir='ltr'><strong>quid</strong></span> <span class='ocrx_word' id='word_1_817' title='bbox 1294 2519 1410 2544; x_wconf 80' lang='lat' dir='ltr'><strong>orationi</strong></span> <span class='ocrx_word' id='word_1_818' title='bbox 1428 2526 1460 2546; x_wconf 87' lang='lat' dir='ltr'><strong>ac</strong></span> <span class='ocrx_word' id='word_1_819' title='bbox 1472 2520 1644 2553; x_wconf 84' lang='lat' dir='ltr'><strong>promissioni</strong></span> <span class='ocrx_word' id='word_1_820' title='bbox 1661 2521 1759 2548; x_wconf 85' lang='lat' dir='ltr'><strong>immo-</strong></span> 
     </span>
    </p>
   </div>
   <div class='ocr_carea' id='block_1_114' title="bbox 972 2561 1757 2599">
    <p class='ocr_par' dir='ltr' id='par_1_114' title="bbox 972 2561 1757 2599">
     <span class='ocr_line' id='line_1_114' title="bbox 972 2561 1757 2599; baseline 0.005 -11"><span class='ocrx_word' id='word_1_821' title='bbox 972 2569 1017 2588; x_wconf 86' lang='lat' dir='ltr'><strong>ror</strong></span> <span class='ocrx_word' id='word_1_822' title='bbox 1027 2562 1038 2588; x_wconf 74' lang='grc' dir='ltr'>’ί</span> <span class='ocrx_word' id='word_1_823' title='bbox 1050 2561 1121 2588; x_wconf 80' lang='lat' dir='ltr'><strong>Nihil</strong></span> <span class='ocrx_word' id='word_1_824' title='bbox 1135 2563 1211 2589; x_wconf 80' lang='lat' dir='ltr'><strong>Anna</strong></span> <span class='ocrx_word' id='word_1_825' title='bbox 1223 2562 1355 2596; x_wconf 80' lang='lat' dir='ltr'><strong>ejusmodi</strong></span> <span class='ocrx_word' id='word_1_826' title='bbox 1369 2564 1460 2590; x_wconf 86' lang='lat' dir='ltr'><strong>animo</strong></span> <span class='ocrx_word' id='word_1_827' title='bbox 1476 2564 1595 2592; x_wconf 89' lang='lat' dir='ltr'><strong>incidere</strong></span> <span class='ocrx_word' id='word_1_828' title='bbox 1610 2565 1757 2599; x_wconf 84' lang='lat' dir='ltr'><strong>permisit:</strong></span> 
     </span>
    </p>
   </div>
   <div class='ocr_carea' id='block_1_115' title="bbox 972 2608 1759 2646">
    <p class='ocr_par' dir='ltr' id='par_1_115' title="bbox 972 2608 1759 2646">
     <span class='ocr_line' id='line_1_115' title="bbox 972 2608 1759 2646; baseline 0.005 -12"><span class='ocrx_word' id='word_1_829' title='bbox 972 2608 1092 2642; x_wconf 90' lang='lat' dir='ltr'><strong>quinimo</strong></span> <span class='ocrx_word' id='word_1_830' title='bbox 1106 2613 1133 2634; x_wconf 91' lang='lat' dir='ltr'><strong>ut</strong></span> <span class='ocrx_word' id='word_1_831' title='bbox 1148 2616 1208 2635; x_wconf 86' lang='lat' dir='ltr'><strong>mox</strong></span> <span class='ocrx_word' id='word_1_832' title='bbox 1226 2613 1334 2642; x_wconf 76' lang='lat' dir='ltr'><strong>precata</strong></span> <span class='ocrx_word' id='word_1_833' title='bbox 1354 2614 1426 2636; x_wconf 86' lang='lat' dir='ltr'><strong>esset</strong></span> <span class='ocrx_word' id='word_1_834' title='bbox 1442 2629 1450 2642; x_wconf 88' lang='lat'><strong>,</strong></span> <span class='ocrx_word' id='word_1_835' title='bbox 1467 2615 1548 2645; x_wconf 88' lang='lat' dir='ltr'><strong>atque</strong></span> <span class='ocrx_word' id='word_1_836' title='bbox 1562 2612 1595 2638; x_wconf 89' lang='lat' dir='ltr'><strong>ab</strong></span> <span class='ocrx_word' id='word_1_837' title='bbox 1610 2616 1759 2646; x_wconf 77' lang='lat' dir='ltr'><strong>apparente</strong></span> 
     </span>
    </p>
   </div>
   <div class='ocr_carea' id='block_1_116' title="bbox 972 2653 1757 2690">
    <p class='ocr_par' dir='ltr' id='par_1_116' title="bbox 972 2653 1757 2690">
     <span class='ocr_line' id='line_1_116' title="bbox 972 2653 1757 2690; baseline 0.005 -10"><span class='ocrx_word' id='word_1_838' title='bbox 972 2653 1067 2688; x_wconf 79' lang='lat' dir='ltr'><strong>angelo</strong></span> <span class='ocrx_word' id='word_1_839' title='bbox 1077 2654 1198 2688; x_wconf 81' lang='lat' dir='ltr'><strong>prosperi</strong></span> <span class='ocrx_word' id='word_1_840' title='bbox 1213 2661 1356 2681; x_wconf 82' lang='lat' dir='ltr'><strong>successus</strong></span> <span class='ocrx_word' id='word_1_841' title='bbox 1378 2657 1503 2683; x_wconf 90' lang='lat' dir='ltr'><strong>nuntium</strong></span> <span class='ocrx_word' id='word_1_842' title='bbox 1519 2657 1679 2690; x_wconf 81' lang='lat' dir='ltr'><strong>accepisset,</strong></span> <span class='ocrx_word' id='word_1_843' title='bbox 1696 2657 1757 2684; x_wconf 86' lang='lat' dir='ltr'><strong>vel-</strong></span> 
     </span>
    </p>
   </div>
   <div class='ocr_carea' id='block_1_117' title="bbox 973 2700 1760 2736">
    <p class='ocr_par' dir='ltr' id='par_1_117' title="bbox 973 2700 1760 2736">
     <span class='ocr_line' id='line_1_117' title="bbox 973 2700 1760 2736; baseline 0.005 -10"><span class='ocrx_word' id='word_1_844' title='bbox 973 2706 1001 2727; x_wconf 91' lang='lat' dir='ltr'><strong>ttt</strong></span> <span class='ocrx_word' id='word_1_845' title='bbox 1013 2700 1068 2734; x_wconf 88' lang='lat' dir='ltr'><strong>jam</strong></span> <span class='ocrx_word' id='word_1_846' title='bbox 1085 2706 1186 2728; x_wconf 87' lang='lat' dir='ltr'><strong>teneret</strong></span> <span class='ocrx_word' id='word_1_847' title='bbox 1200 2705 1383 2736; x_wconf 77' lang='lat' dir='ltr'><strong>exspectatam</strong></span> <span class='ocrx_word' id='word_1_848' title='bbox 1400 2702 1514 2736; x_wconf 87' lang='lat' dir='ltr'><strong>prolem,</strong></span> <span class='ocrx_word' id='word_1_849' title='bbox 1539 2703 1688 2730; x_wconf 78' lang='lat' dir='ltr'><strong>vehementi</strong></span> <span class='ocrx_word' id='word_1_850' title='bbox 1701 2703 1760 2730; x_wconf 84' lang='lat' dir='ltr'><strong>ala-</strong></span> 
     </span>
    </p>
   </div>
   <div class='ocr_carea' id='block_1_118' title="bbox 973 2745 1759 2779">
    <p class='ocr_par' dir='ltr' id='par_1_118' title="bbox 973 2745 1759 2779">
     <span class='ocr_line' id='line_1_118' title="bbox 973 2745 1759 2779; baseline 0.003 -7"><span class='ocrx_word' id='word_1_851' title='bbox 973 2747 1069 2772; x_wconf 86' lang='lat' dir='ltr'><strong>critate</strong></span> <span class='ocrx_word' id='word_1_852' title='bbox 1085 2745 1195 2773; x_wconf 81' lang='lat' dir='ltr'><strong>festinat</strong></span> <span class='ocrx_word' id='word_1_853' title='bbox 1220 2746 1245 2772; x_wconf 90' lang='lat' dir='ltr'><strong>in</strong></span> <span class='ocrx_word' id='word_1_854' title='bbox 1265 2746 1362 2779; x_wconf 89' lang='lat' dir='ltr'><strong>templo</strong></span> <span class='ocrx_word' id='word_1_855' title='bbox 1388 2746 1497 2773; x_wconf 85' lang='lat' dir='ltr'><strong>otl&#39;erre.</strong></span> <span class='ocrx_word' id='word_1_856' title='bbox 1517 2746 1643 2779; x_wconf 61' lang='lat' dir='ltr'><strong>Quaenam</strong></span> <span class='ocrx_word' id='word_1_857' title='bbox 1668 2748 1759 2774; x_wconf 88' lang='lat' dir='ltr'><strong>oratio</strong></span> 
     </span>
    </p>
   </div>
   <div class='ocr_carea' id='block_1_119' title="bbox 973 2791 1758 2827">
    <p class='ocr_par' dir='ltr' id='par_1_119' title="bbox 973 2791 1758 2827">
     <span class='ocr_line' id='line_1_119' title="bbox 973 2791 1758 2827; baseline 0.003 -9"><span class='ocrx_word' id='word_1_858' title='bbox 973 2799 1114 2819; x_wconf 85' lang='lat' dir='ltr'><strong>accensam</strong></span> <span class='ocrx_word' id='word_1_859' title='bbox 1138 2791 1209 2818; x_wconf 91' lang='lat' dir='ltr'><strong>illam</strong></span> <span class='ocrx_word' id='word_1_860' title='bbox 1228 2792 1306 2819; x_wconf 86' lang='lat' dir='ltr'><strong>iidem</strong></span> <span class='ocrx_word' id='word_1_861' title='bbox 1325 2791 1434 2819; x_wconf 84' lang='lat' dir='ltr'><strong>laudare</strong></span> <span class='ocrx_word' id='word_1_862' title='bbox 1454 2791 1585 2824; x_wconf 81' lang='lat' dir='ltr'><strong>suiIiciat,</strong></span> <span class='ocrx_word' id='word_1_863' title='bbox 1609 2800 1655 2826; x_wconf 87' lang='lat' dir='ltr'><strong>per</strong></span> <span class='ocrx_word' id='word_1_864' title='bbox 1676 2801 1758 2827; x_wconf 86' lang='lat' dir='ltr'><strong>quam</strong></span> 
     </span>
    </p>
   </div>
   <div class='ocr_carea' id='block_1_120' title="bbox 974 2837 1757 2872">
    <p class='ocr_par' dir='ltr' id='par_1_120' title="bbox 974 2837 1757 2872">
     <span class='ocr_line' id='line_1_120' title="bbox 974 2837 1757 2872; baseline 0.004 -8"><span class='ocrx_word' id='word_1_865' title='bbox 974 2837 1028 2865; x_wconf 84' lang='lat' dir='ltr'><strong>voti</strong></span> <span class='ocrx_word' id='word_1_866' title='bbox 1042 2844 1150 2872; x_wconf 83' lang='lat' dir='ltr'><strong>compos</strong></span> <span class='ocrx_word' id='word_1_867' title='bbox 1167 2837 1261 2865; x_wconf 85' lang='lat' dir='ltr'><strong>cil&#39;ecta</strong></span> <span class='ocrx_word' id='word_1_868' title='bbox 1276 2837 1335 2864; x_wconf 85' lang='lat' dir='ltr'><strong>est?</strong></span> <span class='ocrx_word' id='word_1_869' title='bbox 1351 2844 1398 2871; x_wconf 91' lang='lat' dir='ltr'><strong>per</strong></span> <span class='ocrx_word' id='word_1_870' title='bbox 1413 2844 1492 2871; x_wconf 79' lang='lat' dir='ltr'><strong>quam</strong></span> <span class='ocrx_word' id='word_1_871' title='bbox 1508 2837 1573 2865; x_wconf 89' lang='lat' dir='ltr'><strong>nihil</strong></span> <span class='ocrx_word' id='word_1_872' title='bbox 1586 2839 1692 2866; x_wconf 85' lang='lat' dir='ltr'><strong>animus</strong></span> <span class='ocrx_word' id='word_1_873' title='bbox 1707 2840 1757 2866; x_wconf 81' lang='lat' dir='ltr'><strong>du-</strong></span> 
     </span>
    </p>
   </div>
  </div>
