2039 3098
198 177 224 203 ῃ
737 175 766 201 Β.
788 175 818 202 r.
840 175 987 204 ALBINUS

161 239 165 251 τ
195 234 245 261 sita
258 237 284 260 et
294 240 327 260 ex
334 236 410 268 parte
420 233 543 268 ignorata
552 232 596 268 V-ab-
603 232 731 264 eruditis;
744 239 858 266 quorum
866 233 986 261 omnium

195 269 313 296 rationes
337 268 392 295 suis
409 268 474 294 locis
497 267 676 303 proferentur.
698 267 804 303 Manum
824 275 889 303 ergo
910 269 986 303 operi

195 304 340 331 admovere
360 303 438 337 cmpi,
456 309 508 329 non
530 309 563 330 eo
584 302 693 338 quidem
709 302 822 330 consilio
836 302 866 329 ut
880 302 987 338 egomet

196 346 292 366 novam
315 338 420 365 illorum
443 345 555 372 operum
579 337 723 364 editionem
745 337 921 371 susciperem,
939 337 987 366 sed

195 378 225 401 ut
240 380 348 400 manum
360 372 557 399 auxiliatricem
567 372 745 407 porrigerem,
760 372 781 399 si
797 372 839 399 vir
852 372 986 407 quispiam

195 417 227 436 eo
241 411 370 442 apparatu
393 407 561 439 eruditionis,
578 415 632 442 quo
645 414 688 433 me
700 407 856 434 destitutum
872 414 986 442 agnove-

195 450 264 503 ﬁam,
279 442 426 503 inisltructus
438 442 500 469 huic
516 450 546 469 se
560 442 645 469 labori
659 442 730 469 serio
745 442 853 469 tandem
865 450 986 470 commo-

214 485 261 503 are
274 484 307 503 ve
328 481 365 503 et.
942 494 952 503 .

214 485 261 505 are
274 481 365 504 vellet.
942 494 952 504 ο

230 512 261 539 ν.
272 512 473 547 Peropportune
486 511 659 539 vero-accidit
668 511 767 547 quod'a
778 511 813 547 cl.
827 512 857 538 Β.
869 511 988 539 Oliverio

195 547 341 582 Legiponte
354 546 509 574 monasterii
520 548 605 574 sancti
619 546 725 573 Martini
737 546 854 574 Coloniae
866 546 989 582 Agrippi-

195 581 276 610 nze’0'.
289 581 317 609 S.
328 582 357 608 Β.
365 586 455 609 asceta
463 582 627 612 doctissimo,
642 586 733 616 atque,
747 582 809 608 dum
822 581 935 613 viveret,
947 581 990 609 lit-

195 617 296 644 teraria
310 617 504 644 consuetudine
514 616 810 652 mihi-coniunctissimo
824 624 872 651 per
883 616 989 652 litteras

195 652 308 680 edoctus
326 652 433 683 fuerim,
459 652 546 678 virum
570 650 646 679 varia
672 650 831 679 eruditione?
845 650 989 686 prmditum

195 687 415 721 D.lldephonsum
424 686 506 714 Cateli
511 691 554 714 not
565 686 743 714 Benedictina:
751 693 877 721 congreg.
885 691 990 713 sancto-

195 731 254 750 rum
266 721 355 750 V'itoni
366 727 393 749 et
405 721 539 757 llydulphi
553 722 587 749 ad
601 725 723 749 sanctum
741 721 896 757 Michaelem
909 728 989 755 supra

196 757 298 785 Mosam
313 756 460 789 alumnum,
475 756 575 784 dudum
591 757 653 784 huic
672 756 757 784 labori
772 764 881 783 manum
897 756 990 783 admo-

195 793 277 824 visse,
295 792 405 827 jamque
426 792 517 819 omnia
531 792 603 819 beati
616 791 721 818 Alcuini
737 798 818 825 opera
831 792 935 819 duobus
950 796 991 818 to-

197 826 392 867 misudistincta~
393 827 468 867 prelo
478 831 572 867 parata
582 827 683 867 habere
695 835 701 852 2
716 826 786 867 quod
796 827 885 867 ipsum
892 830 999 867 postea,

196 870 230 890 ex
248 861 361 890 illustris
374 861 486 890 Calmeti
508 862 620 890 historia
641 861 772 889 litteraria
796 861 989 895 Lothaningixe,

195 903 277 933 alque
297 905 330 925 ex
348 898 417 924 Hist.
444 897 496 923 Lit.
520 897 652 933 Francia
669 900 735 933 torni.
760 896 815 933 Vill
828 896 987 933 VAvertiss.,

195 931 257 968 pag.
269 941 296 965 ι,
314 932 429 968 amplius
446 932 587 968 et_ccrtius
601 932 786 968 didiciLilunc
799 931 881 965 igitur
893 932 990 968 doctis

195 966 294 996 simum
309 966 397 994 virum
419 967 450 994 D.
466 966 600 994 Catelinot
621 973 670 1000 per
691 966 796 992 litteras
818 966 941 997 conveni,
956 967 991 993 ei-

195 1003 257 1030 dem
282 1010 369 1029 meam
394 1009 503 1037 operam
524 1001 664 1036 spopondi,
690 1000 815 1035 illiusque
835 1000 947 1027 arbitrio
965 1005 991 1026 ct

197 1038 258 1065 usui
272 1037 401 1068 subsidia,
417 1044 584 1071 quacunque
598 1037 631 1063 ad
645 1040 762 1071 emptum
776 1044 792 1062 a
807 1043 836 1071 se
849 1043 916 1070 opus
931 1043 991 1071 per—

195 1073 338 1100 ﬁciendum
354 1072 388 1099 ad
409 1070 504 1099 manus
520 1071 664 1102 habebam,
681 1070 775 1096 lubens
788 1070 889 1102 obtuli;
914 1078 988 1104 quic-

196 1108 258 1134 dam
282 1107 393 1141 insuper
418 1106 456 1132 illi
474 1113 631 1141 suggerens,
648 1111 716 1141 qnm
728 1104 774 1141 ad»
789 1104 847 1138 ejus
865 1104 990 1141 notitiam

196 1142 269 1169 haud
282 1138 437 1176 pervenisse
447 1138 717 1176 existfiinabama‘iiri
728 1138 808 1176 hujus
823 1139 923 1175 egregii
939 1139 991 1166 [te-

195 1174 351 1211 sponsorias
363 1176 441 1203 datas
455 1176 488 1203 15
500 1175 579 1203 Febr.
589 1174 670 1211 1754,
676 1181 714 1211 ex
729 1174 825 1208 quibus
841 1174 990 1211 impensum

195 1209 268 1239 illius
281 1212 309 1238 in
327 1218 426 1238 novum
449 1211 501 1238 hoc
523 1218 591 1245 opus
611 1209 740 1241 studium,
766 1213 795 1238 et
816 1209 992 1245 causasimul

196 1246 451 1282 impedithandiu
480 1244 612 1282 editionis
627 1246 750 1277 discitur,
778 1245 830 1282 hic
847 1244 988 1282 subjicere,

195 1280 423 1317 ertiditisvspero,
443 1281 514 1308 haud
530 1281 588 1309 fore
602 1281 759 1317 ingratum;
777 1280 927 1317 «Pluribus
941 1280 990 1307 ab-

197 1317 261 1344 hinc
273 1315 361 1347 annis}
376 1316 474 1351 inquit,
484 1324 584 1343 novam
596 1315 714 1350 Operum
725 1315 832 1343 Alcuini
846 1316 991 1344 editionem

196 1351 450 1387 aggressus'fui,’ac
465 1351 545 1387 trium
560 1358 691 1387 annorum
707 1351 950 1387 spatio,quantum
965 1351 990 1378 in

191 1385 244 1415 me
265 1387 325 1419 fuit,
343 1386 455 1414 absolvi.
475 1385 616 1421 Asthproh
633 1385 841 1421 doloriinedita
858 1393 890 1414 ac
905 1387 992 1421 sopita

196 1426 318 1449 remanet
332 1423 365 1449 ab
381 1429 451 1448 anno
469 1420 547 1447 1745.
562 1420 683 1447 Necnon
699 1420 861 1448 bibliotheca
880 1420 992 1448 Benedi—

196 1457 279 1488 ctina,
299 1464 380 1492 quam
404 1456 438 1483 ad
456 1456 613 1492 umbilicum
631 1463 740 1492 quoque
757 1456 880 1492 perduxi.
902 1457 930 1484 ln
949 1463 993 1483 re—

196 1490 321 1526 gionibus
334 1492 407 1519 enim
419 1491 517 1518 nostris
530 1498 613 1526 opera
626 1498 678 1517 non
691 1490 741 1517 nisi
753 1490 855 1518 Gallico
866 1492 993 1519 idiomate

196 1527 297 1562 scripta
313 1527 363 1556 sub

196 1562 307 1597 pulvere
334 1562 379 1588 bib

197 1596 310 1632 penuria
325 1604 390 1632 mss.
408 1596 556 1632 codicumL
558 1603 672 1630 quorum
696 1602 746 1632 ope
761 1598 795 1632 iet
816 1602 898 1632 opera
912 1603 991 1632 nova}

197 1630 330 1659 editiones
344 1631 520 1658 adornantur.
536 1630 621 1657 Tanta
644 1635 686 1657 est
699 1630 743 1656 illa
760 1630 850 1665 inopia
866 1631 892 1658 in
905 1631 991 1658 Gallia

197 1670 290 1693 nostra
315 1670 343 1693 et
366 1665 555 1700 Lotharingia,
574 1670 605 1692 ut
619 1665 646 1692 in
663 1665 777 1692 decursu
794 1665 895 1693 laboris
909 1674 990 1693 unum

197 1701 329 1741 duntaxat
342 1701 470 1741 detegere
489 1701 666 1741 potuerimus,
678 1707 776 1741 nempe
798 1704 942 1741 tractatum
960 1701 992 1741 de

197 1736 375 1763 Processione
385 1734 472 1763 sancti
490 1736 607 1770 Spiritus
618 1736 651 1762 ab
672 1734 785 1762 Alcuino
795 1740 888 1763 nostro
899 1736 993 1763 inscri-

197 1775 275 1806 ptum
288 1770 387 1798 Carolo
405 1770 501 1806 Magno
520 1770 676 1805 imperatori
695 1774 824 1797 coronato
841 1778 911 1798 anno
928 1770 991 1798 800.

200 1805 294 1840 Qualis
306 1810 333 1833 et
346 1805 463 1840 quantus
485 1805 529 1832 ille
543 1806 578 1833 sit
592 1809 736 1837 tractatus,
754 1806 896 1840 annuntiat
909 1806 995 1832 Anto-

200 1842 260 1869 nius
270 1839 383 1868 Bivetus
396 1841 422 1868 in
436 1841 625 1868 Admonitione
637 1840 669 1867 ad
683 1845 748 1867 tom.
762 1840 818 1867 Vlll
831 1839 923 1868 Gallia:
937 1840 992 1867 Lit-

199 1875 318 1908 terariaz,
330 1883 394 1910 pag.
411 1883 438 1908 x,
455 1884 479 1902 χι
493 1880 520 1903 et
538 1884 644 1902 xu......
659 1875 773 1902 Precare
787 1882 840 1911 pro
851 1880 993 1911 peccatore

200 1918 331 1939 annorum
353 1911 488 1945 octoginta
511 1911 592 1937 trium
617 1914 645 1937 et
669 1910 802 1937 mensium
826 1910 928 1942 decem,
947 1910 994 1945 qui

200 1946 275 1973 nullo
287 1946 387 1980 indiget
401 1945 564 1973 adminiculo
587 1945 620 1972 ad
634 1945 835 1977 ambulandum,
850 1946 883 1972 ad
898 1946 991 1973 viden-

202 1983 276 2013 dum,
289 1981 321 2008 ad
333 1981 508 2012 audiendum;
523 1981 570 2008 sed
583 1988 658 2007 mens
669 1988 734 2007 sana
748 1980 904 2014 incorpore
916 1988 992 2012 sano,

220 2016 272 2043 uod
295 2016 341 2043 Dei
360 2016 458 2043 donum
473 2020 523 2047 est,
538 2020 564 2042 et
583 2016 608 2042 ei
627 2015 711 2043 reddo
722 2016 804 2043 corde
822 2019 848 2043 et
862 2015 963 2043 animo.
981 2025 990 2041 ι

227 2058 344 2078 ncusoue
364 2050 477 2078 Senecio
489 2050 661 2078 venerabilis.

236 2086 280 2114 Vl.
294 2085 419 2120 Acceptis
431 2086 505 2113 hisce
516 2086 566 2112 viri
578 2086 679 2121 egregii
695 2086 794 2113 litteris
811 2085 889 2121 facile
906 2086 994 2112 anim-

202 2121 317 2153 adverti,
332 2121 478 2148 editionem
502 2121 574 2147 illam
596 2120 714 2155 (iperum
736 2121 807 2147 beati
830 2120 934 2147 Alcuini
949 2121 994 2148 diu

201 2157 288 2183 adhuc
306 2156 363 2183 fore
379 2156 599 2190 protrahendam,
616 2159 662 2182 aut
678 2163 728 2190 per
745 2155 849 2182 obitum
862 2155 935 2182 senis
948 2156 994 2182 hu-

197 2192 242 2225 jus
254 2196 292 2218 tot
301 2191 356 2225 jam
370 2190 447 2217 annis
458 2190 561 2225 gravati
572 2190 678 2225 penitus
689 2190 875 2222 deserendam,
884 2194 929 2217 aut
940 2198 995 2218 non

201 2226 251 2253 nisi
271 2234 333 2253 cum
357 2225 503 2252 multorum
530 2229 764 2252 monumentorum
789 2225 842 2252 huc
860 2226 995 2259 pertinen-

201 2261 278 2292 tium,
294 2261 321 2287 in
341 2261 423 2287 variis
436 2260 606 2287 bibliothecis
627 2260 774 2287 etiamnum
788 2260 928 2287 latentium
948 2261 994 2288 de-

201 2295 273 2331 fectu
293 2295 472 2331 prodituram.
493 2295 545 2322 Per
564 2295 697 2330 integrum
716 2303 780 2331 ergo
794 2303 903 2327 annum,
918 2296 994 2323 debi-

200 2330 285 2358 litatis
295 2329 400 2358 ’viritnn
430 2338 550 2357 mearum
573 2329 712 2362 conscius,
738 2329 898 2362 deliberans,
925 2339 992 2358 num

202 2363 302 2392 diﬁcili
315 2365 377 2399 hui:
395 2365 479 2392 labori
493 2373 602 2392 manum
617 2365 673 2399 ipse
686 2366 867 2397 admoverent,
883 2366 992 2393 tandem

201 2408 268 2435 opus
282 2400 386 2436 tentaﬁe
405 2408 510 2436 mecum
536 2400 628 2428 statui.
645 2400 701 2427 Hoc
713 2408 803 2436 meum
825 2401 992 2436 propositutn

201 2434 288 2463 cidem
308 2435 340 2464 D.
363 2434 496 2471 Catelinot
521 2435 598 2462 initio
619 2435 682 2462 anni
701 2435 765 2462 I755
788 2434 836 2470 per
850 2434 991 2471 epistolam

201 2470 360 2505 signiﬁcavi,
377 2470 495 2498 conﬁsus
512 2474 584 2502 tunc,
599 2471 670 2504 quod
683 2478 697 2496 a
713 2478 789 2501 nova.
808 2470 889 2505 quam
902 2471 992 2498 animo

202 2510 229 2532 et
241 2506 346 2532 calamo
356 2510 516 2540 conceperat
531 2509 558 2533 et
567 2505 703 2540 parturire
716 2505 878 2533 moliebatur
887 2506 991 2533 clariss.

204 2540 234 2580 ρ.
251 2540 423 2580 Legipontius
451 2548 531 2580 supra
553 2540 686 2580 laudatus,
709 2541 838 2580 societate
860 2541 992 2580 litteraria

203 2574 384 2610 Benedictina,
402 2574 531 2602 auxilium
546 2579 627 2610 atque
647 2575 766 2603 subsidia
782 2576 883 2610 majora
896 2576 928 2603 ad
943 2576 993 2604 hoc

202 2616 271 2644 opus
277 2609 384 2646 [acilius
392 2609 592 2646 exsequendum
601 2610 779 2637 conducentia
787 2609 874 2638 essem
883 2611 994 2646 adeptu-

205 2652 269 2681 rus;
276 2644 313 2681 De
327 2645 378 2672 hoc
391 2645 461 2671 enim
473 2646 596 2681 instituto
607 2646 676 2672 idem
694 2646 724 2672 Ι).
736 2646 913 2681 Legipontius
934 2644 991 2673 rev.

204 2679 235 2706 11.
248 2678 459 2716 thlmetumrper
473 2680 576 2716 litteras
593 2680 710 2712 edocuit,
726 2678 873 2716 docto'sque
887 2681 994 2709 sodales

205 2714 648 2755 congregationis[:otharingicm,
666 2716 708 2743 cui
726 2716 749 2743 is
771 2714 837 2755 tunc
847 2715 993 2755 praefectu-

206 2756 262 2791 ram
272 2749 393 2791 εει-εἰπε,
406 2753 436 2776 ut
446 2749 517 2791 huic
529 2749 649 2791 societati
668 2758 727 2791 sese
743 2749 859 2791 adjungi
868 2755 994 2785 pateren-

206 2788 258 2816 tur,
272 2784 415 2820 invitavit:
432 2784 602 2819 singulariter
614 2794 677 2813 vero
692 2786 724 2813 υ.
740 2784 875 2813 Catclinot
888 2793 920 2813 eo
932 2792 994 2820 per—

206 2820 298 2852 movit,
313 2824 341 2846 ut
356 2819 519 2847 collectanea
533 2827 590 2853 sua,
605 2828 654 2855 pro
669 2829 738 2848 nova
752 2821 870 2849 editione
881 2827 994 2862 operum

381 1526 456 1587 Frclo
481 1525 699 1566 sudant,Latiua
722 1532 786 1552 vero
808 1526 835 1553 in
855 1526 950 1567 forulis
965 1530 993 1567 et

391 1561 557 1587 tothecarum
573 1564 680 1587 iacent.
705 1559 763 1587 Huc
782 1561 886 1587 accedit
902 1569 991 1587 gravis

391 1561 557 1587 iothecarum
573 1560 680 1594 'jacent.
705 1559 763 1587 Huc
782 1561 886 1588 accedit
902 1561 991 1596 gravis

1008 175 1073 205 SEU
1090 175 1272 207 ALGUXUS.
1795 178 1828 207 (Ξ

1001 235 1023 264 Α
1038 234 1067 260 Β.
1087 233 1192 261 Alcuini
1217 240 1326 269 parata,
1352 235 1416 262 mihi
1435 235 1552 267 cederet,
1577 235 1685 263 nomine
1710 234 1829 269 ejusdem

1023 288 1026 293 .
1038 269 1175 305 societatis
1188 270 1346 305 completius
1358 275 1385 297 et
1396 270 1563 297 emendatius
1575 270 1717 305 vulganda.
1729 270 1830 298 Assen-

1038 304 1073 341 sit
1098 304 1141 341 vir
1160 305 1278 339 optimus
1302 304 1333 332 Ι).
1355 305 1504 341 Legipontii
1526 304 1709 339 postulationi,
1725 309 1751 332 et
1771 306 1830 332 sine

1038 338 1184 375 dilatione,
1204 340 1319 374 propria:
1345 338 1407 368 sua?
1421 338 1514 375 gloria
1527 338 1617 375 prope
1635 340 1746 372 oblitus,
1767 348 1827 367 cum

1018 381 1028 393 ι
1038 374 1156 410 maxima
1168 374 1450 410 benevolentia,un
1461 375 1573 410 petitum
1585 374 1682 406 fuerat,
1694 376 1828 410 praastitit.

1038 407 1063 435 ls
1075 416 1139 444 ergo
1151 416 1245 436 mense
1258 409 1342 444 Aprili
1353 407 1471 444 ejusdem
1484 409 1546 436 anni
1560 413 1646 437 totum
1658 407 1735 437 suum
1749 418 1831 445 appa-

1038 448 1127 479 ratum
1153 451 1213 471 cum
1240 445 1400 479 quibusdam
1424 445 1659 479 praeliminaribus,
1681 452 1742 472 cum
1761 445 1832 471 notis

1039 478 1122 505 variis
1136 483 1164 505 et
1186 478 1603 507 observationibus’doctissimis
1617 480 1650 506 ad
1665 487 1708 506 me
1722 480 1830 512 direxit,

1038 520 1135 549 magna
1149 513 1229 541 simul
1242 522 1303 549 cum
1319 515 1470 542 humilitate
1481 515 1649 549 deprecatus,
1667 524 1675 539 ι
1690 518 1720 541 ut
1733 515 1755 541 si
1768 515 1832 549 quid

1039 548 1182 583 aliquando
1195 556 1228 576 ex
1246 548 1378 583 Operibus
1398 550 1466 577 tanti
1484 548 1536 577 viri
1556 549 1642 584 (beati
1658 548 1782 584 Alcuiui)’
1791 550 1833 577 vel

1039 584 1129 610 omnia
1142 584 1244 611 edenda
1261 584 1324 616 sint,
1339 592 1388 611 suo
1402 589 1530 618 pareatur
1542 584 1654 612 nomini.
1670 584 1752 611 Multo
1765 592 1833 618 pra:-

1039 618 1138 654 clarius
1154 623 1206 650 est,
1222 619 1316 654 inquit,
1337 624 1364 646 et
1378 620 1485 653 dignius
1497 627 1596 646 nomen
1610 619 1747 647 societatis
1759 619 1832 646 litte-

1040 653 1129 694 ηεξ-εξ.
1143 654 1215 694 quod
1229 653 1283 694 tam
1296 654 1445 694 magniﬁca:
1454 655 1570 694 editioni
1586 658 1765 694 praeponatur.
1784 664 1793 679 ι

1077 687 1130 715 Vll.
1152 689 1252 715 Verum
1276 687 1428 716 institutum
1453 689 1518 716 illud
1538 687 1675 716 societatis
1694 688 1833 716 litterariae

1040 722 1231 756 Benedictinae,
1251 724 1322 765 quod
1381 724 1556 765 Legipontius
1575 724 1692 765 maxim“?
1707 731 1768 765 eum
1782 723 1834 765 fer-

1040 764 1105 784 vore
1129 765 1287 792 promovere
1309 757 1457 791 laboravit,
1468 758 1501 786 ad
1514 763 1635 793 optatum
1650 757 1773 793 effectum
1789 758 1834 785 illo

1040 793 1146 820 vivente
1160 793 1268 827 perduci
1288 794 1359 820 haud
1370 794 1476 827 potuit;
1501 792 1558 827 ipso
1574 801 1638 820 vero
1661 792 1693 819 ad
1711 792 1835 820 caelestes

1041 827 1118 857 sedes
1132 828 1248 855 abeunte
1260 828 1376 863 penitus,
1390 829 1462 863 quod
1475 829 1568 856 dolens
1585 827 1683 859 refero,
1699 832 1727 855 et
1746 828 1773 854 in
1782 836 1834 863 rcu-

1035 863 1084 890 ruis
1107 862 1266 897 exspiravit,
1287 862 1449 891 commercio
1477 863 1622 894 litterario,
1647 870 1700 897 quo
1731 862 1834 897 prolem

1007 902 1198 938 “conceptam
1212 898 1329 938 animari
1343 899 1493 938 oportebat,
1504 898 1588 938 _siuiul
1598 897 1834 938 abnrpto.‘Totunt

1043 931 1134 966 igitur
1148 934 1253 966 pondus
1273 931 1405 967 propositi
1426 933 1536 965 laboris,
1555 933 1580 959 in
1597 931 1749 967 adornanda
1767 940 1835 959 nova

1042 969 1159 1001 Oper-um
1182 967 1254 995 beati
1276 966 1383 994 Alcuini
1398 967 1524 999 editione,
1539 967 1566 994 in
1580 967 1681 994 debiles
1708 966 1836 994 humeros

1039 1009 1116 1028 meos
1142 1001 1237 1028 recidit
1258 1010 1264 1028 :
1286 1008 1353 1036 quos
1373 1005 1462 1029 tamen
1487 1002 1646 1029 subtrahere
1670 1001 1763 1034 nolui;
1788 1003 1835 1029 sed

1042 1037 1194 1071 recogitans
1206 1036 1377 1064 difﬁcultates
1387 1044 1440 1064 non
1454 1036 1595 1072 fugiendas
1602 1044 1677 1072 resse,
1692 1036 1739 1063 sed
1746 1044 1835 1072 supe-

1042 1070 1151 1101 randas.
1165 1076 1191 1098 et
1203 1072 1293 1100 omnia
1306 1079 1355 1099 nos
1375 1080 1454 1106 posse
1471 1070 1497 1098 in
1512 1079 1544 1099 eo
1563 1071 1607 1106 qui
1622 1079 1670 1098 nos
1689 1070 1834 1104 confortat,

1042 1107 1207 1140 credensque
1229 1107 1309 1133 simul
1330 1106 1402 1134 hunc
1426 1106 1545 1134 laborem
1568 1114 1708 1134 cessurum
1729 1106 1763 1133 ad
1787 1106 1836 1134 Dei

1041 1141 1154 1176 gloriam
1170 1144 1198 1168 et
1209 1142 1327 1176 aliquem
1338 1141 1467 1170 Ecclesiae
1477 1141 1639 1176 profectum,
1655 1141 1697 1168 vel
1707 1141 1788 1168 etiam
1802 1142 1836 1169 ad

1041 1175 1079 1203 rei
1097 1175 1235 1203 litterarire
1252 1175 1423 1204 commodum
1442 1175 1670 1211 et’quodcunque
1685 1177 1836 1203 incremen-

1041 1214 1109 1242 tum,
1121 1215 1222 1239 memet
1237 1212 1272 1239 ad
1281 1219 1350 1245 opus
1366 1212 1475 1239 cordate
1485 1212 1694 1246 aggrediendum
1708 1211 1835 1238 excitavi.

1042 1246 1129 1273 Divini
1144 1254 1209 1281 ergo
1222 1247 1314 1273 auxilii
1329 1255 1377 1282 spe
1387 1247 1482 1279 fretus,
1496 1248 1616 1274 virorum
1637 1247 1719 1282 etiam
1741 1246 1835 1282 docto-

1042 1289 1113 1313 rum,
1137 1289 1230 1308 corum
1253 1281 1370 1309 maxime
1393 1282 1438 1316 qui
1464 1282 1551 1309 ubivis
1569 1282 1689 1309 locorum
1702 1281 1836 1316 thesauris

1042 1321 1164 1344 veterum
1174 1315 1410 1344 monumentorum
1421 1317 1604 1344 custodiendis
1615 1320 1746 1351 prmsnnt,
1758 1315 1834 1349 adju-

1042 1355 1133 1379 menta
1155 1359 1287 1386 qumrere,
1306 1356 1334 1379 et
1356 1352 1580 1379 bibliothecarum
1606 1357 1660 1378 tam
1685 1351 1835 1378 vicinarum

1042 1395 1123 1422 quam
1138 1386 1303 1419 dissitarum,
1321 1387 1348 1414 in
1366 1387 1464 1421 quibus
1476 1387 1584 1422 codices
1603 1387 1655 1422 huc
1673 1386 1838 1422 pertinentes

1042 1420 1127 1449 latere
1140 1429 1268 1449 noveram
1283 1425 1330 1449 aut
1342 1420 1508 1456 suspicabar,
1521 1421 1592 1456 fores
1610 1421 1718 1456 pulsare
1734 1420 1835 1448 consti—

1043 1455 1091 1485 tni.
1109 1456 1210 1492 Scripsi
1227 1456 1261 1483 ad
1276 1456 1369 1484 doctos
1388 1455 1492 1484 illarum
1506 1455 1729 1492 bibliothecarum
1744 1459 1835 1482 custo-

1043 1493 1100 1523 des,
1120 1492 1154 1519 ad
1171 1491 1244 1519 alios
1267 1492 1387 1519 eruditos
1416 1492 1506 1527 magni
1535 1491 1652 1518 nominis
1678 1497 1838 1527 magnaeque

1044 1527 1212 1554 auctoritatis
1223 1527 1305 1560 viros,
1318 1531 1348 1554 ut
1359 1525 1500 1554 thesauros
1508 1527 1621 1553 latentes
1629 1530 1675 1552 aut
1688 1525 1837 1559 aperirent,

1005 1578 1028 1611 c
1044 1561 1361 1611 eaee‘riﬁrl’ew“
1381 1561 1636 1611 asseasse:
1657 1560 1838 1611 aerariae

1044 1595 1156 1630 operum
1179 1595 1225 1624 ab
1237 1597 1301 1631 ipsis
1318 1595 1485 1624 servatorum
1501 1596 1647 1631 catalogos,
1662 1595 1760 1631 deinde
1779 1595 1838 1630 ipsa

1024 1629 1107 1667 opera
1115 1639 1129 1657 a
1137 1639 1179 1659 me
1189 1629 1302 1664 delecta,
1314 1632 1356 1659 vel
1370 1632 1506 1667 variantes
1521 1629 1649 1667 lectiones
1664 1629 1837 1667 indeiexcer-

1062 1671 1103 1694 tas
1117 1674 1226 1694 mecum
1240 1666 1433 1694 communicari
1446 1666 1576 1693 facerent.
1592 1665 1656 1699 Qum
1673 1665 1781 1698 quidem
1794 1673 1840 1693 res

1053 1702 1147 1729 'elicius
1160 1709 1241 1736 quam
1261 1709 1370 1736 sperare
1383 1706 1514 1736 poteram,
1540 1701 1630 1732 cessit,
1646 1700 1693 1732 ita,
1700 1703 1737 1736 iit
1748 1699 1838 1736 alcui-

1043 1745 1093 1765 nus
1108 1734 1184 1764 meus
1204 1734 1283 1771 longé
1300 1734 1474 1771 ditior—quam
1485 1736 1512 1762 in
1527 1735 1685 1763 collectione
1700 1734 1837 1771 D‘._Quer--

1043 1772 1132 1799 cetani
1141 1776 1186 1799 aut
1198 1772 1229 1798 D.
1239 1769 1383 1799 Catelinoti
1395 1769 1445 1798 fuit
1457 1771 1573 1798 evaserit
1587 1779 1593 1797 :
1609 1777 1724 1805 quorum
1738 1769 1764 1796 id
1776 1777 1836 1803 ope,

1043 1807 1193 1868 qnli’busque
1209 1806 1304 1834 mediis
1329 1806 1357 1834 id
1370 1805 1542 1841 perfecerim,
1559 1804 1630 1832 nunc
1650 1804 1742 1840 paucis
1759 1812 1839 1831 enar-

1045 1849 1074 1868 ra
1096 1850 1121 1868 0.

1045 1849 1121 1868 r300.

1079 1876 1144 1904 Vill.
1158 1875 1249 1903 Prima
1258 1875 1376 1904 subsidia
1385 1876 1450 1903 mihi
1463 1883 1562 1903 venere
1573 1883 1588 1904 e
1598 1874 1767 1903 bibliothecis
1778 1874 1838 1901 illu-

1043 1912 1239 1939 strissimorum
1251 1911 1429 1944 capitulorum
1441 1911 1636 1938 cathedralium
1651 1910 1838 1944 Salisburgen-

1043 1947 1081 1974 sis
1094 1951 1120 1974 et
1132 1945 1320 1981 Frisingensis,
1333 1946 1527 1981 opitulantibus
1542 1946 1648 1973 illarum
1661 1945 1838 1981 ecclesiarum

1044 1979 1276 2009 revercndissiinis
1288 1979 1385 2009 canon.
1413 1981 1616 2016 capitularibus,
1640 1980 1790 2016 przeprimis
1804 1979 1836 2005 D.

1044 1989 1276 2009 revercnotssums
1288 1989 1385 2009 canon.
1413 1989 1616 2016 capittuartous,
1639 1989 1790 2042 Emprnnts
1804 1989 1836 2005 υ.

1044 2016 1142 2044 comite
1155 2016 1188 2043 de
1201 2016 1316 2048 Saurau,
1335 2024 1367 2043 eo
1379 2020 1499 2051 tempore
1515 2024 1574 2043 rev.
1592 2024 1637 2042 are
1659 2015 1786 2051 icpiscopi
1803 2021 1839 2051 ac

1043 2052 1173 2114 Brincipis
1182 2049 1563 2092 Salisburgensis.ad'comitia
1574 2049 1738 2085 imperii’bic
1749 2049 1839 2090 {latis-

1063 2094 1121 2114 ona:
1134 2087 1222 2114 leuato
1235 2086 1483 2114 olenmotenttario:
1499 2091 1527 2113 et
1544 2086 1574 2112 Ι).
1593 2084 1696 2112 bar-one
1713 2085 1746 2112 de
1758 2084 1837 2110 \Vcr-

1063 2094 1121 2115 una:
1133 2084 1222 2121 legato
1235 2084 1483 2120 plenipotentiario;
1499 2091 1527 2113 et
1544 2086 1574 2112 Ι).
1593 2084 1696 2112 bar-one
1713 2084 1837 2121 dedWcr-

1045 2118 1179 2154 tenstein‘,
1201 2118 1366 2149 serenissimi
1402 2129 1435 2149 ac
1460 2121 1665 2148 eminentissimi
1694 2118 1840 2147 cardinalis

1045 2156 1152 2189 Bavari,
1176 2156 1296 2191 episcopi
1311 2156 1500 2191 Frisingensis,
1516 2160 1580 2188 etc.,
1601 2160 1665 2187 etc.,
1684 2154 1840 2191 consiliario

1046 2191 1151 2223 intimo,
1164 2196 1279 2226 utroque
1296 2190 1427 2218 bonorum
1443 2191 1563 2226 omniurn
1585 2191 1657 2218 lucttt
1676 2190 1742 2217 satis
1755 2196 1840 2222 nupcr

1046 2231 1148 2265 erepto.
1165 2225 1251 2253 Ambo
1258 2233 1367 2265 summa
1380 2232 1441 2265 curn
1454 2225 1639 2265 benevolentia
1655 2226 1755 2265 plu-res,
1771 2230 1838 2265 quos

1047 2257 1179 2295 inspicere
1203 2261 1363 2296 cupiebam,
1381 2260 1490 2288 codices
1517 2268 1533 2287 e
1556 2257 1758 2295 pretiosissimis
1785 2257 1839 2285 illis

1046 2296 1189 2323 vetustatis
1202 2295 1388 2324 reéonditoriis
1400 2296 1647 2327 διιὶηι]ίηίεῑιιεητιιιιῐὟ
1663 2301 1778 2329 quorum
1789 2300 1840 2327 ope

1045 2331 1120 2359 varia
1131 2332 1259 2359 anecdota
1272 2331 1386 2363 obtinui,
1398 2338 1512 2366 quorum
1523 2331 1611 2365 aliqua
1624 2329 1737 2366 adedita
1748 2335 1840 2366 emen-

1047 2366 1144 2398 danda,
1160 2366 1211 2393 alia
1232 2366 1265 2393 ad
1284 2363 1415 2394 defectus'
1426 2367 1542 2393 maxime
1561 2363 1693 2392 notabiles
1714 2363 1839 2398 supplen-

1046 2401 1171 2439 dosLalia
1186 2402 1301 2439 denique
1320 2401 1354 2428 ad
1367 2409 1435 2439 opus
1449 2402 1525 2428 novis
1538 2399 1674 2439 op_nsc_ulis
1687 2398 1838 2439 augendum

1046 2436 1175 2472 adhibege
1186 2436 1271 2471 potui.
1284 2440 1364 2470 prout
1381 2435 1437 2472 suis
1451 2443 1557 2471 semper
1569 2435 1636 2472 locis
1651 2435 1751 2472 notavi.
1803 2467 1820 2472 __

1082 2467 1199 2508 lX._Non
1218 2467 1306 2508 minus
1322 2471 1490 2500 benevolum.
1509 2467 1562 2498 'nec
1584 2470 1672 2508 minus
1695 2469 1728 2508 ad
1749 2467 1838 2508 studia

1046 2514 1105 2533 mea
1128 2506 1245 2541 jttvanda
1267 2513 1430 2540 propensum
1455 2510 1581 2541 expertus
1602 2504 1640 2531 fui
1659 2503 1839 2541 eminentissi-

1045 2549 1118 2568 mum
1128 2538 1166 2568 ὐ.
1183 2538 1346 2569 cardinalein
1357 2538 1544 2573 Passioneum,
1553 2539 1609 2574 jam
1623 2543 1701 2566 antea
1712 2538 1746 2565 de
1760 2538 1839 2574 beato

1045 2577 1169 2608 Alcuino,
1183 2576 1260 2610 cujus
1272 2577 1412 2611 epistolam
1426 2577 1459 2603 ad
1470 2572 1840 2611 Eanbaldum,’nunciordine

1064 2609 1340 2646 uinquagesimarn(n)
1354 2616 1418 2638 lem.
1434 2611 1454 2643 l,
1469 2618 1529 2647 pag.
1542 2611 1586 2642 65,
1602 2610 1674 2637 notis
1685 2609 1761 2636 varia
1778 2614 1840 2646 cru—

1045 2620 1147 2674 ﬂitionc
1167 2646 1275 2674 refertis
1294 2647 1487 2674 illustraverat.
1507 2646 1606 2674 ootimc
1627 2644 1753 2671 meritum
1775 2651 1781 2667 :
1797 2642 1840 2668 hic

1064 2642 1147 2673 itione
1164 2642 1275 2674 refertis
1294 2642 1487 2678 illustraverat',
1504 2642 1606 2681 optimc
1627 2644 1753 2681 meritum
1775 2651 1781 2667 :
1797 2642 1841 2681 hic

1046 2689 1111 2717 ergo
1123 2681 1163 2717 vir
1176 2689 1306 2714 summus,
1322 2681 1392 2717 fama
1405 2679 1563 2717 eruditionis
1574 2679 1663 2707 clarus
1675 2680 1788 2717 ct,dur_n
1802 2679 1841 2702 \‘i-

1047 2711 1133 2749 voret,
1146 2711 1328 2744 litteratorum
1347 2716 1477 2744 Mrs-cenas
1495 2716 1614 2751 optimus
1627 2723 1642 2742 a
1656 2722 1698 2741 me
1714 2711 1841 2751 implorat.-

1047 2756 1102 2783 tus,
1115 2746 1203 2786 primo
1222 2752 1337 2787 indicem
1355 2752 1475 2787 omnium
1490 2746 1680 2787 opusculorum
1700 2748 1733 2787 ad
1748 2746 1839 2787 Nulli-

1048 2782 1333 2823 numpertinentium,
1345 2787 1370 2813 in
1383 2782 1523 2820 prmdit'ite
1533 2786 1694 2823 bibliotheca
1702 2782 1841 2823 _Vatic:_tna

1047 2821 1123 2856 cujus
1138 2821 1182 2849 ille
1192 2827 1255 2849 tunc
1265 2822 1452 2857 prmfecturam
1462 2828 1523 2849 cum
1539 2821 1655 2849 maxima
1669 2821 1709 2845 sui
1725 2822 1842 2846 nomth

240 2885 279 2922 (α)
298 2885 451 2913 Secundum
466 2884 577 2919 hujusce
599 2893 673 2912 nova:
687 2885 812 2913 editionis
827 2885 1278 2921 recensioncm,quinquagesimam
1292 2892 1405 2914 sextam.
1418 2887 1497 2915 Eutr.
