2039 3098
217 109 228 123 \

177 186 213 213 55
688 179 733 206 DE
752 178 832 207 V'ITA
850 178 879 204 B.
905 178 924 204 F
955 176 1067 204 ALlilNl
1086 175 1150 204 SEU
1173 174 1311 203 ALCUINI
1777 173 1812 200 56

176 243 264 269 factus
278 244 329 267 est.
344 238 400 267 Sub
417 237 474 271 ejus
483 242 548 263 vero
562 234 692 271 regimine
705 239 799 271 postea
810 234 837 261 in
853 238 967 271 utroque
981 238 1005 267 Α
1018 233 1102 271 stolas
1117 232 1166 271 liii
1185 236 1212 259 et
1224 231 1282 271 _I58
1293 231 1376 267 (nunc
1390 230 1442 271 296
1456 235 1484 257 et
1591 239 1604 271 «-
1620 229 1689 271 (_)lim
1699 250 1707 263 ,
1724 231 1811 271 inquit

177 268 222 304 illo
234 274 396 303 monasterio
414 268 498 299 laxior
512 268 652 305 disciplina
670 268 859 297 canonicorum
876 268 967 304 repul-

177 311 281 342 lulavit,
295 315 322 336 et
335 308 420 336 sancti
434 306 571 342 Benedicti
585 305 695 342 spiritus
704 305 968 342 penitusexstinctus

178 352 228 374 est.
246 339 347 380 Magna:
359 343 441 380 etiam
453 342 478 368 in
497 339 965 380 aulaimperialinanctoritatisfuit;

178 374 338 413 subscripsit
362 378 435 405 enim
451 379 611 414 testameth
628 375 717 414 Caroli
733 374 836 414 Magni.
864 374 969 414 fuitque

178 409 307 443 Ludovici
316 412 486 448 imperatoris
499 410 676 448 cancellarius
690 419 695 436 :
708 414 736 436 et
743 409 811 448 obiit
826 417 896 448 anno
903 409 966 436 854.

178 451 237 478 Vid.
249 449 317 476 Mab.
329 444 434 482 ἱιίειος.
447 446 519 473 beati
529 445 634 472 Alcuini
649 452 724 482 num.
736 444 781 476 45,
793 448 819 471 et
827 444 967 482 lib.xxvi_n

176 484 273 512 Annal.
289 491 362 510 num.
378 479 421 513 16'.
434 486 462 509 et
476 488 551 512 nix,
568 488 641 506 num.
653 480 697 511 5‘2,
710 484 738 506 et
750 487 826 511 xxxt,
839 487 912 506 num.
921 479 965 506 67.

148 527 150 529 '
177 520 292 554 Scripsit
320 517 447 554 nonnulla
470 515 625 554 enuquibus
651 515 719 554 nihil
736 513 793 554 jam
818 519 966 554 _superest,

176 549 255 590 quam
290 552 402 589 epistola
427 552 462 590 de
485 549 577 590 Nihilo
598 555 621 576 et
654 550 764 590 tenentis
789 549 823 590 (id
845 557 966 590 proceres

176 563 257 593 quam
290 558 402 589 epistola
430 558 462 592 de
485 558 575 576 multo
598 558 621 576 et
654 558 764 589 tenearis
789 558 822 575 aa
844 558 965 610 proceres

175 590 287 625 palatii,
299 624 304 625 γ
316 596 375 625 qua:
394 587 473 625 edita
494 589 581 625 exstat
595 589 669 625 tom._
715 584 824 625 Misce".
854 584 944 625 ialnzn
957 604 965 617 ,

177 620 237 659 pag.
253 624 315 651 405.
325 620 380 659 ⁷1ης
394 620 550 659 Fridugisns
567 628 629 646 eum
645 620 967 659 philosophiceacumine

177 654 301 686 itaiuram
313 658 399 689 nihili,
414 664 447 683 ex
458 654 511 690 quo
524 655 595 682 Deus
608 655 736 682 mundum
756 654 868 686 creavit,
879 658 912 690 et
930 659 968 681 le-

177 694 335 725 nebrarum,
348 700 407 728 qua:
419 689 497 728 erant
510 698 586 728 super
599 690 701 728 _f_aciem
716 689 801 728 abyssi
825 689 946 728 explorat
957 710 965 722 ,

177 699 335 725 ncbrarum,
348 700 407 728 qua:
424 699 497 718 erant
510 699 586 751 super
608 699 701 724 [actem
716 699 801 724 augis:
825 699 946 724 explorat
957 710 965 722 ,

177 733 205 756 et
219 729 357 756 contendit
370 727 436 754 nihil
450 733 510 753 esse
524 734 537 751 a
551 725 634 759 iqnid,
650 729 676 750 et
693 725 818 751 tenebras
831 732 891 751 esse
905 724 967 751 sub-

178 764 314 791 stantiam.
326 763 425 790 Verum
439 761 509 788 illius
537 760 676 787 ratiocinia
704 767 778 786 mera
803 759 966 793 sophismata

178 803 252 835 sunt,
271 798 394 833 quamvis
408 797 440 835 de
453 795 659 835 c;ct_er_o_stylus,
672 802 725 835 quo
736 795 831 835 utitur,
844 802 927 835 purus
940 799 967 835 et

178 834 267 860 clarus
280 829 368 868 atque
393 832 474 868 etiam
496 829 595 857 ﬂuidus
613 829 841 868 sit.__hlabi_llonius
858 829 968 868 coniicit

179 864 350 909 Fridugisuin
364 866 506 909 scripsisse
519 865 714 909 written-illud
730 864 768 905 de.
777 865 844 892 cella
856 864 968 909 Corma-

179 899 287 944 r_i_censi,
301 903 372 942 quod
396 899 469 943 inter
483 899 747 944 dubia-exhibemus,
762 899 788 926 in
804 899 965 944 qno'ccllam
985 915 1006 944 Β

180 938 262 968 illam,
273 933 382 972 proprio
393 937 447 971 jam
459 936 618 972 gaudentem
629 935 737 972 a_bbate,
747 933 844 972 nempe
855 933 966 966 Iacobo,

178 978 205 999 et
227 968 360 1007 quondam
378 968 542 998 monasterio
563 977 611 1007 suo
638 968 787 1007 Tnl'onensi
814 976 968 1001 annexam,

178 1002 255 1041 quasi
269 1007 319 1034 sibi
334 1011 454 1040 ereptam
465 1004 652 1041 conqueritur.
663 1002 778 1037 Scripsit
789 1011 896 1041 quoque
906 1011 971 1030 con-

178 1038 221 1069 tra
233 1038 403 1077 Agobarduni
419 1041 571 1077 episcopum
579 1038 798 1073 Lugdunensem,
816 1039 891 1074 cujus
903 1047 971 1077 non-

179 1074 275 1108 nullos,
288 1084 356 1111 quos
382 1076 433 1111 ipsi
452 1074 584 1111 imputat,
617 1081 727 1111 errores
750 1081 866 1111 censura
890 1074 970 1111 paulo

180 1112 269 1148 acrius
279 1108 453 1148 perstringit:
470 1109 549 1148 quod
562 1113 653 1148 tamen
666 1108 971 1148 Erid_tlgisi_opiisenluni

180 1143 331 1174 adhucdum
340 1143 413 1173 latet:
425 1144 583 1179 Agobardus
597 1151 626 1179 se
639 1143 783 1171 defendens
794 1143 971 1179 rFi-idugisnm

180 1181 215 1208 ob
232 1181 294 1217 styli
319 1177 493 1217 acerbitatem
521 1182 548 1217 et
571 1177 688 1217 majores
715 1178 845 1217 quosdam
863 1177 972 1217 errores

180 1213 275 1244 contra
291 1223 384 1243 sanam
412 1214 574 1248 theologiam
598 1213 778 1247 reprehendit,
795 1218 860 1240 tom.
880 1213 972 1248 [Ope-

181 1259 252 1284 rum,
271 1258 331 1286 pag.
348 1250 397 1277 165
410 1254 443 1286 ret
460 1249 520 1286 till.
537 1248 600 1282 Legi
618 1253 757 1286 merentur
778 1255 839 1286 quae
858 1248 902 1286 dc_
914 1248 972 1286 l-‘ri-

182 1282 279 1321 tlugiso
302 1282 393 1321 habet
403 1285 437 1321 1).
466 1284 542 1310 [tiret
557 1287 621 1310 tom.
648 1283 681 1310 IV
712 1282 795 1310 Hist."
809 1283 860 1309 Lit.
886 1284 918 1311 de
945 1284 972 1311 la

181 1320 295 1352 France,
308 1328 368 1355 pag.
379 1320 432 1346 512
440 1327 519 1355 seqq.

219 1353 482 1383 XLIIICA’Candido
494 1358 521 1381 et
540 1353 681 1389 Fridugiso
694 1360 820 1388 separare
838 1353 974 1382 noluimus

182 1391 278 1419 Oniam
290 1390 467 1421 sacerdotem.
489 1389 522 1416 de
535 1388 611 1423 cujus
626 1389 679 1415 vita
690 1394 737 1415 aut
750 1389 817 1415 actis
829 1397 914 1423 pauca
933 1390 974 1416 in-

181 1430 337 1454 notuerunt.
363 1425 439 1452 Illum
460 1428 548 1451 tamen
572 1424 655 1451 fuisse
677 1423 835 1458 popularem
849 1424 974 1451 acdisci-

181 1461 273 1495 pulum
292 1461 363 1488 beati
379 1459 494 1491 Alcuini,
512 1459 811 1495 colligirposservidetur
823 1467 855 1495 ex
876 1459 974 1486 inscri-

180 1493 272 1531 ptione
286 1493 588 1531 Commentariortnirin
602 1493 780 1531 Ecclesiasten
794 1514 801 1526 ,
824 1494 876 1531 ubi?
891 1494 974 1531 Onias

178 1529 301 1567 jungitur
313 1531 433 1559 Candide
458 1534 486 1567 et
498 1529 677 1567 Nathanaeli,_
692 1534 719 1556 et
733 1537 809 1567 teque
825 1538 857 1567 ac
871 1530 897 1556 lii
921 1530 974 1557 duo

183 1564 253 1593 tilius
267 1567 294 1593 in
307 1571 422 1602 paterna:
439 1564 623 1602 pietatis_1_tido
645 1564 787 1602 aliquando
801 1565 972 1602 educatusct
984 1586 1006 1602 μ

183 1602 229 1629 σιώ
258 1599 312 1628 αἰξί
340 1599 456 1635 paterno:
479 1599 631 1626 eruditionis
659 1600 898 1635 edoctusrdicitur.
932 1599 971 1626 Es

183 1636 278 1664 eadem
292 1634 466 1670 inseriptione
481 1634 525 1661 tibi
549 1635 697 1661 sacerdotis
722 1634 807 1670 titulo
828 1634 973 1670 insignitur

184 1671 293 1705 suisque
306 1669 395 1698 socius
406 1669 570 1704 prseponitur
582 1691 589 1701 ,
607 1670 672 1697 satis
698 1669 873 1705 intelligitur,
898 1669 973 1696 illum

183 1704 357 1734 smcularihus
370 1706 451 1732 etiam
464 1704 577 1738 negotiis
589 1704 614 1731 in
639 1705 700 1731 aula
713 1704 795 1732 fuisse
806 1704 955 1731 adhibitum
964 1725 972 1737 ,

183 1746 211 1770 et
222 1742 300 1768 beato
311 1741 422 1768 Alcuino
437 1739 578 1767 admodum
597 1740 708 1766 charum
729 1739 821 1766 fuisse.
845 1740 920 1766 Illum
946 1740 972 1766 in

183 1777 262 1811 epist.
280 1777 330 1804 183
345 1777 428 1811 (nunc
448 1774 510 1811 121)
529 1774 637 1809 Georgii
661 1773 972 1811 patriat'ch:e__Jerosoly-

184 1809 279 1839 niitani
295 1809 431 1838 memoria:
453 1810 556 1845 pariter
569 1817 631 1845 cum
657 1810 801 1845 Symcone,
816 1809 930 1836 Martino
944 1809 975 1836 et

185 1846 350 1874 Nathanaele
375 1844 554 1874 commendat.
579 1844 607 1871 In
633 1845 711 1879 epist.
738 1844 893 1880 2277(nunc
909 1844 973 1879 250)

185 1882 323 1909 tristitiam
352 1888 428 1908 suam
455 1880 489 1906 ob
515 1880 572 1914 ejus
598 1880 747 1907 absentiam
765 1879 804 1906 illi
830 1879 972 1915 signiﬁcat.

184 1916 214 1943 In
226 1916 304 1951 epist.
319 1915 371 1942 228
379 1916 461 1954 (nunc
467 1914 531 1949 ΞΒΙ)
540 1914 613 1941 illum
620 1915 786 1954 admonetut
794 1915 877 1941 Deum
890 1918 974 1946 amet,

184 1959 215 1978 ac
235 1950 401 1986 pauperum,
426 1950 586 1986 miserorum
604 1957 637 1986 ac
649 1950 976 1986 peregriIiOIjtiiirineiiior

185 1984 323 2020 sit,'atque
332 1985 518 2020 clecmosyuis,
531 1984 688 2012 defensione
701 1989 728 2011 et
739 1985 835 2012 solatio
848 1984 902 2011 illis
915 1992 976 2011 suc-

188 2025 289 2049 currat.

220 2055 310 2083 XLIV.
330 2055 402 2082 Inter
422 2055 493 2082 beati
511 2054 615 2083 Alcuini
635 2054 808 2089 discipulos:
822 2055 890 2083 Vitae
909 2054 977 2082 scri-

185 2095 263 2125 ptore
284 2098 343 2124 cap.
358 2091 384 2121 8,
404 2098 477 2116 num.
498 2090 530 2116 l-I
550 2094 708 2117 numeratur
725 2091 835 2124 quidam
856 2090 974 2121 Osull'us,

186 2133 265 2160 quem
288 2126 388 2160 pariter
408 2125 435 2151 in
453 2125 543 2151 schola
563 2125 727 2151 Eboracensi
746 2126 780 2151 ab
800 2125 894 2151 eodem
913 2125 977 2160 edo-

187 2159 260 2188 ctum
278 2159 359 2187 fuisse
373 2160 461 2186 nullus
474 2159 613 2186 dubitandi
628 2160 703 2186 locus
723 2163 784 2186 est:
800 2167 880 2193 quem
895 2159 976 2186 etiam

185 2195 258 2222 beati
280 2195 385 2222 Alcuini
400 2194 554 2229 popularem
574 2194 660 2221 credit
682 2194 712 2221 I).
727 2194 895 2221 Mabillonius
914 2194 974 2220 libr.

186 2238 260 2257 xxvu
281 2230 376 2257 Annal.
395 2237 469 2256 num.
488 2229 523 2256 29
545 2229 668 2264 quamvis
691 2229 716 2256 in
733 2229 820 2264 elogio
834 2229 867 2256 ad
887 2229 976 2256 \‘ilam

1020 269 1047 294 in
1062 268 1174 302 cpistola
1189 265 1331 301 priorc,'te
1342 266 1435 301 genui,
1456 265 1566 302 nutrivi,
1581 265 1646 298 alui,
1660 270 1688 292 et
1701 266 1734 293 ad
1748 274 1809 301 per-

1019 301 1118 330 fectum
1136 304 1224 329 virum
1237 309 1322 335 usque
1336 302 1458 336 perduxi.
1477 320 1484 327 .
1503 321 1510 327 .
1527 301 1604 336 .7ita,
1617 306 1646 328 ut
1667 306 1740 328 tuam
1755 302 1812 330 lau-

1019 339 1079 365 dem
1094 342 1149 364 tota
1162 338 1287 364 decantet
1304 335 1387 372 regio,
1403 346 1412 362 ι
1429 343 1524 370 nempe
1538 335 1687 369 Britannia,
1703 340 1733 364 ut
1746 336 1811 372 legi-

1019 377 1063 400 tur
1078 373 1105 400 in
1121 373 1199 400 codd.
1226 380 1291 399 mss.
1321 371 1586 405 Salisburgensibus,
1608 375 1689 406 prout
1708 371 1808 400 ibidem

1018 408 1119 435 notavi.
1144 408 1171 434 ln
1194 407 1277 434 altera
1295 414 1361 434 vero
1388 406 1502 441 epistola
1521 407 1675 440 exemplum
1694 414 1747 440 quo
1775 408 1809 434 ad

1017 444 1080 470 vitae
1109 442 1325 470 emendationem
1354 442 1490 469 animetur
1516 441 1553 468 illi
1588 441 1715 476 proponit
1749 450 1811 469 con-

1018 478 1179 519 discipulum
1201 485 1297 519 senm,
1328 487 1337 503 ‹
1366 477 1424 519 quin
1443 476 1548 519 modo,
1579 476 1631 509 ait,
1654 477 1811 519 episcopatu

1018 511 1142 548 praesidet
1166 513 1350 548 nobilissimo.
1370 522 1378 538 ι
1404 511 1455 548 Qui
1475 512 1558 548 plane
1577 519 1631 539 non
1656 511 1724 548 alius
1747 512 1811 548 (uit,

1018 546 1099 583 quam
1125 547 1276 583 Eanbaldus
1298 546 1516 583 archiepiscopus
1539 546 1727 583 Eboracensis.
1742 547 1810 574 Cum

1019 584 1069 610 hoc
1083 591 1148 618 ergo
1161 582 1270 610 Osull‘us
1285 584 1312 609 in
1325 582 1475 613 Britannia,
1490 583 1516 609 in
1529 582 1621 609 schola
1635 582 1810 614 Eboracensi,

1018 620 1068 646 sub
1094 617 1163 645 beati
1189 618 1294 645 Alcuini
1317 617 1473 651 magisterio
1493 618 1623 644 educatus
1648 621 1675 643 et
1698 618 1811 645 e.loetus

1018 654 1078 681 fuit.
1100 653 1175 681 lIunc
1189 653 1276 687 ipsum
1288 652 1409 680 Osulfnm
1422 652 1524 686 pariter
1541 660 1601 678 cum
1618 652 1759 687 Fridugiso
1776 653 1810 680 ab

1018 689 1169 716 eruditione
1185 688 1274 715 laudat
1291 687 1455 716 Theodulfus
1472 687 1673 714 Aurelianensis
1690 687 1750 714 libr.
1768 695 1809 719 ιιι,

1018 732 1103 751 carm.
1122 724 1133 750 1
1151 723 1184 749 ad
1197 722 1324 750 Carolum
1339 729 1441 758 regem,
1465 722 1498 749 de
1517 727 1633 756 utroque
1654 721 1692 748 ita
1709 729 1810 750 canens

1018 767 1089 786 vers.
1107 758 1157 785 175
1169 765 1176 784 :

1081 814 1137 839 Stet
1149 814 1220 838 levita
1235 814 1328 839 decens
1337 813 1449 844 Fridegis
1460 814 1564 838 sociatus
1578 813 1671 844 Osulro,

1112 844 1207 870 Gnarus
1217 849 1325 875 uterque
1334 845 1403 875 artis,
1415 846 1500 869 doctus
1512 851 1618 875 uterque
1629 845 1702 870 bene.

1019 896 1058 924 An
1072 896 1116 923 hic
1131 896 1239 924 Osnll'us
1253 896 1323 923 idem
1344 896 1379 923 sit
1393 903 1424 923 ac
1442 895 1485 923 ille
1495 916 1502 927 ,
1520 896 1565 930 qui
1581 896 1665 923 multa
1683 896 1812 931 praeclara

1021 932 1054 959 de
1072 932 1168 959 Carolo
1189 931 1299 967 Juniore
1323 932 1443 958 narravit
1465 931 1544 965 epist.
1568 931 1618 958 179
1637 931 1718 966 (nunc
1738 931 1813 967 120),

1021 967 1216 1001 incompertum
1232 966 1371 993 habemus.

1057 1000 1136 1029 XLV".
1158 1001 1316 1028 Verosimile
1330 1006 1372 1028 cst
1386 1000 1506 1028 Osulfum
1521 1021 1527 1033 ,
1544 1001 1634 1035 patrio
1648 1001 1756 1029 nomine
1775 1001 1812 1029 ita

1021 1041 1146 1064 vocatum
1160 1056 1166 1068 ,
1187 1040 1280 1069 postea
1304 1036 1374 1063 inter
1392 1036 1569 1071 scholasticos
1583 1035 1677 1063 Cuculi
1696 1036 1814 1071 appella-

1023 1073 1123 1099 tionem
1147 1070 1295 1106 obtinnisse
1308 1091 1315 1102 ,
1340 1075 1432 1106 utpote
1452 1070 1529 1104 cujus
1550 1071 1666 1098 similem
1690 1070 1812 1105 lapsum,

1021 1108 1056 1134 ob
1078 1114 1159 1141 quem
1182 1105 1303 1133 Osnll'um
1330 1105 1514 1141 reprehendit,
1537 1106 1666 1133 Alcuinus
1692 1107 1814 1140 deplorat

1023 1142 1142 1183 carmine
1153 1141 1197 1173 77,
1211 1141 1361 1183 quo'ctiam
1375 1142 1492 1183 pertinet
1504 1141 1728 1183 additamentum,
1743 1142 1814 1183 quod

1022 1184 1055 1204 ex
1071 1176 1131 1204 cod.
1150 1184 1201 1203 ms.
1217 1176 1327 1211 Collein
1343 1177 1429 1204 sancti
1445 1176 1520 1203 Pauli
1541 1177 1745 1204 Ratisbonensis
1761 1181 1815 1204 tar—

1022 1212 1083 1239 dius
1103 1212 1210 1239 detecto
1225 1212 1347 1238 dedimus
1359 1217 1424 1238 tom.
1446 1211 1479 1244 Il,
1492 1219 1577 1239 carm.
1598 1211 1624 1238 6.
1640 1211 1719 1239 Latet
1741 1217 1814 1240 certe

1023 1247 1074 1274 sub
1095 1247 1145 1274 hoc
1158 1247 1267 1273 nomine
1285 1246 1410 1273 familiari
1428 1251 1455 1274 et
1478 1246 1595 1274 ascititio
1615 1247 1723 1281 quidam
1742 1247 1813 1275 beati

1023 1282 1129 1309 Alcuini
1143 1281 1289 1316 discipulus
1301 1302 1308 1313 ,
1324 1282 1350 1310 in
1364 1282 1456 1309 schola
1475 1282 1638 1309 Eboracensi
1651 1282 1774 1309 eruditus
1787 1286 1815 1309 et

1024 1317 1145 1351 magistri
1169 1318 1211 1344 sui
1238 1317 1265 1343 in
1287 1317 1401 1344 Galliam
1426 1325 1518 1345 comes
1539 1326 1545 1343 :
1565 1325 1645 1351 quem
1670 1317 1814 1351 aliquando

1024 1352 1058 1379 ad
1081 1352 1241 1387 Symeonem
1265 1359 1343 1379 suum
1360 1372 1367 1384 ,
1393 1359 1440 1379 seu
1468 1352 1634 1379 Eanbaldum
1658 1352 1813 1387 episcopum

1025 1386 1123 1415 direxit
1133 1396 1195 1414 eum
1208 1387 1372 1419 muneribus,
1391 1387 1429 1414 uti
1453 1386 1611 1422 intelligitur
1624 1394 1657 1414 ex
1672 1387 1750 1422 epist.
1767 1388 1812 1414 171

1025 1423 1108 1457 (nunc
1121 1422 1178 1457 65),
1191 1427 1219 1449 et
1229 1422 1305 1456 cujus
1321 1423 1403 1449 etiam
1422 1430 1505 1457 opera
1520 1430 1585 1449 usus
1598 1426 1640 1449 est
1661 1424 1694 1449 ad
1713 1424 1815 1456 optima

1025 1457 1136 1485 consilia
1155 1458 1241 1485 eidem
1266 1457 1413 1489 Eanbaldo.
1432 1457 1592 1491 quibusdam
1607 1458 1816 1485 adversitatibus

1025 1492 1123 1519 atllicto
1136 1492 1313 1528 suggerenda,
1329 1493 1368 1519 uti
1383 1492 1480 1527 legitur
1491 1492 1518 1519 in
1532 1492 1653 1526 epistolis
1670 1493 1720 1519 174
1733 1493 1816 1527 (nunc

1027 1528 1087 1554 115)
1102 1533 1134 1554 et'
1146 1528 1278 1554 sentienti.

1060 1528 1087 1559 ὃ)
1102 1533 1134 1554 et'
1146 1528 1278 1562 sequenti.

1060 1562 1149 1589 XLVI.
1164 1561 1256 1589 Ciiculi
1268 1562 1357 1589 socius
1368 1570 1400 1589 ac
1413 1561 1611 1596 condiscipulus
1621 1562 1755 1591 Calwinus
1766 1562 1817 1590 fuit

1023 1597 1367 1638 presbyterAnglus,qnem
1377 1597 1488 1638 inrepis't.
1542 1597 1625 1638 (nunc
1631 1597 1675 1638 75)
1681 1598 1717 1638 ad
1728 1598 1814 1638 ipsum

1024 1633 1126 1659 directa
1146 1632 1330 1659 saluberrimis
1352 1632 1483 1659 doctrinis
1501 1632 1618 1663 instruit,
1633 1636 1661 1659 et
1680 1633 1706 1659 in
1730 1633 1816 1660 altera

1025 1667 1076 1694 I75
1095 1667 1177 1702 (nunc
1190 1668 1248 1701 116)
1263 1667 1364 1695 Cucnlo
1377 1667 1457 1694 simul
1473 1668 1603 1701 inscripta
1614 1687 1622 1699 ,
1642 1668 1767 1695 hortatur
1785 1672 1815 1695 ut

1025 1702 1151 1737 Symconi
1164 1710 1212 1730 seu
1227 1702 1363 1729 Eanbaldo
1377 1702 1581 1737 archiepiscopo
1599 1710 1630 1730 ea
1645 1710 1694 1730 suo
1709 1703 1817 1730 nomine

1024 1738 1165 1770 suadeant,
1180 1745 1239 1772 qua:
1265 1737 1350 1772 ipsum
1370 1738 1396 1764 in
1412 1737 1622 1764 adversitatibns
1636 1738 1726 1769 solari,
1744 1743 1772 1765 et
1784 1739 1818 1766 ad

1025 1773 1108 1799 vitam
1123 1773 1227 1800 muneri
1242 1780 1290 1799 suo
1310 1781 1341 1799 ac
1354 1772 1477 1808 dignitati
1499 1773 1703 1800 convenientem
1718 1774 1817 1808 degen—

1025 1808 1086 1834 dam
1098 1815 1255 1844 permovere
1262 1807 1377 1844 valeant.
1390 1807 1428 1844 Es
1437 1808 1530 1844 eadem
1540 1808 1619 1842 epist.
1631 1808 1665 1835 58
1678 1807 1761 1844 (nunc
1772 1808 1816 1844 75)

1025 1843 1164 1874 discimus,
1188 1843 1339 1870 Calwinnm
1358 1842 1433 1870 cella:
1451 1843 1557 1870 cuidam
1577 1844 1662 1870 sancti
1686 1842 1815 1878 Stephani

1026 1878 1176 1912 pncfuisse,
1202 1882 1230 1904 et
1252 1878 1414 1905 monachum
1437 1886 1469 1904 ac
1492 1879 1686 1905 monachorum
1711 1884 1815 1913 patrem

1026 1912 1118 1944 fuisse,
1133 1914 1204 1939 sicut
1225 1913 1324 1940 ibidem
1342 1913 1368 1939 in
1384 1913 1454 1939 notis
1467 1913 1627 1940 notavimus.
1644 1912 1722 1940 Certe
1735 1922 1819 1941 mem-

1026 1948 1104 1974 brum
1129 1948 1152 1975 is
1176 1947 1668 1984 fuitecclesia:Eboracensis,suo
1691 1949 1819 1984 suﬂ‘ragio

1026 1991 1191 2010 concurrens
1212 1983 1246 2009 ad
1269 1983 1462 2017 archiepiscopi
1489 1983 1618 2010 Eanbaldi
1645 1983 1817 2017 electionem,

1026 2019 1066 2045 uti
1089 2018 1219 2045 Alcuinus
1242 2018 1341 2044 ibidem
1364 2018 1484 2045 insinuat
1504 2019 1546 2045 his
1571 2019 1681 2045 verbis:
1699 2028 1707 2044 ι
1732 2020 1818 2052 Quem

1027 2053 1230 2089 (Symeonem)
1256 2061 1303 2080 vos
1330 2053 1448 2088 elegistis
1476 2054 1509 2080 ad
1537 2054 1708 2087 pontiticatus
1735 2055 1818 2081 hono-

1028 2096 1085 2115 rem
1090 2108 1097 2115 .
1118 2099 1127 2114 ι

1064 2123 1165 2152 XLVII.
1187 2123 1384 2158 Discipulorum
1406 2124 1476 2151 beati
1493 2124 1598 2152 Alcuini
1618 2124 1817 2152 nobilissimum

1027 2167 1059 2186 ac
1080 2159 1264 2186 ﬁdelissimum
1288 2163 1382 2186 auctor
1396 2158 1462 2186 Vita:
1482 2167 1632 2194 anonymus
1652 2161 1740 2194 primo
1759 2159 1819 2189 loco

1028 2194 1149 2221 nominat
1177 2194 1308 2229 Sigull'um
1331 2193 1454 2221 Vctnlum
1467 2214 1474 2226 ,
1504 2203 1538 2221 ex
1555 2193 1640 2229 cujus
1655 2193 1820 2222 narratione

1028 2229 1086 2263 ipse
1097 2229 1201 2260 didicit,
1218 2238 1277 2264 quae
1295 2229 1327 2256 de
1343 2229 1388 2255 illo
1404 2230 1540 2257 memorite
1558 2235 1728 2264 posterorum
1746 2238 1819 2257 coni-

186 2265 257 2292 beati
279 2264 385 2292 Alcuini
407 2272 466 2299 cap.
495 2265 538 2297 Il,
555 2262 635 2291 ‘num.
660 2264 694 2300 66
716 2262 791 2300 illum
815 2272 876 2291 cum
905 2264 975 2300 aliis,
990 2262 1017 2292 Ι)
1030 2262 1181 2300 mendavit,
1203 2262 1236 2300 eo
1257 2264 1342 2298 magis
1362 2264 1415 2300 fide
1434 2265 1524 2299 digna,
1546 2262 1617 2300 quod
1632 2275 1641 2290 ‹
1659 2265 1715 2299 ipse
1734 2266 1817 2297 solus,

187 2301 274 2335 ipsum
290 2307 323 2327 ev
344 2300 440 2334 Anglia
453 2300 659 2330 comitantibus,
677 2299 756 2335 Quia,
773 2299 892 2327 Candido
904 2320 911 2331 ,
928 2299 977 2326 Na-

188 2334 313 2362 thanaele
326 2335 352 2361 in
367 2335 531 2361 monasterio
545 2341 651 2369 quoque
664 2334 812 2362 Turonensi
828 2335 977 2361 auditorem

186 2370 270 2398 fuisse
284 2369 367 2410 dicat;
383 2370 461 2410 tlerte
477 2369 607 2410 Osult'um
613 2370 699 2410 patria
717 2370 822 2397 Gallum
835 2370 877 2396 vel
891 2370 976 2397 Fran-

187 2413 249 2432 cum
276 2412 328 2432 non
354 2404 435 2431 fuisse
459 2413 493 2432 ex
520 2404 690 2435 narratione,
717 2412 798 2439 quam
828 2412 978 2439 anonymus

187 2440 256 2468 Vita:
270 2440 339 2475 beati
360 2439 465 2466 Alcuini
483 2441 600 2475 scriptor
618 2440 650 2466 de
669 2440 742 2467 illius
762 2440 836 2467 obitu
859 2440 910 2467 loc.
930 2440 976 2467 cit.

187 2483 262 2503 mnn.
281 2474 313 2501 15
325 2474 404 2507 facit,
422 2480 464 2501 sat
480 2479 572 2509 aperte
588 2475 754 2509 intelligitur.
770 2475 870 2509 Nempe
885 2475 979 2502 beatus

187 2510 317 2538 Aleuinus
337 2510 413 2536 alteri
436 2510 567 2544 discipulo
588 2518 636 2537 suo
657 2510 816 2544 [taganardo
831 2510 863 2537 de
885 2510 978 2537 Osulfo

189 2547 222 2572 ad
236 2545 325 2572 omnia
350 2545 452 2572 monita
471 2545 533 2571 vitae
554 2545 672 2572 melioris
697 2544 778 2572 surdo
797 2544 895 2580 spiritu
917 2553 980 2580 pro~

187 2580 297 2615 phetico
318 2580 463 2614 pnedixit.
492 2589 501 2605 (
524 2580 597 2615 quod
624 2587 710 2614 neque
737 2581 762 2607 in
791 2580 901 2615 regione
929 2581 979 2607 hac

189 2614 314 2649 (l-‘raneia
327 2616 434 2649 utique,
456 2616 502 2643 ubi
521 2614 583 2642 tunc
606 2615 736 2642 Aleuinus
755 2615 877 2650 degebat)
894 2623 980 2650 neque

190 2650 217 2677 in
235 2657 287 2683 qua
310 2654 389 2676 natus
407 2655 459 2682 est,
481 2650 620 2678 morietur.
647 2650 724 2683 Quod
743 2656 836 2685 postea
858 2651 981 2685 probavit

189 2689 315 2721 eventus;
333 2688 454 2721 mortuus
464 2690 505 2712 est
515 2686 586 2712 enim
598 2686 625 2712 in
638 2686 833 2721 Longobardia.
850 2695 858 2711 ι
873 2685 981 2713 Osult'us

190 2727 254 2754 ergo
276 2719 330 2755 fuit
349 2719 397 2755 abs
421 2720 501 2747 dubio
519 2721 562 2747 ille
582 2719 738 2755 discipulus,
756 2721 789 2748 ad
810 2728 901 2755 quem,
921 2725 981 2747 tan-

190 2762 271 2791 quam
299 2754 332 2781 ad
357 2754 438 2791 lilium
455 2756 609 2791 prodigum.
636 2754 713 2783 initio
737 2754 847 2791 quidem
870 2755 981 2790 optimis

190 2790 311 2825 moribus
323 2796 354 2825 ac
368 2789 516 2823 disciplinis
529 2790 682 2818 liberalibus
697 2789 828 2818 imbutum
844 2789 982 2825 sapientia:

191 2824 248 2851 sale
262 2824 449 2855 ilhiminatmn.
464 2829 491 2851 et
505 2826 531 2851 in
546 2825 694 2860 Scripturis
708 2827 794 2853 sacris
807 2824 980 2857 industrium,

190 2863 284 2894 postea
296 2866 359 2886 vero
371 2864 521 2886 scortorum
534 2861 669 2894 gregibus.
685 2866 839 2895 potatorum
851 2860 982 2888 conviviis

190 2901 222 2921 ac
236 2894 446 2928 superbientium
466 2894 629 2921 vanitatibus
643 2896 780 2930 junctum,
796 2895 905 2930 scripsit
923 2895 981 2929 epi-

1028 2300 1067 2326 uti
1087 2298 1184 2334 legitur
1204 2299 1230 2326 in
1251 2299 1303 2326 (ine
1323 2299 1426 2334 prologi
1448 2298 1520 2327 illius
1534 2298 1611 2331 Vitae.
1634 2298 1695 2334 post
1715 2300 1817 2331 disces-

1028 2342 1088 2361 sum
1108 2335 1197 2370 sancti
1218 2334 1328 2362 Edberti
1348 2334 1475 2370 (.Elberti
1499 2335 1617 2370 episcopi
1638 2335 1715 2370 puto)
1736 2335 1819 2370 ipsius

1028 2369 1127 2396 meruit
1154 2378 1232 2397 nosse
1259 2374 1363 2396 secreta
1389 2371 1498 2397 eximia.
1516 2369 1530 2396 ί»
1562 2369 1627 2397 Erat
1655 2371 1697 2402 is,
1723 2371 1818 2398 eodem

1028 2404 1160 2439 scriptore
1180 2409 1296 2432 testante
1318 2412 1377 2439 cap.
1392 2405 1418 2436 5,
1441 2414 1514 2433 num.
1530 2406 1573 2437 11,
1590 2414 1599 2430 ‹
1616 2405 1657 2431 vir
1674 2406 1729 2432 Deo
1745 2412 1819 2432 ama-

1029 2439 1100 2471 bilis,
1122 2440 1205 2467 animi
1223 2440 1366 2474 carnisque
1385 2441 1525 2468 nobilitate
1544 2441 1666 2475 insignis,
1681 2440 1820 2475 presbyter

1030 2479 1057 2502 et
1066 2480 1157 2502 custos
1169 2475 1307 2502 lleborica:
1319 2475 1436 2502 civitatis
1448 2476 1578 2508 ecclesizr,
1592 2485 1600 2501 ι
1616 2476 1661 2510 qui
1676 2481 1729 2502 tam
1743 2479 1818 2502 arcta

1029 2510 1148 2551 amicitia
1172 2510 1385 2551 bealo__Alcuino
1403 2510 1514 2551 junctus
1534 2511 1586 2551 fuit
1597 2531 1604 2551 τ
1629 2514 1659 2537 ιιι
1677 2515 1821 2551 propterea

1028 2550 1160 2607 plerpetuo
1178 2546 1215 2572 illi
1234 2546 1372 2572 adhaerere
1385 2547 1507 2580 cupiens,
1521 2554 1550 2573 se
1564 2547 1661 2578 eidem,
1672 2546 1729 2578 jam
1742 2546 1822 2572 scho-

1041 2588 1070 2607 's
1090 2581 1116 2607 in
1135 2580 1248 2607 Francia
1270 2580 1381 2607 tenenti.
1402 2582 1506 2607 sociare
1523 2581 1646 2607 voluerit.
1667 2581 1819 2607 Anteauam

1041 2588 1070 2607 as
1090 2581 1116 2607 in
1135 2580 1248 2607 Francia
1270 2580 1381 2611 tenenti.
1402 2582 1506 2608 sociare
1523 2581 1646 2608 voluerit.
1667 2581 1819 2615 Antequam

1030 2623 1094 2643 vero
1111 2615 1230 2650 Sigull'ns
1247 2615 1389 2643 Alcuinum
1406 2616 1432 2642 in
1451 2616 1590 2643 Franciam
1609 2616 1753 2643 comitatus
1768 2621 1821 2648 est,

1031 2650 1137 2687 futurus
1164 2651 1277 2685 posthac
1305 2650 1459 2678 individuus
1484 2651 1607 2687 magistri
1637 2651 1679 2678 sui
1701 2658 1819 2687 comes.

1027 2684 1083 2719 jam
1106 2684 1170 2713 illuc
1189 2693 1255 2720 puer
1268 2689 1379 2712 venerat
1398 2694 1459 2713 cum
1479 2684 1611 2713 avunculo
1630 2693 1679 2713 suo
1692 2685 1823 2713 Antbertu

1031 2721 1187 2756 presbytero
1205 2721 1263 2748 viro
1281 2725 1395 2748 sancto:
1413 2731 1421 2746 ι
1438 2722 1461 2747 A
1478 2729 1531 2756 quo
1547 2721 1664 2749 Romam
1685 2722 1718 2749 ad
1739 2720 1823 2756 eccle-

1031 2755 1170 2783 siasticum
1190 2756 1313 2783 ordinem
1334 2755 1494 2783 discendum
1510 2757 1668 2791 perductus,
1690 2759 1718 2782 ct
1739 2755 1824 2782 Melas

1032 2791 1170 2818 civitatem
1190 2798 1270 2819 causa
1291 2795 1387 2818 cantus
1408 2790 1527 2819 directus
1546 2792 1651 2823 fuerat;
1668 2800 1677 2817 ι
1702 2790 1763 2817 inde
1785 2795 1824 2815 ta—

1032 2833 1094 2862 men
1115 2826 1244 2860 Sigulfus,
1266 2826 1399 2862 avunculo
1417 2834 1467 2854 suo
1485 2834 1533 2862 per
1551 2831 1664 2854 mortem
1682 2826 1709 2862 in
1727 2824 1825 2862 itinere

1032 2861 1142 2897 amisso.
1159 2870 1168 2885 ι
1179 2869 1246 2897 cum
1267 2861 1352 2897 multo
1370 2860 1460 2897 fructu
1476 2860 1591 2897 patriam
1608 2860 1747 2897 repedavit
1762 2865 1824 2897 pro-

1032 2896 1129 2930 priam.
1146 2906 1154 2922 ι
1175 2896 1265 2923 Sacra:
1283 2896 1406 2923 lectionis
1423 2894 1649 2925 studiosissimum
1664 2896 1752 2929 ipsum
1767 2894 1825 2921 lau-
