4070 6196
309 372 385 428 85
1218 435 1228 444 κ
1516 366 1826 426 FllOBENll
1863 367 2360 432 COMMENTATIO.
2372 409 2384 422 .
3503 379 3576 434 κθ

381 481 534 553 CLV.
593 477 887 553 Basitagius
915 475 1115 553 tom.__li
1135 474 1398 553 Thesauri
1428 477 1892 553 {donunientorum
1920 483 1970 541 Α
1997 478 2065 532 Ει
2112 477 2164 533 in
2207 479 2432 553 epistola
2475 479 2546 553 53
2577 467 2739 553 (nunc
2780 480 2872 553 ιιι)
2908 482 3144 542 Flavium
3174 487 3473 544 Damnatam
3503 492 3572 544 ad

307 552 514 629 conisii
539 564 662 629 pag.
683 546 789 603 397
805 550 875 629 in
889 557 1004 629 not.
1034 547 1114 619 (ὴ)
1138 549 1197 629 in
1213 547 1372 629 epist.
1397 546 1463 601 ad
1482 548 1888 629 Lugdunenses,

308 627 401 680 ubi
429 617 690 676 Alcuinus
713 617 903 672 scribit
931 617 1054 672 tres
1080 617 1266 673 noctes
1299 627 1514 686 tresque
1535 617 1669 682 dies,
1698 618 1893 686 quibus

306 694 476 748 Jonas
505 689 606 744 fuit
644 688 699 741 in
727 695 917 741 ventre
940 688 1044 742 ceti
1079 697 1136 742 et
1157 687 1406 742 Christus
1438 689 1491 741 in
1518 687 1680 743 corde
1710 696 1888 751 terra),

306 779 366 833 sy
379 759 659 833 necdotice
681 771 842 833 posse
877 765 986 811 tres
1027 759 1326 833 mersiones
1348 765 1404 812 et
1424 764 1535 833 tres
1566 756 1893 833 elevationes

305 825 363 886 in
395 830 663 900 baptismo
690 825 1005 900 designare,
1035 827 1210 900 ipsum
1230 827 1351 900 _hac
1388 827 1516 900 crisi
1545 825 1685 900 _ferit
1714 843 1726 878 :
1755 827 1894 900 _«__Al-

312 895 526 961 cuinus,
575 896 768 966 inquit,
800 895 1340 966 numeris’inhiabat,
1385 904 1440 950 et
1471 896 1595 966 inde
1620 895 1894 966 pueriliter

314 970 577 1042 mysteria
621 964 787 1042 voluit
827 965 894 1042 a_d
937 964 1239 1042 fatuitatem
1262 980 1430 1035 usque
1467 965 1682 1042 elicere.
1713 983 1731 1016 ι
1775 965 1892 1019 Νοιι

314 1035 568 1102 attendit,
605 1035 1150 1106 OpinorLBasnagius
1184 1049 1282 1106 per
1310 1049 1490 1090 aerem
1519 1035 1660 1106 hanc
1701 1049 1897 1106 censu-

319 1127 434 1165 ram
487 1103 657 1162 simul
674 1107 782 1177 peti
814 1105 1008 1177 Patres
1031 1103 1396 1177 antiquiores,
1441 1104 1533 1172 qui
1561 1105 1890 1177 certe‘pueri

314 1196 423 1236 non
450 1185 635 1240 erant,
668 1173 724 1231 et
751 1175 1069 1229 nominatim
1114 1175 1513 1229 sanctissimum
1553 1189 1619 1228 ac
1653 1173 1892 1228 celeber-

313 1252 510 1304 rimum
543 1244 866 1325 poniificem.
899 1244 1134 1325 Leﬁone‘m
1159 1242 1330 1325 iiujus
1366 1243 1600 1325 nomin_is
1633 1245 1888 1325 primum,

314 1321 502 1374 eodem
548 1313 711 1370 inodo
756 1314 919 1369 verba
958 1315 1020 1368 D.
1045 1313 1193 1368 Pauli
1220 1313 1374 1384 Rom.
1417 1329 1490 1376 vt,
1536 1315 1588 1376 5,
1631 1313 1894 1384 interpre-

318 1398 539 1451 tantem,
562 1385 714 1453 cujus
736 1385 1057 1440 auctoritate
1081 1385 1240 1453 nixus
1262 1383 1535 1448 Alcuinus,
1560 1383 1723 1453 verba
1749 1383 1892 1438 illius

316 1476 381 1515 ex
404 1458 561 1527 epist.
590 1452 654 1509 Π
683 1456 750 1527 a_d
773 1454 1050 1527 episcopos
1077 1452 1273 1527 Siciliae
1301 1453 1373 1507 ibi
1404 1452 1640 1527 adducit,
1669 1469 1788 1522 qua:
1805 1454 1890 1527 ita

315 1522 509 1584 sonant
561 1543 576 1580 :
631 1543 649 1576 ι
695 1522 1036 1592 Sepulturam
1090 1522 1396 1577 triduanam
1458 1523 1700 1576 imitatur
1751 1524 1890 1578 trina

315 1598 602 1661 demersio,
627 1603 684 1650 et
707 1596 778 1650 ab
808 1595 963 1663 aquis
989 1593 1218 1648 elevatio
1249 1592 1579 1663 resurgentis
1614 1592 1784 1647 instar
1809 1602 1892 1648 est

317 1669 384 1722 de
423 1666 686 1737 sepulcro.
729 1685 748 1716 ι
813 1662 953 1737 Quid
987 1666 1040 1718 in
1064 1664 1172 1737 hac
1202 1662 1652 1737 interpretatione
1685 1663 1890 1737 puerile

313 1740 401 1800 sit,
427 1731 580 1792 et'au
607 1750 714 1789 non
736 1735 911 1805 magis
929 1733 1148 1805 puerilis
1171 1733 1243 1786 sit
1265 1731 1512 1805 Basnagii
1541 1746 1771 1805 censura
1798 1733 1891 1787 ad-

311 1799 500 1862 versus
542 1812 753 1885 veteres
794 1799 1045 1860 Ecclesiae
1080 1804 1348 1868 doctores,
1367 1799 1609 1870 judicent
1636 1801 1776 1872 aequi
1804 1818 1890 1857 re-
1917 1825 1965 1885 Β

315 1893 434 1932 rum
456 1877 830 1932 estimatores.

616 1975 644 2048 §
682 1975 748 2031 V.
784 1974 862 2029 De
891 1972 1212 2044 confessione
1236 1982 1586 2044 peccatorum.

382 2067 556 2124 CLVI.
610 2068 887 2138 Baptismo
916 2065 1285 2138 pqL-nitentium
1309 2072 1586 2138 comparat
1611 2063 1886 2138 Alcuinus,

312 2139 560 2207 hancque
585 2133 741 2192 vocat
785 2133 1092 2207 secundum
1129 2136 1183 2189 in
1211 2135 1449 2207 Ecclesia
1495 2133 1760 2207 baptisma
1782 2149 1890 2204 quo

309 2225 407 2279 per
443 2203 869 2279 confessionem
929 2205 1186 2279 humilem
1246 2204 1614 2279 sacerdotibus
1689 2203 1889 2259 factam

312 2273 586 2346 abluimur
611 2293 642 2332 a
667 2277 904 2346 peccatis
929 2283 1048 2345 post
1075 2276 1306 2346 primum
1330 2273 1592 2346 baptisma
1605 2282 1890 2346 perpetra-

313 2288 586 2332 abtutmur
611 2293 642 2332 a
667 2288 904 2346 peccatis
929 2288 1048 2345 post
1075 2290 1306 2345 primum
1331 2288 1890 2398 napusmagnrpetra-

313 2349 398 2402 tis.
443 2365 461 2397 α
501 2345 709 2409 Nonne,
737 2347 913 2416 inquit
943 2346 997 2400 in
1034 2346 1192 2416 epist.
1227 2343 1295 2416 96
1333 2344 1498 2415 (nunc
1528 2344 1585 2397 ll
1633 2343 1650 2412 )
1682 2344 1748 2416 ad
1772 2360 1890 2416 ino-

311 2417 511 2472 uachos
557 2413 890 2480 Gothiae,rin
945 2413 1102 2472 sacro
1148 2413 1468 2484 baptismate
1520 2413 1888 2484 sacerdotibus

312 2487 513 2542 Christi
557 2495 757 2543 nostra:
790 2485 912 2542 fidei
951 2483 1340 2542 confessionem
1374 2484 1504 2538 dare
1531 2483 1806 2549 debemus,
1835 2493 1889 2539 et

313 2557 389 2612 sic
417 2557 742 2612 sacerdotali
772 2556 1086 2618 ministerio,
1114 2555 1290 2610 divina
1319 2561 1578 2622 operante
1602 2554 1796 2622 gratia,
1818 2555 1887 2609 ab

314 2627 561 2681 omnibus
597 2627 740 2681 ablui
777 2626 1056 2696 peccatis?
1091 2624 1200 2696 cur
1227 2625 1390 2696 etiam
1431 2623 1484 2696 in
1516 2623 1750 2696 secundo
1773 2639 1888 2694 poe-

313 2698 548 2752 nitentia:
578 2693 900 2766 baptismate
919 2711 1014 2764 per
1033 2693 1423 2766 confessionem
1449 2693 1889 2766 humilitatisno-

312 2777 456 2830 strae,
495 2767 563 2820 ab
594 2763 849 2821 omnibus
900 2763 1018 2834 post
1053 2765 1284 2835 primum
1322 2764 1592 2835 baptisma
1631 2763 1884 2835 peractis,

311 2837 497 2891 eadem
523 2836 706 2892 divina
735 2832 1028 2891 miserante
1054 2832 1255 2899 gratia,
1281 2832 1598 2889 sacerdotali
1638 2832 1888 2888 Similiter

312 2907 508 2961 auxilio
530 2921 637 2961 non
661 2907 923 2962 debemus
943 2903 1140 2961 absolvi
1166 2904 1444 2974 peccatis?
1480 2924 1498 2957 ι
1541 2905 1609 2958 Et
1639 2904 1692 2957 iu
1721 2903 1880 2973 epist.

314 2975 569 3046 797(nunc
589 2977 680 3045 94)
711 2977 780 3031 ad
805 2975 1078 3046 Aquilam,
1108 2975 1408 3046 animarum
1439 2974 1758 3046 pastoribus
1797 2974 1884 3028 in-

311 3042 498 3109 culCat,
531 3057 590 3101 ut
618 3042 904 3101 bertentur
930 3045 1111 3102 fideles
1133 3045 1199 3099 ad
1219 3042 1572 3100 confessionis
1595 3045 1886 3114 puritatem

309 3126 362 3170 et
399 3117 734 3184 penitentite
775 3117 1262 3186 compunctioriem,
1315 3132 1332 3186 ς
1381 3114 1528 3184 quia,
1559 3113 1751 3186 inquit,
1778 3114 1882 3186 hoc

309 3183 604 3240 secundum
632 3183 1018 3266 baptisma—cst
1057 3191 1110 3266 in
1128 3183 1480 3266 Ecclesiaziut
1508 3184 1599 3253 qui
1621 3190 1740 3266 post
1769 3183 1882 3253 pri-

309 3271 452 3308 mum
477 3251 742 3310 erraverit
784 3256 838 3309 in
859 3255 1038 3324 aliquo
1060 3254 1273 3319 delicto,
1304 3255 1357 3308 in
1372 3255 1482 3324 hoc
1503 3251 1736 3324 secundo
1759 3251 1881 3308 cor-

308 3326 542 3394 rigatur.
576 3345 594 3376 ι
630 3324 795 3380 Porro
832 3325 882 3379 in
929 3323 1091 3380 citata
1115 3324 1271 3393 epist.
1319 3323 1386 3377 ad
1425 3323 1628 3394 Gothos
1657 3338 1877 3392 pravam

305 3392 432 3462 quae
466 3394 524 3446 in
561 3393 648 3447 illa
688 3395 948 3462 provincia
995 3392 1288 3450 inoleverat
1320 3392 1758 3448 consuetudinem
1801 3406 1882 3446 re-

307 3463 604 3542 prehendit
629 3464 959 3542 et_con_futat_,
988 3465 1128 3536 quod
1156 3464 1277 3542 l_aic_i
1323 3469 1539 3542 peccata
1570 3477 1664 3542 sua
1705 3477 1878 3542 sacer-

308 3531 530 3587 dotibus
570 3535 806 3590 confiteri
854 3531 1072 3600 nollent,
1103 3531 1473 3589 existimantes
1506 3531 1749 3587 sufﬁcere
1786 3531 1877 3586 illa

308 3603 360 3656 in
390 3603 604 3658 occulto
629 3604 738 3659 Deo
780 3605 1043 3660 confiteri.
1092 3604 1475 3659 Necessitatem
1508 3616 1637 3671 ergo
1671 3601 1880 3671 confes-

306 3674 472 3727 sionis
519 3675 888 3729 sacerdotibus
930 3673 1185 3730 facienda:
1234 3674 1427 3743 probat
1460 3671 1514 3743 i_°
1547 3669 1688 3743 quod
1723 3669 1879 3743 Chri-

307 3753 420 3798 stus
466 3744 838 3799 sacerdotibus
867 3744 1073 3799 dederit
1105 3740 1422 3812 potestatcrn
1465 3741 1662 3812 ligandi
1689 3748 1743 3796 et
1773 3740 1881 3794 sol-

309 3814 462 3866 vendi
495 3831 509 3866 z
547 3832 566 3883 ς
599 3815 730 3883 quid
777 3813 966 3879 solvit,
1013 3811 1202 3883 inquit,
1227 3811 1576 3883 sacerdotaiis
1615 3818 1874 3883 potestas,

308 3883 350 3935 si
383 3879 746 3960 vinc_ula_'non
783 3879 1302 3959 mnsiderat'ligati?
1343 3903 1362 3934 ι
1384 3880 1468 3960 ’2ο
1504 3879 1658 3960 μετῇ.
1688 3881 1882 3960 proba!

309 3953 551 4022 exemplo
605 3953 959 4021 leprosorum,
1007 3950 1483 4023 quos'sanandos
1507 3950 1766 4004 Dominus
1808 3950 1879 4023 ad

310 4020 617 4078 sacerdotes
646 4020 826 4088 misit;
864 4032 917 4078 et
944 4025 1000 4078 5°
1024 4020 1272 4092 exemplo
1297 4020 1508 4092 Lazari,
1539 4034 1713 4092 quem‘
1743 4020 1878 4092 scivi

311 4108 401 4159 per
426 4092 725 4161 discipulos
757 4093 954 4162 jussit:
985 4112 1003 4144 ι
1031 4088 1291 4162 nunquid,
1336 4091 1528 4160 inquit,
1555 4105 1659 4144 non
1689 4088 1880 4144 fascia-

312 4171 488 4216 tuenta
536 4164 736 4217 mortui
762 4161 971 4218 eodem
1019 4161 1182 4216 verbo
1223 4161 1432 4217 solvere
1477 4167 1722 4228 poterat,
1772 4175 1879 4228 quo

311 4241 578 4302 mortuum
605 4232 729 4288 vitae
755 4233 1019 4288 redditum
1048 4231 1114 4286 de
1139 4231 1391 4302 sepulcro
1407 4229 1622 4300 prodire
1639 4229 1872 4302 jussit?)

311 4300 365 4352 ι·
396 4301 654 4372 Exemplo
685 4302 900 4357 Davidis
937 4303 1028 4372 qui
1065 4299 1248 4380 coram
1277 4299 1506 4380 l‘iath’an.
1526 4299 1782 4380 propheta
1814 4299 1881 4355 de

311 4381 528 4442 peccato
557 4369 656 4428 suo
687 4381 859 4428 semet
895 4369 1166 4427 accusavit
1195 4389 1208 4424 :
1241 4389 1260 4422 ι
1296 4369 1532 4434 llomini,
1551 4369 1753 4442 inquit,
1784 4383 1880 4438 pa-

311 4438 489 4496 tefecit
515 4443 712 4496 vulnus
739 4457 915 4505 suum,
946 4451 1000 4496 et
1038 4457 1069 4496 a
1097 4443 1205 4497 Deo
1233 4456 1356 4496 mox
1385 4438 1680 4495 remedium
1724 4454 1878 4494 acce-

1995 548 2338 624 pugnandum
2373 564 2495 602 cum
2523 548 2678 624 heste
2716 551 2819 624 iter
2852 548 3175 610 molientem
3213 557 3480 624 hortatur,
3515 569 3574 615 ut

1994 619 2391 700 pri‘us‘peccata
2421 633 2517 700 sua
2547 619 2881 700 confessione
2902 624 3105 700 expiet,
3135 625 3353 700 laudato
3373 619 3571 700 priscis

1994 687 2251 762 militibus
2287 703 2458 762 more,
2494 687 3144 762 inquitjCanisius,'cujus
3170 697 3334 753 verba
3373 687 3564 755 'retuli-

1996 771 2113 812 mus
2146 758 2201 811 in
2227 757 2368 812 uotis
2393 758 2460 813 ad
2488 758 2768 827 epistolam
2797 761 3036 816 citatam.

2477 860 2505 933 §
2543 860 2630 917 VI.
2667 861 2745 916 De
2771 863 3107 919 eucharistia.

2063 947 2260 1003 CLVII.
2320 948 2448 1016 Quae
2477 966 2628 1005 mens
2657 967 2720 1005 ac
2766 953 3031 1008 sententia
3058 955 3201 1010 beati
3225 956 3432 1014 Alcuini
3458 958 3563 1016 fuc-

2172 1019 2427 1105 mysterio
2451 1021 2790 1105 eucharistize
2819 1030 2875 1103 et
2899 1023 3146 1105 dogmate
3170 1029 3564 1105 transsulistan-

1994 1087 2252 1165 iiaiionis',
2281 1104 2345 1143 ex
2357 1089 2609 1165 pluribus
2628 1090 2773 1165 iliius
2787 1087 3046 1165 epistolis,
3065 1109 3257 1165 nempe
3284 1095 3374 1162 56,
3397 1097 3482 1162 75,
3514 1109 3568 1153 et

1996 1156 2096 1238 ω
2146 1156 2434 1240 (nuncﬁl,
2465 1159 2710 1282 90,.1652
2762 1156 3048 1242 innotescit
3076 1181 3088 1216 :
3114 1156 3414 1236 praeprim'is
3441 1156 3568 1222 vero

1996 1226 2139 1280 illam
2182 1228 2366 1282 nandit
2413 1244 2467 1282 in
2495 1237 2652 1282 emst.
2722 1231 2737 1282 l
2784 1230 3064 1282 Paulinum
3092 1249 3286 1282 means
3324 1236 3409 1282 his
3448 1251 3568 1282 ver.

1993 1226 2366 1306 iliampandit
2413 1229 2467 1282 in
2495 1226 2737 1306 epi_s_t._4l
2784 1230 3064 1306 Paulinum
3092 1226 3286 1306 rogans
3324 1236 3409 1292 his
3448 1251 3569 1292 vero

1994 1296 2112 1352 bis:
2147 1296 2275 1352 «Ne
2297 1312 2477 1366 quaeso
2510 1296 2846 1356 obliviscaris
2881 1302 2933 1354 in
2965 1303 3072 1358 tuis
3117 1296 3320 1360 sanctis
3367 1307 3569 1361 oratio-

1992 1367 2150 1445 nibus
2183 1383 2377 1445 nomen
2413 1368 2569 1445 amici
2599 1369 2678 1423 tui
2702 1368 2901 1445 Albini,
2946 1373 3037 1426 sed
3075 1373 3341 1445 ingaliquo
3367 1391 3568 1432 memo-

1993 1435 2087 1490 ria:
2115 1435 2491 1508 gazophylacio
2521 1439 2750 1494 reconde
2774 1440 2924 1516 il_lud,
2950 1451 3004 1516 et
3031 1443 3214 1516 profer
3237 1435 3302 1500 ἑο
3329 1455 3568 1516 tempore

1991 1517 2312 1589 opportuno,
2338 1522 2444 1589 quo
2474 1520 2745 1589 pariemei
2769 1511 2949 1564 vinum
2980 1511 3047 1566 in’
3063 1515 3420 1589 substantiam
3442 1511 3566 1572 cor-

1991 1577 2137 1652 poris
2167 1586 2220 1632 et
2248 1577 2524 1652 sanguinis
2548 1577 2749 1652 Christi
2779 1584 3198 1638 consecraveris.
3238 1605 3255 1637 ι
3291 1584 3409 1652 Quo
3435 1601 3567 1642 sane

1993 1647 2298 1732 iestimonio
2323 1647 2523 1732 nulloin
2545 1663 2644 1732 pilo
2665 1649 2910 1732 dogma‘te
2941 1647 3566 1732 .transsubsian'tiationis

1989 1727 2055 1792 eo
2079 1725 2318 1792 tempore
2335 1718 2540 1792 credito
2566 1717 2824 1792 illustrius
2841 1721 2955 1792 dari
2971 1723 3161 1792 potuit.
3183 1742 3202 1774 ι
3225 1724 3348 1780 Haec
3363 1734 3564 1791 nostra,

1995 1784 2109 1860 haec
2135 1784 2724 1860 rnajoruin‘nostrorum
2742 1790 2881 1860 itides
2901 1784 3039 1860 (quae
3063 1791 3368 1850 observatio
3395 1795 3447 1849 in
3474 1784 3563 1850 illa

1993 1855 2156 1936 lentia
2199 1865 2283 1910 est
2325 1856 2617 1936 doctissimi
2740 1855 3026 1936 Mabilionii
3057 1861 3566 1936 LibrideLiturgia

1993 1921 2264 2003 Gallicana
2325 1940 2446 1997 pag.
2480 1925 2569 1990 95,
2625 1927 2753 2003 edit.
2805 1927 2970 2003 Paris.
3025 1933 3152 1986 anni
3190 1933 3353 2003 1729)
3404 1921 3565 2003 quam

1992 1994 2193 2048 utinam
2238 1993 2433 2050 fratres
2480 1997 2650 2051 nostri
2703 1998 2875 2052 aversi
2918 1997 3028 2067 jam
3077 2002 3292 2058 tandem
3325 1993 3568 2060 vel-sero

1991 2073 2301 2138 agnoscant,
2332 2079 2507 2138 neque
2539 2080 2638 2121 nos
2661 2067 2885 2138 amplius
2906 2080 3198 2138 provocent
3224 2072 3292 2127 ad
3317 2072 3560 2128 flctitiam

1991 2131 2138 2187 illam
2166 2131 2528 2199 novationem,
2557 2149 2718 2204 quam
2742 2131 3028 2194 Paschasio
3055 2139 3322 2198 Radberto
3347 2152 3566 2198 auctore

1989 2216 2114 2276 sieo.
2144 2219 2199 2258 ix
2225 2205 2515 2276 contigisse
2542 2205 2918 2261 criminantur.
2951 2208 3121 2265 Unius
3142 2209 3353 2266 Alcuiui
3379 2221 3564 2266 aucto-

1991 2273 2124 2327 ritas
2172 2281 2281 2328 tam
2329 2273 2477 2330 clara
2525 2283 2580 2330 et
2619 2277 2899 2331 manifesta
2951 2279 3090 2334 hanc
3138 2282 3562 2336 controversiam

1989 2342 2585 2420 dirim_ere_deberet...
2641 2354 2695 2401 et
2741 2347 2830 2420 qui
2869 2354 2990 2420 tam
3017 2351 3334 2420 perspicuis
3382 2351 3571 2416 verbis

1987 2411 2224 2486 detrahit
2258 2412 2438 2486 fidem,
2467 2415 2518 2486 is
2541 2431 2645 2470 non
2672 2411 3439 2486 veritatis.sed'conientionis,
3465 2411 3558 2476 sed

1987 2483 2209 2548 erroris,
2238 2483 2332 2538 sed
2367 2485 2672 2541 schismatis
2717 2495 2925 2542 amator
2962 2495 3058 2542 est.
3095 2509 3113 2542 ι
3162 2489 3312 2547 Hanc
3348 2483 3563 2546 Alcuini

1987 2561 2222 2630 inputem
2268 2569 2618 2630 corrumpere
2666 2555 2934 2630 nisusueist
2981 2555 3042 2611 D.
3071 2558 3311 2630 Basnage
3344 2568 3474 2630 tom.
3517 2559 3561 2616 ll

1987 2621 2125 2677 Hist.
2156 2623 2363 2698 Eccles.
2403 2621 2523 2698 libr.
2558 2639 2611 2689 ν,
2635 2639 2766 2698 pag.
2793 2626 2898 2681 899
2933 2641 3082 2698 seqq.
3116 2621 3276 2698 quem
3307 2627 3560 2685 refutavi-

1987 2707 2106 2746 mus
2131 2693 2590 2749 animadversione
2635 2693 2686 2747 ἰὴ
2720 2693 2976 2750 censuras
3004 2693 3151 2751 illius
3169 2701 3425 2754 adversus
3451 2698 3561 2755 dis.

1986 2761 2331 2831 qnisitioueni
2362 2763 2425 2817 υ.
2457 2763 2746 2818 Mabillonii
2777 2765 2843 2819 de
2873 2772 3092 2821 auctore
3121 2766 3309 2822 Libelli
3338 2767 3562 2824 Confes-

1987 2833 2161 2904 sionis
2175 2832 2468 2904 fidci_tom.
2496 2834 2559 2899 ll,
2588 2849 2710 2904 pag.
2736 2833 2858 2890 384.

2055 2901 2288 2978 CLVHL
2301 2902 2423 2956 Fuit
2443 2913 2568 2978 tunc
2589 2901 2842 2978 temporis
2865 2905 2917 2960 in
2935 2904 3186 2978 Hispania
3204 2907 3557 2978 quorumdam

1985 2973 2182 3044 opinio,
2207 2972 2498 3044 salemiesse
2520 2974 2574 3028 in
2596 2972 2933 3044 sacriﬁcium,
2954 2972 3055 3031 hoc
3072 2984 3174 3042 est,
3197 2972 3250 3032 in
3275 2977 3558 3033 materiam

1985 3043 2139 3124 panis
2162 3043 2504 3124 eucharistici
2536 3043 2869 3124 mittendum,
2898 3061 2992 3100 seu
3019 3047 3348 3124 miscendum
3371 3087 3385 3111 ,
3416 3051 3559 3124 quod

1986 3111 2252 3183 improbat
2307 3114 2496 3169 beatus
2539 3112 2797 3189 A_lc_u_inus
2845 3115 2898 3170 in
2951 3115 3228 3189 epist._i75
3273 3111 3556 3189 (nunc-90)

1983 3191 2332 3248 contestatus,
2386 3201 2404 3234 ‹
2445 3184 2585 3252 quod
2636 3183 2778 3238 illam
2824 3183 3402 3243 consu‘etudinem'nec
3431 3183 3554 3242 uni;

1981 3253 2208 3309 versalis
2271 3253 2522 3308 observat
2567 3253 2842 3318 Ecclesia,
2894 3269 2992 3310 nec
3034 3255 3274 3311 Romana
3325 3257 3558 3319 custodit

1978 3325 2292 3379 auctoritas.
2323 3323 2446 3378 Tria
2475 3333 2628 3390 sunt,
2655 3325 2856 3394 inquit,
2886 3325 2940 3380 in
2967 3325 3232 3381 sacrificio
3258 3325 3554 3392 offerenda,

1976 3394 2148 3468 panis,
2181 3409 2318 3463 aqua
2343 3404 2396 3448 et
2424 3395 2671 3468 vinum...
2698 3405 2748 3468 et
2778 3395 2948 3465 panis,
2977 3396 3066 3468 qui
3095 3397 3149 3450 in
3191 3411 3384 3468 corpus
3405 3397 3558 3468 Chri—

1977 3462 2045 3534 sti
2070 3462 2435 3529 conseCratur,
2463 3465 2664 3534 absque
2693 3462 2954 3521 fermento
2979 3462 3138 3520 ullius
3168 3462 3390 3522 alterius
3420 3466 3554 3522 infe-

1976 3533 2171 3606 ctionis
2193 3535 2351 3606 debet
2372 3549 2491 3589 esse
2517 3533 2915 3606 mundissimus,
2941 3544 2995 3590 et
3015 3551 3151 3606 aqua
3178 3536 3379 3606 absque
3403 3539 3549 3606 omni

1977 3603 2135 3673 sorde
2157 3604 2473 3673 purissima;
2500 3612 2553 3658 et
2574 3603 2756 3657 vinum
2782 3605 2982 3673 absque
3006 3603 3152 3659 omni
3173 3603 3553 3662 commixtione

1978 3670 2197 3746 alterius
2222 3673 2465 3746 liquo_ris_,
2489 3673 2590 3726 nisi
2617 3689 2790 3746 aqum,
2819 3670 3274 3746 purgatissimum.
3307 3675 3386 3746 Ex
3411 3690 3551 3746 aqua

1976 3749 2030 3794 et
2061 3741 2230 3824 farina
2253 3741 2408 3824 panis
2431 3743 2511 3824 iit,
2539 3742 2628 3810 qui
2655 3741 2999 3824 consecratur
3023 3744 3076 3799 in
3103 3741 3546 3824 corpusChris'ti:

1978 3825 2115 3880 aqua
2143 3821 2197 3865 et
2217 3812 2398 3866 vinum
2429 3813 2481 3865 in
2509 3812 2819 3880 sanguinem
2847 3812 3249 3870 consecrabitur
3273 3814 3493 3870 Christi.
3525 3837 3542 3868 ι

1978 3879 2057 3932 Ex
2088 3882 2281 3948 quibus
2308 3881 2488 3936 verbis
2527 3879 2924 3938 evidentissime
2959 3885 3358 3939 demonstratur
3393 3901 3548 3940 usum

1976 3951 2130 4025 panis
2159 3951 2338 4025 azyrni
2375 3951 2433 4025 in
2444 3951 2796 4025 eucharistia
2831 3960 3071 4025 tempore
3098 3953 3330 4025 Alcuini,
3369 3963 3547 4025 atque

1979 4019 2113 4073 adeo
2135 4019 2257 4074 ante
2283 4020 2456 4075 Photii
2486 4019 2787 4084 discidium,
2812 4019 2958 4089 pene'
2976 4021 3330 4076 universalem
3359 4019 3544 4088 fuisse,

1978 4104 2089 4160 non
2117 4091 2170 4144 in
2195 4089 2467 4144 Britannia
2494 4095 2724 4153 tantum,
2751 4089 2804 4143 in
2831 4105 2937 4158 qua
2965 4090 3080 4160 ipse
3104 4098 3261 4160 natus
3285 4098 3388 4155 est,
3415 4105 3468 4148 et
3493 4095 3544 4148 in

1978 4157 2148 4214 Gallia
2187 4160 2277 4215 ubi
2324 4160 2413 4214 diu
2444 4167 2702 4224 moratus,
2731 4157 2917 4214 verum
2947 4157 3110 4215 etiam
3142 4161 3198 4214 in
3222 4159 3462 4216 Romana
3494 4172 3551 4218 et

1979 4237 2092 4283 tota
2125 4229 2442 4300 occidentali
2473 4228 2739 4300 Ecclesia;
2784 4230 2926 4300 quod
2968 4230 3196 4296 erudite,
3227 4244 3378 4285 more
3422 4247 3539 4294 suo,

1977 4300 2211 4354 ostendit
2248 4299 2308 4354 D.
2341 4299 2537 4371 Mabill.
2599 4299 2654 4371 in
2683 4299 2905 4371 Diss’ert.
2960 4300 3025 4354 de
3064 4300 3265 4371 Azymo
3319 4309 3375 4354 et
3404 4300 3540 4356 Fer-

1980 4377 2220 4493 inseiitato
2256 4384 2374 4440 cap.
2401 4369 2434 4425 9
2463 4377 2592 4424 tom.
2618 4368 2640 4423 ι
2675 4369 2768 4425 des
2791 4384 3054 4441 ouvrages
3081 4368 3392 4441 posthumes
3421 4385 3546 4443 pag.

2051 4459 2104 4493 ὓ.

1982 4439 2104 4493 155.

309 4512 401 4582 pit.
439 4531 458 4564 ι
516 4511 752 4582 ldipsum
796 4504 987 4582 probat
1031 4527 1097 4567 ex
1127 4509 1560 4582 Sacramentario
1598 4507 1871 4573 Ecclesize,
1903 4504 1952 4564 D
2047 4508 2223 4582 CLlX_.
2255 4507 2336 4582 [id
2361 4509 2504 4564 hunc
2533 4508 2706 4582 locum
2731 4507 2941 4563 Alcuiui
2972 4524 3094 4582 mo;
3121 4524 3154 4564 a
3182 4509 3554 4582 nobisdescri-

309 4580 557 4659 inquiens
586 4580 613 4634 ξ
639 4600 658 4634 ι
707 4580 763 4659 Si
794 4580 1014 4659 peccata
1059 4581 1429 4659 sacerdotibus
1466 4587 1731 4659 nondsunt
1757 4595 1880 4649 pro-

307 4648 499 4714 denda,
527 4666 698 4720 quare
732 4648 1250 4706 in'Sacrameutario
1280 4648 1880 4720 reconciliationisora-

310 4723 481 4776 tiones
517 4718 734 4790 scripta:
760 4722 916 4776 sunt?
950 4721 1226 4788 Quomodo
1268 4719 1518 4776 sacerdos
1547 4718 1878 4790 reconciliat,

307 4805 465 4859 quem
504 4788 734 4860 peccare
770 4807 876 4846 non
903 4791 1085 4845 novit?
1127 4811 1144 4842 ι
1194 4790 1418 4846 Demum
1442 4802 1572 4860 vero
1597 4788 1884 4860 coniessio-

307 4857 426 4914 nem
453 4857 654 4930 asserit
683 4863 737 4914 in
773 4860 854 4921 iis,
885 4861 976 4930 qui
1010 4859 1344 4930 gravioribus
1374 4858 1608 4930 peccatis
1647 4857 1730 4930 vel
1759 4873 1883 4930 con-

309 4937 469 5000 sensu
497 4929 583 4984 vel
610 4945 774 5000 opere
797 4930 881 4983 vel
903 4927 1069 5000 prava
1097 4927 1484 5000 consuetudine
1517 4943 1578 4983 se
1618 4927 1881 5000 obnoxios

307 4998 550 5054 fecerunt
593 4997 760 5070 (quos
791 4997 962 5054 tribus
992 4999 1218 5054 mortuis
1243 5015 1274 5052 a
1304 4997 1520 5070 Christo
1548 4998 1883 5070 resuscitatis

308 5067 630 5139 comparat),
643 5067 1006 5125 necessariam
1030 5086 1147 5124 esse
1169 5067 1613 5139 prmparationern
1644 5069 1711 5121 ad
1726 5067 1883 5139 digne

309 5135 814 5218 communicandum
851 5141 917 5194 de
945 5135 1186 5218 corpore
1202 5147 1257 5218 et
1280 5135 1540 5218 sanguine
1579 5135 1706 5218 .iesu
1727 5135 1882 5218 Citri-

308 5207 460 5287 sti:__r
489 5209 634 5274 Haec,
668 5209 862 5287 inquit,
887 5204 1139 5287 cogitate,
1171 5204 1473 5287 charissimi
1503 5204 1728 5286 fratres,
1745 5214 1800 5260 et
1827 5206 1882 5287 in

306 5278 670 5348 qualicunque
712 5276 906 5334 harum
951 5276 1114 5348 t'rium
1162 5276 1433 5348 mortium,
1464 5290 1659 5348 genere
1687 5276 1732 5329 si
1754 5276 1883 5348 quis

297 5345 497 5413 jaceat,
533 5345 697 5403 citius
738 5349 806 5403 ad
839 5346 1193 5404 confessionis
1221 5345 1608 5416 probatissima
1649 5345 1885 5416 medica-

303 5426 488 5489 menta
530 5417 873 5489 confugiat...
898 5425 959 5489 ut
981 5433 1106 5489 non?
1122 5418 1199 5489 ad
1209 5414 1478 5485 judicium
1501 5414 1881 5489 damnationis,

302 5488 399 5540 sed
425 5489 494 5543 ad
525 5485 757 5543 salutem
793 5487 1234 5543 sanctificationis
1266 5485 1626 5540 communicet
1660 5498 1884 5553 corpore

305 5566 360 5634 et
399 5559 663 5629 sanguine
689 5558 916 5634 Domini
963 5558 1136 5634 nostri
1174 5555 1550 5634 JesuChristi.
1594 5575 1611 5606 ι
1638 5553 1882 5634 ‘Siiuilia

306 5623 627 5683 documenta
671 5630 737 5683 de
785 5626 1109 5683 necessitate
1156 5634 1210 5681 ct
1255 5625 1481 5680 utilitate
1529 5623 1884 5678 confessionis

307 5705 656 5762 pr-ecatornm
691 5697 933 5752 facienda
968 5696 1336 5751 sacerdotibus
1387 5695 1548 5749 tradit
1574 5695 1762 5748 beatus
1791 5692 1875 5744 Al-

307 5761 500 5823 cuinus
547 5768 810 5826 fratribus
855 5766 1256 5823 'l‘uroncnsibus
1311 5775 1438 5819 tom.
1477 5765 1514 5818 ll
1545 5806 1557 5830 ,
1606 5780 1723 5834 pag.
1762 5761 1878 5816 154.

1978 4587 2130 4648 ptum
2177 4578 2501 4648 D.Basnage
2550 4579 2688 4648 banc
2732 4587 2915 4634 notam
2964 4579 3153 4634 addit:
3209 4596 3229 4630 α
3283 4579 3550 4648 Hispanos

1981 4647 2275 4717 theologos,
2307 4648 2403 4718 ait,
2446 4647 2564 4718 non
2607 4647 2770 4702 fuisse
2814 4657 2942 4704 tunc
2989 4649 3246 4718 temporis
3271 4647 3548 4704 transsub-

1981 4716 2328 4790 stantiatores
2357 4716 2886 4790 facileprobaretur,
2919 4719 2964 4773 si
2991 4733 3058 4774 ex
3091 4716 3398 4790 saleimixto
3422 4721 3550 4790 pani

1981 4788 2177 4842 ducere
2215 4786 2427 4858 licereti
2451 4789 2605 4842 nobis
2649 4797 3046 4858 argumentum.
3091 4807 3110 4841 ι
3166 4787 3394 4858 Mirum!
3425 4786 3554 4843 'cur

1981 4865 2354 4928 argumentum
2398 4857 2598 4928 ducere
2646 4857 2754 4911 non
2802 4857 2982 4928 liceat,
3013 4873 3120 4928 quo
3149 4858 3230 4928 rei
3273 4857 3552 4928 cujusdam

1979 4925 2182 4998 vei-itas
2206 4925 2362 4998 facile
2384 4926 2603 4998 probari
2612 4927 2846 4998 posset?
2872 4927 2949 4982 Ex
2975 4925 3086 4982 sale
3115 4927 3238 4998 pani
3267 4925 3434 4998 mixto
3464 4926 3546 4981 fa-

1981 4996 2085 5068 cile
2109 4995 2468 5068 probaretur,
2523 4997 2569 5051 si
2609 4995 2929 5066 Basnagium
2985 4995 3132 5068 recte
3177 4995 3546 5068 intelligimus.

1984 5065 2256 5136 theologos
2295 5065 2558 5136 Hispanos
2619 5074 2746 5121 tunc
2792 5065 3391 5136 transsubstantiatores
3428 5082 3547 5136 non

1983 5133 2183 5198 fuissei
2213 5133 2581 5190 verumtamen
2626 5151 2690 5190 eo
2725 5143 3038 5198 argumento
3065 5136 3141 5190 uti
3170 5135 3244 5190 illi
3279 5151 3384 5190 non
3421 5135 3550 5192 lice-

1980 5205 2090 5259 bat.
2139 5204 2278 5274 Quid
2303 5218 2429 5259 vero
2457 5204 2808 5273 prohibebat?
2844 5205 3042 5274 Nempe
3069 5205 3186 5259 vim
3221 5206 3378 5262 docto
3415 5207 3548 5262 satis

1982 5288 2048 5327 ex
2073 5274 2194 5328 aliis
2222 5271 2534 5329 fortioribus
2563 5273 2896 5329 documentis
2925 5271 2992 5330 ac
3019 5275 3339 5331 testimoniis
3362 5285 3548 5332 notum

1983 5351 2118 5414 erat,
2149 5342 2413 5414 Hispanos
2441 5343 2715 5414 theologos
2740 5351 2887 5406 tunc,
2916 5351 2971 5414 et
2997 5345 3389 5414 antiquioribus
3416 5354 3550 5401 tem-

1982 5413 2204 5483 poribus
2246 5412 2846 5467 transsubstantiatores
2869 5413 3054 5485 fuisse,
3106 5412 3304 5485 quibus
3342 5413 3554 5471 levissi-

1985 5498 2130 5536 mum
2194 5491 2566 5552 argumentum
2623 5497 2687 5552 ex
2738 5483 3093 5552 quorumdam
3125 5483 3550 5549 consuetudine,

1985 5553 2151 5606 salem
2178 5553 2231 5607 in
2258 5551 2871 5624 sacrificiummittcndi,
2916 5568 3187 5624 opponere
3226 5568 3331 5608 non
3361 5553 3552 5624 licuit;

1985 5623 2125 5692 sicut
2150 5638 2248 5676 nec
2273 5637 2339 5676 ex
2364 5637 2462 5675 usu
2489 5622 2641 5690 panis
2674 5622 2982 5677 fermentati
3008 5623 3372 5692 argumentari
3403 5623 3554 5692 licet.

1985 5691 2200 5746 Grzceos
2245 5708 2349 5745 non
2401 5706 2519 5745 esse
2565 5691 3182 5747 transsuhstantiatorcs.
3245 5691 3552 5761 Sapientiae

1985 5778 2114 5832 ergo
2144 5763 2223 5817 vir
2253 5763 2439 5817 doctus
2471 5761 2609 5815 lianc
2638 5772 2816 5817 notam
2845 5762 3245 5832 suppressissct.
