4070 6196
304 359 381 418 89
1384 359 1446 414 Β.
1486 358 1550 414 F.
1580 355 1805 414 ALBINI
1845 357 1977 415 SEU
2015 357 2316 432 ALCUINI_
2337 358 2517 416 VITA.
3511 362 3581 420 σο

307 477 486 547 sonis,
513 472 630 547 regi
666 474 936 547 suaviter,
965 472 1231 547 episcOpis
1273 472 1898 547 honoriﬁce,_principi-
1927 476 1974 534 Α
2000 472 2282 547 pai-vitatis
2323 487 2457 547 mea:
2480 487 2690 528 sensus.
2713 491 2732 526 ι
2764 473 2834 547 Et
2856 471 2909 526 in
2931 470 3092 547 epist.
3125 471 3194 528 85
3220 472 3384 545 (nunc
3412 476 3537 544 101)
3562 495 3576 531 :

307 563 414 604 nus
464 543 812 610 ﬁducialiter,
871 543 1120 598 omnibus
1169 545 1454 598 veraciter.
1511 563 1529 595 ι
1591 543 1897 612 Optandum

305 633 441 672 vero
466 617 635 670 etiam
691 614 852 679 foret,
884 622 943 668 ut
982 613 1270 684 principes,
1304 613 1528 684 aliaeque
1559 611 1898 684 sublimiores

304 701 557 758 personae
582 686 732 758 hisce
756 682 1086 758 doctoribus,
1119 682 1457 758 consiiiariis;
1504 698 1569 737 ac
1597 682 1898 758 model-aio-

305 751 487 819 ribus,
508 756 760 824 exemplo
786 754 1144 824 potentissimi
1172 755 1316 824 regis
1345 761 1402 810 et
1437 752 1778 824 imperatoris
1798 751 1898 806 Ca-

305 827 433 890 roli,
471 823 763 880 benevolus
787 823 976 878 ’aures
1018 823 1342 894 praeberent,
1393 836 1594 894 eosque
1643 823 1898 876 adversus

305 896 605 952 malevolos
627 903 997 950 susurratores
1014 891 1112 949 sua
1133 894 1454 949 auctoritate
1475 891 1720 949 feverent
1737 900 1898 961 atque

304 975 678 1036 protegerent.

379 1031 608 1091 CLXVI.
664 1037 745 1090 Ex
794 1037 898 1098 his,
929 1049 1048 1104 quae
1089 1033 1156 1087 de
1182 1033 1297 1104 vita
1322 1032 1463 1088 beati
1492 1032 1668 1104 Flacci
1717 1031 1895 1104 Albini

306 1121 405 1160 seu
428 1107 656 1184 Alcuini
675 1102 960 1184 hucusque:
976 1120 1041 1184 ex
1057 1104 1203 1184 ipsis
1231 1102 1383 1184 illius
1399 1104 1615 1184 scriptis
1633 1102 1897 1184 Operibus

305 1177 659 1230 commentati
709 1173 916 1240 sumus,
945 1173 1167 1244 intelligi
1213 1181 1391 1244 potest
1445 1189 1552 1227 non
1599 1173 1897 1227 immeritas

303 1261 426 1300 esse
453 1245 642 1300 laudes
682 1261 819 1315 quas
844 1245 897 1298 in
927 1245 1100 1315 ipsum
1126 1243 1472 1298 contulerunt
1498 1255 1708 1298 veteres
1726 1250 1785 1315 et
1814 1257 1898 1315 re-

304 1317 577 1386 centiores
593 1312 909 1386 scriptores,
936 1312 1162 1383 quorum
1190 1314 1493 1369 testimonia
1513 1321 1676 1386 atque
1699 1312 1894 1386 elogia,

305 1395 427 1455 post
448 1385 591 1439 illius
616 1381 782 1439 vitam
809 1386 876 1439 ab
901 1381 1168 1455 anonymo
1197 1397 1378 1455 θοῶνζο
1401 1392 1457 1455 et
1480 1400 1510 1437 a
1540 1381 1608 1438 cl.
1637 1382 1700 1436 D.
1731 1381 1898 1455 Quer-

303 1453 498 1510 cetano
523 1456 875 1526 descriptam,
927 1453 1284 1526 proferemus.
1323 1453 1457 1508 Illud
1488 1469 1616 1526 vero
1661 1453 1896 1526 masime

303 1525 359 1578 in
381 1536 492 1579 tam
519 1522 720 1579 celebri
765 1526 882 1579 viro
903 1522 1225 1578 laudandum
1252 1533 1357 1588 est,
1387 1523 1530 1593 quod
1549 1538 1672 1578 cum
1696 1522 1786 1575 alii
1829 1522 1894 1576 de

303 1595 451 1649 illius
472 1595 776 1650 eruditione
804 1595 1105 1649 sublimiter
1124 1594 1408 1658 sentirent,
1433 1593 1545 1662 ipse
1573 1593 1773 1661 scripta
1797 1607 1893 1645 sua

300 1680 428 1719 cum
453 1679 645 1734 magna
678 1665 978 1720 humilitate
1007 1681 1072 1719 ac
1099 1662 1360 1718 modestia
1387 1678 1630 1734 censura:
1663 1663 1891 1734 aiicrum

2009 541 2026 619 ᾗ
2059 541 2273 619 gratias
2291 543 2501 619 agimus
2530 545 2850 619 veneranda:
2889 541 3079 619 pietati
3103 541 3320 611 vestrae,
3350 549 3491 619 quod
3516 541 3581 604 li—

2001 611 2221 687 bellum,
2249 611 2544 687 secundum
2570 621 2762 687 vestra:
2779 611 3045 687 jussionis
3072 611 3396 687 przcceptuin
3427 621 3584 676 vobis

1999 681 2286 747 directum,
2317 682 2537 751 auribus
2565 683 2840 751 sapientia:
2873 681 3313 740 vestrae—recitari
3335 686 3578 744 fecistis:

1998 759 2055 804 et
2081 752 2222 819 quod
2249 753 2424 806 notari
2453 749 2694 818 jussistis
2725 762 2907 806 errata
2937 754 3078 808 illius
3103 764 3158 808 et
3201 756 3486 815 remisistis
3511 761 3582 814 ad

1999 821 2409 890 corrigendum;
2434 822 2682 890 quamvis
2718 838 2749 875 a
2783 823 2935 876 vobis
2962 824 3155 878 melius
3179 827 3453 882 emendari
3486 843 3582 890 po-

1999 844 2374 890 currrgcuuulu
2395 844 2409 887 ;
2434 844 2682 890 quamvis
2718 844 2749 875 a
2784 844 2935 876 vouts
2963 844 3155 878 melius
3179 844 3453 882 emendari
3523 844 3582 883 0-

1999 892 2378 981 Esset-ﬂes
2391 890 2895 981 3'}eti9ii_“9i<3i3¥2
2927 893 2989 981 ir:
3007 893 3248 981 esset
3262 912 3444 981 ,ςψετε
3462 844 3583 981 ὥς

1998 960 2482 1032 sepissimevalet,
2509 977 2669 1030 quam
2693 962 2895 1032 proprii
2925 960 3182 1018 auctoris.
3214 960 3338 1020 .na
3368 960 3582 1032 scribit,

1999 1032 2072 1085 ita
2109 1031 2173 1104 de
2199 1045 2256 1085 se
2301 1031 2576 1085 humiliter
2621 1031 2785 1104 sentit
2831 1047 3059 1104 magnus
3103 1033 3194 1087 ille
3233 1031 3583 1092 scientiarum

1997 1101 2236 1176 omnium
2260 1109 2688 1176 restauratortet
2711 1101 3038 1176 integrarum
3070 1105 3350 1176 nationum
3375 1108 3586 1176 primus

1998 1170 2259 1244 magister
2289 1172 2567 1244 Alcuinus.
2603 1170 2953 1244 Utinam'hac
2977 1174 3239 1228 modestia
3270 1170 3477 1244 praediti
3499 1192 3587 1230 es-

1998 1249 2118 1296 sent
2139 1240 2381 1296 moderni
2405 1241 2646 1314 plerique
2665 1243 2916 1314 doctores
2934 1259 2998 1298 ac
3019 1240 3332 1314 scriptores,
3353 1247 3446 1314 qui
3468 1261 3586 1302 suo-

1997 1325 2118 1384 rnm
2145 1326 2398 1366 sensuum
2424 1312 2587 1366 etiam
2608 1312 2661 1366 in
2689 1313 2916 1366 materia
2956 1312 3230 1384 religionis
3255 1330 3320 1370 ac
3342 1312 3582 1382 morum,

1997 1381 2130 1434 adeo
2172 1389 2390 1452 tenaces
2437 1391 2581 1443 sunt,
2614 1390 2674 1436 ut
2708 1398 2809 1437 nec
2836 1398 2866 1436 a
2889 1381 3159 1452 potestate
3192 1381 3584 1450 ecclesiastica,

1995 1465 2096 1505 nec
2118 1467 2148 1504 a
2174 1451 2316 1506 civili
2346 1468 2404 1507 se
2430 1453 2628 1523 corrigi
2713 1451 2968 1507 atiantur.
3003 1454 3221 1510 Utinam
3264 1469 3394 1511 vero
3419 1457 3585 1511 etiam

1997 1529 2266 1576 terrarum
2313 1523 2604 1577 principes.
2661 1469 2840 1577 ὅποιί
2879 1521 3326 1577 Cbristianissimi
3357 1527 3501 1577 regis
3531 1534 3585 1577 et

1997 1529 2266 1597 terrarum
2293 1521 2604 1597 principes}
2653 1521 2854 1597 Caroli
2879 1521 3326 1597 Cbristignissimi
3357 1527 3501 1597 regis
3531 1534 3590 1580 et

1996 1591 2338 1660 imperatoris
2367 1593 2612 1674 exemplo
2651 1594 2883 1659 incitati,
2905 1609 3000 1648 sua
3026 1611 3055 1648 a
3082 1593 3193 1649 Deo
3211 1591 3446 1677 accepta
3486 1611 3588 1720 iic-

1997 1668 2191 1716 testate
2233 1671 2288 1717 et
2337 1671 2660 1718 auctoritate
2691 1672 2994 1720 uterentur.
3021 1681 3084 1720 ac
3119 1673 3444 1720 scriptorum
3525 1681 3588 1720 u-

1997 1668 2288 1735 testateuet
2337 1668 2660 1735 auctoritate
2691 1672 2994 1728 uterentur,
3021 1681 3084 1720 ac
3119 1668 3444 1735 Scriptorum
3486 1668 3588 1720 hu-

302 1730 611 1814 subjiceret.
641 1735 718 1814 lta
741 1736 886 1814 enim
928 1734 1116 1790 scribit
1140 1734 1192 1786 in
1226 1735 1386 1814 epist:
1413 1733 1669 1814 67_(nunc
1690 1732 1894 1814 §i)nre-
1989 1730 2229 1814 jiismodi
2255 1733 2494 1814 audaciae
2515 1748 2580 1814 ac
2606 1742 2891 1814 praetensze
2915 1735 3180 1814 sentiendi
3205 1730 3586 1814 scribendiqne

300 1801 594 1882 sponsoria
640 1805 990 1882 ad_do_mnum
1031 1818 1214 1882 regem
1244 1801 1309 1857 ί(
1346 1803 1654 1882 Quodvero
1691 1801 1892 1856 in'ﬁne
1927 1821 1968 1882 Β
1996 1801 2232 1882 libertati
2270 1804 2474 1882 severis
2521 1801 2728 1882 legibus
2771 1805 3071 1882 cnviarent,
3099 1804 3414 1882 libellosque
3455 1801 3585 1861 réli-

299 1875 542 1942 epistolze
570 1875 906 1929 familiariter
929 1884 984 1929 et
1016 1875 1305 1929 salubriter
1334 1889 1418 1928 me
1448 1874 1740 1927 admonere
1791 1887 1889 1926 cu-

301 1945 483 2008 rastis,
516 1953 577 1997 ut
615 1945 660 1999 si
687 1946 817 2014 quid
857 1945 1128 1999 humiliter
1152 1944 1546 1998 emendandum
1596 1943 1687 2006 sit,
1720 1942 1892 1996 corri-

298 2024 459 2083 gatur
489 2033 502 2067 :
539 2030 814 2084 nunquam
852 2015 948 2079 fui,
997 2015 1107 2070 Deo
1159 2015 1413 2079 donante,
1446 2015 1499 2067 in
1551 2027 1738 2068 errore
1769 2027 1890 2084 meo

296 2085 574 2152 pertinax,
611 2083 711 2140 nec
731 2085 796 2140 de
825 2086 959 2140 meis
981 2085 1258 2140 confidens
1305 2084 1582 2147 sensibus;
1615 2098 1715 2138 nec
1740 2083 1886 2148 talis,

297 2161 356 2224 ut
383 2154 596 2208 meliori
617 2156 898 2210 sententiae
913 2155 1071 2210 facile
1092 2157 1435 2224 acquiescere
1455 2169 1562 2207 non
1579 2153 1885 2208 valerem...

298 2223 398 2295 hoc
420 2225 643 2278 omnino
669 2235 904 2279 vestram
934 2227 1136 2280 sentire
1159 2223 1478 2295 sapientiam
1507 2225 1756 2295 obsecro,
1779 2238 1886 2277 non

297 2294 450 2348 vobis
477 2295 633 2364 quasi
675 2296 956 2362 nescienti,
988 2297 1083 2351 sed
1121 2294 1274 2364 quasi
1324 2294 1572 2366 probanti
1599 2294 1881 2366 scribere;

298 2378 396 2417 nec
441 2366 597 2434 quasi
628 2366 921 2436 ignoranti,
963 2367 1059 2421 sed
1109 2367 1282 2437 magis
1325 2364 1617 2434 corrigenti
1652 2364 1886 2432 dirigere

1998 1871 2141 1941 gioni
2163 1872 2322 1926 simul
2347 1889 2412 1927 ac
2449 1871 2690 1944 moribus
2716 1874 2994 1939 exitiosos,
3021 1876 3217 1944 quibus
3245 1871 3585 1944 subditorum

1998 1950 2206 2014 mentes
2253 1942 2526 2014 corrumpi
2575 1957 2796 1997 necesse
2825 1951 2930 2007 est,
2960 1942 3326 2012 eliminarent,
3371 1953 3428 2000 et
3469 1943 3587 2014 jam

1995 2011 2243 2082 vulgatos
2270 2011 2530 2082 supprimi
2553 2021 2716 2082 atque
2743 2015 2895 2068 exuri
2918 2014 3201 2082 juberent!

2091 2083 2194 2137 laac
2237 2091 2377 2144 sunt,
2407 2098 2527 2151 quze
2555 2083 2622 2136 de
2660 2083 2770 2151 vita
2800 2084 2943 2138 beati
2987 2084 3200 2139 Alcuini
3230 2085 3586 2141 commentari

1994 2152 2160 2224 nobis
2180 2153 2355 2224 libuit,
2379 2150 2438 2206 et
2450 2152 2628 2224 elicuit.
2657 2150 2822 2224 Plura
2855 2153 2956 2206 alia
2980 2155 3086 2209 huc
3133 2156 3459 2224 pertinentia
3505 2155 3586 2208 in-

1994 2223 2234 2296 dustrius
2258 2223 2427 2277 lector
2447 2223 2744 2296 inmonitis
2770 2225 3005 2296 prteviis,
3029 2223 3148 2293 qua?
3171 2225 3396 2295 singulis
3417 2239 3588 2296 prope

1992 2294 2266 2363 opusculis
2291 2292 2669 2363 praemisimus,
2703 2293 2956 2364 reperiet.

839 2589 1259 2703 BEATI
1343 2584 1850 2701 FLACCI
1941 2577 2520 2694 ALCUINI
2611 2578 3006 2697 VlTA.

393 2789 500 2853 Ex
523 2798 768 2852 vetusto
802 2787 1012 2850 codice
1044 2807 1156 2850 ms.
1188 2794 1416 2848 sancta:
1447 2786 1668 2850 Marias
1701 2780 2053 2845 Rhemensis
2079 2777 2361 2858 primum
2395 2795 2434 2836 a
2461 2776 2536 2837 D.
2579 2774 2830 2838 Andrea
2864 2775 3246 2851 Quercetano
3285 2774 3472 2837 edita.

1855 2981 2088 2996 ψ

679 3045 1060 3107 MONITUM
1103 3049 1512 3112 PREVIUM.

361 3148 569 3203 Nomen
609 3147 894 3219 scriptoris
940 3147 1100 3216 hujus
1143 3149 1280 3204 Vita:
1330 3151 1630 3219 ignoratur.
1682 3151 1896 3217 Quanta

298 3221 439 3274 illius
482 3219 780 3290 auctoritas
809 3217 901 3290 sit,
953 3232 1020 3271 ex
1047 3227 1209 3290 aetate
1258 3217 1373 3290 qua
1403 3221 1556 3282 vixit,
1587 3229 1643 3274 et
1688 3237 1719 3276 a
1757 3229 1895 3276 teste

295 3307 360 3344 ex
413 3290 572 3359 cujus
595 3287 855 3359 relatione
891 3289 1035 3343 beati
1083 3287 1296 3343 Alcuini
1343 3298 1461 3344 acta
1491 3291 1695 3357 didicit,
1753 3292 1898 3345 arsti—

295 3356 559 3430 mandum
603 3367 705 3430 est.
742 3356 900 3430 ‘Opus
950 3359 996 3413 is
1054 3375 1341 3430 aggressus
1382 3368 1484 3424 est,
1533 3376 1656 3414 cum
1718 3361 1898 3416 Aldri-

295 3426 754 3502 cus__F_eri-ai-iensi
796 3426 1150 3502 monasterio'
1166 3439 1398 3500 praeerat
1423 3432 1610 3494 abbas,
1654 3431 1732 3486 uti
1781 3432 1897 3502 ipse

294 3495 668 3572 ecribit__infra
697 3512 809 3572 cap.
847 3499 935 3563 10,
985 3516 1133 3554 num.
1166 3495 1267 3556 '19.
1298 3502 1377 3555 Ex
1417 3517 1525 3572 quo
1581 3495 1898 3571 intelligitur

295 3570 442 3642 hanc
471 3567 644 3621 Vitam
663 3568 929 3642 scriptam
963 3585 1084 3625 esse
1127 3581 1253 3626 ante
1285 3567 1484 3626 annum
1525 3572 1630 3628 829
1660 3567 1778 3642 quo
1798 3573 1895 3626 Al-

294 3641 476 3712 dricns
515 3653 580 3692 ex
627 3639 820 3712 abbate
861 3637 1037 3696 factus
1065 3649 1149 3695 est
1203 3643 1489 3712 episcopus
1542 3637 1890 3700 Seno-nensis.

294 3709 462 3764 Porro
501 3717 621 3763 acta
648 3724 713 3762 ac
738 3708 967 3764 virtutes
990 3711 1137 3765 beati
1165 3708 1465 3768 Alcuini—se
1504 3713 1756 3768 didicisse
1787 3714 1892 3768 ini-

295 3781 366 3834 tio
403 3789 460 3834 et
498 3777 605 3854 fine
630 3778 836 3849 prologi
877 3788 1107 3854 testatur
1132 3783 1199 3836 ab
1224 3781 1340 3850 ejus
1366 3783 1628 3854 discipulo
1664 3783 1890 3854 Sigulfo,

295 3865 452 3919 quem
481 3850 644 3902 etiam
670 3864 825 3902 suum
878 3850 1245 3906 institutorem
1267 3862 1461 3907 vocat:
1496 3850 1623 3909 hinc
1649 3850 1777 3910 vero
1812 3857 1892 3910 si-

295 3920 580 3992 millimum
621 3928 725 3992 est,
775 3919 921 3992 hunc
965 3936 1292 3992 anonymum
1345 3922 1514 3978 fuisse
1565 3926 1891 3980 monachum

297 3989 579 4063 ferrariae,
611 3990 768 4063 cujns
803 3989 1380 4063 abbasifuit'Sigulfus
1419 4002 1544 4048 ante
1590 3995 1886 4050 Aldricum.

296 4059 508 4114 Primus
540 4059 688 4114 hanc
711 4059 885 4113 Vitam
929 4061 1095 4116 edidit
1122 4059 1368 4117 Andreas
1409 4064 1779 4129 Quercetanus
1823 4081 1890 4120 ex

297 4131 412 4184 cod.
439 4145 543 4203 ms.
576 4129 871 4184 Rhemensi
903 4133 1210 4196 veterrimo,
1240 4134 1417 4203 inquit
1436 4133 1499 4188 D.
1526 4135 1886 4202 Mabillonius,

297 4201 532 4254 auctoris
557 4208 718 4254 aetate
763 4211 1006 4257 exarato.
1062 4203 1293 4257 Suriana
1316 4201 1510 4259 _editio
1535 4205 1602 4258 ad
1641 4201 1889 4262 normam

296 4270 614 4344 Chesnianae
655 4271 798 4326 facta
835 4280 943 4344 est,
966 4273 1166 4344 additis
1194 4273 1247 4326 in
1279 4276 1523 4344 margine
1551 4276 1892 4344 capitulatio-

296 4341 474 4402 nibus,
498 4356 754 4464 ﬁasuna
777 4355 898 4395 cum
922 4343 984 4395 D.
1005 4343 1312 4399 Mahillonio
1337 4341 1675 4408 retinuimtis,
1701 4362 1892 4415 quam-

296 4411 375 4463 vis
418 4411 486 4464 Ι).
572 4412 868 4464 ensehenio
893 4415 957 4464 ad
987 4414 1053 4464 l9
1078 4414 1200 4464 Maii
1236 4415 1340 4464 alia
1383 4416 1575 4464 divisio
1603 4416 1887 4464 nlummrit-

296 4425 375 4463 τιὸ
420 4425 486 4463 υ.

295 4482 380 4550 qui
404 4481 573 4535 etiam
596 4483 772 4536 eidem
814 4485 962 4551 operi
995 4485 1280 4540 nonnullas
1309 4481 1674 4541 correction—es
1702 4487 1753 4541 in
1779 4481 1891 4543 lec4

296 4552 428 4606 toris
456 4552 803 4608 commodum
826 4555 1087 4620 adhibuit,
1118 4571 1252 4624 quas
1280 4557 1481 4633 ubique
1510 4558 1886 4614 indicabimus.

701 4661 1068 4720 PROLOGUS
1099 4664 1469 4722 AUCTOBIS.

360 4749 428 4824 l._
468 4749 717 4820 Snperna
769 4751 970 4824 Christi
1027 4762 1246 4809 rorante
1291 4755 1513 4811 dextera
1559 4764 1613 4810 et
1662 4756 1889 4824 juvante

297 4821 490 4899 gratia,
537 4823 991 4899 reverendissiine
1025 4825 1185 4899 Pater
1218 4842 1372 4899 aeque
1403 4821 1886 4899 etiantantissimc,

291 4893 486 4968 jubcs,
522 4899 582 4968 ut
617 4893 714 4968 tibi
758 4894 825 4947 de
854 4895 1180 4968 admirandae
1212 4893 1335 4951 vita:
1362 4897 1515 4952 initio
1542 4898 1755 4968 fineque
1781 4893 1888 4953 Pa;

303 4963 397 5036 tris
420 4962 672 5036 Alcuini,
691 4979 810 5036 qua;
846 4962 962 5036 ejus
989 4981 1148 5021 nosse
1175 4968 1343 5036 potui,
1381 4975 1640 5023 narrante
1667 4962 1886 5024 'ﬁdclis-

301 5031 435 5088 simo
491 5031 722 5103 Signlfo’
751 5033 1032 5104 discipulo,
1097 5031 1349 5093 sermone
1398 5037 1525 5092 licet
1582 5039 1785 5094 inculto
1833 5056 1864 5095 e

301 5115 488 5169 parvo,
523 5112 707 5156 tamen
739 5106 968 5160 veritate
1006 5106 1226 5172 referto,
1270 5109 1505 5164 scribam
1538 5110 1884 5165 mdillcationi

302 5173 681 5249 nonnullorum
722 5175 1044 5249 profutura;
1077 5193 1327 5234 asserens
1369 5188 1424 5232 te
1461 5180 1550 5234 diu
1583 5195 1747 5249 super
1786 5183 1887 5236 hac

303 5257 358 5295 re
385 5259 489 5298 non
512 5245 782 5319 modicam
813 5244 954 5301 ferre
978 5249 1123 5303 sitim
1150 5267 1162 5303 :
1191 5266 1296 5304 non
1329 5250 1453 5319 quia
1498 5244 1678 5306 calore
1717 5251 1884 5319 ignita

302 5327 537 5386 superno
561 5323 650 5368 tua
669 5317 879 5369 viscera
906 5328 1217 5374 sanctorum
1247 5317 1723 5376 innumerabilium
1742 5317 1882 5386 Vvita,

299 5383 472 5463 gestis
491 5385 615 5453 piis,
646 5394 699 5463 et
737 5386 930 5463 studiis
961 5399 1230 5459 nequeant
1260 5392 1430 5457 refici,
1461 5408 1598 5461 quos
1622 5383 1886 5463 sanguine

336 5455 533 5523 roprio,
577 5456 662 5531 vel
701 5456 883 5531 szeculi
924 5455 1252 5531 suarumque
1282 5455 1751 5517 abrenuntiationé
1791 5479 1885 5518 vo-

319 5533 582 5605 uptatuln,
615 5528 756 5605 Agni
783 5528 1192 5605 cmilestiumquc
1218 5540 1430 5605 constat
1463 5533 1729 5605 virtutum
1754 5549 1884 5605 con-

298 5599 462 5667 sortio
491 5599 744 5661 mercari,
784 5600 984 5667 quibus
1011 5599 1123 5656 una
1143 5604 1294 5658 suavi
1326 5620 1446 5658 cum
1478 5619 1678 5660 canore
1707 5603 1882 5658 felici-

298 5664 394 5719 bus
421 5664 869 5744 fnteiitcs_jitbilo
895 5671 1206 5732 insatiabili.
1234 5675 1588 5740 vestimentis,
1622 5676 1733 5730 sive
1763 5675 1878 5744 pal-

300 5751 504 5793 marum
535 5739 824 5797 frondibus
853 5743 1029 5812 (mens
1071 5744 1266 5815 quibus
1293 5745 1509 5802 luminis
1538 5739 1776 5802 ornatur
1803 5746 1880 5801 fc-

572 4412 960 4504 assumsit!
987 4414 1585 4504 [εἱὲίξὲἓμῆιίίξέῖγὶξξφ
1603 4412 1888 4504 rather",
1922 4445 1969 4504 ι)

1926 3051 1972 3115 ε’,
2005 3046 2146 3118 rax),
2168 3043 2362 3118 viaque
2384 3039 2796 3118 [Henschenius,
2813 3037 2966 3118 _viam
3004 3036 3146 3109 quae]
3172 3045 3322 3118 arcta
3341 3047 3514 3118 esstat
3531 3048 3588 3095 ct

2003 3107 2254 3184 angusta,
2275 3107 2663 3184 Hebraeorum
2673 3108 2857 3178 pueris
2884 3107 3158 3184 asinmgne
3196 3115 3345 3184 terga
3369 3107 3589 3184 Christo

2003 3177 2219 3244 sessore
2241 3177 2246 3179 ⁷
2271 3182 2548 3252 praabente
2572 3177 2710 3252 A[H.,
2741 3177 3066 3252 premente]
3119 3178 3336 3252 humili,
3369 3179 3587 3252 plenam

2001 3267 2057 3314 et
2087 3248 2372 3312 meabilem
2399 3248 2699 3306 reddidere.
2736 3249 2844 3305 Sed
2889 3248 3144 3318 quoniam
3173 3249 3375 3304 mundo
3425 3248 3590 3306 ﬂuide

2001 3344 2125 3384 cum
2182 3325 2297 3380 suis
2345 3329 2664 3378 senescente
2717 3321 2808 3374 vix
2866 3319 3156 3391 admodum
3188 3319 3367 3391 pauci
3429 3334 3588 3391 repe-

1999 3399 2096 3454 riri
2130 3403 2349 3467 queant,
2393 3393 2692 3467 priscorum
2721 3391 2776 3444 in
2801 3390 3064 3467 omnibus
3105 3390 3272 3444 ardua
3313 3390 3466 3467 sequi
3493 3390 3590 3467 ve-

1998 3461 2164 3540 Stigia
2190 3467 2282 3534 qui
2311 3463 2519 3534 possint
2551 3462 2665 3540 (qui
2696 3461 2859 3540 capiti
2887 3475 3099 3540 sum_m_o
3127 3469 3329 3540 quanto
3365 3461 3591 3540 vicinio-

1999 3529 2107 3604 res',
2149 3529 2950 3604 tanto-actuum'immeusitate
2985 3529 3156 3604 fuisse
3191 3531 3493 3604 probantur
3523 3531 3590 3586 il-

1997 3599 2215 3670 lustres,
2265 3604 2478 3660 Domini
2527 3601 2934 3656 tabernaculum
2984 3601 3156 3654 instar
3214 3599 3588 3655 columnarum

1999 3669 2311 3733 firmissime
2365 3674 2698 3742 sustinentes
2739 3670 2855 3742 [ut]
2901 3684 3164 3738 aquarum
3213 3669 3582 3742 inundatione,

1995 3757 2158 3818 atque
2208 3739 2858 3818 ventorumimpulsione
2909 3755 3185 3818 nunquam
3235 3739 3366 3805 labi,
3409 3755 3588 3818 neque

1995 3811 2200 3873 moveri
2241 3813 2454 3886 possit),
2499 3812 2620 3886 ideo
2653 3826 2876 3886 necesse
2906 3811 3060 3886 valde
3085 3824 3207 3886 esse
3255 3811 3475 3886 a_sseris,
3528 3820 3588 3866 ut

1994 3889 2039 3942 si
2079 3881 2314 3965 aliquem
2341 3881 2541 3965 nOStcis
2557 3881 3328 3965 temporibusimitationepia
3359 3897 3586 3965 sequen-

1993 3958 2122 4013 dum
2159 3950 2363 4014 Christi
2407 3953 2565 4007 nobis
2597 3952 2769 4019 gratia
2795 3952 3106 4015 contulerit,
3150 3950 3458 4019 hujusmodi
3507 3951 3590 4008 lu-

1991 4043 2154 4083 cerna
2203 4042 2310 4080 non
2349 4023 2451 4078 sub
2493 4021 2692 4085 modio,
2723 4035 2897 4089 neque
2926 4021 3026 4074 sub
3057 4021 3176 4076 lecti
3230 4022 3432 4089 quiete,
3487 4024 3586 4077 sed

1991 4113 2153 4168 supra
2193 4093 2577 4168 candelabrum
2616 4099 2886 4168 ponatnr;
2921 4090 3376 4168 ut_ingre_dienies
3402 4091 3588 4168 E_ccle-

1991 4159 2126 4224 siam
2172 4166 2373 4221 lumine
2405 4159 2747 4217 illustrentur
2770 4160 2939 4216 claro.
2985 4159 3102 4229 Ipse
3137 4160 3400 4229 siquidem
3431 4159 3588 4214 fami-

1990 4238 2074 4294 liae
2127 4237 2309 4303 Pater,
2347 4234 2440 4305 qui
2476 4234 2650 4305 prima
2680 4232 2852 4305 hora,
2879 4231 3020 4286 idem
3065 4239 3120 4286 et
3164 4229 3449 4286 undecima
3480 4231 3586 4305 _vi-

1989 4325 2107 4364 nea:
2142 4299 2419 4380 operaries
2458 4299 2737 4380 condiunt,
2765 4302 2962 4380 quibus
2999 4312 3054 4357 et
3072 4318 3256 4380 unam_
3281 4299 3586 4380 mencedeln

1993 4380 2125 4434 dare
2142 4368 2329 4450 jussit.
2363 4375 2548 4450 Neque
2583 4368 2748 4450 enim,
2777 4368 2823 4428 si
2850 4388 3062 4450 manus,
3093 4381 3186 4450 aut
3209 4371 3356 4426 circa
3379 4368 3582 4450 Christi

1993 4465 2057 4505 os
2083 4441 2252 4505 ba'rba
2274 4441 2535 4518 pendens,
2562 4444 2813 4518 niveique
2842 4444 3050 4518 dentes,
3083 4442 3405 4518 quiqueant
3429 4441 3586 4518 panis

1994 4528 2233 4588 crustam
2274 4511 2526 4595 parvulis
2571 4511 2881 4595 masticare,
2925 4513 3011 4568 vel
3050 4511 3192 4568 oculi
3225 4511 3588 4595 pulchriores

1991 4592 2139 4656 vino,
2188 4583 2298 4659 quo
2337 4585 2950 4659 nutriuntnrivirgines,
2993 4599 3113 4640 esse
3159 4583 3486 4659 nequimus;
3514 4583 3584 4638 ob

1993 4661 2097 4715 hoc
2126 4654 2161 4715 Va
2189 4654 2435 4730 corporis
2459 4655 2674 4711 Domini
2709 4656 3026 4730 conlpegine
3071 4654 3445 4730 scparabiinur
3490 4668 3587 4722 op-

1992 4731 2164 4797 tabili,
2225 4724 2304 4784 in'
2327 4729 2517 4783 eadem
2553 4736 2761 4782 tantum
2779 4724 2892 4797 ⁸[ἑοὶ]
2911 4724 3044 4797 ‘fide,
3067 4741 3184 4797 spe
3209 4732 3264 4797 et
3291 4724 3608 4797 charitate,.

1985 4793 2161 4871 juxta'
2188 4799 2528 4872 Apostolum,
2569 4793 2812 4872 _[simus]'
2851 4793 3082 4872 radicati
3119 4793 3200 4872 et
3241 4793 3473 4872 fundati,
3524 4803 3584 4848 ut

1992 4865 2149 4926 inulti
2200 4865 2369 4926 unum
2439 4865 2746 4923 efﬁciamur
2778 4865 2996 4936 ‘corpus
3048 4865 3282 4929 Domini,
3329 4873 3584 4918 manente

1990 4943 2276 4998 charitatis
2311 4940 2542 5014 [unitate
2568 4937 2645 5010 in]
2670 4935 2974 4993 differentia
2996 4937 3297 4992 stellarum.

2061 5045 2122 5098 ll.
2177 5043 2382 5114 Nempe
2433 5041 2576 5114 oculi
2632 5041 2852 5114 fuerunt
2893 5039 3140 5110 apostoli.
3211 5039 3340 5094 solis
3391 5045 3580 5114 aeterm

1990 5109 2333 5182 splendorem
2367 5112 2566 5166 mentis
2601 5111 2842 5182 puritate
2878 5109 3174 5182 utcumque
3213 5109 3583 5182 contemplan-

1991 5179 2093 5247 tes,
2145 5185 2286 5238 sicut
2341 5179 2710 5252 apostolorum
2758 5181 3012 5252 princeps
3061 5181 3273 5252 Petrus,
3325 5179 3584 5252 virgoque

1988 5253 2259 5308 Joannes:
2291 5250 2524 5322 quorum
2571 5252 2708 5306 alter
2751 5250 3434 5322 hzeresiumplurimaruni
3483 5250 3580 5306 de-

1988 5325 2165 5394 vitans
2209 5320 2511 5394 Opiniones,
2543 5337 2609 5394 ex
2655 5322 2864 5376 duabus
2911 5320 3299 5394 consistentem
3337 5322 3584 5377 substan-

1990 5395 2080 5450 tiis
2126 5393 2226 5449 Flii
2246 5389 2359 5447 'Dei
2387 5392 2620 5447 viventis
2656 5407 2818 5445 unam
2857 5389 3139 5446 confessus
3161 5401 3247 5446 est
3268 5406 3580 5460 personam,

1987 5465 2173 5520 dicens
2196 5479 2212 5518 :
2243 5463 2322 5517 Tu
2344 5480 2398 5516 es
2426 5462 2665 5517 Christus
2688 5460 2738 5514 F
2740 5461 2863 5516 ilius
2886 5461 2980 5515 Dei
3005 5463 3098 5516 vivi
3123 5462 3337 5532 (Matth.
3361 5461 3578 5532 xtl,16).

1986 5535 2140 5590 Alter
2166 5536 2219 5590 in
2273 5534 2452 5602 seipse
2499 5533 2736 5587 animam
2783 5532 3064 5587 effundens
3094 5546 3264 5595 suam,
3302 5542 3356 5587 ct
3384 5543 3579 5588 cuncta

1986 5613 2172 5661 creata
2202 5605 2613 5668 transcendens,
2647 5603 2714 5657 ad
2740 5619 2888 5668 eum,
2917 5619 3016 5674 per
3038 5619 3199 5674 quem
3220 5613 3374 5674 sunt
3398 5603 3580 5674 omnia

1987 5676 2151 5740 facta,
2204 5675 2540 5753 conscendit,
2582 5690 2646 5753 ac
2677 5674 2797 5745 ejus
2832 5670 3336 5753 potatus’uberilius
3367 5670 3576 5753 inaudif

1987 5756 2100 5804 tum
2123 5746 2332 5804 StL'CllliS
2354 5747 2621 5804 crnctavit
2647 5741 2924 5812 arcanum,
2950 5745 3176 5801 dicendo
3200 5758 3213 5796 :
3244 5741 3308 5796 1η
3321 5741 3578 5810 principio
