4070 6196
467 294 536 351 99
1653 283 1712 337 B.
1751 282 1812 336 F.
1853 279 2073 336 ALBlNl
2113 279 2244 336 SEU
2282 279 2555 336 ALCUINI

3610 279 3710 331 100

463 404 601 460 velle
629 418 689 459 se
710 400 1026 467 signiﬁcavit
1061 400 1171 467 regi
1195 395 1405 459 Carolo,
1432 394 1684 467 srecullim
1711 394 2033 467 relinquere,
2069 401 2111 460 Α
2142 393 2300 467 t_asti?
2336 391 2469 467 Nam
2503 405 2602 467 ego
2631 390 2973 467 considerans
3010 395 3063 440 te
3110 385 3247 467 velie
3296 386 3399 467 hoc
3437 401 3618 467 agere,
3657 393 3713 444 in

465 473 743 544 postulans
758 463 1040 526 licentiam
1059 463 1198 544 apud
1223 475 1468 544 sanctum
1493 463 1822 544 Bonifaciu'm
1849 479 2036 544 mgna:

465 532 655 600 sticam
697 543 860 595 vitam
913 532 1209 593 secundum
1250 535 1486 605 regulam
1539 534 1709 588 sancti
1760 532 2036 605 Benedicti

464 616 678 674 dueere,
721 609 1150 676 monasteriaque
1181 605 1282 660 sibi
1311 602 1597 676 commissa
1617 618 1768 676 suos
1809 611 1868 656 ut
1896 602 2038 676 inter

463 672 754 749 discipulos
773 679 1051 739 divideret,
1066 672 1128 731 'si
1156 675 1269 749 fieri
1293 681 1493 749 posset.
1526 673 1632 749 Sed
1660 688 1754 749 rex
1779 672 2037 749 terribilis

463 761 519 806 et
549 741 666 820 plus
707 764 870 820 unum
897 763 1018 820 cum
1056 746 1203 800 omni
1237 741 1608 820 postulationis
1650 742 1852 820 affectu.
1875 741 2038 820 dene-

462 809 608 889 gavit
630 837 651 889 :_
673 819 901 889 alterum
927 817 1157 889 libenter
1192 809 1425 889 audivit,
1443 812 1727 889 ﬂagitans,
1764 809 2036 889 quietissi-

465 879 585 942 mus
613 887 845 943 Turonis
881 897 1041 960 atque
1084 882 1621 960 honorificentissime
1647 888 1708 960 ut
1747 879 2031 960 resideret,

463 960 672 1027 sibique
699 969 755 1013 et.
789 957 932 1011 omni
954 946 1174 1009 'sanctae
1199 952 1440 1007 ecclesiae
1481 949 1783 1006 commissae
1821 946 2036 1069 [lcuram

465 1026 794 1069 imnnndprnl
823 1041 928 1069 nnn
956 1026 1314 1069 detrectaret:
1342 1036 1505 1069 onera
1535 1033 1663 1069 vero
1693 1032 1832 1069 smcu
1859 1033 1893 1069 I.
1917 1031 2036 1069 011$

465 1018 795 1098 impendere]
823 1041 930 1080 non
956 1026 1314 1098 detrectaret:
1342 1036 1506 1098 onera
1535 1033 1663 1098 vero
1686 1018 1893 1098 saeculi,
1917 1031 2038 1097 qua:

464 1087 577 1161 ipse
612 1087 903 1160 habuerat,
945 1093 1247 1161 discipulis,
1295 1099 1352 1144 ut
1386 1091 1641 1161 petierat,
1686 1087 2038 1161 libentissime

502 1166 750 1235 ispertiit.
792 1156 942 1220 Fecit
975 1156 1103 1234 ergo
1127 1170 1180 1216 et
1204 1162 1317 1229 ipse
1345 1156 1572 1235 Albinus
1597 1166 1659 1235 u_t_
1685 1171 1779 1235 rex
1819 1156 2035 1235 sapien-

465 1225 702 1290 tissimus
716 1242 1015 1305 rogaverat,
1036 1225 1141 1305 ἧορ
1164 1225 1411 1305 quas-rens
1432 1228 1575 1296 quod
1598 1225 1862 1305 sibiforet
1883 1226 2033 1289 utile,

464 1305 557 1360 sed
582 1306 735 1374 quod;
755 1295 935 1359 multis
959 1321 972 1366 ;
1003 1317 1066 1374 ac
1093 1295 1324 1374 Turonis
1350 1295 1490 1352 diem
1520 1295 1870 1374 novissimum
1896 1310 2035 1374 prae-

463 1363 689 1429 stolatus
715 1372 834 1427 fuit.
873 1363 992 1428 Vita
1017 1371 1245 1438 denique
1269 1366 1382 1435 ejus
1407 1382 1513 1421 non
1555 1363 2037 1438 monasticzeiinl‘e-

464 1445 575 1498 rior
599 1443 718 1497 fuit.
751 1442 884 1497 Nam
907 1440 1084 1510 qualis
1115 1435 1173 1492 in
1198 1438 1455 1510 Patribus
1477 1437 1721 1510 superius
1740 1435 2038 1510 nominatis

503 1522 836 1578 rzecesserat,
865 1503 987 1566 talis
1015 1519 1070 1564 et
1104 1509 1158 1564 in
1195 1508 1283 1562 illo
1311 1503 1572 1568 durabat;
1605 1503 1898 1578 in‘jejuniis
1931 1505 2035 1578 sci-

503 1529 836 1578 rzecesserat,
865 1529 987 1566 tans
1015 1529 1070 1564 et
1104 1529 1158 1564 In
1195 1529 1283 1562 tuo
1311 1529 1572 1568 uurauat;
1606 1529 1658 1558 Ill
1681 1529 1898 1572 jejunus
1931 1529 2035 1558 scn-

463 1529 618 1647 ricet,
654 1584 707 1637 in
742 1583 1104 1644 orationibus,
1153 1581 1206 1632 in
1257 1578 1438 1633 carnis
1488 1574 1934 1647 mortiﬁcatione,
1962 1573 2036 1647 _in

458 1643 834 1722 cleemosyuis,
866 1653 921 1706 in
946 1650 1282 1722 psalmorum
1298 1657 1352 1700 et
1377 1647 1666 1722 missarum
1705 1644 1874 1722 multa
1897 1643 2036 1722 celef

2139 463 2319 525 domo,
2349 463 2402 514 in
2425 455 2796 527 qua'dormio,
2851 467 2903 527 te
2930 471 3144 524 quoque
3186 455 3422 510 dormire
3440 455 3578 523 jussi
3611 476 3623 511 :
3661 469 3714 514 tu

2139 545 2267 583 vero
2313 526 2516 592 statim,
2548 535 2609 581 ut
2633 541 2821 582 omnes
2872 526 3108 579 dormire
3146 539 3393 589 noveras,
3437 527 3716 583 candelam

2138 599 2366 653 latenter
2393 598 2691 652 accendens
2720 597 2772 649 in
2804 595 3008 648 laterna
3039 595 3268 656 celabas.
3317 609 3383 648 ac
3425 596 3492 649 ad
3538 595 3716 653 locum

2139 669 2288 722 illum
2335 681 2576 737 pergens
2610 674 2718 737 tota
2772 673 2928 718 nocte
2971 664 3311 737 vigilabas.)
3347 663 3432 737 Et_
3457 666 3718 737 quidquid

2136 733 2353 807 occulte'
2377 733 2458 807 ibi
2479 735 2726 807 faciebat,
2761 741 2987 807 noverat
3031 734 3172 807 quod
3215 733 3361 788 solus
3402 733 3564 797 Deus,
3604 733 3716 807 ipse

2137 808 2186 861 ei
2234 805 2508 868 indicavit,
2539 804 2740 858 addens
2771 821 2783 856 :
2816 821 2834 852 ι
2867 802 3092 872 Quando
3139 817 3346 856 mecum
3391 802 3717 872 quoque'ad

2136 876 2447 930 mandatum
2474 875 2763 943 pergebas,
2799 880 2854 926 et
2897 881 2948 943 te
2981 871 3170 943 vinum
3211 872 3406 943 bibere
3438 871 3713 939 iubebam,

2137 954 2254 1000 arte
2282 940 2606 999 calidissima
2633 941 2893 996 dicebas:
2940 941 3071 1003 bibi,
3117 941 3331 996 domine
3378 940 3555 1006 Pater,
3600 960 3718 999 meo

2137 1030 2260 1070 cum
2284 1013 2547 1068 avunculo
2573 1011 2917 1066 sufﬁcienter.
2942 1009 3076 1065 Cum
3103 1019 3281 1065 autem
3304 1012 3370 1065 ad
3399 1019 3549 1065 tuum
3569 1014 3720 1068 veni-

2137 1099 2227 1139 res
2253 1083 2594 1142 avunculum,
2625 1089 2680 1135 et
2702 1083 2816 1149 ipse
2842 1094 3056 1149 quoque
3084 1081 3187 1134 hoc
3208 1089 3260 1134 te
3284 1080 3519 1149 iuberet,
3537 1083 3718 1139 aiebas

2137 1169 2349 1208 mecum
2376 1162 2428 1207 te
2455 1152 2672 1222 bibisse.
2698 1150 2924 1205 Voluisti
2954 1165 3053 1204 nos
3079 1150 3353 1222 deludere,
3373 1159 3438 1222 _et
3457 1151 3720 1222 deceptus

2135 1237 2215 1277 es.
2247 1223 2388 1278 Cave
2408 1237 2535 1290 ergo
2562 1221 2683 1285 ista,
2715 1228 2999 1291 postquam
3025 1219 3328 1291 surrexeris
3355 1220 3422 1274 de
3447 1219 3618 1285 febre,
3646 1238 3716 1278 ne

2137 1293 2244 1346 tale
2272 1291 2470 1361 aliquid
2495 1290 2782 1361 indiscrete
2810 1304 3047 1361 unquam
3073 1290 3282 1361 coneris
3302 1303 3490 1361 agere.
3514 1309 3533 1340 ι

2207 1359 2624 1430 Χν1.“Αιιάἱεηε
2658 1360 2821 1430 igitur
2853 1360 2952 1430 ista
2990 1359 3342 1430 Roganardus
3377 1360 3444 1413 ab
3467 1360 3597 1430 ipso
3625 1360 3718 1430 qui

2136 1433 2429 1486 vocabatur
2443 1427 2922 1494 Vetulusferubuit
2944 1427 3276 1497 multumque
3289 1429 3524 1496 expavit,
3543 1427 3720 1484 sciens

2136 1517 2195 1556 se
2216 1500 2632 1568 deprehensum,
2661 1513 2865 1568 suaque
2887 1497 3095 1568 occulta
3125 1497 3293 1568 latere
3325 1497 3575 1568 Albinum
3613 1513 3718 1554 non

2134 1566 2312 1639 posse,
2343 1577 2398 1624 et
2427 1568 2700 1639 admirans
2733 1566 2945 1639 dicebat
2978 1585 2990 1619 :
3024 1566 3304 1639 Quomodo
3344 1566 3523 1639 palam
3575 1568 3719 1639 istud

2136 1637 2347 1695 facturn-
2365 1639 2480 1693 est?
2508 1638 2758 1692 Testatur
2786 1638 3050 1705 hodieque
3085 1637 3195 1705 ipse
3221 1652 3403 1690 coram
3437 1637 3563 1701 Deo,
3589 1638 3714 1690 nul-

462 1707 726 1800 bra'uoné'.
765 1707 897 1776 et'in
925 1707 1058 1800 suis.
1085 1718 1399 1800 νίιίυιίεξυει
1437 1714 1630 1800 quitus
1657 1713 2035 1800 ρρεείρὲῑεεξι
2069 1740 2111 1800 Β
2141 1707 3716 1800 sexceeevjesshemiaée-“egressurus-res;

464 1783 749 1846 humanam
773 1791 952 1845 ornari
975 1798 1240 1842 naturam.
1265 1783 1467 1839 Praeter
1485 1783 1628 1837 enim
1656 1783 1768 1835 dies
1796 1797 2038 1835 resurre-

461 1863 660 1916 ctionis
701 1869 755 1915 et
784 1859 1111 1920 festivitatis,
1135 1855 1396 1922 jejunium
1428 1851 1731 1922 protelabat
1769 1851 1822 1904 in
1851 1863 2038 1918 vespe-

462 1946 603 1994 rum,
635 1944 859 1998 parcens
888 1928 1027 1989 cibo,
1050 1920 1438 1998 rquo’amplius’
1469 1920 1864 1998 delectabatur;
1907 1936 2038 1998 quo-

460 1991 604 2054 circa
632 1991 832 2054 iantam
858 1991 1152 2066 saepissime
1175 1994 1258 2048 ori
1281 2008 1378 2046 suo
1403 1991 1614 2045 coalitus
1636 1992 1813 2066 datam
1839 1991 2039 2060 gaude-

459 2071 553 2124 bat
581 2069 780 2123 habere
815 2061 1181 2130 dulcedinem,
1232 2071 1512 2132 quantam
1538 2061 1723 2132 nequit
1765 2061 2038 2132 humanus

461 2153 642 2193 sermo
667 2138 786 2192 fari.
817 2138 967 2191 Tunc
992 2149 1122 2190 vero
1149 2129 1406 2201 quidquid
1432 2129 1663 2201 volebat,
1711 2130 1894 2184 labore
1920 2129 2036 2184 sine

460 2208 570 2262 ullo
597 2207 932 2262 velocissime
959 2199 1372 2270 dictare'quibat
1397 2218 1408 2251 :
1441 2199 1512 2252 ita
1539 2209 1597 2252 ut
1618 2200 1798 2254 dicere
1818 2208 2030 2268 posset:

459 2277 666 2338 Dilexi,
705 2275 951 2333 Domine,
982 2273 1231 2327 mandata
1273 2281 1363 2323 tua
1397 2285 1553 2338 super
1587 2285 1776 2321 aurum
1812 2280 1858 2321 et
1888 2278 2038 2338 topa-

461 2347 600 2400 zion.
622 2344 792 2410 Quam
810 2343 987 2398 dulcia
1010 2341 1246 2410 faucibus
1266 2340 1392 2393 meis
1407 2337 1749 2410 cioquiatua!
1770 2354 1925 2410 super
1936 2337 2036 2410 mel

458 2426 506 2469 et
533 2407 707 2484 favum
729 2415 806 2468 ori
831 2429 944 2484 meo
963 2407 1135 2484 (Paul.
1159 2425 1345 2473 cxvm,
1369 2407 1511 2477 127).
1532 2407 1631 2473 Qui
1652 2407 1866 2475 juvenis
1889 2407 2038 2462 Psal-

461 2483 669 2539 morum
692 2483 1106 2539 modulationem
1127 2488 1390 2535 secretam
1407 2492 1512 2547 non
1531 2485 1758 2540 tantum,
1775 2488 2036 2547 quantum

459 2555 622 2608 aliam
660 2553 944 2608 lectionem
970 2559 1260 2612 amaverat,
1290 2549 1448 2602 modo
1463 2545 1575 2614 jam
1616 2545 2038 2602 senex'nullate-

461 2639 562 2679 nus
594 2638 780 2678 eorum
813 2622 1187 2677 decantatione
1211 2617 1440 2672 saturari
1467 2625 1692 2686 poterat.
1727 2616 2037 2686 secretissi-

459 2709 604 2748 mam
632 2693 931 2747 orationem
965 2704 1177 2758 semper
1200 2689 1254 2742 in
1279 2688 1383 2749 die,
1411 2685 1832 2758 sicutsupraide
1867 2688 2038 2758 magi-

458 2773 574 2818 stro
607 2762 723 2831 ejus
762 2770 1006 2816 taxatnm
1050 2757 1160 2823 est,
1190 2774 1322 2831 cuni
1342 2771 1598 2831 manuum
1624 2757 1831 2831 diutina
1860 2757 2037 2831 crucis

459 2827 794 2897 extensione,
820 2833 1006 2887 eodem
1037 2831 1192 2884 modo
1218 2828 1399 2884 multis
1427 2842 1547 2881 cum
1573 2827 1861 2896 gemitibus
1877 2827 2035 2950 linam

459 2902 727 2950 lacnmas
768 2915 992 2950 πει-ηινο
1038 2899 1238 2950 habere
1262 2897 1493 2950 noteratl
1533 2896 1826 2950 fundebat:
1913 2897 2035 2950 isci-

458 2902 727 2972 lacrymas
768 2896 995 2972 perraro
1037 2899 1238 2972 habere
1262 2897 1495 2972 poterat)
1522 2896 2038 2972 _iundebat3_disoi-

457 2965 598 3041 pulis
619 2965 867 3026 similiter
884 2971 1148 3041 tradebat,
1166 2965 2038 3041 quo’ruiuuobilissimus_Sig1dfus

456 3036 577 3096 erat
602 3042 844 3104 Vetu-lus,
871 3036 1347 3107 magnanimusque
1373 3037 1610 3100 Withso;
1637 3045 1759 3107 post
1785 3037 1883 3090 bos
1906 3036 2038 3092 Fre-

456 3111 675 3181 degisus
701 3118 758 3163 et
777 3110 893 3181 eius
919 3106 1070 3181 socii.
1094 3107 1164 3162 At
1187 3117 1429 3181 {tempore
1445 3107 1556 3174 jam
1581 3106 1768 3181 ultimo
1793 3106 2036 3181 hmrebat

458 3181 510 3234 ei
530 3175 754 3234 assiduo
782 3175 1150 3248 Raganardus,
1187 3176 1588 3239 Waldramuus,
1620 3175 1711 3243 qui
1742 3175 1917 3248 adhuc
1942 3192 2022 3230 su-

465 3258 686 3319 persunt
711 3267 724 3302 :
756 3245 1078 3319 Adclbertus
1106 3262 1318 3319 quoque
1350 3248 1520 3300 beate
1546 3245 1838 3309 memoriae,
1868 3260 2038 3314 quan-

461 3317 572 3388 tum
611 3327 840 3387 poterat,
870 3318 1058 3388 Sigulﬁ
1087 3328 1213 3372 tunc
1240 3317 1396 3376 ﬁlius,
1427 3323 1550 3384 post
1577 3321 1756 3388 autem
1776 3329 2038 3388 veneran-

459 3387 560 3442 dus
587 3384 766 3453 Pater,
791 3397 846 3444 et
869 3384 1024 3442 multi
1055 3388 1162 3450 alii,
1196 3399 1420 3454 quorum
1445 3385 1684 3439 omnium
1712 3384 1918 3438 utinam
1942 3402 2040 3440 no-

460 3460 597 3512 verit
622 3458 871 3513 Christus
914 3458 1152 3512 nomina.
1190 3455 1253 3509 Hi
1295 3466 1418 3509 vero
1447 3455 1594 3524 omni
1627 3469 1684 3509 se
1707 3455 2038 3524 circumspe-

459 3528 637 3583 ctione
661 3529 1019 3598 przevidentes
1045 3526 1331 3581 studebant
1358 3523 1586 3598 sollicite
1611 3540 1678 3598 ne
1700 3524 1827 3592 quid
1852 3523 2035 3598 coram

459 3613 523 3652 eo
553 3593 985 3668 reprehensionis
1006 3603 1245 3668 agerent,
1272 3593 1541 3648 multoties
1567 3595 1728 3668 etiam
1756 3604 1816 3668 et_
1835 3595 2039 3668 absque

459 3683 543 3722 eo.
568 3664 840 3723 Noveram.
865 3668 1009 3722 enim
1031 3664 1155 3720 éum
1173 3666 1411 3719 vinctum
1437 3675 1556 3719 esse
1579 3664 1710 3727 Deo,
1739 3664 2039 3734 spirituque

457 3735 576 3805 ejus
601 3737 955 3801 illustratum;
987 3737 1113 3791 licet
1138 3734 1728 3805 corporalibusoculis,
1761 3743 2038 3790 senectute

459 3803 622 3874 atque
649 3807 961 3860 inﬁrmitate
999 3807 1302 3867 resistente,
1321 3803 1434 3871 jam
1472 3803 1617 3858 clare
1646 3803 1827 3859 videre
1847 3805 2039 3874 nequi-

460 3884 582 3930 ret:
629 3884 685 3930 et
727 3877 847 3932 ideo
894 3876 1155 3930 timebant
1199 3885 1352 3929 actus
1395 3889 1522 3928 suos
1561 3888 1686 3928 eum
1732 3874 1900 3930 latere
1929 3891 2037 3929 non

497 3961 637 4000 0859,.

459 3961 642 4071 pagg}:
684 4013 885 4084 Spiritu
911 4015 1174 4084 siquidem
1205 4014 1439 4083 repletus
1479 4013 1776 4083 prophetia:
1808 4015 2034 4082 quibus-

459 4086 580 4140 dam
623 4102 743 4154 quze
795 4086 876 4140 eis
921 4094 1104 4140 essent
1147 4093 1376 4139 ventura
1419 4085 1689 4154 pnedixit,
1707 4084 1883 4154 sicuti
1912 4085 2040 4140 fecit

461 4153 778 4226 Baganardo
847 4157 914 4226 de
979 4153 1166 4226 Osulfo
1215 4154 1443 4226 ‘._Nar_u
1501 4153 1642 4226 idem
1690 4153 2040 4226 Raganardus

458 4222 744 4294 quamdam
775 4225 1082 4280 horribilem
1108 4224 1286 4292 sopori
1317 4222 1530 4294 deditus
1547 4223 1733 4294 videns
1755 4222 2036 4294 visionem,

457 4291 619 4364 quam
671 4296 870 4349 bonum
920 4303 1003 4348 est
1057 4291 1232 4354 silere,
1267 4292 1440 4364 eidem
1485 4291 1633 4344 Patri
1681 4293 2040 4364 sequentidie

459 4361 580 4419 cum
603 4379 802 4434 pavore
829 4363 1007 4418 retulit
1036 4364 1247 4429 timens,
1290 4377 1357 4416 ne
1378 4361 1445 4415 de
1467 4375 1524 4434 se
1549 4371 1817 4434 ageretur.
1834 4363 1904 4434 At
1925 4363 2038 4433 ipse

2141 1779 2303 1842 laute,
2328 1776 2526 1846 przeter
2569 1777 2742 1832 solum
2787 1777 2975 1831 Deum.
3021 1776 3296 1846 Ptenitens
3323 1777 3549 1846 denique
3573 1777 3718 1846 quod

2139 1845 2527 1928 egeratstuite,
2550 1861 2824 1928 per.omne
2847 1856 2966 1928 post
2997 1857 3207 1928 tempus
3227 1845 3350 1926 vitae
3386 1845 3566 1901 Albini
3588 1845 3723 1901 nihil

2139 1918 2247 1972 tale
2271 1920 2388 1973 sine
2409 1918 2552 1971 illius
2579 1918 2689 1986 egit
2713 1918 2942 1971 consilio
2966 1924 3128 1985 atque
3149 1918 3392 1986 imperio.

2732 2043 2957 2100 CAPUT
3003 2044 3093 2099 IX.

2217 2155 2479 2210 Benedicti
2504 2155 2819 2210 Ananiensis
2846 2154 3050 2209 abbatis
3083 2155 3361 2210 adventum
3392 2155 3648 2227 pra’tlicit.

2207 2264 2368 2319 XVII.
2411 2263 2718 2334 Saepissime
2763 2265 2924 2318 etiam
2977 2265 3044 2318 ad
3083 2280 3206 2319 eum
3252 2266 3401 2320 missi
3445 2267 3725 2322 venientes

2139 2337 2281 2405 regis
2302 2335 2638 2405 aliorumque
2663 2335 2980 2407 amicorum,
3013 2349 3133 2407 cum
3161 2335 3336 2390 adhuc
3365 2336 3432 2390 ab
3462 2352 3525 2391 eo
3566 2337 3725 2407 longe

2138 2413 2348 2466 essent,
2405 2419 2591 2459 eorum
2643 2405 2968 2475 praedicebat
3029 2405 3337 2468 adventum,
3395 2405 3724 2475 causamque

2138 2476 2419 2556 adventus,
2462 2475 2590 2556 quid
2619 2489 2833 2556 quoque
2855 2473 3134 2556 ‘ali'errent,
3164 2475 3376 2556 quidve
3398 2491 3578 2556 secum
3630 2473 3724 2556 vc-

2139 2546 2268 2601 here
2288 2551 2609 2615 qumrerent.
2637 2544 2932 2599 Audientes
2974 2552 3152 2598 autem
3182 2544 3282 2598 ista
3326 2545 3569 2615 discipuli
3596 2547 3724 2615 qui-

2139 2613 2316 2697 (μυξη-⁷
2337 2613 2637 2697 usquedum
2675 2615 2985 2697 probarunt,
3037 2623 3366 2697 senectutenm
3407 2613 3520 2697 ejus
3545 2613 3724 2697 tquasi

2139 2684 2491 2754 desipientem
2533 2683 2842 2753 culpabant.
2901 2685 2996 2738 Vir
3035 2699 3250 2754 quoque
3298 2683 3504 2754 Domini
3545 2683 3723 2737 Dene-

2140 2753 2317 2809 dictus
2331 2755 2380 2809 ei
2396 2769 2505 2822 prze
2523 2754 2772 2808 omnibus
2794 2753 3072 2809 monachis
3101 2753 3466 2809 familiaritate
3480 2753 3721 2821 junctus,

2141 2824 2206 2878 ad
2229 2840 2352 2879 eum
2374 2823 2545 2894 gratia
2574 2823 2785 2894 consilii
2825 2824 3015 2878 salutis
3063 2841 3173 2880 suae
3203 2833 3256 2878 et
3301 2839 3522 2878 suorum
3579 2825 3726 2878 acci—

2138 2894 2337 2965 piendi.
2371 2892 2566 2965 s'mpius
2595 2892 2806 2965 Gothis:
2827 2894 2892 2947 de
2918 2895 3162 2965 partibus
3200 2896 3544 2965 properabat.
3581 2895 3728 2960 Qua-

2140 2964 2264 3018 dam
2308 2963 2456 3018 vero
2493 2964 2610 3018 vice
2649 2963 2819 3017 voluit
2870 2963 3051 3018 taliter
3090 2963 3318 3027 venire,_
3343 2979 3502 3018 nemo
3530 2974 3587 3017 ut
3620 2965 3729 3018 hoc

2141 3041 2455 3101 agnosceret
2492 3033 2743 3096 Turonis,
2793 3048 3069 3102 quousque
3095 3037 3160 3088 ad
3183 3033 3380 3087 ostium
3433 3033 3721 3087 assisteret

2063 3081 2110 3146 Ο
2141 3081 3399 3172 magnanimitas“;abscisis};in
3429 3081 3725 3166 agatis;

2139 3188 2269 3228 cans
2297 3174 2522 3228 Albinus
2545 3189 2712 3226 unum
2740 3187 2974 3232 suorum,
2999 3173 3111 3225 ait:
3146 3191 3163 3221 ι
3197 3171 3414 3226 Festina
3435 3187 3727 3228 occurrere

2138 3243 2431 3298 Benedicto
2473 3243 2654 3297 abbati
2681 3243 2733 3295 in
2763 3241 2879 3297 loco
2918 3241 3030 3306 tali,
3060 3250 3115 3296 et
3151 3241 3234 3296 die
3264 3243 3336 3305 ei,
3371 3242 3630 3296 velociter
3655 3244 3726 3297 ad

2139 3328 2226 3367 me
2272 3313 2567 3382 perveniat.
2602 3332 2619 3362 ι
2664 3311 2814 3365 Fecit
2865 3313 3061 3366 missus
3092 3312 3264 3380 patris
3301 3311 3503 3382 Albini,
3534 3320 3598 3382 ut
3620 3313 3724 3366 sibi

2136 3381 2466 3452 prteceptum
2518 3382 2710 3442 fuerat,
2743 3382 3091 3451 pervenitque
3125 3389 3248 3450 post
3281 3381 3520 3452 triduum
3552 3381 3642 3452 ubi
3669 3383 3724 3436 ei

2138 3450 2367 3518 dixerat,
2397 3462 2450 3507 et
2474 3452 2821 3507 Benedictum
2863 3450 3082 3520 reperit,
3109 3452 3286 3520 eique,
3317 3451 3458 3521 quod
3486 3451 3587 3521 sibi
3603 3450 3724 3520 jus-

2139 3537 2256 3576 sum
2279 3521 2475 3586 fuerat,
2504 3522 2790 3575 nuntiavit.
2839 3521 3074 3588 Stupens
3120 3530 3302 3577 autem
3337 3520 3503 3575 'suum
3535 3520 3728 3588 depre-

2139 3593 2366 3646 hensum
2394 3601 2662 3654 conatum,
2695 3607 2817 3645 cum
2865 3590 3150 3648 velocitate
3197 3591 3444 3660 pervenit
3489 3590 3728 3646 Turonis

2139 3663 2206 3715 ad
2235 3677 2376 3715 eum.
2407 3662 2648 3730 Cumque
2669 3676 2726 3716 se
2755 3661 3074 3716 alterutrum
3115 3661 3470 3730 tripudiantes
3498 3660 3727 3715 deoscu-

2138 3731 2399 3794 larentur,
2429 3731 2546 3785 infit
2574 3732 2892 3786 Benedictus
2921 3731 3080 3786 Pater
3115 3731 3443 3786 reverendus
3470 3730 3728 3800 supplici-

2139 3809 2222 3856 ter
2253 3820 2265 3855 :
2305 3820 2322 3852 ι
2356 3801 2582 3856 Domine
2607 3801 2788 3865 Pater,
2814 3802 2937 3870 quis
2962 3817 3142 3857 meum
3172 3802 3323 3856 vobis
3348 3800 3598 3868 praedixit
3631 3800 3729 3870 ad-

2137 3880 2358 3926 ventum
2381 3873 2403 3924 ?
2431 3892 2448 3923 υ
2476 3871 2771 3941 Respondit
2795 3869 2846 3924 ei
2879 3890 2892 3925 :
2931 3891 2950 3922 ι
2985 3871 3170 3926 Nullus
3195 3871 3358 3926 homo
3379 3869 3728 3941 verbismihi

2140 3941 2391 3997 innotuit.
2428 3961 2444 3993 ι
2475 3938 2752 3996 Cui—idem
2787 3959 2800 3993 :
2839 3960 2857 3991 ι
2895 3941 3026 4008 Quis
3068 3950 3216 4005 tunc,
3250 3939 3508 3994 Domine?
3550 3938 3724 3992 forsi-

2140 4019 2232 4065 tan
2281 4011 2476 4066 litteris
2517 4009 2832 4081 cujusquam
2878 4012 3138 4066 audistis?
3169 4030 3204 4081 ί»
3248 4010 3318 4064 At
3356 4009 3463 4073 ille,
3507 4026 3524 4059 ι
3567 4023 3722 4081 vero,

2140 4081 2336 4151 inquit,
2387 4076 2626 4136 nullis.)
2657 4076 2739 4135 Ad
2785 4096 2952 4151 quem
3004 4082 3088 4136 vir
3131 4080 3272 4135 idem
3319 4093 3573 4151 rursum:
3603 4096 3622 4128 ι
3658 4076 3725 4132 Si

2140 4149 2314 4221 neque
2357 4152 2424 4206 ab
2479 4151 2695 4206 homine
2724 4149 2833 4205 ullo
2885 4152 3114 4214 dicente,
3159 4165 3332 4220 neque
3385 4149 3578 4202 litteris
3623 4162 3729 4221 cu-

2134 4217 2384 4292 jusquam
2409 4221 2719 4290 przescistis,
2749 4237 2962 4292 precor,
2991 4223 3063 4292 mi
3086 4217 3268 4285 Pater,
3301 4233 3536 4292 quonam
3558 4217 3730 4292 modo

2142 4287 2270 4346 illud
2291 4287 2520 4352 noveris,
2556 4287 2769 4346 cdicite'.
2807 4311 2825 4343 ι
2858 4291 2955 4346 Cui
2986 4291 3213 4346 Albinus
3244 4308 3256 4343 :
3298 4287 3462 4343 (Noli
3490 4287 3728 4356 amplius

2143 4363 2245 4416 hoc
2273 4377 2358 4415 me
2387 4363 2742 4432 interrogare.
2783 4381 2801 4412 ι
2835 4361 2968 4432 Cum
2992 4377 3121 4417 vero
3153 4359 3479 4415 venerabilis
3505 4356 3722 4432 vir_Be-

459 4427 621 4505 Pater
651 4450 844 4505 magno
871 4450 992 4488 cum
1023 4435 1204 4488 dolore
1236 4427 1529 4505 respondit
1560 4427 1706 4505 εἶθ
1734 4427 1959 4505 γΟεμ-Ιΐφῖ
1981 4442 2036 4488 ιιι
2064 4431 2114 4490 D
2142 4431 2514 4505 uedictusjam
2542 4427 2737 4505 reverti
2764 4431 2941 4494 vellet,
2959 4432 3114 4499 petiit
3133 4436 3354 4505 eum,ut
3376 4427 3730 4505 quemadmo-g

461 4504 644 4568 miser,
687 4503 898 4574 quoties
925 4513 976 4559 te
1001 4505 1202 4566 monui,
1250 4503 1463 4574 quoties
1510 4503 1767 4574 corripui.
1811 4503 2034 4558 Multum

459 4572 970 4642 denique'laborem
1006 4576 1058 4628 in
1090 4572 1413 4629 avunculum
1462 4580 1608 4627 tuum
1641 4573 1823 4637 habui,
1869 4585 1928 4628 ut
1976 4589 2036 4628 se

457 4641 752 4714 corrigeret
797 4653 853 4699 et
897 4645 1037 4699 viam
1071 4644 1442 4714 mandatorum
1479 4641 1575 4697 Dei
1603 4646 1816 4711 operari
1843 4645 2038 4712 coepis-

459 4721 537 4767 set
573 4731 587 4766 :
612 4712 946 4784 prtedixique
971 4715 1042 4780 ei,
1071 4717 1197 4784 quia
1221 4714 1329 4784 nisi
1367 4712 1604 4777 fecisset,
1638 4714 1949 4783 priusquam
1971 4716 2036 4769 de

460 4783 659 4854 saeculo
705 4783 978 4854 migraret,
1023 4783 1177 4854 plaga
1220 4783 1379 4852 lepra:
1406 4791 1818 4854 opereuteretur;
1843 4785 2036 4854 isicque

463 4853 668 4907 factum
693 4852 800 4908 est.
826 4852 1066 4909 Praedico
1092 4869 1219 4924 ergo
1248 4867 1301 4905 et
1323 4853 1437 4924 tibi,
1471 4852 1544 4906 ﬁli
1591 4853 1684 4916 mi,
1712 4853 2034 4924 ideOsulfo,

459 4936 622 4992 super
643 4939 751 4993 quo
771 4933 854 4978 est
887 4924 1002 4978 btec
1024 4921 1178 4988 visio,
1204 4923 1456 4992 quoniam
1488 4937 1662 4993 neque
1711 4921 1764 4974 in
1817 4923 1918 4976 hac
1953 4938 2040 4993 re:

460 4991 634 5064 gione,
662 4991 852 5062 “neque
879 4994 942 5064 in
989 5009 1094 5063 qua
1145 4991 1303 5064 natus
1349 4999 1452 5055 est,
1501 4991 1857 5064 morietur;_o
1895 4992 2042 5064 quod

461 5060 646 5134 postea
672 5060 918 5134 probavit
958 5060 1202 5134 eventus:
1235 5060 1474 5134 Mortuus
1516 5069 1600 5114 est
1635 5061 1778 5134 enim
1811 5062 1864 5116 in
1894 5060 2038 5134 Lan—

461 5131 738 5204 gobardia.
768 5133 910 5188 Idem
939 5148 1152 5203 quoque
1163 5131 1518 5204 Baganardns
1539 5131 1765 5204 tentavit
1783 5146 1841 5186 se
1858 5133 2041 5204 nimiis

463 5200 661 5272 vigiliis
687 5213 742 5258 et
762 5200 1098 5259 abstinentia:
1123 5200 1287 5256 nimia
1322 5200 1714 5272 superfluitate,
1743 5201 2042 5271 ignoranti-

462 5271 561 5326 bus
587 5273 854 5345 omnibus,
884 5272 1139 5345 alliigere,
1189 5273 1352 5345 itaui
1369 5271 1592 5345 probae
1626 5271 2040 5345 intemperantia

499 5342 777 5397 ravissime
805 5340 1180 5399 succumberet
1217 5341 1355 5397 febri
1383 5359 1394 5393 :
1426 5340 1492 5394 ad
1528 5355 1685 5411 quem
1715 5341 2042 5411 visitandum

462 5410 622 5483 Pater
643 5412 862 5483 veniens
887 5412 1111 5483 Albinus
1133 5413 1287 5483 jubet
1310 5410 1726 5483 omnes,prreter
1753 5410 2041 5483 Sigulfum,

461 5482 612 5535 exire
637 5482 702 5535 de
722 5481 883 5536 domo
911 5479 1045 5548 ejus,
1078 5479 1236 5551 quem
1269 5479 1552 5550 increpans
1599 5482 1672 5535 ait
1703 5499 1714 5533 :
1748 5500 1765 5530 ι
1795 5479 1904 5535 Cur
1925 5480 2041 5533 sine

460 5550 776 5620 cujusquam
819 5551 1042 5605 consilio
1090 5550 1199 5605 tam
1243 5553 1664 5620 intemperanter
1709 5563 1870 5621 agere
1926 5558 2044 5603 ten-

2142 4502 2269 4556 dum
2299 4496 2518 4571 speciali
2550 4501 2794 4555 oratione
2816 4517 2914 4571 pro
2944 4496 3001 4555 se
3033 4502 3247 4564 orabat,
3269 4499 3317 4552 ei
3345 4496 3623 4571 panderet.
3653 4496 3730 4571 At

2141 4573 2258 4640 ipse
2278 4567 2354 4624 ait
2384 4589 2396 4624 :
2431 4589 2448 4620 ι
2480 4570 2593 4625 Hoc
2618 4567 2850 4639 namque
2877 4571 3151 4626 Christum
3182 4585 3312 4639 rogo
3331 4567 3360 4632 ;’
3378 4568 3622 4640 Domine,
3654 4567 3730 4622 da

2143 4635 2275 4696 mihi
2303 4641 2598 4708 intelligere
2625 4635 2846 4710 peccata
2876 4656 3016 4705 mea,
3040 4651 3094 4695 et
3121 4635 3304 4694 veram
3328 4635 3732 4710 confessionem

2144 4712 2340 4774 facere,
2376 4719 2431 4766 et
2479 4706 2695 4781 dignam
2750 4711 3120 4779 paenitentiam
3176 4723 3375 4781 agere;_
3413 4715 3469 4781 et
3494 4706 3560 4781 d_a
3589 4706 3730 4781 mihi

2143 4782 2516 4836 remissionem
2538 4775 2904 4850 'peccatorum
2945 4775 3234 4850 meorum.—
3260 4799 3280 4832 ι
3335 4777 3436 4850 Cui
3482 4776 3565 4830 vir
3597 4775 3733 4850 Deo

2143 4852 2335 4921 dignus
2374 4845 2694 4905 Benedictus
2719 4851 2794 4904 ait
2825 4869 2838 4903 :
2876 4869 2895 4900 ι
2928 4849 3226 4916 Addamus,
3275 4848 3348 4921 mi
3373 4847 3566 4921 Pater,
3597 4845 3734 4921 huic

2139 4913 2371 5000 orationi
2396 4935 2572 5000 unum
2588 4935 2890 5000 sermonem
2919 4938 2931 4973 :
2958 4927 3153 5000 et_po_s_t
3178 4913 3548 5000 remissionem
3573 4913 3731 4970 salva

2141 5007 2248 5047 mc.
2286 5011 2304 5041 ι
2341 4989 2681 5060 ΑξΑιὺὶηυε
2733 4991 2972 5060 gaudens
2997 4987 3135 5044 dixit
3174 5007 3187 5042 :
3239 5007 3261 5060 ς
3294 4987 3454 5060 ΕἱθιἈ
3470 4998 3734 5060 reveren-

2141 5061 2363 5116 dissime
2391 5058 2484 5125 ﬁli,
2511 5060 2625 5114 ﬁat.
2656 5081 2674 5114 θ
2701 5053 2902 5114 [ferum
2932 5067 3116 5114 autem
3144 5060 3229 5114 vir
3254 5059 3394 5113 idem
3423 5053 3730 5125 ﬂagitabat,

2141 5140 2202 5185 ut
2227 5130 2332 5184 sibi
2378 5130 2618 5200 diceret,
2668 5131 2884 5200 quando
2926 5145 3144 5200 crucem
3192 5128 3381 5200 videns
3437 5141 3495 5200 se
3536 5132 3735 5179 contra

2142 5217 2262 5256 eam
2289 5199 2598 5263 inclinabat,
2628 5196 2748 5268 qua:
2771 5200 2935 5254 verba
2963 5198 3132 5254 labris
3179 5198 3402 5252 silenter
3446 5196 3740 5264 deprome-

2143 5279 2245 5324 ret.
2276 5269 2368 5324 llle
2399 5285 2529 5323 vero
2554 5270 2656 5324 hoc
2686 5269 2860 5338 inquit
2887 5288 2898 5321 :
2939 5287 2958 5318 ι
2987 5268 3155 5322 Tuam
3180 5268 3735 5338 crucemﬁadoramus,

2144 5340 2386 5402 Domine,
2420 5348 2566 5392 tuam
2594 5331 2883 5408 gloriosam
2920 5339 3208 5393 recolimus
3261 5337 3588 5408 passiouem.
3611 5331 3744 5408 _Mi-

2144 5424 2326 5464 serere
2367 5401 2560 5471 nostri,
2596 5401 2708 5478 'qui
2753 5423 2944 5478 passus
2965 5423 3027 5462 es
3061 5423 3158 5478 pro
3189 5401 3364 5478 nobis.
3401 5427 3422 5478 ξ
3457 5405 3585 5459 Post
3611 5401 3742 5478 hinc

2145 5479 2414 5548 deducens
2435 5492 2558 5531 eum
2587 5471 3000 5546 aliquantulum,
3037 5471 3247 5533 remisit
3287 5475 3611 5548 gaudentem
3637 5471 3747 5528 Al-

2145 5547 2304 5602 binus
2331 5548 2398 5603 ad
2425 5562 2522 5601 sua
2543 5562 2796 5617 suosque.

532 5714 559 5742 ³
584 5699 790 5773 Osulfo.
809 5703 884 5758 De
898 5703 1051 5772 cujus
1069 5703 1223 5774 lapsu
1239 5705 1490 5759 videntur
1522 5704 1849 5774 accipiendae
1867 5703 2107 5773 epistolae
2132 5702 2233 5758 158
2262 5710 2316 5760 et
2349 5702 2448 5759 l59
2477 5702 2641 5774 (nunc
2664 5700 2766 5787 207
2794 5711 2850 5760 et
2869 5702 3019 5774 208).
