  <div class='ocr_page' id='page_1' title='image "/cluster/home/n/w/nwhite01/storage/ocr_20150623/100/hvd.32044052819521/056.png"; bbox 0 0 4070 6196; ppageno 0'>
   <div class='ocr_carea' id='block_1_1' title="bbox 249 250 350 308">
    <p class='ocr_par' dir='ltr' id='par_1_1' title="bbox 249 250 350 308">
     <span class='ocr_line' id='line_1_1' title="bbox 249 250 350 308; baseline 0.01 -2"><span class='ocrx_word' id='word_1_1' title='bbox 249 250 350 308; x_wconf 69' lang='grc'><strong>101</strong></span> 
     </span>
    </p>
   </div>
   <div class='ocr_carea' id='block_1_2' title="bbox 249 455 1831 533">
    <p class='ocr_par' dir='ltr' id='par_1_2' title="bbox 249 455 1831 533">
     <span class='ocr_line' id='line_1_2' title="bbox 249 455 1831 533; baseline -0.001 -18"><span class='ocrx_word' id='word_1_2' title='bbox 249 456 501 533; x_wconf 64' lang='lat' dir='ltr'><strong>Ludouici</strong></span> <span class='ocrx_word' id='word_1_3' title='bbox 533 455 658 533; x_wconf 72' lang='lat' dir='ltr'><strong>filii</strong></span> <span class='ocrx_word' id='word_1_4' title='bbox 709 456 1129 533; x_wconf 33' lang='grc' dir='ltr'><strong>(ξςιῖοιῇμρΐιιςιηίΔ</strong></span> <span class='ocrx_word' id='word_1_5' title='bbox 1170 462 1524 533; x_wconf 72' lang='lat' dir='ltr'><strong>principatum</strong></span> <span class='ocrx_word' id='word_1_6' title='bbox 1553 460 1831 533; x_wconf 68' lang='lat' dir='ltr'><strong>praedicit.</strong></span> 
     </span>
    </p>
   </div>
   <div class='ocr_carea' id='block_1_3' title="bbox 405 525 1672 603">
    <p class='ocr_par' dir='ltr' id='par_1_3' title="bbox 405 525 1672 603">
     <span class='ocr_line' id='line_1_3' title="bbox 405 525 1672 603; baseline 0.001 -21"><span class='ocrx_word' id='word_1_7' title='bbox 405 525 702 582; x_wconf 76' lang='lat' dir='ltr'><strong>Lectionem</strong></span> <span class='ocrx_word' id='word_1_8' title='bbox 739 525 940 600; x_wconf 76' lang='lat' dir='ltr'><strong>Virgilii</strong></span> <span class='ocrx_word' id='word_1_9' title='bbox 963 525 1071 584; x_wconf 77' lang='lat' dir='ltr'><strong>suis</strong></span> <span class='ocrx_word' id='word_1_10' title='bbox 1097 525 1368 603; x_wconf 62' lang='lat' dir='ltr'><strong>discipulis</strong></span> <span class='ocrx_word' id='word_1_11' title='bbox 1389 525 1672 586; x_wconf 76' lang='lat' dir='ltr'><strong>interdicit.</strong></span> 
     </span>
    </p>
   </div>
   <div class='ocr_carea' id='block_1_4' title="bbox 326 638 1838 712">
    <p class='ocr_par' dir='ltr' id='par_1_4' title="bbox 326 638 1838 712">
     <span class='ocr_line' id='line_1_4' title="bbox 326 638 1838 712; baseline -0.001 -17"><span class='ocrx_word' id='word_1_12' title='bbox 326 638 502 712; x_wconf 61' lang='lat' dir='ltr'><strong>XVII].</strong></span> <span class='ocrx_word' id='word_1_13' title='bbox 544 639 661 712; x_wconf 78' lang='lat' dir='ltr'><strong>Rex</strong></span> <span class='ocrx_word' id='word_1_14' title='bbox 691 638 958 712; x_wconf 88' lang='lat' dir='ltr'><strong>siquidem</strong></span> <span class='ocrx_word' id='word_1_15' title='bbox 981 655 1208 712; x_wconf 88' lang='lat' dir='ltr'><strong>magnus</strong></span> <span class='ocrx_word' id='word_1_16' title='bbox 1228 641 1631 712; x_wconf 75' lang='lat' dir='ltr'><strong>imperatorque</strong></span> <span class='ocrx_word' id='word_1_17' title='bbox 1647 647 1838 712; x_wconf 84' lang='lat' dir='ltr'><strong>potens</strong></span> 
     </span>
    </p>
   </div>
   <div class='ocr_carea' id='block_1_5' title="bbox 245 710 1839 780">
    <p class='ocr_par' dir='ltr' id='par_1_5' title="bbox 245 710 1839 780">
     <span class='ocr_line' id='line_1_5' title="bbox 245 710 1839 780; baseline -0.002 -14"><span class='ocrx_word' id='word_1_18' title='bbox 245 710 473 766; x_wconf 84' lang='lat' dir='ltr'><strong>Carolus</strong></span> <span class='ocrx_word' id='word_1_19' title='bbox 489 710 756 765; x_wconf 88' lang='lat' dir='ltr'><strong>orationis</strong></span> <span class='ocrx_word' id='word_1_20' title='bbox 780 711 975 780; x_wconf 88' lang='lat' dir='ltr'><strong>gratia,</strong></span> <span class='ocrx_word' id='word_1_21' title='bbox 1001 710 1214 779; x_wconf 85' lang='lat' dir='ltr'><strong>unaque</strong></span> <span class='ocrx_word' id='word_1_22' title='bbox 1243 710 1563 767; x_wconf 63' lang='lat' dir='ltr'><strong>desiderata}</strong></span> <span class='ocrx_word' id='word_1_23' title='bbox 1587 710 1839 780; x_wconf 52' lang='lat' dir='ltr'><strong>conloeue</strong></span> 
     </span>
    </p>
   </div>
   <div class='ocr_carea' id='block_1_6' title="bbox 246 779 1838 848">
    <p class='ocr_par' dir='ltr' id='par_1_6' title="bbox 246 779 1838 848">
     <span class='ocr_line' id='line_1_6' title="bbox 246 779 1838 848; baseline -0.002 -11"><span class='ocrx_word' id='word_1_24' title='bbox 246 781 413 837; x_wconf 87' lang='lat' dir='ltr'><strong>tionis</strong></span> <span class='ocrx_word' id='word_1_25' title='bbox 441 789 644 834; x_wconf 68' lang='lat' dir='ltr'><strong>mutuae</strong></span> <span class='ocrx_word' id='word_1_26' title='bbox 673 779 797 833; x_wconf 89' lang='lat' dir='ltr'><strong>cum</strong></span> <span class='ocrx_word' id='word_1_27' title='bbox 826 779 1021 834; x_wconf 79' lang='lat' dir='ltr'><strong>Albino</strong></span> <span class='ocrx_word' id='word_1_28' title='bbox 1075 781 1380 848; x_wconf 81' lang='lat' dir='ltr'><strong>sepulcrum</strong></span> <span class='ocrx_word' id='word_1_29' title='bbox 1421 781 1592 836; x_wconf 88' lang='lat' dir='ltr'><strong>sancti</strong></span> <span class='ocrx_word' id='word_1_30' title='bbox 1625 779 1838 834; x_wconf 81' lang='lat' dir='ltr'><strong>Martini</strong></span> 
     </span>
    </p>
   </div>
   <div class='ocr_carea' id='block_1_7' title="bbox 244 849 1840 920">
    <p class='ocr_par' dir='ltr' id='par_1_7' title="bbox 244 849 1840 920">
     <span class='ocr_line' id='line_1_7' title="bbox 244 849 1840 920; baseline -0.002 -13"><span class='ocrx_word' id='word_1_31' title='bbox 244 857 362 907; x_wconf 84' lang='lat' dir='ltr'><strong>suis</strong></span> <span class='ocrx_word' id='word_1_32' title='bbox 404 864 528 905; x_wconf 90' lang='lat' dir='ltr'><strong>cum</strong></span> <span class='ocrx_word' id='word_1_33' title='bbox 556 849 683 903; x_wconf 81' lang='lat' dir='ltr'><strong>ﬁliis</strong></span> <span class='ocrx_word' id='word_1_34' title='bbox 706 849 922 920; x_wconf 78' lang='lat' dir='ltr'><strong>Carolo,</strong></span> <span class='ocrx_word' id='word_1_35' title='bbox 950 849 1177 920; x_wconf 89' lang='lat' dir='ltr'><strong>Pippino</strong></span> <span class='ocrx_word' id='word_1_36' title='bbox 1211 865 1274 904; x_wconf 92' lang='lat' dir='ltr'><strong>ac</strong></span> <span class='ocrx_word' id='word_1_37' title='bbox 1299 850 1590 920; x_wconf 85' lang='lat' dir='ltr'><strong>Ludovico,</strong></span> <span class='ocrx_word' id='word_1_38' title='bbox 1620 851 1840 905; x_wconf 74' lang='lat' dir='ltr'><strong>visitare</strong></span> 
     </span>
    </p>
   </div>
   <div class='ocr_carea' id='block_1_8' title="bbox 243 919 1834 989">
    <p class='ocr_par' dir='ltr' id='par_1_8' title="bbox 243 919 1834 989">
     <span class='ocr_line' id='line_1_8' title="bbox 243 919 1834 989; baseline -0.003 -12"><span class='ocrx_word' id='word_1_39' title='bbox 243 921 482 985; x_wconf 86' lang='lat' dir='ltr'><strong>studuit;</strong></span> <span class='ocrx_word' id='word_1_40' title='bbox 499 935 609 989; x_wconf 91' lang='lat' dir='ltr'><strong>quo</strong></span> <span class='ocrx_word' id='word_1_41' title='bbox 625 920 679 974; x_wconf 90' lang='lat' dir='ltr'><strong>in</strong></span> <span class='ocrx_word' id='word_1_42' title='bbox 705 919 825 974; x_wconf 89' lang='lat' dir='ltr'><strong>loco</strong></span> <span class='ocrx_word' id='word_1_43' title='bbox 853 919 1042 973; x_wconf 87' lang='lat' dir='ltr'><strong>tenens</strong></span> <span class='ocrx_word' id='word_1_44' title='bbox 1064 935 1278 989; x_wconf 87' lang='lat' dir='ltr'><strong>manum</strong></span> <span class='ocrx_word' id='word_1_45' title='bbox 1302 919 1482 976; x_wconf 89' lang='lat' dir='ltr'><strong>Albini</strong></span> <span class='ocrx_word' id='word_1_46' title='bbox 1499 921 1573 974; x_wconf 92' lang='lat' dir='ltr'><strong>ait</strong></span> <span class='ocrx_word' id='word_1_47' title='bbox 1595 929 1834 974; x_wconf 90' lang='lat' dir='ltr'><strong>secrete:</strong></span> 
     </span>
    </p>
   </div>
   <div class='ocr_carea' id='block_1_9' title="bbox 252 987 1840 1060">
    <p class='ocr_par' dir='ltr' id='par_1_9' title="bbox 252 987 1840 1060">
     <span class='ocr_line' id='line_1_9' title="bbox 252 987 1840 1060; baseline 0.001 -18"><span class='ocrx_word' id='word_1_48' title='bbox 252 1012 271 1042; x_wconf 72' lang='grc' dir='ltr'>ι</span> <span class='ocrx_word' id='word_1_49' title='bbox 320 987 544 1046; x_wconf 78' lang='lat' dir='ltr'><strong>Domine</strong></span> <span class='ocrx_word' id='word_1_50' title='bbox 566 990 843 1060; x_wconf 82' lang='lat' dir='ltr'><strong>magister,</strong></span> <span class='ocrx_word' id='word_1_51' title='bbox 877 1003 1036 1058; x_wconf 88' lang='lat' dir='ltr'><strong>quem</strong></span> <span class='ocrx_word' id='word_1_52' title='bbox 1065 987 1132 1060; x_wconf 89' lang='lat' dir='ltr'><strong>de</strong></span> <span class='ocrx_word' id='word_1_53' title='bbox 1158 989 1242 1060; x_wconf 89' lang='lat' dir='ltr'><strong>bis</strong></span> <span class='ocrx_word' id='word_1_54' title='bbox 1279 990 1404 1046; x_wconf 88' lang='lat' dir='ltr'><strong>filiis</strong></span> <span class='ocrx_word' id='word_1_55' title='bbox 1448 991 1583 1044; x_wconf 88' lang='lat' dir='ltr'><strong>meis</strong></span> <span class='ocrx_word' id='word_1_56' title='bbox 1625 991 1840 1044; x_wconf 87' lang='lat' dir='ltr'><strong>videtur</strong></span> 
     </span>
    </p>
   </div>
   <div class='ocr_carea' id='block_1_10' title="bbox 245 1058 1836 1131">
    <p class='ocr_par' dir='ltr' id='par_1_10' title="bbox 245 1058 1836 1131">
     <span class='ocr_line' id='line_1_10' title="bbox 245 1058 1836 1131; baseline -0.002 -13"><span class='ocrx_word' id='word_1_57' title='bbox 245 1063 346 1118; x_wconf 84' lang='lat' dir='ltr'><strong>tibi</strong></span> <span class='ocrx_word' id='word_1_58' title='bbox 394 1063 450 1116; x_wconf 90' lang='lat' dir='ltr'><strong>in</strong></span> <span class='ocrx_word' id='word_1_59' title='bbox 493 1061 612 1131; x_wconf 18' lang='lat' dir='ltr'><strong>isto,</strong></span> <span class='ocrx_word' id='word_1_60' title='bbox 642 1058 870 1121; x_wconf 83' lang='lat' dir='ltr'><strong>honore,</strong></span> <span class='ocrx_word' id='word_1_61' title='bbox 901 1074 1064 1128; x_wconf 86' lang='lat' dir='ltr'><strong>quem</strong></span> <span class='ocrx_word' id='word_1_62' title='bbox 1110 1058 1326 1130; x_wconf 84' lang='lat' dir='ltr'><strong>indigno</strong></span> <span class='ocrx_word' id='word_1_63' title='bbox 1358 1076 1664 1131; x_wconf 73' lang='lat' dir='ltr'><strong>quanquam</strong></span> <span class='ocrx_word' id='word_1_64' title='bbox 1695 1061 1836 1131; x_wconf 91' lang='lat' dir='ltr'><strong>dedit</strong></span> 
     </span>
    </p>
   </div>
   <div class='ocr_carea' id='block_1_11' title="bbox 245 1129 1837 1201">
    <p class='ocr_par' dir='ltr' id='par_1_11' title="bbox 245 1129 1837 1201">
     <span class='ocr_line' id='line_1_11' title="bbox 245 1129 1837 1201; baseline -0.003 -13"><span class='ocrx_word' id='word_1_65' title='bbox 245 1133 383 1188; x_wconf 87' lang='lat' dir='ltr'><strong>mihi</strong></span> <span class='ocrx_word' id='word_1_66' title='bbox 411 1131 577 1193; x_wconf 87' lang='lat' dir='ltr'><strong>Deus,</strong></span> <span class='ocrx_word' id='word_1_67' title='bbox 603 1130 806 1201; x_wconf 76' lang='lat' dir='ltr'><strong>habere</strong></span> <span class='ocrx_word' id='word_1_68' title='bbox 829 1143 914 1184; x_wconf 92' lang='lat' dir='ltr'><strong>me</strong></span> <span class='ocrx_word' id='word_1_69' title='bbox 938 1129 1347 1201; x_wconf 81' lang='lat' dir='ltr'><strong>successorem?</strong></span> <span class='ocrx_word' id='word_1_70' title='bbox 1376 1129 1400 1201; x_wconf 52' lang='grc' dir='ltr'>ἢ</span> <span class='ocrx_word' id='word_1_71' title='bbox 1430 1129 1608 1184; x_wconf 86' lang='lat' dir='ltr'><strong>Atille</strong></span> <span class='ocrx_word' id='word_1_72' title='bbox 1630 1129 1837 1201; x_wconf 83' lang='lat' dir='ltr'><strong>vultum</strong></span> 
     </span>
    </p>
   </div>
   <div class='ocr_carea' id='block_1_12' title="bbox 245 1199 1840 1270">
    <p class='ocr_par' dir='ltr' id='par_1_12' title="bbox 245 1199 1840 1270">
     <span class='ocr_line' id='line_1_12' title="bbox 245 1199 1840 1270; baseline -0.004 -12"><span class='ocrx_word' id='word_1_73' title='bbox 245 1205 305 1258; x_wconf 91' lang='lat' dir='ltr'><strong>in</strong></span> <span class='ocrx_word' id='word_1_74' title='bbox 335 1199 665 1257; x_wconf 76' lang='lat' dir='ltr'><strong>Ludovicutn</strong></span> <span class='ocrx_word' id='word_1_75' title='bbox 689 1200 928 1270; x_wconf 84' lang='lat' dir='ltr'><strong>dirigens</strong></span> <span class='ocrx_word' id='word_1_76' title='bbox 957 1199 1307 1254; x_wconf 89' lang='lat' dir='ltr'><strong>novissimum</strong></span> <span class='ocrx_word' id='word_1_77' title='bbox 1348 1199 1582 1270; x_wconf 87' lang='lat' dir='ltr'><strong>illorum,</strong></span> <span class='ocrx_word' id='word_1_78' title='bbox 1615 1199 1840 1270; x_wconf 10' lang='lat' dir='ltr'><strong>sedibu-</strong></span> 
     </span>
    </p>
   </div>
   <div class='ocr_carea' id='block_1_13' title="bbox 247 1269 1840 1340">
    <p class='ocr_par' dir='ltr' id='par_1_13' title="bbox 247 1269 1840 1340">
     <span class='ocr_line' id='line_1_13' title="bbox 247 1269 1840 1340; baseline -0.002 -13"><span class='ocrx_word' id='word_1_79' title='bbox 247 1274 480 1328; x_wconf 87' lang='lat' dir='ltr'><strong>militate</strong></span> <span class='ocrx_word' id='word_1_80' title='bbox 521 1269 908 1340; x_wconf 80' lang='lat' dir='ltr'><strong>clarissimum,</strong></span> <span class='ocrx_word' id='word_1_81' title='bbox 938 1271 1008 1323; x_wconf 92' lang='lat' dir='ltr'><strong>ob</strong></span> <span class='ocrx_word' id='word_1_82' title='bbox 1042 1285 1203 1340; x_wconf 81' lang='lat' dir='ltr'><strong>quam</strong></span> <span class='ocrx_word' id='word_1_83' title='bbox 1229 1285 1259 1324; x_wconf 91' lang='lat' dir='ltr'><strong>a</strong></span> <span class='ocrx_word' id='word_1_84' title='bbox 1289 1269 1472 1324; x_wconf 89' lang='lat' dir='ltr'><strong>multis</strong></span> <span class='ocrx_word' id='word_1_85' title='bbox 1498 1269 1840 1340; x_wconf 83' lang='lat' dir='ltr'><strong>despicabilis</strong></span> 
     </span>
    </p>
   </div>
   <div class='ocr_carea' id='block_1_14' title="bbox 245 1338 1842 1406">
    <p class='ocr_par' dir='ltr' id='par_1_14' title="bbox 245 1338 1842 1406">
     <span class='ocr_line' id='line_1_14' title="bbox 245 1338 1842 1406; baseline -0.005 -7"><span class='ocrx_word' id='word_1_86' title='bbox 245 1344 562 1406; x_wconf 86' lang='lat' dir='ltr'><strong>notabatur,</strong></span> <span class='ocrx_word' id='word_1_87' title='bbox 590 1341 668 1394; x_wconf 90' lang='lat' dir='ltr'><strong>ait</strong></span> <span class='ocrx_word' id='word_1_88' title='bbox 699 1357 711 1392; x_wconf 94' lang='lat'><strong>:</strong></span> <span class='ocrx_word' id='word_1_89' title='bbox 751 1358 768 1391; x_wconf 74' lang='grc' dir='ltr'>ι</span> <span class='ocrx_word' id='word_1_90' title='bbox 806 1339 1044 1394; x_wconf 82' lang='lat' dir='ltr'><strong>Habebis</strong></span> <span class='ocrx_word' id='word_1_91' title='bbox 1070 1338 1400 1395; x_wconf 78' lang='lat' dir='ltr'><strong>Ludovicum</strong></span> <span class='ocrx_word' id='word_1_92' title='bbox 1431 1338 1690 1394; x_wconf 79' lang='lat' dir='ltr'><strong>humilem</strong></span> <span class='ocrx_word' id='word_1_93' title='bbox 1719 1354 1842 1392; x_wconf 91' lang='lat' dir='ltr'><strong>suc-</strong></span> 
     </span>
    </p>
   </div>
   <div class='ocr_carea' id='block_1_15' title="bbox 247 1409 1836 1474">
    <p class='ocr_par' dir='ltr' id='par_1_15' title="bbox 247 1409 1836 1474">
     <span class='ocr_line' id='line_1_15' title="bbox 247 1409 1836 1474; baseline -0.006 -4"><span class='ocrx_word' id='word_1_94' title='bbox 247 1427 522 1470; x_wconf 84' lang='lat' dir='ltr'><strong>cessorem</strong></span> <span class='ocrx_word' id='word_1_95' title='bbox 543 1411 822 1466; x_wconf 80' lang='lat' dir='ltr'><strong>eximium.</strong></span> <span class='ocrx_word' id='word_1_96' title='bbox 861 1430 878 1461; x_wconf 73' lang='grc' dir='ltr'><strong><em>ι</em></strong></span> <span class='ocrx_word' id='word_1_97' title='bbox 909 1410 1021 1464; x_wconf 84' lang='lat' dir='ltr'><strong>Hoc</strong></span> <span class='ocrx_word' id='word_1_98' title='bbox 1042 1418 1166 1464; x_wconf 85' lang='lat' dir='ltr'><strong>tunc</strong></span> <span class='ocrx_word' id='word_1_99' title='bbox 1186 1409 1334 1465; x_wconf 82' lang='lat' dir='ltr'><strong>solus</strong></span> <span class='ocrx_word' id='word_1_100' title='bbox 1355 1411 1560 1465; x_wconf 85' lang='lat' dir='ltr'><strong>audivit</strong></span> <span class='ocrx_word' id='word_1_101' title='bbox 1582 1409 1836 1474; x_wconf 85' lang='lat' dir='ltr'><strong>Carolus;</strong></span> 
     </span>
    </p>
   </div>
   <div class='ocr_carea' id='block_1_16' title="bbox 246 1479 1838 1552">
    <p class='ocr_par' dir='ltr' id='par_1_16' title="bbox 246 1479 1838 1552">
     <span class='ocr_line' id='line_1_16' title="bbox 246 1479 1838 1552; baseline -0.005 -12"><span class='ocrx_word' id='word_1_102' title='bbox 246 1485 342 1540; x_wconf 85' lang='lat' dir='ltr'><strong>sed</strong></span> <span class='ocrx_word' id='word_1_103' title='bbox 366 1491 490 1552; x_wconf 90' lang='lat' dir='ltr'><strong>post</strong></span> <span class='ocrx_word' id='word_1_104' title='bbox 514 1496 642 1552; x_wconf 84' lang='lat' dir='ltr'><strong>cum</strong></span> <span class='ocrx_word' id='word_1_105' title='bbox 666 1480 886 1552; x_wconf 86' lang='lat' dir='ltr'><strong>eosdem</strong></span> <span class='ocrx_word' id='word_1_106' title='bbox 915 1494 1068 1552; x_wconf 88' lang='lat' dir='ltr'><strong>reges</strong></span> <span class='ocrx_word' id='word_1_107' title='bbox 1097 1488 1279 1552; x_wconf 87' lang='lat' dir='ltr'><strong>erecta</strong></span> <span class='ocrx_word' id='word_1_108' title='bbox 1315 1480 1546 1552; x_wconf 77' lang='lat' dir='ltr'><strong>cervice,</strong></span> <span class='ocrx_word' id='word_1_109' title='bbox 1575 1489 1631 1534; x_wconf 93' lang='lat' dir='ltr'><strong>et</strong></span> <span class='ocrx_word' id='word_1_110' title='bbox 1657 1479 1838 1552; x_wconf 87' lang='lat' dir='ltr'><strong>Ludo-_</strong></span> 
     </span>
    </p>
   </div>
   <div class='ocr_carea' id='block_1_17' title="bbox 245 1549 1838 1620">
    <p class='ocr_par' dir='ltr' id='par_1_17' title="bbox 245 1549 1838 1620">
     <span class='ocr_line' id='line_1_17' title="bbox 245 1549 1838 1620; baseline -0.004 -11"><span class='ocrx_word' id='word_1_111' title='bbox 245 1549 429 1608; x_wconf 73' lang='lat' dir='ltr'><strong>vicum</strong></span> <span class='ocrx_word' id='word_1_112' title='bbox 477 1551 690 1614; x_wconf 85' lang='lat' dir='ltr'><strong>humili,</strong></span> <span class='ocrx_word' id='word_1_113' title='bbox 739 1549 1000 1604; x_wconf 82' lang='lat' dir='ltr'><strong>orationis</strong></span> <span class='ocrx_word' id='word_1_114' title='bbox 1021 1551 1194 1620; x_wconf 88' lang='lat' dir='ltr'><strong>gratia</strong></span> <span class='ocrx_word' id='word_1_115' title='bbox 1243 1551 1298 1604; x_wconf 90' lang='lat' dir='ltr'><strong>in</strong></span> <span class='ocrx_word' id='word_1_116' title='bbox 1344 1550 1626 1605; x_wconf 88' lang='lat' dir='ltr'><strong>ecclesiam</strong></span> <span class='ocrx_word' id='word_1_117' title='bbox 1668 1549 1838 1604; x_wconf 82' lang='lat' dir='ltr'><strong>sancti</strong></span> 
     </span>
    </p>
   </div>
   <div class='ocr_carea' id='block_1_18' title="bbox 249 1620 1838 1694">
    <p class='ocr_par' dir='ltr' id='par_1_18' title="bbox 249 1620 1838 1694">
     <span class='ocr_line' id='line_1_18' title="bbox 249 1620 1838 1694; baseline -0.004 -16"><span class='ocrx_word' id='word_1_118' title='bbox 249 1623 510 1694; x_wconf 82' lang='lat' dir='ltr'><strong>Stephani</strong></span> <span class='ocrx_word' id='word_1_119' title='bbox 535 1620 784 1694; x_wconf 78' lang='lat' dir='ltr'><strong>incedere</strong></span> <span class='ocrx_word' id='word_1_120' title='bbox 802 1629 1081 1694; x_wconf 74' lang='lat' dir='ltr'><strong>cerneret,</strong></span> <span class='ocrx_word' id='word_1_121' title='bbox 1109 1621 1302 1694; x_wconf 82' lang='lat' dir='ltr'><strong>sedens</strong></span> <span class='ocrx_word' id='word_1_122' title='bbox 1328 1621 1380 1674; x_wconf 90' lang='lat' dir='ltr'><strong>in</strong></span> <span class='ocrx_word' id='word_1_123' title='bbox 1406 1621 1524 1694; x_wconf 62' lang='lat' dir='ltr'><strong>loco</strong></span> <span class='ocrx_word' id='word_1_124' title='bbox 1549 1634 1838 1694; x_wconf 80' lang='lat' dir='ltr'><strong>quo_sepe-</strong></span> 
     </span>
    </p>
   </div>
   <div class='ocr_carea' id='block_1_19' title="bbox 248 1688 1838 1748">
    <p class='ocr_par' dir='ltr' id='par_1_19' title="bbox 248 1688 1838 1748">
     <span class='ocr_line' id='line_1_19' title="bbox 248 1688 1838 1748; baseline -0.003 0"><span class='ocrx_word' id='word_1_125' title='bbox 248 1688 598 1748; x_wconf 45' lang='lat' dir='ltr'><strong>hri-volebat.</strong></span> <span class='ocrx_word' id='word_1_126' title='bbox 631 1691 749 1744; x_wconf 87' lang='lat' dir='ltr'><strong>infit</strong></span> <span class='ocrx_word' id='word_1_127' title='bbox 770 1691 872 1745; x_wconf 87' lang='lat' dir='ltr'><strong>sibi</strong></span> <span class='ocrx_word' id='word_1_128' title='bbox 899 1690 1307 1745; x_wconf 83' lang='lat' dir='ltr'><strong>assistentibus:</strong></span> <span class='ocrx_word' id='word_1_129' title='bbox 1346 1712 1364 1740; x_wconf 84' lang='grc'>‹</span> <span class='ocrx_word' id='word_1_130' title='bbox 1401 1688 1636 1745; x_wconf 88' lang='lat' dir='ltr'><strong>Cernitis</strong></span> <span class='ocrx_word' id='word_1_131' title='bbox 1663 1688 1838 1743; x_wconf 83' lang='lat' dir='ltr'><strong>Ludo-</strong></span> 
     </span>
    </p>
   </div>
   <div class='ocr_carea' id='block_1_20' title="bbox 249 1735 1913 1818">
    <p class='ocr_par' dir='ltr' id='par_1_20' title="bbox 249 1735 1913 1818">
     <span class='ocr_line' id='line_1_20' title="bbox 249 1735 1913 1818; baseline -0.002 0"><span class='ocrx_word' id='word_1_132' title='bbox 249 1766 429 1818; x_wconf 84' lang='lat' dir='ltr'><strong>vicum</strong></span> <span class='ocrx_word' id='word_1_133' title='bbox 457 1760 717 1816; x_wconf 80' lang='lat' dir='ltr'><strong>fratribus</strong></span> <span class='ocrx_word' id='word_1_134' title='bbox 733 1761 844 1815; x_wconf 91' lang='lat' dir='ltr'><strong>suis</strong></span> <span class='ocrx_word' id='word_1_135' title='bbox 861 1760 1237 1816; x_wconf 88' lang='lat' dir='ltr'><strong>humiliorem?</strong></span> <span class='ocrx_word' id='word_1_136' title='bbox 1264 1770 1410 1816; x_wconf 91' lang='lat' dir='ltr'><strong>certe</strong></span> <span class='ocrx_word' id='word_1_137' title='bbox 1427 1761 1675 1816; x_wconf 82' lang='lat' dir='ltr'><strong>videbitis</strong></span> <span class='ocrx_word' id='word_1_138' title='bbox 1696 1762 1839 1814; x_wconf 88' lang='lat' dir='ltr'><strong>hunc</strong></span> <span class='ocrx_word' id='word_1_139' title='bbox 1873 1735 1913 1794; x_wconf 71' lang='grc' dir='ltr'><strong><em>Β</em></strong></span> 
     </span>
    </p>
   </div>
   <div class='ocr_carea' id='block_1_21' title="bbox 249 1831 1840 1906">
    <p class='ocr_par' dir='ltr' id='par_1_21' title="bbox 249 1831 1840 1906">
     <span class='ocr_line' id='line_1_21' title="bbox 249 1831 1840 1906; baseline -0.004 -18"><span class='ocrx_word' id='word_1_140' title='bbox 249 1834 422 1906; x_wconf 78' lang='lat' dir='ltr'><strong>patris</strong></span> <span class='ocrx_word' id='word_1_141' title='bbox 467 1831 827 1906; x_wconf 86' lang='lat' dir='ltr'><strong>celsissimum</strong></span> <span class='ocrx_word' id='word_1_142' title='bbox 883 1846 1333 1906; x_wconf 45' lang='lat' dir='ltr'><strong>successus-em.)</strong></span> <span class='ocrx_word' id='word_1_143' title='bbox 1370 1831 1480 1886; x_wconf 86' lang='lat' dir='ltr'><strong>Nec</strong></span> <span class='ocrx_word' id='word_1_144' title='bbox 1531 1845 1660 1906; x_wconf 80' lang='lat' dir='ltr'><strong>non,</strong></span> <span class='ocrx_word' id='word_1_145' title='bbox 1718 1844 1840 1883; x_wconf 91' lang='lat' dir='ltr'><strong>cum</strong></span> 
     </span>
    </p>
   </div>
   <div class='ocr_carea' id='block_1_22' title="bbox 249 1899 1841 1976">
    <p class='ocr_par' dir='ltr' id='par_1_22' title="bbox 249 1899 1841 1976">
     <span class='ocr_line' id='line_1_22' title="bbox 249 1899 1841 1976; baseline -0.004 -18"><span class='ocrx_word' id='word_1_146' title='bbox 249 1899 372 1976; x_wconf 69' lang='lat' dir='ltr'><strong>post</strong></span> <span class='ocrx_word' id='word_1_147' title='bbox 385 1902 821 1976; x_wconf 80' lang='lat' dir='ltr'><strong>communionem</strong></span> <span class='ocrx_word' id='word_1_148' title='bbox 839 1901 1080 1976; x_wconf 80' lang='lat' dir='ltr'><strong>corporis</strong></span> <span class='ocrx_word' id='word_1_149' title='bbox 1098 1899 1306 1976; x_wconf 60' lang='lat' dir='ltr'><strong>Chuisti</strong></span> <span class='ocrx_word' id='word_1_150' title='bbox 1321 1911 1375 1957; x_wconf 89' lang='lat' dir='ltr'><strong>et</strong></span> <span class='ocrx_word' id='word_1_151' title='bbox 1385 1902 1666 1976; x_wconf 77' lang='lat' dir='ltr'><strong>sanguinis</strong></span> <span class='ocrx_word' id='word_1_152' title='bbox 1676 1914 1841 1976; x_wconf 74' lang='lat' dir='ltr'><strong>manu</strong></span> 
     </span>
    </p>
   </div>
   <div class='ocr_carea' id='block_1_23' title="bbox 252 1970 1844 2044">
    <p class='ocr_par' dir='ltr' id='par_1_23' title="bbox 252 1970 1844 2044">
     <span class='ocr_line' id='line_1_23' title="bbox 252 1970 1844 2044; baseline -0.005 -14"><span class='ocrx_word' id='word_1_153' title='bbox 252 1970 472 2044; x_wconf 79' lang='lat' dir='ltr'><strong>propria</strong></span> <span class='ocrx_word' id='word_1_154' title='bbox 519 1973 602 2028; x_wconf 92' lang='lat' dir='ltr'><strong>eis</strong></span> <span class='ocrx_word' id='word_1_155' title='bbox 664 1971 938 2044; x_wconf 77' lang='lat' dir='ltr'><strong>misceret,</strong></span> <span class='ocrx_word' id='word_1_156' title='bbox 1005 1971 1144 2026; x_wconf 91' lang='lat' dir='ltr'><strong>idem</strong></span> <span class='ocrx_word' id='word_1_157' title='bbox 1194 1970 1498 2044; x_wconf 74' lang='lat' dir='ltr'><strong>Ludovicus</strong></span> <span class='ocrx_word' id='word_1_158' title='bbox 1541 1971 1844 2044; x_wconf 81' lang='lat' dir='ltr'><strong>humilitate</strong></span> 
     </span>
    </p>
   </div>
   <div class='ocr_carea' id='block_1_24' title="bbox 252 2040 1840 2112">
    <p class='ocr_par' dir='ltr' id='par_1_24' title="bbox 252 2040 1840 2112">
     <span class='ocr_line' id='line_1_24' title="bbox 252 2040 1840 2112; baseline -0.003 -14"><span class='ocrx_word' id='word_1_159' title='bbox 252 2040 592 2100; x_wconf 60' lang='lat' dir='ltr'><strong>clarissimus</strong></span> <span class='ocrx_word' id='word_1_160' title='bbox 616 2056 728 2112; x_wconf 70' lang='lat' dir='ltr'><strong>prae</strong></span> <span class='ocrx_word' id='word_1_161' title='bbox 773 2042 1025 2097; x_wconf 89' lang='lat' dir='ltr'><strong>omnibus</strong></span> <span class='ocrx_word' id='word_1_162' title='bbox 1065 2042 1434 2112; x_wconf 73' lang='lat' dir='ltr'><strong>patrisancto</strong></span> <span class='ocrx_word' id='word_1_163' title='bbox 1469 2057 1526 2097; x_wconf 91' lang='lat' dir='ltr'><strong>se</strong></span> <span class='ocrx_word' id='word_1_164' title='bbox 1556 2040 1840 2112; x_wconf 80' lang='lat' dir='ltr'><strong>inclinans,</strong></span> 
     </span>
    </p>
   </div>
   <div class='ocr_carea' id='block_1_25' title="bbox 1797 251 1969 313">
    <p class='ocr_par' dir='ltr' id='par_1_25' title="bbox 1797 251 1969 313">
     <span class='ocr_line' id='line_1_25' title="bbox 1797 251 1969 313; baseline 0.017 -3"><span class='ocrx_word' id='word_1_165' title='bbox 1797 251 1969 313; x_wconf 72' lang='lat' dir='ltr'><strong>VlTA.</strong></span> 
     </span>
    </p>
   </div>
   <div class='ocr_carea' id='block_1_26' title="bbox 875 367 1916 431">
    <p class='ocr_par' dir='ltr' id='par_1_26' title="bbox 875 367 1916 431">
     <span class='ocr_line' id='line_1_26' title="bbox 875 367 1916 431; baseline 0.009 -9"><span class='ocrx_word' id='word_1_166' title='bbox 875 367 1099 426; x_wconf 82' lang='lat' dir='ltr'><strong>CAPUT</strong></span> <span class='ocrx_word' id='word_1_167' title='bbox 1133 367 1202 425; x_wconf 83' lang='lat' dir='ltr'><strong>X.</strong></span> <span class='ocrx_word' id='word_1_168' title='bbox 1863 374 1916 431; x_wconf 76' lang='grc' dir='ltr'><strong>Δ</strong></span> 
     </span>
    </p>
   </div>
   <div class='ocr_carea' id='block_1_27' title="bbox 3421 261 3524 319">
    <p class='ocr_par' dir='ltr' id='par_1_27' title="bbox 3421 261 3524 319">
     <span class='ocr_line' id='line_1_27' title="bbox 3421 261 3524 319; baseline 0.029 -4"><span class='ocrx_word' id='word_1_169' title='bbox 3421 261 3524 319; x_wconf 66' lang='grc' dir='ltr'><strong>ΙΓΞ</strong></span> 
     </span>
    </p>
   </div>
   <div class='ocr_carea' id='block_1_28' title="bbox 2008 362 3522 437">
    <p class='ocr_par' dir='ltr' id='par_1_28' title="bbox 2008 362 3522 437">
     <span class='ocr_line' id='line_1_28' title="bbox 2008 362 3522 437; baseline 0.008 -19"><span class='ocrx_word' id='word_1_170' title='bbox 2008 363 2124 431; x_wconf 87' lang='lat' dir='ltr'><strong>bat,</strong></span> <span class='ocrx_word' id='word_1_171' title='bbox 2157 362 2394 437; x_wconf 74' lang='lat' dir='ltr'><strong>iusserat</strong></span> <span class='ocrx_word' id='word_1_172' title='bbox 2445 365 2558 436; x_wconf 89' lang='lat' dir='ltr'><strong>ipse</strong></span> <span class='ocrx_word' id='word_1_173' title='bbox 2599 374 2753 437; x_wconf 87' lang='lat' dir='ltr'><strong>pater</strong></span> <span class='ocrx_word' id='word_1_174' title='bbox 2791 377 3004 423; x_wconf 80' lang='lat' dir='ltr'><strong>centum</strong></span> <span class='ocrx_word' id='word_1_175' title='bbox 3036 369 3211 424; x_wconf 88' lang='lat' dir='ltr'><strong>modia</strong></span> <span class='ocrx_word' id='word_1_176' title='bbox 3243 367 3354 426; x_wconf 85' lang='lat' dir='ltr'><strong>vini</strong></span> <span class='ocrx_word' id='word_1_177' title='bbox 3381 372 3522 432; x_wconf 86' lang='lat' dir='ltr'><strong>dari.</strong></span> 
     </span>
    </p>
   </div>
   <div class='ocr_carea' id='block_1_29' title="bbox 1987 435 3526 515">
    <p class='ocr_par' dir='ltr' id='par_1_29' title="bbox 1987 435 3526 515">
     <span class='ocr_line' id='line_1_29' title="bbox 1987 435 3526 515; baseline 0.007 -26"><span class='ocrx_word' id='word_1_178' title='bbox 1987 450 2182 515; x_wconf 68' lang='lat' dir='ltr'><strong>umque</strong></span> <span class='ocrx_word' id='word_1_179' title='bbox 2213 435 2281 515; x_wconf 70' lang='lat' dir='ltr'><strong>ad</strong></span> <span class='ocrx_word' id='word_1_180' title='bbox 2311 435 3079 515; x_wconf 71' lang='lat' dir='ltr'><strong>mouasteriumducerentur,</strong></span> <span class='ocrx_word' id='word_1_181' title='bbox 3110 441 3386 515; x_wconf 85' lang='lat' dir='ltr'><strong>mandavit</strong></span> <span class='ocrx_word' id='word_1_182' title='bbox 3428 461 3526 515; x_wconf 88' lang='lat' dir='ltr'><strong>per</strong></span> 
     </span>
    </p>
   </div>
   <div class='ocr_carea' id='block_1_30' title="bbox 1942 504 3525 581">
    <p class='ocr_par' dir='ltr' id='par_1_30' title="bbox 1942 504 3525 581">
     <span class='ocr_line' id='line_1_30' title="bbox 1942 504 3525 581; baseline 0.007 -24"><span class='ocrx_word' id='word_1_183' title='bbox 1942 504 2208 581; x_wconf 91' lang='lat' dir='ltr'><strong>_Sigulfum</strong></span> <span class='ocrx_word' id='word_1_184' title='bbox 2242 504 2512 581; x_wconf 78' lang='lat' dir='ltr'><strong>Benedicti</strong></span> <span class='ocrx_word' id='word_1_185' title='bbox 2547 507 2757 562; x_wconf 88' lang='lat' dir='ltr'><strong>abbatis</strong></span> <span class='ocrx_word' id='word_1_186' title='bbox 2795 510 3126 581; x_wconf 82' lang='lat' dir='ltr'><strong>monachum</strong></span> <span class='ocrx_word' id='word_1_187' title='bbox 3169 521 3192 549; x_wconf 72' lang='grc' dir='ltr'><strong>ο</strong></span> <span class='ocrx_word' id='word_1_188' title='bbox 3227 504 3525 581; x_wconf 78' lang='lat' dir='ltr'><strong>provisori-</strong></span> 
     </span>
    </p>
   </div>
   <div class='ocr_carea' id='block_1_31' title="bbox 1941 575 3553 655">
    <p class='ocr_par' dir='ltr' id='par_1_31' title="bbox 1941 575 3553 655">
     <span class='ocr_line' id='line_1_31' title="bbox 1941 575 3553 655; baseline 0.007 -27"><span class='ocrx_word' id='word_1_189' title='bbox 1941 576 2042 629; x_wconf 89' lang='lat' dir='ltr'><strong>bus</strong></span> <span class='ocrx_word' id='word_1_190' title='bbox 2078 575 2414 639; x_wconf 86' lang='lat' dir='ltr'><strong>monasterii,</strong></span> <span class='ocrx_word' id='word_1_191' title='bbox 2448 584 2507 655; x_wconf 76' lang='lat' dir='ltr'><strong>ut</strong></span> <span class='ocrx_word' id='word_1_192' title='bbox 2538 585 2782 655; x_wconf 73' lang='lat' dir='ltr'><strong>tenerent</strong></span> <span class='ocrx_word' id='word_1_193' title='bbox 2839 579 3052 655; x_wconf 73' lang='lat' dir='ltr'><strong>interim</strong></span> <span class='ocrx_word' id='word_1_194' title='bbox 3096 575 3362 655; x_wconf 77' lang='lat' dir='ltr'><strong>ductores</strong></span> <span class='ocrx_word' id='word_1_195' title='bbox 3392 587 3553 655; x_wconf 29' lang='lat' dir='ltr'><strong>vini”</strong></span> 
     </span>
    </p>
   </div>
   <div class='ocr_carea' id='block_1_32' title="bbox 1938 645 3562 723">
    <p class='ocr_par' dir='ltr' id='par_1_32' title="bbox 1938 645 3562 723">
     <span class='ocr_line' id='line_1_32' title="bbox 1938 645 3562 723; baseline 0.007 -26"><span class='ocrx_word' id='word_1_196' title='bbox 1938 659 2219 723; x_wconf 75' lang='lat' dir='ltr'><strong>quousque</strong></span> <span class='ocrx_word' id='word_1_197' title='bbox 2242 659 2429 723; x_wconf 68' lang='lat' dir='ltr'><strong>coram</strong></span> <span class='ocrx_word' id='word_1_198' title='bbox 2455 645 2550 723; x_wconf 71' lang='lat' dir='ltr'><strong>eis</strong></span> <span class='ocrx_word' id='word_1_199' title='bbox 2584 645 2948 723; x_wconf 84' lang='lat' dir='ltr'><strong>de__vasculis,</strong></span> <span class='ocrx_word' id='word_1_200' title='bbox 3001 650 3054 702; x_wconf 90' lang='lat' dir='ltr'><strong>in</strong></span> <span class='ocrx_word' id='word_1_201' title='bbox 3106 645 3562 723; x_wconf 26' lang='lat' dir='ltr'><strong>quibusvipsuni&#39;t</strong></span> 
     </span>
    </p>
   </div>
   <div class='ocr_carea' id='block_1_33' title="bbox 1939 714 3528 791">
    <p class='ocr_par' dir='ltr' id='par_1_33' title="bbox 1939 714 3528 791">
     <span class='ocr_line' id='line_1_33' title="bbox 1939 714 3528 791; baseline 0.007 -24"><span class='ocrx_word' id='word_1_202' title='bbox 1939 715 2505 791; x_wconf 69' lang='lat' dir='ltr'><strong>vinumadduxerant,</strong></span> <span class='ocrx_word' id='word_1_203' title='bbox 2538 714 2592 768; x_wconf 88' lang='lat' dir='ltr'><strong>in</strong></span> <span class='ocrx_word' id='word_1_204' title='bbox 2615 716 2718 768; x_wconf 90' lang='lat' dir='ltr'><strong>alia</strong></span> <span class='ocrx_word' id='word_1_205' title='bbox 2741 727 3068 791; x_wconf 76' lang='lat' dir='ltr'><strong>mutaretur;</strong></span> <span class='ocrx_word' id='word_1_206' title='bbox 3111 714 3232 787; x_wconf 83' lang='lat' dir='ltr'><strong>quia</strong></span> <span class='ocrx_word' id='word_1_207' title='bbox 3266 714 3431 791; x_wconf 44' lang='lat' dir='ltr'><strong>aliq‘ui</strong></span> <span class='ocrx_word' id='word_1_208' title='bbox 3460 739 3528 777; x_wconf 77' lang='lat' dir='ltr'><strong>ex</strong></span> 
     </span>
    </p>
   </div>
   <div class='ocr_carea' id='block_1_34' title="bbox 1939 783 3525 861">
    <p class='ocr_par' dir='ltr' id='par_1_34' title="bbox 1939 783 3525 861">
     <span class='ocr_line' id='line_1_34' title="bbox 1939 783 3525 861; baseline 0.006 -24"><span class='ocrx_word' id='word_1_209' title='bbox 1939 784 2038 847; x_wconf 92' lang='lat' dir='ltr'><strong>eis,</strong></span> <span class='ocrx_word' id='word_1_210' title='bbox 2065 784 2187 838; x_wconf 91' lang='lat' dir='ltr'><strong>inde</strong></span> <span class='ocrx_word' id='word_1_211' title='bbox 2209 783 2407 861; x_wconf 76' lang='lat' dir='ltr'><strong>furtive</strong></span> <span class='ocrx_word' id='word_1_212' title='bbox 2435 793 2726 861; x_wconf 89' lang='lat' dir='ltr'><strong>sumentes,</strong></span> <span class='ocrx_word' id='word_1_213' title='bbox 2747 786 2800 838; x_wconf 87' lang='lat' dir='ltr'><strong>in</strong></span> <span class='ocrx_word' id='word_1_214' title='bbox 2825 783 3525 861; x_wconf 63' lang='lat' dir='ltr'><strong>vascula,_quatenus&#39;plena</strong></span> 
     </span>
    </p>
   </div>
   <div class='ocr_carea' id='block_1_35' title="bbox 1939 853 3525 925">
    <p class='ocr_par' dir='ltr' id='par_1_35' title="bbox 1939 853 3525 925">
     <span class='ocr_line' id='line_1_35' title="bbox 1939 853 3525 925; baseline 0.005 -18"><span class='ocrx_word' id='word_1_215' title='bbox 1939 862 2120 909; x_wconf 88' lang='lat' dir='ltr'><strong>essent</strong></span> <span class='ocrx_word' id='word_1_216' title='bbox 2149 869 2269 925; x_wconf 83' lang='lat' dir='ltr'><strong>cum</strong></span> <span class='ocrx_word' id='word_1_217' title='bbox 2308 853 2377 907; x_wconf 89' lang='lat' dir='ltr'><strong>ad</strong></span> <span class='ocrx_word' id='word_1_218' title='bbox 2427 856 2814 908; x_wconf 84' lang='lat' dir='ltr'><strong>monasterium</strong></span> <span class='ocrx_word' id='word_1_219' title='bbox 2867 853 3232 925; x_wconf 78' lang='lat' dir='ltr'><strong>pervenirent,</strong></span> <span class='ocrx_word' id='word_1_220' title='bbox 3287 853 3525 916; x_wconf 65' lang='lat' dir='ltr'><strong>fah&#39;ulum</strong></span> 
     </span>
    </p>
   </div>
   <div class='ocr_carea' id='block_1_36' title="bbox 1940 924 3526 1046">
    <p class='ocr_par' dir='ltr' id='par_1_36' title="bbox 1940 924 3526 1046">
     <span class='ocr_line' id='line_1_36' title="bbox 1940 924 3526 1046; baseline 0.006 -70"><span class='ocrx_word' id='word_1_221' title='bbox 1940 939 2094 1046; x_wconf 51' lang='lat' dir='ltr'><strong>aqu:</strong></span> <span class='ocrx_word' id='word_1_222' title='bbox 2119 924 2467 1046; x_wconf 63' lang='lat' dir='ltr'><strong>miseuerant,</strong></span> <span class='ocrx_word' id='word_1_223' title='bbox 2497 925 2640 992; x_wconf 88' lang='lat' dir='ltr'><strong>quod</strong></span> <span class='ocrx_word' id='word_1_224' title='bbox 2669 926 2743 978; x_wconf 92' lang='lat' dir='ltr'><strong>ita</strong></span> <span class='ocrx_word' id='word_1_225' title='bbox 2769 924 2972 979; x_wconf 79' lang='lat' dir='ltr'><strong>factum</strong></span> <span class='ocrx_word' id='word_1_226' title='bbox 3002 926 3196 981; x_wconf 82' lang='lat' dir='ltr'><strong>fratres</strong></span> <span class='ocrx_word' id='word_1_227' title='bbox 3223 930 3526 984; x_wconf 86' lang='lat' dir='ltr'><strong>certissime</strong></span> 
     </span>
     <span class='ocr_line' id='line_1_37' title="bbox 1940 1008 2258 1046; baseline -0.003 0"><span class='ocrx_word' id='word_1_228' title='bbox 1940 1009 2038 1046; x_wconf 91' lang='lat' dir='ltr'><strong>nro</strong></span> <span class='ocrx_word' id='word_1_229' title='bbox 2078 1008 2212 1046; x_wconf 90' lang='lat' dir='ltr'><strong>arun</strong></span> <span class='ocrx_word' id='word_1_230' title='bbox 2246 1033 2258 1045; x_wconf 93' lang='lat'><strong>.</strong></span> 
     </span>
    </p>
   </div>
   <div class='ocr_carea' id='block_1_37' title="bbox 1939 1003 2258 1062">
    <p class='ocr_par' dir='ltr' id='par_1_37' title="bbox 1939 1003 2258 1062">
     <span class='ocr_line' id='line_1_38' title="bbox 1939 1003 2258 1062; baseline -0.006 -15"><span class='ocrx_word' id='word_1_231' title='bbox 1939 1003 2258 1062; x_wconf 89' lang='lat' dir='ltr'><strong>probarunt.</strong></span> 
     </span>
    </p>
   </div>
   <div class='ocr_carea' id='block_1_38' title="bbox 2012 1061 3530 1136">
    <p class='ocr_par' dir='ltr' id='par_1_38' title="bbox 2012 1061 3530 1136">
     <span class='ocr_line' id='line_1_39' title="bbox 2012 1061 3530 1136; baseline 0.006 -21"><span class='ocrx_word' id='word_1_232' title='bbox 2012 1061 2154 1136; x_wconf 69' lang='lat' dir='ltr'><strong>XXI,</strong></span> <span class='ocrx_word' id='word_1_233' title='bbox 2190 1061 2437 1136; x_wconf 86' lang='lat' dir='ltr'><strong>Aigulfus</strong></span> <span class='ocrx_word' id='word_1_234' title='bbox 2473 1072 2734 1133; x_wconf 61' lang='lat' dir='ltr'><strong>praeterea</strong></span> <span class='ocrx_word' id='word_1_235' title='bbox 2763 1065 3061 1136; x_wconf 85' lang='lat' dir='ltr'><strong>presbyter</strong></span> <span class='ocrx_word' id='word_1_236' title='bbox 3099 1065 3428 1136; x_wconf 82' lang='lat' dir='ltr'><strong>Engelsaxo,</strong></span> <span class='ocrx_word' id='word_1_237' title='bbox 3474 1078 3530 1124; x_wconf 93' lang='lat' dir='ltr'><strong>et</strong></span> 
     </span>
    </p>
   </div>
   <div class='ocr_carea' id='block_1_39' title="bbox 1943 1133 3526 1203">
    <p class='ocr_par' dir='ltr' id='par_1_39' title="bbox 1943 1133 3526 1203">
     <span class='ocr_line' id='line_1_40' title="bbox 1943 1133 3526 1203; baseline 0.004 -17"><span class='ocrx_word' id='word_1_238' title='bbox 1943 1133 2054 1200; x_wconf 87' lang='lat' dir='ltr'><strong>ipse</strong></span> <span class='ocrx_word' id='word_1_239' title='bbox 2090 1133 2157 1187; x_wconf 90' lang='lat' dir='ltr'><strong>ad</strong></span> <span class='ocrx_word' id='word_1_240' title='bbox 2193 1135 2440 1188; x_wconf 90' lang='lat' dir='ltr'><strong>eumdem</strong></span> <span class='ocrx_word' id='word_1_241' title='bbox 2480 1143 2687 1203; x_wconf 88' lang='lat' dir='ltr'><strong>patrem</strong></span> <span class='ocrx_word' id='word_1_242' title='bbox 2722 1133 3047 1189; x_wconf 69' lang='lat' dir='ltr'><strong>visitanslum</strong></span> <span class='ocrx_word' id='word_1_243' title='bbox 3089 1133 3322 1190; x_wconf 85' lang='lat' dir='ltr'><strong>Turonis</strong></span> <span class='ocrx_word' id='word_1_244' title='bbox 3359 1139 3526 1192; x_wconf 81' lang='lat' dir='ltr'><strong>venit.</strong></span> 
     </span>
    </p>
   </div>
   <div class='ocr_carea' id='block_1_40' title="bbox 1941 1203 3528 1274">
    <p class='ocr_par' dir='ltr' id='par_1_40' title="bbox 1941 1203 3528 1274">
     <span class='ocr_line' id='line_1_41' title="bbox 1941 1203 3528 1274; baseline 0.004 -18"><span class='ocrx_word' id='word_1_245' title='bbox 1941 1203 2183 1274; x_wconf 77' lang='lat' dir='ltr'><strong>Cumque</strong></span> <span class='ocrx_word' id='word_1_246' title='bbox 2205 1211 2331 1258; x_wconf 88' lang='lat' dir='ltr'><strong>ante</strong></span> <span class='ocrx_word' id='word_1_247' title='bbox 2354 1218 2575 1274; x_wconf 71' lang='lat' dir='ltr'><strong>Januam</strong></span> <span class='ocrx_word' id='word_1_248' title='bbox 2603 1203 2721 1272; x_wconf 85' lang='lat' dir='ltr'><strong>ejus</strong></span> <span class='ocrx_word' id='word_1_249' title='bbox 2748 1204 2943 1274; x_wconf 87' lang='lat' dir='ltr'><strong>domus</strong></span> <span class='ocrx_word' id='word_1_250' title='bbox 2968 1206 3219 1274; x_wconf 65' lang='lat' dir='ltr'><strong>erupisset</strong></span> <span class='ocrx_word' id='word_1_251' title='bbox 3251 1208 3528 1272; x_wconf 90' lang='lat' dir='ltr'><strong>assistere,</strong></span> 
     </span>
    </p>
   </div>
   <div class='ocr_carea' id='block_1_41' title="bbox 1940 1273 3532 1342">
    <p class='ocr_par' dir='ltr' id='par_1_41' title="bbox 1940 1273 3532 1342">
     <span class='ocr_line' id='line_1_42' title="bbox 1940 1273 3532 1342; baseline 0.003 -15"><span class='ocrx_word' id='word_1_252' title='bbox 1940 1273 2095 1327; x_wconf 87' lang='lat' dir='ltr'><strong>ecce!</strong></span> <span class='ocrx_word' id='word_1_253' title='bbox 2129 1274 2346 1342; x_wconf 91' lang='lat' dir='ltr'><strong>quidam</strong></span> <span class='ocrx_word' id='word_1_254' title='bbox 2377 1273 2769 1328; x_wconf 83' lang='lat' dir='ltr'><strong>Turonensium</strong></span> <span class='ocrx_word' id='word_1_255' title='bbox 2799 1273 3026 1328; x_wconf 83' lang='lat' dir='ltr'><strong>fratrum</strong></span> <span class='ocrx_word' id='word_1_256' title='bbox 3054 1273 3256 1340; x_wconf 17' lang='lat' dir='ltr'><strong>isimul,</strong></span> <span class='ocrx_word' id='word_1_257' title='bbox 3284 1277 3532 1332; x_wconf 89' lang='lat' dir='ltr'><strong>videlicet</strong></span> 
     </span>
    </p>
   </div>
   <div class='ocr_carea' id='block_1_42' title="bbox 1940 1343 3535 1416">
    <p class='ocr_par' dir='ltr' id='par_1_42' title="bbox 1940 1343 3535 1416">
     <span class='ocr_line' id='line_1_43' title="bbox 1940 1343 3535 1416; baseline 0.003 -20"><span class='ocrx_word' id='word_1_258' title='bbox 1940 1351 2191 1416; x_wconf 82' lang='lat' dir='ltr'><strong>quatuor,</strong></span> <span class='ocrx_word' id='word_1_259' title='bbox 2225 1343 2398 1416; x_wconf 87' lang='lat' dir='ltr'><strong>juncti</strong></span> <span class='ocrx_word' id='word_1_260' title='bbox 2437 1344 2578 1416; x_wconf 88' lang='lat' dir='ltr'><strong>hunc</strong></span> <span class='ocrx_word' id='word_1_261' title='bbox 2607 1344 2982 1416; x_wconf 81' lang='lat' dir='ltr'><strong>respicientes,</strong></span> <span class='ocrx_word' id='word_1_262' title='bbox 3013 1355 3371 1416; x_wconf 88' lang='lat' dir='ltr'><strong>putantesque</strong></span> <span class='ocrx_word' id='word_1_263' title='bbox 3400 1348 3535 1402; x_wconf 89' lang='lat' dir='ltr'><strong>nihil</strong></span> 
     </span>
    </p>
   </div>
   <div class='ocr_carea' id='block_1_43' title="bbox 1939 1413 3534 1484">
    <p class='ocr_par' dir='ltr' id='par_1_43' title="bbox 1939 1413 3534 1484">
     <span class='ocr_line' id='line_1_44' title="bbox 1939 1413 3534 1484; baseline 0.003 -17"><span class='ocrx_word' id='word_1_264' title='bbox 1939 1427 2062 1484; x_wconf 84' lang='lat' dir='ltr'><strong>eum</strong></span> <span class='ocrx_word' id='word_1_265' title='bbox 2102 1413 2316 1467; x_wconf 92' lang='lat' dir='ltr'><strong>illorum</strong></span> <span class='ocrx_word' id='word_1_266' title='bbox 2351 1413 2418 1467; x_wconf 88' lang='lat' dir='ltr'><strong>de</strong></span> <span class='ocrx_word' id='word_1_267' title='bbox 2458 1414 2726 1484; x_wconf 77' lang='lat' dir='ltr'><strong>locutiune</strong></span> <span class='ocrx_word' id='word_1_268' title='bbox 2766 1415 2934 1477; x_wconf 91' lang='lat' dir='ltr'><strong>scire,</strong></span> <span class='ocrx_word' id='word_1_269' title='bbox 2983 1413 3429 1484; x_wconf 75' lang='lat' dir='ltr'><strong>colloquebantur</strong></span> <span class='ocrx_word' id='word_1_270' title='bbox 3465 1418 3534 1471; x_wconf 86' lang='lat' dir='ltr'><strong>ad</strong></span> 
     </span>
    </p>
   </div>
   <div class='ocr_carea' id='block_1_44' title="bbox 1941 1483 3540 1541">
    <p class='ocr_par' dir='ltr' id='par_1_44' title="bbox 1941 1483 3540 1541">
     <span class='ocr_line' id='line_1_45' title="bbox 1941 1483 3540 1541; baseline 0.003 -5"><span class='ocrx_word' id='word_1_271' title='bbox 1941 1483 2169 1536; x_wconf 86' lang='lat' dir='ltr'><strong>invicem</strong></span> <span class='ocrx_word' id='word_1_272' title='bbox 2200 1500 2212 1534; x_wconf 93' lang='lat'>:</span> <span class='ocrx_word' id='word_1_273' title='bbox 2248 1502 2266 1533; x_wconf 70' lang='grc' dir='ltr'>ι</span> <span class='ocrx_word' id='word_1_274' title='bbox 2307 1484 2467 1539; x_wconf 84' lang='lat' dir='ltr'><strong>Venit</strong></span> <span class='ocrx_word' id='word_1_275' title='bbox 2495 1484 2596 1536; x_wconf 90' lang='lat' dir='ltr'><strong>iste</strong></span> <span class='ocrx_word' id='word_1_276' title='bbox 2633 1483 2804 1538; x_wconf 87' lang='lat' dir='ltr'><strong>Britto</strong></span> <span class='ocrx_word' id='word_1_277' title='bbox 2834 1485 2916 1538; x_wconf 86' lang='lat' dir='ltr'><strong>vel</strong></span> <span class='ocrx_word' id='word_1_278' title='bbox 2957 1483 3154 1540; x_wconf 29' lang='lat' dir='ltr'><strong>Scotto’</strong></span> <span class='ocrx_word' id='word_1_279' title='bbox 3175 1487 3240 1539; x_wconf 90' lang='lat' dir='ltr'><strong>ad</strong></span> <span class='ocrx_word' id='word_1_280' title='bbox 3279 1487 3425 1541; x_wconf 92' lang='lat' dir='ltr'><strong>illum</strong></span> <span class='ocrx_word' id='word_1_281' title='bbox 3457 1488 3540 1541; x_wconf 86' lang='lat' dir='ltr'><strong>al-</strong></span> 
     </span>
    </p>
   </div>
   <div class='ocr_carea' id='block_1_45' title="bbox 1939 1551 3534 1622">
    <p class='ocr_par' dir='ltr' id='par_1_45' title="bbox 1939 1551 3534 1622">
     <span class='ocr_line' id='line_1_46' title="bbox 1939 1551 3534 1622; baseline 0.003 -16"><span class='ocrx_word' id='word_1_282' title='bbox 1939 1560 2116 1606; x_wconf 88' lang='lat' dir='ltr'><strong>terum</strong></span> <span class='ocrx_word' id='word_1_283' title='bbox 2152 1551 2474 1616; x_wconf 88' lang='lat' dir='ltr'><strong>Brittonem,</strong></span> <span class='ocrx_word' id='word_1_284' title='bbox 2526 1553 2617 1621; x_wconf 91' lang='lat' dir='ltr'><strong>qui</strong></span> <span class='ocrx_word' id='word_1_285' title='bbox 2670 1554 2811 1608; x_wconf 88' lang='lat' dir='ltr'><strong>intus</strong></span> <span class='ocrx_word' id='word_1_286' title='bbox 2847 1553 3012 1622; x_wconf 85' lang='lat' dir='ltr'><strong>jacet.</strong></span> <span class='ocrx_word' id='word_1_287' title='bbox 3064 1555 3108 1610; x_wconf 94' lang='grc' dir='ltr'>Ο</span> <span class='ocrx_word' id='word_1_288' title='bbox 3156 1557 3316 1622; x_wconf 82' lang='lat' dir='ltr'><strong>Deus,</strong></span> <span class='ocrx_word' id='word_1_289' title='bbox 3367 1557 3534 1612; x_wconf 88' lang='lat' dir='ltr'><strong>libera</strong></span> 
     </span>
    </p>
   </div>
   <div class='ocr_carea' id='block_1_46' title="bbox 1942 1623 3538 1682">
    <p class='ocr_par' dir='ltr' id='par_1_46' title="bbox 1942 1623 3538 1682">
     <span class='ocr_line' id='line_1_47' title="bbox 1942 1623 3538 1682; baseline 0.003 -7"><span class='ocrx_word' id='word_1_290' title='bbox 1942 1623 2083 1676; x_wconf 90' lang='lat' dir='ltr'><strong>istud</strong></span> <span class='ocrx_word' id='word_1_291' title='bbox 2125 1625 2514 1678; x_wconf 86' lang='lat' dir='ltr'><strong>monasterium</strong></span> <span class='ocrx_word' id='word_1_292' title='bbox 2557 1624 2622 1677; x_wconf 92' lang='lat' dir='ltr'><strong>de</strong></span> <span class='ocrx_word' id='word_1_293' title='bbox 2661 1623 2779 1679; x_wconf 91' lang='lat' dir='ltr'><strong>istis</strong></span> <span class='ocrx_word' id='word_1_294' title='bbox 2817 1625 3172 1680; x_wconf 84' lang='lat' dir='ltr'><strong>Brittonibus.</strong></span> <span class='ocrx_word' id='word_1_295' title='bbox 3217 1627 3351 1681; x_wconf 88' lang='lat' dir='ltr'><strong>Nam</strong></span> <span class='ocrx_word' id='word_1_296' title='bbox 3397 1629 3538 1682; x_wconf 87' lang='lat' dir='ltr'><strong>sicut</strong></span> 
     </span>
    </p>
   </div>
   <div class='ocr_carea' id='block_1_47' title="bbox 1943 1693 3538 1761">
    <p class='ocr_par' dir='ltr' id='par_1_47' title="bbox 1943 1693 3538 1761">
     <span class='ocr_line' id='line_1_48' title="bbox 1943 1693 3538 1761; baseline 0.003 -15"><span class='ocrx_word' id='word_1_297' title='bbox 1943 1707 2070 1760; x_wconf 86' lang='lat' dir='ltr'><strong>apes</strong></span> <span class='ocrx_word' id='word_1_298' title='bbox 2106 1693 2344 1761; x_wconf 89' lang='lat' dir='ltr'><strong>undique</strong></span> <span class='ocrx_word' id='word_1_299' title='bbox 2381 1694 2448 1747; x_wconf 92' lang='lat' dir='ltr'><strong>ad</strong></span> <span class='ocrx_word' id='word_1_300' title='bbox 2487 1701 2712 1746; x_wconf 85' lang='lat' dir='ltr'><strong>matrem</strong></span> <span class='ocrx_word' id='word_1_301' title='bbox 2750 1704 3114 1758; x_wconf 83' lang='lat' dir='ltr'><strong>revertuntur,</strong></span> <span class='ocrx_word' id='word_1_302' title='bbox 3154 1697 3226 1751; x_wconf 87' lang='lat' dir='ltr'><strong>ita</strong></span> <span class='ocrx_word' id='word_1_303' title='bbox 3258 1698 3310 1751; x_wconf 89' lang='lat' dir='ltr'><strong>hi</strong></span> <span class='ocrx_word' id='word_1_304' title='bbox 3348 1713 3538 1752; x_wconf 88' lang='lat' dir='ltr'><strong>onmes</strong></span> 
     </span>
    </p>
   </div>
   <div class='ocr_carea' id='block_1_48' title="bbox 1943 1763 3535 1836">
    <p class='ocr_par' dir='ltr' id='par_1_48' title="bbox 1943 1763 3535 1836">
     <span class='ocr_line' id='line_1_49' title="bbox 1943 1763 3535 1836; baseline 0.003 -21"><span class='ocrx_word' id='word_1_305' title='bbox 1943 1763 2010 1836; x_wconf 79' lang='lat' dir='ltr'><strong>ad</strong></span> <span class='ocrx_word' id='word_1_306' title='bbox 2041 1763 2202 1836; x_wconf 91' lang='lat' dir='ltr'><strong>istum</strong></span> <span class='ocrx_word' id='word_1_307' title='bbox 2231 1765 2473 1836; x_wconf 75' lang='lat' dir='ltr'><strong>veniunt,</strong></span> <span class='ocrx_word' id='word_1_308' title='bbox 2502 1783 2527 1836; x_wconf 66' lang='lat' dir='ltr'><strong>i</strong></span> <span class='ocrx_word' id='word_1_309' title='bbox 2559 1763 2844 1836; x_wconf 80' lang='lat' dir='ltr'><strong>ingressus</strong></span> <span class='ocrx_word' id='word_1_310' title='bbox 2886 1774 2968 1818; x_wconf 90' lang='lat' dir='ltr'><strong>est</strong></span> <span class='ocrx_word' id='word_1_311' title='bbox 2998 1777 3176 1821; x_wconf 89' lang='lat' dir='ltr'><strong>autem</strong></span> <span class='ocrx_word' id='word_1_312' title='bbox 3209 1768 3348 1822; x_wconf 88' lang='lat' dir='ltr'><strong>idem</strong></span> <span class='ocrx_word' id='word_1_313' title='bbox 3380 1782 3535 1836; x_wconf 86' lang='lat' dir='ltr'><strong>pres-</strong></span> 
     </span>
    </p>
   </div>
   <div class='ocr_carea' id='block_1_49' title="bbox 1943 1832 3540 1901">
    <p class='ocr_par' dir='ltr' id='par_1_49' title="bbox 1943 1832 3540 1901">
     <span class='ocr_line' id='line_1_50' title="bbox 1943 1832 3540 1901; baseline 0.003 -15"><span class='ocrx_word' id='word_1_314' title='bbox 1943 1832 2100 1901; x_wconf 86' lang='lat' dir='ltr'><strong>byter</strong></span> <span class='ocrx_word' id='word_1_315' title='bbox 2135 1835 2353 1885; x_wconf 89' lang='lat' dir='ltr'><strong>domum</strong></span> <span class='ocrx_word' id='word_1_316' title='bbox 2393 1832 2572 1886; x_wconf 86' lang='lat' dir='ltr'><strong>Albini</strong></span> <span class='ocrx_word' id='word_1_317' title='bbox 2619 1846 2632 1901; x_wconf 83' lang='lat'><strong>;</strong></span> <span class='ocrx_word' id='word_1_318' title='bbox 2676 1843 2796 1900; x_wconf 91' lang='lat' dir='ltr'><strong>post</strong></span> <span class='ocrx_word' id='word_1_319' title='bbox 2827 1836 3082 1887; x_wconf 88' lang='lat' dir='ltr'><strong>nonnulla</strong></span> <span class='ocrx_word' id='word_1_320' title='bbox 3122 1836 3226 1889; x_wconf 88' lang='lat' dir='ltr'><strong>alia</strong></span> <span class='ocrx_word' id='word_1_321' title='bbox 3269 1832 3452 1890; x_wconf 47' lang='lat' dir='ltr'><strong>retu—lit</strong></span> <span class='ocrx_word' id='word_1_322' title='bbox 3489 1839 3540 1892; x_wconf 89' lang='lat' dir='ltr'><strong>ei</strong></span> 
     </span>
    </p>
   </div>
   <div class='ocr_carea' id='block_1_50' title="bbox 1943 1900 3537 1976">
    <p class='ocr_par' dir='ltr' id='par_1_50' title="bbox 1943 1900 3537 1976">
     <span class='ocr_line' id='line_1_51' title="bbox 1943 1900 3537 1976; baseline 0.004 -22"><span class='ocrx_word' id='word_1_323' title='bbox 1943 1900 2374 1976; x_wconf 29' lang='lat' dir='ltr'><strong>qumAaudierai.</strong></span> <span class='ocrx_word' id='word_1_324' title='bbox 2419 1900 2822 1976; x_wconf 89' lang='lat' dir='ltr'><strong>Cui__Albinns,</strong></span> <span class='ocrx_word' id='word_1_325' title='bbox 2878 1922 2897 1952; x_wconf 73' lang='grc' dir='ltr'>ι</span> <span class='ocrx_word' id='word_1_326' title='bbox 2955 1903 3138 1976; x_wconf 85' lang='lat' dir='ltr'><strong>Nosti,</strong></span> <span class='ocrx_word' id='word_1_327' title='bbox 3193 1906 3395 1976; x_wconf 85' lang='lat' dir='ltr'><strong>inquit,</strong></span> <span class='ocrx_word' id='word_1_328' title='bbox 3444 1909 3537 1976; x_wconf 89' lang='lat' dir='ltr'><strong>qui</strong></span> 
     </span>
    </p>
   </div>
   <div class='ocr_carea' id='block_1_51' title="bbox 1944 1970 3540 2044">
    <p class='ocr_par' dir='ltr' id='par_1_51' title="bbox 1944 1970 3540 2044">
     <span class='ocr_line' id='line_1_52' title="bbox 1944 1970 3540 2044; baseline 0.001 -17"><span class='ocrx_word' id='word_1_329' title='bbox 1944 1970 2106 2027; x_wconf 81' lang='lat' dir='ltr'><strong>sunt?</strong></span> <span class='ocrx_word' id='word_1_330' title='bbox 2140 1991 2158 2023; x_wconf 75' lang='grc' dir='ltr'><strong><em>ι</em></strong></span> <span class='ocrx_word' id='word_1_331' title='bbox 2198 1971 2269 2024; x_wconf 87' lang='lat' dir='ltr'><strong>At</strong></span> <span class='ocrx_word' id='word_1_332' title='bbox 2307 1971 2438 2025; x_wconf 87' lang='lat' dir='ltr'><strong>ille:</strong></span> <span class='ocrx_word' id='word_1_333' title='bbox 2479 1987 2498 2020; x_wconf 71' lang='grc' dir='ltr'><strong><em>ι</em></strong></span> <span class='ocrx_word' id='word_1_334' title='bbox 2535 1970 2672 2044; x_wconf 58' lang='lat' dir='ltr'><strong>Vere</strong></span> <span class='ocrx_word' id='word_1_335' title='bbox 2709 1987 2882 2044; x_wconf 86' lang='lat' dir='ltr'><strong>neque</strong></span> <span class='ocrx_word' id='word_1_336' title='bbox 2911 1975 3065 2035; x_wconf 92' lang='lat' dir='ltr'><strong>novi,</strong></span> <span class='ocrx_word' id='word_1_337' title='bbox 3111 1970 3286 2044; x_wconf 81' lang='lat' dir='ltr'><strong>neque</strong></span> <span class='ocrx_word' id='word_1_338' title='bbox 3324 1992 3417 2031; x_wconf 87' lang='lat' dir='ltr'><strong>eos</strong></span> <span class='ocrx_word' id='word_1_339' title='bbox 3455 1970 3540 2029; x_wconf 74' lang='lat' dir='ltr'><strong>re-</strong></span> 
     </span>
    </p>
   </div>
   <div class='ocr_carea' id='block_1_52' title="bbox 1945 2041 3535 2111">
    <p class='ocr_par' dir='ltr' id='par_1_52' title="bbox 1945 2041 3535 2111">
     <span class='ocr_line' id='line_1_53' title="bbox 1945 2041 3535 2111; baseline 0.001 -15"><span class='ocrx_word' id='word_1_340' title='bbox 1945 2044 2154 2111; x_wconf 87' lang='lat' dir='ltr'><strong>spicere</strong></span> <span class='ocrx_word' id='word_1_341' title='bbox 2174 2056 2288 2108; x_wconf 76' lang='lat' dir='ltr'><strong>prze</strong></span> <span class='ocrx_word' id='word_1_342' title='bbox 2310 2041 2630 2096; x_wconf 84' lang='lat' dir='ltr'><strong>verecundia</strong></span> <span class='ocrx_word' id='word_1_343' title='bbox 2656 2042 2823 2110; x_wconf 83' lang='lat' dir='ltr'><strong>quivi,</strong></span> <span class='ocrx_word' id='word_1_344' title='bbox 2849 2047 3063 2110; x_wconf 88' lang='lat' dir='ltr'><strong>quando</strong></span> <span class='ocrx_word' id='word_1_345' title='bbox 3092 2041 3488 2100; x_wconf 44' lang='lat' dir='ltr'><strong>ista—dicebant.</strong></span> <span class='ocrx_word' id='word_1_346' title='bbox 3517 2068 3535 2097; x_wconf 76' lang='grc' dir='ltr'><strong><em>ι</em></strong></span> 
     </span>
    </p>
   </div>
   <div class='ocr_carea' id='block_1_53' title="bbox 251 2109 3534 2185">
    <p class='ocr_par' dir='ltr' id='par_1_53' title="bbox 251 2109 3534 2185">
     <span class='ocr_line' id='line_1_54' title="bbox 251 2109 3534 2185; baseline -0.001 -15"><span class='ocrx_word' id='word_1_347' title='bbox 251 2115 368 2183; x_wconf 82' lang='lat' dir='ltr'><strong>ejus</strong></span> <span class='ocrx_word' id='word_1_348' title='bbox 397 2109 678 2185; x_wconf 76' lang='lat' dir='ltr'><strong>osculatus</strong></span> <span class='ocrx_word' id='word_1_349' title='bbox 703 2124 786 2167; x_wconf 91' lang='lat' dir='ltr'><strong>est</strong></span> <span class='ocrx_word' id='word_1_350' title='bbox 803 2127 1044 2185; x_wconf 82' lang='lat' dir='ltr'><strong>manum.</strong></span> <span class='ocrx_word' id='word_1_351' title='bbox 1062 2109 1213 2185; x_wconf 84' lang='lat' dir='ltr'><strong>Tunc</strong></span> <span class='ocrx_word' id='word_1_352' title='bbox 1234 2112 1550 2185; x_wconf 18' lang='lat' dir='ltr'><strong>virADomini</strong></span> <span class='ocrx_word' id='word_1_353' title='bbox 1573 2109 1845 2185; x_wconf 79' lang='lat' dir='ltr'><strong>assistenti</strong></span> <span class='ocrx_word' id='word_1_354' title='bbox 1939 2109 2101 2185; x_wconf 67' lang='lat' dir='ltr'><strong>Pater</strong></span> <span class='ocrx_word' id='word_1_355' title='bbox 2126 2126 2254 2165; x_wconf 91' lang='lat' dir='ltr'><strong>vero</strong></span> <span class='ocrx_word' id='word_1_356' title='bbox 2289 2111 2514 2185; x_wconf 82' lang='lat' dir='ltr'><strong>Albinus</strong></span> <span class='ocrx_word' id='word_1_357' title='bbox 2543 2111 2612 2163; x_wconf 90' lang='lat' dir='ltr'><strong>ait</strong></span> <span class='ocrx_word' id='word_1_358' title='bbox 2647 2129 2658 2162; x_wconf 85' lang='lat'><strong>:</strong></span> <span class='ocrx_word' id='word_1_359' title='bbox 2683 2109 2714 2161; x_wconf 28' lang='lat' dir='ltr'>’c</span> <span class='ocrx_word' id='word_1_360' title='bbox 2753 2109 2910 2185; x_wconf 84' lang='lat' dir='ltr'><strong>Certe</strong></span> <span class='ocrx_word' id='word_1_361' title='bbox 2939 2127 3038 2182; x_wconf 80' lang='lat' dir='ltr'><strong>ego</strong></span> <span class='ocrx_word' id='word_1_362' title='bbox 3059 2115 3184 2185; x_wconf 88' lang='lat' dir='ltr'><strong>novi</strong></span> <span class='ocrx_word' id='word_1_363' title='bbox 3211 2116 3302 2185; x_wconf 92' lang='lat' dir='ltr'><strong>qui</strong></span> <span class='ocrx_word' id='word_1_364' title='bbox 3333 2125 3477 2170; x_wconf 87' lang='lat' dir='ltr'><strong>sunt.</strong></span> <span class='ocrx_word' id='word_1_365' title='bbox 3516 2136 3534 2166; x_wconf 74' lang='grc' dir='ltr'><strong><em>ι</em></strong></span> 
     </span>
    </p>
   </div>
   <div class='ocr_carea' id='block_1_54' title="bbox 253 2180 1842 2254">
    <p class='ocr_par' dir='ltr' id='par_1_54' title="bbox 253 2180 1842 2254">
     <span class='ocr_line' id='line_1_55' title="bbox 253 2180 1842 2254; baseline -0.006 -12"><span class='ocrx_word' id='word_1_366' title='bbox 253 2180 352 2245; x_wconf 77' lang='lat' dir='ltr'><strong>sibi</strong></span> <span class='ocrx_word' id='word_1_367' title='bbox 382 2186 463 2239; x_wconf 90' lang='lat' dir='ltr'><strong>ait</strong></span> <span class='ocrx_word' id='word_1_368' title='bbox 493 2182 737 2254; x_wconf 82' lang='lat' dir='ltr'><strong>Sigulfo:</strong></span> <span class='ocrx_word' id='word_1_369' title='bbox 762 2201 780 2232; x_wconf 72' lang='grc' dir='ltr'><strong>ε</strong></span> <span class='ocrx_word' id='word_1_370' title='bbox 817 2181 1007 2254; x_wconf 77' lang='lat' dir='ltr'><strong>Omnis</strong></span> <span class='ocrx_word' id='word_1_371' title='bbox 1025 2183 1118 2254; x_wconf 89' lang='lat' dir='ltr'><strong>qui</strong></span> <span class='ocrx_word' id='word_1_372' title='bbox 1144 2198 1201 2237; x_wconf 90' lang='lat' dir='ltr'><strong>se</strong></span> <span class='ocrx_word' id='word_1_373' title='bbox 1217 2183 1422 2254; x_wconf 80' lang='lat' dir='ltr'><strong>exaltat</strong></span> <span class='ocrx_word' id='word_1_374' title='bbox 1454 2180 1842 2245; x_wconf 89' lang='lat' dir='ltr'><strong>humiliabitur,</strong></span> 
     </span>
    </p>
   </div>
   <div class='ocr_carea' id='block_1_55' title="bbox 252 2251 1843 2326">
    <p class='ocr_par' dir='ltr' id='par_1_55' title="bbox 252 2251 1843 2326">
     <span class='ocr_line' id='line_1_56' title="bbox 252 2251 1843 2326; baseline -0.003 -17"><span class='ocrx_word' id='word_1_375' title='bbox 252 2267 305 2311; x_wconf 90' lang='lat' dir='ltr'><strong>et</strong></span> <span class='ocrx_word' id='word_1_376' title='bbox 331 2257 426 2326; x_wconf 91' lang='lat' dir='ltr'><strong>qui</strong></span> <span class='ocrx_word' id='word_1_377' title='bbox 453 2270 511 2326; x_wconf 87' lang='lat' dir='ltr'><strong>se</strong></span> <span class='ocrx_word' id='word_1_378' title='bbox 539 2251 787 2326; x_wconf 78' lang='lat' dir='ltr'><strong>humiliat</strong></span> <span class='ocrx_word' id='word_1_379' title='bbox 815 2251 1164 2326; x_wconf 81' lang='lat' dir='ltr'><strong>exaltabitur.</strong></span> <span class='ocrx_word' id='word_1_380' title='bbox 1204 2252 1362 2326; x_wconf 81' lang='lat' dir='ltr'><strong>Certe</strong></span> <span class='ocrx_word' id='word_1_381' title='bbox 1408 2253 1567 2306; x_wconf 89' lang='lat' dir='ltr'><strong>istum</strong></span> <span class='ocrx_word' id='word_1_382' title='bbox 1593 2259 1715 2321; x_wconf 90' lang='lat' dir='ltr'><strong>post</strong></span> <span class='ocrx_word' id='word_1_383' title='bbox 1733 2266 1843 2326; x_wconf 73' lang='lat' dir='ltr'><strong>pa-</strong></span> 
     </span>
    </p>
   </div>
   <div class='ocr_carea' id='block_1_56' title="bbox 254 2321 1848 2394">
    <p class='ocr_par' dir='ltr' id='par_1_56' title="bbox 254 2321 1848 2394">
     <span class='ocr_line' id='line_1_57' title="bbox 254 2321 1848 2394; baseline -0.004 -12"><span class='ocrx_word' id='word_1_384' title='bbox 254 2321 392 2382; x_wconf 80' lang='lat' dir='ltr'><strong>trem</strong></span> <span class='ocrx_word' id='word_1_385' title='bbox 442 2324 675 2380; x_wconf 81' lang='lat' dir='ltr'><strong>Francia</strong></span> <span class='ocrx_word' id='word_1_386' title='bbox 711 2323 967 2394; x_wconf 83' lang='lat' dir='ltr'><strong>gaudebit</strong></span> <span class='ocrx_word' id='word_1_387' title='bbox 1010 2323 1208 2377; x_wconf 91' lang='lat' dir='ltr'><strong>habere</strong></span> <span class='ocrx_word' id='word_1_388' title='bbox 1236 2323 1635 2394; x_wconf 64' lang='lat' dir='ltr'><strong>imperatorem,</strong></span> <span class='ocrx_word' id='word_1_389' title='bbox 1673 2341 1692 2372; x_wconf 82' lang='grc'><strong>›</strong></span> <span class='ocrx_word' id='word_1_390' title='bbox 1733 2321 1848 2394; x_wconf 81' lang='lat' dir='ltr'><strong>Hoc</strong></span> 
     </span>
    </p>
   </div>
   <div class='ocr_carea' id='block_1_57' title="bbox 254 2390 1846 2465">
    <p class='ocr_par' dir='ltr' id='par_1_57' title="bbox 254 2390 1846 2465">
     <span class='ocr_line' id='line_1_58' title="bbox 254 2390 1846 2465; baseline -0.005 -13"><span class='ocrx_word' id='word_1_391' title='bbox 254 2413 350 2452; x_wconf 88' lang='lat' dir='ltr'><strong>nos</strong></span> <span class='ocrx_word' id='word_1_392' title='bbox 379 2395 498 2465; x_wconf 83' lang='lat' dir='ltr'><strong>jam</strong></span> <span class='ocrx_word' id='word_1_393' title='bbox 539 2390 745 2449; x_wconf 80' lang='lat' dir='ltr'><strong>factum</strong></span> <span class='ocrx_word' id='word_1_394' title='bbox 788 2402 844 2448; x_wconf 90' lang='lat' dir='ltr'><strong>et</strong></span> <span class='ocrx_word' id='word_1_395' title='bbox 882 2393 1126 2465; x_wconf 83' lang='lat' dir='ltr'><strong>videmus</strong></span> <span class='ocrx_word' id='word_1_396' title='bbox 1165 2401 1219 2448; x_wconf 91' lang='lat' dir='ltr'><strong>et</strong></span> <span class='ocrx_word' id='word_1_397' title='bbox 1251 2390 1565 2465; x_wconf 71' lang='lat' dir='ltr'><strong>gaudemus.</strong></span> <span class='ocrx_word' id='word_1_398' title='bbox 1595 2390 1846 2465; x_wconf 77' lang='lat' dir='ltr'><strong>Depusiti</strong></span> 
     </span>
    </p>
   </div>
   <div class='ocr_carea' id='block_1_58' title="bbox 256 2461 1843 2538">
    <p class='ocr_par' dir='ltr' id='par_1_58' title="bbox 256 2461 1843 2538">
     <span class='ocr_line' id='line_1_59' title="bbox 256 2461 1843 2538; baseline -0.004 -16"><span class='ocrx_word' id='word_1_399' title='bbox 256 2461 397 2531; x_wconf 66' lang='lat' dir='ltr'><strong>sunt,</strong></span> <span class='ocrx_word' id='word_1_400' title='bbox 423 2467 516 2537; x_wconf 91' lang='lat' dir='ltr'><strong>qui</strong></span> <span class='ocrx_word' id='word_1_401' title='bbox 543 2465 872 2538; x_wconf 58' lang='lat' dir='ltr'><strong>videbantur</strong></span> <span class='ocrx_word' id='word_1_402' title='bbox 889 2463 1058 2538; x_wconf 81' lang='lat' dir='ltr'><strong>cedri,</strong></span> <span class='ocrx_word' id='word_1_403' title='bbox 1085 2471 1142 2538; x_wconf 84' lang='lat' dir='ltr'><strong>et</strong></span> <span class='ocrx_word' id='word_1_404' title='bbox 1166 2461 1403 2538; x_wconf 70' lang='lat' dir='ltr'><strong>exaltata</strong></span> <span class='ocrx_word' id='word_1_405' title='bbox 1432 2471 1528 2538; x_wconf 87' lang='lat' dir='ltr'><strong>est_</strong></span> <span class='ocrx_word' id='word_1_406' title='bbox 1560 2461 1843 2538; x_wconf 36' lang='lat' dir='ltr'><strong>olivahfru-</strong></span> 
     </span>
    </p>
   </div>
   <div class='ocr_carea' id='block_1_59' title="bbox 255 2532 1850 2604">
    <p class='ocr_par' dir='ltr' id='par_1_59' title="bbox 255 2532 1850 2604">
     <span class='ocr_line' id='line_1_60' title="bbox 255 2532 1850 2604; baseline -0.004 -12"><span class='ocrx_word' id='word_1_407' title='bbox 255 2532 501 2593; x_wconf 79' lang='lat' dir='ltr'><strong>ctiﬁcans</strong></span> <span class='ocrx_word' id='word_1_408' title='bbox 540 2535 596 2590; x_wconf 91' lang='lat' dir='ltr'><strong>in</strong></span> <span class='ocrx_word' id='word_1_409' title='bbox 623 2535 783 2590; x_wconf 91' lang='lat' dir='ltr'><strong>domo</strong></span> <span class='ocrx_word' id='word_1_410' title='bbox 801 2603 804 2604; x_wconf 17' lang='grc' dir='ltr'><em>ν</em></span> <span class='ocrx_word' id='word_1_411' title='bbox 823 2532 1054 2588; x_wconf 84' lang='lat' dir='ltr'><strong>Domini.</strong></span> <span class='ocrx_word' id='word_1_412' title='bbox 1085 2532 1202 2604; x_wconf 88' lang='lat' dir='ltr'><strong>lpse</strong></span> <span class='ocrx_word' id='word_1_413' title='bbox 1226 2535 1457 2604; x_wconf 89' lang='lat' dir='ltr'><strong>denique</strong></span> <span class='ocrx_word' id='word_1_414' title='bbox 1484 2532 1656 2604; x_wconf 73' lang='lat' dir='ltr'><strong>Pater</strong></span> <span class='ocrx_word' id='word_1_415' title='bbox 1683 2532 1850 2604; x_wconf 90' lang='lat' dir='ltr'><strong>Caro-</strong></span> 
     </span>
    </p>
   </div>
   <div class='ocr_carea' id='block_1_60' title="bbox 257 2601 1851 2671">
    <p class='ocr_par' dir='ltr' id='par_1_60' title="bbox 257 2601 1851 2671">
     <span class='ocr_line' id='line_1_61' title="bbox 257 2601 1851 2671; baseline -0.003 -9"><span class='ocrx_word' id='word_1_416' title='bbox 257 2609 362 2662; x_wconf 90' lang='lat' dir='ltr'><strong>lum</strong></span> <span class='ocrx_word' id='word_1_417' title='bbox 390 2607 563 2662; x_wconf 88' lang='lat' dir='ltr'><strong>multa</strong></span> <span class='ocrx_word' id='word_1_418' title='bbox 602 2603 838 2661; x_wconf 87' lang='lat' dir='ltr'><strong>erudivit</strong></span> <span class='ocrx_word' id='word_1_419' title='bbox 863 2619 992 2659; x_wconf 88' lang='lat' dir='ltr'><strong>cura</strong></span> <span class='ocrx_word' id='word_1_420' title='bbox 1022 2601 1230 2659; x_wconf 82' lang='lat' dir='ltr'><strong>artibus</strong></span> <span class='ocrx_word' id='word_1_421' title='bbox 1269 2601 1582 2659; x_wconf 73' lang='lat' dir='ltr'><strong>liberalibus</strong></span> <span class='ocrx_word' id='word_1_422' title='bbox 1607 2601 1851 2671; x_wconf 84' lang='lat' dir='ltr'><strong>Scriptu-</strong></span> 
     </span>
    </p>
   </div>
   <div class='ocr_carea' id='block_1_61' title="bbox 261 2672 1850 2747">
    <p class='ocr_par' dir='ltr' id='par_1_61' title="bbox 261 2672 1850 2747">
     <span class='ocr_line' id='line_1_62' title="bbox 261 2672 1850 2747; baseline -0.004 -15"><span class='ocrx_word' id='word_1_423' title='bbox 261 2679 440 2747; x_wconf 86' lang='lat' dir='ltr'><strong>risque</strong></span> <span class='ocrx_word' id='word_1_424' title='bbox 464 2675 684 2747; x_wconf 77' lang='lat' dir='ltr'><strong>divinis,</strong></span> <span class='ocrx_word' id='word_1_425' title='bbox 717 2676 852 2729; x_wconf 91' lang='lat' dir='ltr'><strong>adeo</strong></span> <span class='ocrx_word' id='word_1_426' title='bbox 877 2683 937 2728; x_wconf 89' lang='lat' dir='ltr'><strong>ut</strong></span> <span class='ocrx_word' id='word_1_427' title='bbox 960 2675 1393 2747; x_wconf 78' lang='lat' dir='ltr'><strong>sapientissimus</strong></span> <span class='ocrx_word' id='word_1_428' title='bbox 1419 2672 1850 2747; x_wconf 85' lang='lat' dir='ltr'><strong>omn_ium_Fran-</strong></span> 
     </span>
    </p>
   </div>
   <div class='ocr_carea' id='block_1_62' title="bbox 260 2743 1850 2816">
    <p class='ocr_par' dir='ltr' id='par_1_62' title="bbox 260 2743 1850 2816">
     <span class='ocr_line' id='line_1_63' title="bbox 260 2743 1850 2816; baseline -0.004 -13"><span class='ocrx_word' id='word_1_429' title='bbox 260 2743 443 2803; x_wconf 80' lang='lat' dir='ltr'><strong>eorum</strong></span> <span class='ocrx_word' id='word_1_430' title='bbox 486 2743 1039 2816; x_wconf 9' lang='lat' dir='ltr'><strong>etiicereturlregum’</strong></span> <span class='ocrx_word' id='word_1_431' title='bbox 1083 2746 1175 2815; x_wconf 89' lang='lat' dir='ltr'><strong>qui</strong></span> <span class='ocrx_word' id='word_1_432' title='bbox 1231 2746 1449 2800; x_wconf 86' lang='lat' dir='ltr'><strong>fuerunt</strong></span> <span class='ocrx_word' id='word_1_433' title='bbox 1499 2743 1566 2816; x_wconf 82' lang='lat' dir='ltr'><strong>ab</strong></span> <span class='ocrx_word' id='word_1_434' title='bbox 1618 2743 1850 2797; x_wconf 88' lang='lat' dir='ltr'><strong>adventu</strong></span> 
     </span>
    </p>
   </div>
   <div class='ocr_carea' id='block_1_63' title="bbox 258 2813 1848 2886">
    <p class='ocr_par' dir='ltr' id='par_1_63' title="bbox 258 2813 1848 2886">
     <span class='ocr_line' id='line_1_64' title="bbox 258 2813 1848 2886; baseline -0.004 -11"><span class='ocrx_word' id='word_1_435' title='bbox 258 2819 477 2874; x_wconf 87' lang='lat' dir='ltr'><strong>Christi.</strong></span> <span class='ocrx_word' id='word_1_436' title='bbox 511 2817 710 2871; x_wconf 90' lang='lat' dir='ltr'><strong>Docuit</strong></span> <span class='ocrx_word' id='word_1_437' title='bbox 757 2813 929 2869; x_wconf 79' lang='lat' dir='ltr'><strong>etiam</strong></span> <span class='ocrx_word' id='word_1_438' title='bbox 964 2813 1115 2880; x_wconf 72' lang='lat' dir='ltr'><strong>eum,</strong></span> <span class='ocrx_word' id='word_1_439' title='bbox 1137 2830 1234 2886; x_wconf 90' lang='lat' dir='ltr'><strong>per</strong></span> <span class='ocrx_word' id='word_1_440' title='bbox 1259 2830 1420 2886; x_wconf 90' lang='lat' dir='ltr'><strong>omne</strong></span> <span class='ocrx_word' id='word_1_441' title='bbox 1465 2813 1591 2868; x_wconf 69' lang='lat' dir='ltr'><strong>vita:</strong></span> <span class='ocrx_word' id='word_1_442' title='bbox 1617 2821 1848 2886; x_wconf 81' lang='lat' dir='ltr'><strong>tempus,</strong></span> 
     </span>
    </p>
   </div>
   <div class='ocr_carea' id='block_1_64' title="bbox 261 2882 1851 2962">
    <p class='ocr_par' dir='ltr' id='par_1_64' title="bbox 261 2882 1851 2962">
     <span class='ocr_line' id='line_1_65' title="bbox 261 2882 1851 2962; baseline -0.004 -18"><span class='ocrx_word' id='word_1_443' title='bbox 261 2906 395 2962; x_wconf 17' lang='lat' dir='ltr'><strong>quos,</strong></span> <span class='ocrx_word' id='word_1_444' title='bbox 413 2887 656 2962; x_wconf 83' lang='lat' dir='ltr'><strong>psalmos</strong></span> <span class='ocrx_word' id='word_1_445' title='bbox 679 2886 1025 2962; x_wconf 57' lang='lat' dir='ltr'><strong>paenitentia,</strong></span> <span class='ocrx_word' id='word_1_446' title='bbox 1053 2882 1173 2962; x_wconf 79' lang='lat' dir='ltr'><strong>cum</strong></span> <span class='ocrx_word' id='word_1_447' title='bbox 1205 2885 1390 2939; x_wconf 87' lang='lat' dir='ltr'><strong>litania</strong></span> <span class='ocrx_word' id='word_1_448' title='bbox 1413 2892 1477 2962; x_wconf 86' lang='lat' dir='ltr'><strong>et_</strong></span> <span class='ocrx_word' id='word_1_449' title='bbox 1494 2882 1851 2962; x_wconf 68' lang='lat' dir='ltr'><strong>orationibus,</strong></span> 
     </span>
    </p>
   </div>
   <div class='ocr_carea' id='block_1_65' title="bbox 261 2953 1854 3032">
    <p class='ocr_par' dir='ltr' id='par_1_65' title="bbox 261 2953 1854 3032">
     <span class='ocr_line' id='line_1_66' title="bbox 261 2953 1854 3032; baseline -0.006 -15"><span class='ocrx_word' id='word_1_450' title='bbox 261 2953 646 3032; x_wconf 74' lang='lat' dir='ltr'><strong>precibusque;</strong></span> <span class='ocrx_word' id='word_1_451' title='bbox 678 2953 835 3032; x_wconf 56' lang='lat' dir='ltr'><strong>:ques</strong></span> <span class='ocrx_word' id='word_1_452' title='bbox 858 2955 954 3032; x_wconf 76' lang='lat' dir='ltr'><strong>_a(l</strong></span> <span class='ocrx_word' id='word_1_453' title='bbox 1006 2956 1305 3010; x_wconf 87' lang='lat' dir='ltr'><strong>orationem</strong></span> <span class='ocrx_word' id='word_1_454' title='bbox 1335 2954 1622 3026; x_wconf 85' lang='lat' dir='ltr'><strong>specialem</strong></span> <span class='ocrx_word' id='word_1_455' title='bbox 1650 2953 1854 3009; x_wconf 85' lang='lat' dir='ltr'><strong>facien-</strong></span> 
     </span>
    </p>
   </div>
   <div class='ocr_carea' id='block_1_66' title="bbox 265 3025 1851 3105">
    <p class='ocr_par' dir='ltr' id='par_1_66' title="bbox 265 3025 1851 3105">
     <span class='ocr_line' id='line_1_67' title="bbox 265 3025 1851 3105; baseline -0.005 -19"><span class='ocrx_word' id='word_1_456' title='bbox 265 3025 567 3105; x_wconf 38' lang='lat' dir='ltr'><strong>dam,,quo&#39;s</strong></span> <span class='ocrx_word' id='word_1_457' title='bbox 591 3029 645 3082; x_wconf 90' lang='lat' dir='ltr'><strong>in</strong></span> <span class='ocrx_word' id='word_1_458' title='bbox 677 3025 833 3082; x_wconf 78' lang='lat' dir='ltr'><strong>laude</strong></span> <span class='ocrx_word' id='word_1_459' title='bbox 858 3025 973 3089; x_wconf 89' lang='lat' dir='ltr'><strong>Dei,</strong></span> <span class='ocrx_word' id='word_1_460' title='bbox 1004 3041 1140 3105; x_wconf 79' lang='lat' dir='ltr'><strong>quos</strong></span> <span class='ocrx_word' id='word_1_461' title='bbox 1166 3025 1378 3105; x_wconf 85' lang='lat' dir='ltr'><strong>quoque</strong></span> <span class='ocrx_word' id='word_1_462' title='bbox 1409 3038 1851 3105; x_wconf 70' lang='lat' dir='ltr'><strong>proquacunque</strong></span> 
     </span>
    </p>
   </div>
   <div class='ocr_carea' id='block_1_67' title="bbox 1945 2181 3544 2251">
    <p class='ocr_par' dir='ltr' id='par_1_67' title="bbox 1945 2181 3544 2251">
     <span class='ocr_line' id='line_1_68' title="bbox 1945 2181 3544 2251; baseline 0.001 -13"><span class='ocrx_word' id='word_1_463' title='bbox 1945 2183 2161 2238; x_wconf 79' lang='lat' dir='ltr'><strong>Vocans</strong></span> <span class='ocrx_word' id='word_1_464' title='bbox 2199 2196 2326 2251; x_wconf 85' lang='lat' dir='ltr'><strong>ergo</strong></span> <span class='ocrx_word' id='word_1_465' title='bbox 2364 2195 2459 2235; x_wconf 89' lang='lat' dir='ltr'><strong>eos</strong></span> <span class='ocrx_word' id='word_1_466' title='bbox 2496 2181 2612 2249; x_wconf 90' lang='lat' dir='ltr'><strong>ipse</strong></span> <span class='ocrx_word' id='word_1_467' title='bbox 2650 2183 2888 2251; x_wconf 75' lang='lat' dir='ltr'><strong>propriis</strong></span> <span class='ocrx_word' id='word_1_468' title='bbox 2923 2181 3326 2239; x_wconf 68' lang='lat' dir='ltr'><strong>nominibusad</strong></span> <span class='ocrx_word' id='word_1_469' title='bbox 3366 2202 3423 2241; x_wconf 90' lang='lat' dir='ltr'><strong>se</strong></span> <span class='ocrx_word' id='word_1_470' title='bbox 3451 2201 3544 2239; x_wconf 90' lang='lat' dir='ltr'><strong>vc-</strong></span> 
     </span>
    </p>
   </div>
   <div class='ocr_carea' id='block_1_68' title="bbox 1947 2250 3544 2326">
    <p class='ocr_par' dir='ltr' id='par_1_68' title="bbox 1947 2250 3544 2326">
     <span class='ocr_line' id='line_1_69' title="bbox 1947 2250 3544 2326; baseline 0.001 -19"><span class='ocrx_word' id='word_1_471' title='bbox 1947 2253 2064 2307; x_wconf 90' lang='lat' dir='ltr'><strong>nire</strong></span> <span class='ocrx_word' id='word_1_472' title='bbox 2083 2251 2259 2326; x_wconf 79' lang='lat' dir='ltr'><strong>jubet,</strong></span> <span class='ocrx_word' id='word_1_473' title='bbox 2271 2250 2473 2326; x_wconf 25' lang='lat' dir='ltr'><strong>idicens</strong></span> <span class='ocrx_word' id='word_1_474' title='bbox 2501 2265 2514 2302; x_wconf 90' lang='lat'><strong>:</strong></span> <span class='ocrx_word' id='word_1_475' title='bbox 2552 2269 2580 2326; x_wconf 66' lang='lat' dir='ltr'><strong>r</strong></span> <span class='ocrx_word' id='word_1_476' title='bbox 2603 2250 2697 2326; x_wconf 83' lang='lat' dir='ltr'><strong>Isti</strong></span> <span class='ocrx_word' id='word_1_477' title='bbox 2723 2261 2897 2326; x_wconf 63' lang='lat' dir='ltr'><strong>sunt.»</strong></span> <span class='ocrx_word' id='word_1_478' title='bbox 2916 2251 3220 2326; x_wconf 76' lang='lat' dir='ltr'><strong>Cendolens</strong></span> <span class='ocrx_word' id='word_1_479' title='bbox 3246 2254 3426 2326; x_wconf 84' lang='lat' dir='ltr'><strong>itaque</strong></span> <span class='ocrx_word' id='word_1_480' title='bbox 3452 2271 3544 2326; x_wconf 85' lang='lat' dir='ltr'><strong>co-</strong></span> 
     </span>
    </p>
   </div>
   <div class='ocr_carea' id='block_1_69' title="bbox 1948 2322 3544 2390">
    <p class='ocr_par' dir='ltr' id='par_1_69' title="bbox 1948 2322 3544 2390">
     <span class='ocr_line' id='line_1_70' title="bbox 1948 2322 3544 2390; baseline -0.001 -12"><span class='ocrx_word' id='word_1_481' title='bbox 1948 2339 2067 2378; x_wconf 89' lang='lat' dir='ltr'><strong>rum</strong></span> <span class='ocrx_word' id='word_1_482' title='bbox 2097 2322 2339 2376; x_wconf 66' lang='lat' dir='ltr'><strong>stultitim</strong></span> <span class='ocrx_word' id='word_1_483' title='bbox 2363 2322 2608 2390; x_wconf 87' lang='lat' dir='ltr'><strong>pepercit</strong></span> <span class='ocrx_word' id='word_1_484' title='bbox 2627 2322 2708 2376; x_wconf 89' lang='lat' dir='ltr'><strong>eis</strong></span> <span class='ocrx_word' id='word_1_485' title='bbox 2731 2323 2914 2376; x_wconf 91' lang='lat' dir='ltr'><strong>dicens</strong></span> <span class='ocrx_word' id='word_1_486' title='bbox 2942 2339 2958 2375; x_wconf 86' lang='lat'><strong>:</strong></span> <span class='ocrx_word' id='word_1_487' title='bbox 2991 2341 3010 2374; x_wconf 68' lang='grc' dir='ltr'><em>α</em></span> <span class='ocrx_word' id='word_1_488' title='bbox 3040 2322 3234 2378; x_wconf 89' lang='lat' dir='ltr'><strong>Pareat</strong></span> <span class='ocrx_word' id='word_1_489' title='bbox 3258 2322 3365 2380; x_wconf 80' lang='lat' dir='ltr'><strong>illis</strong></span> <span class='ocrx_word' id='word_1_490' title='bbox 3388 2325 3544 2380; x_wconf 85' lang='lat' dir='ltr'><strong>Chri-</strong></span> 
     </span>
    </p>
   </div>
   <div class='ocr_carea' id='block_1_70' title="bbox 1949 2392 3544 2464">
    <p class='ocr_par' dir='ltr' id='par_1_70' title="bbox 1949 2392 3544 2464">
     <span class='ocr_line' id='line_1_71' title="bbox 1949 2392 3544 2464; baseline 0.001 -17"><span class='ocrx_word' id='word_1_491' title='bbox 1949 2402 2066 2448; x_wconf 88' lang='lat' dir='ltr'><strong>stus</strong></span> <span class='ocrx_word' id='word_1_492' title='bbox 2091 2392 2261 2446; x_wconf 86' lang='lat' dir='ltr'><strong>Filius</strong></span> <span class='ocrx_word' id='word_1_493' title='bbox 2300 2392 2415 2464; x_wconf 88' lang='lat' dir='ltr'><strong>Dei.</strong></span> <span class='ocrx_word' id='word_1_494' title='bbox 2451 2413 2468 2443; x_wconf 85' lang='grc'>›</span> <span class='ocrx_word' id='word_1_495' title='bbox 2503 2392 2646 2464; x_wconf 78' lang='lat' dir='ltr'><strong>Dans</strong></span> <span class='ocrx_word' id='word_1_496' title='bbox 2672 2400 2850 2464; x_wconf 80' lang='lat' dir='ltr'><strong>autem</strong></span> <span class='ocrx_word' id='word_1_497' title='bbox 2882 2393 2966 2447; x_wconf 86' lang='lat' dir='ltr'><strong>eis</strong></span> <span class='ocrx_word' id='word_1_498' title='bbox 2995 2394 3240 2464; x_wconf 86' lang='lat' dir='ltr'><strong>singulos</strong></span> <span class='ocrx_word' id='word_1_499' title='bbox 3275 2396 3382 2449; x_wconf 91' lang='lat' dir='ltr'><strong>vini</strong></span> <span class='ocrx_word' id='word_1_500' title='bbox 3413 2395 3544 2450; x_wconf 87' lang='lat' dir='ltr'><strong>cali-</strong></span> 
     </span>
    </p>
   </div>
   <div class='ocr_carea' id='block_1_71' title="bbox 1949 2461 3546 2536">
    <p class='ocr_par' dir='ltr' id='par_1_71' title="bbox 1949 2461 3546 2536">
     <span class='ocr_line' id='line_1_72' title="bbox 1949 2461 3546 2536; baseline 0.001 -18"><span class='ocrx_word' id='word_1_501' title='bbox 1949 2479 2042 2518; x_wconf 90' lang='lat' dir='ltr'><strong>ces</strong></span> <span class='ocrx_word' id='word_1_502' title='bbox 2072 2464 2276 2527; x_wconf 84' lang='lat' dir='ltr'><strong>bibere,</strong></span> <span class='ocrx_word' id='word_1_503' title='bbox 2303 2463 2498 2536; x_wconf 82' lang='lat' dir='ltr'><strong>iterum</strong></span> <span class='ocrx_word' id='word_1_504' title='bbox 2533 2461 2678 2536; x_wconf 79' lang='lat' dir='ltr'><strong>foras</strong></span> <span class='ocrx_word' id='word_1_505' title='bbox 2701 2462 2895 2536; x_wconf 89' lang='lat' dir='ltr'><strong>leniter</strong></span> <span class='ocrx_word' id='word_1_506' title='bbox 2921 2463 3070 2536; x_wconf 81' lang='lat' dir='ltr'><strong>exire</strong></span> <span class='ocrx_word' id='word_1_507' title='bbox 3090 2461 3266 2536; x_wconf 69' lang='lat' dir='ltr'><strong>jubet.</strong></span> <span class='ocrx_word' id='word_1_508' title='bbox 3299 2465 3546 2536; x_wconf 82' lang='lat' dir='ltr'><strong>Aigulfus</strong></span> 
     </span>
    </p>
   </div>
   <div class='ocr_carea' id='block_1_72' title="bbox 1949 2531 3543 2602">
    <p class='ocr_par' dir='ltr' id='par_1_72' title="bbox 1949 2531 3543 2602">
     <span class='ocr_line' id='line_1_73' title="bbox 1949 2531 3543 2602; baseline 0.003 -17"><span class='ocrx_word' id='word_1_509' title='bbox 1949 2548 2078 2588; x_wconf 88' lang='lat' dir='ltr'><strong>vero</strong></span> <span class='ocrx_word' id='word_1_510' title='bbox 2097 2541 2284 2602; x_wconf 91' lang='lat' dir='ltr'><strong>postea</strong></span> <span class='ocrx_word' id='word_1_511' title='bbox 2315 2532 2368 2586; x_wconf 91' lang='lat' dir='ltr'><strong>id</strong></span> <span class='ocrx_word' id='word_1_512' title='bbox 2395 2531 2805 2601; x_wconf 86' lang='lat' dir='ltr'><strong>diligentissime</strong></span> <span class='ocrx_word' id='word_1_513' title='bbox 2831 2547 2929 2600; x_wconf 88' lang='lat' dir='ltr'><strong>per</strong></span> <span class='ocrx_word' id='word_1_514' title='bbox 2954 2531 3394 2591; x_wconf 41' lang='lat' dir='ltr'><strong>alios—sciscitans</strong></span> <span class='ocrx_word' id='word_1_515' title='bbox 3420 2551 3543 2592; x_wconf 89' lang='lat' dir='ltr'><strong>eos-</strong></span> 
     </span>
    </p>
   </div>
   <div class='ocr_carea' id='block_1_73' title="bbox 1951 2602 2556 2671">
    <p class='ocr_par' dir='ltr' id='par_1_73' title="bbox 1951 2602 2556 2671">
     <span class='ocr_line' id='line_1_74' title="bbox 1951 2602 2556 2671; baseline -0.01 -12"><span class='ocrx_word' id='word_1_516' title='bbox 1951 2604 2071 2659; x_wconf 88' lang='lat' dir='ltr'><strong>dem</strong></span> <span class='ocrx_word' id='word_1_517' title='bbox 2099 2603 2263 2658; x_wconf 88' lang='lat' dir='ltr'><strong>fuisse</strong></span> <span class='ocrx_word' id='word_1_518' title='bbox 2288 2602 2556 2671; x_wconf 86' lang='lat' dir='ltr'><strong>probavit.</strong></span> 
     </span>
    </p>
   </div>
   <div class='ocr_carea' id='block_1_74' title="bbox 2021 2678 3547 2750">
    <p class='ocr_par' dir='ltr' id='par_1_74' title="bbox 2021 2678 3547 2750">
     <span class='ocr_line' id='line_1_75' title="bbox 2021 2678 3547 2750; baseline 0.001 -14"><span class='ocrx_word' id='word_1_519' title='bbox 2021 2681 2184 2736; x_wconf 81' lang='lat' dir='ltr'><strong>XXII.</strong></span> <span class='ocrx_word' id='word_1_520' title='bbox 2234 2681 2418 2750; x_wconf 86' lang='lat' dir='ltr'><strong>Neque</strong></span> <span class='ocrx_word' id='word_1_521' title='bbox 2470 2679 2599 2733; x_wconf 91' lang='lat' dir='ltr'><strong>illud</strong></span> <span class='ocrx_word' id='word_1_522' title='bbox 2649 2678 2862 2750; x_wconf 88' lang='lat' dir='ltr'><strong>silentio</strong></span> <span class='ocrx_word' id='word_1_523' title='bbox 2909 2681 3346 2749; x_wconf 63' lang='lat' dir='ltr'><strong>praetereundum</strong></span> <span class='ocrx_word' id='word_1_524' title='bbox 3396 2691 3547 2738; x_wconf 85' lang='lat' dir='ltr'><strong>ratus</strong></span> 
     </span>
    </p>
   </div>
   <div class='ocr_carea' id='block_1_75' title="bbox 1953 2749 3548 2822">
    <p class='ocr_par' dir='ltr' id='par_1_75' title="bbox 1953 2749 3548 2822">
     <span class='ocr_line' id='line_1_76' title="bbox 1953 2749 3548 2822; baseline -0.001 -15"><span class='ocrx_word' id='word_1_525' title='bbox 1953 2767 2070 2807; x_wconf 92' lang='lat' dir='ltr'><strong>sum</strong></span> <span class='ocrx_word' id='word_1_526' title='bbox 2105 2753 2248 2822; x_wconf 90' lang='lat' dir='ltr'><strong>quod</strong></span> <span class='ocrx_word' id='word_1_527' title='bbox 2288 2749 2444 2806; x_wconf 85' lang='lat' dir='ltr'><strong>multi</strong></span> <span class='ocrx_word' id='word_1_528' title='bbox 2488 2758 2772 2822; x_wconf 84' lang='lat' dir='ltr'><strong>noverunt.</strong></span> <span class='ocrx_word' id='word_1_529' title='bbox 2816 2749 3011 2822; x_wconf 78' lang='lat' dir='ltr'><strong>Gustus</strong></span> <span class='ocrx_word' id='word_1_530' title='bbox 3046 2752 3276 2822; x_wconf 85' lang='lat' dir='ltr'><strong>denique</strong></span> <span class='ocrx_word' id='word_1_531' title='bbox 3316 2753 3548 2822; x_wconf 91' lang='lat' dir='ltr'><strong>sepulcri</strong></span> 
     </span>
    </p>
   </div>
   <div class='ocr_carea' id='block_1_76' title="bbox 1909 2821 3548 2890">
    <p class='ocr_par' dir='ltr' id='par_1_76' title="bbox 1909 2821 3548 2890">
     <span class='ocr_line' id='line_1_77' title="bbox 1909 2821 3548 2890; baseline 0.002 -13"><span class='ocrx_word' id='word_1_532' title='bbox 1909 2867 1912 2870; x_wconf 39' lang='grc' dir='ltr'><strong><em>λ</em></strong></span> <span class='ocrx_word' id='word_1_533' title='bbox 1954 2821 2135 2877; x_wconf 89' lang='lat' dir='ltr'><strong>sancti</strong></span> <span class='ocrx_word' id='word_1_534' title='bbox 2169 2822 2405 2885; x_wconf 84' lang='lat' dir='ltr'><strong>Martini,</strong></span> <span class='ocrx_word' id='word_1_535' title='bbox 2448 2821 2766 2889; x_wconf 88' lang='lat' dir='ltr'><strong>providebat</strong></span> <span class='ocrx_word' id='word_1_536' title='bbox 2791 2821 2882 2890; x_wconf 91' lang='lat' dir='ltr'><strong>qui</strong></span> <span class='ocrx_word' id='word_1_537' title='bbox 2914 2837 3093 2876; x_wconf 89' lang='lat' dir='ltr'><strong>ceram</strong></span> <span class='ocrx_word' id='word_1_538' title='bbox 3137 2821 3204 2876; x_wconf 82' lang='lat' dir='ltr'><strong>et</strong></span> <span class='ocrx_word' id='word_1_539' title='bbox 3226 2821 3548 2880; x_wconf 82' lang='lat' dir='ltr'><strong>vestimenta</strong></span> 
     </span>
    </p>
   </div>
   <div class='ocr_carea' id='block_1_77' title="bbox 1954 2891 3553 2962">
    <p class='ocr_par' dir='ltr' id='par_1_77' title="bbox 1954 2891 3553 2962">
     <span class='ocr_line' id='line_1_78' title="bbox 1954 2891 3553 2962; baseline -0.001 -15"><span class='ocrx_word' id='word_1_540' title='bbox 1954 2894 2136 2948; x_wconf 90' lang='lat' dir='ltr'><strong>omnia</strong></span> <span class='ocrx_word' id='word_1_541' title='bbox 2163 2908 2283 2962; x_wconf 72' lang='lat' dir='ltr'><strong>quze</strong></span> <span class='ocrx_word' id='word_1_542' title='bbox 2310 2893 2378 2945; x_wconf 90' lang='lat' dir='ltr'><strong>ad</strong></span> <span class='ocrx_word' id='word_1_543' title='bbox 2421 2891 2592 2958; x_wconf 89' lang='lat' dir='ltr'><strong>ipsam</strong></span> <span class='ocrx_word' id='word_1_544' title='bbox 2623 2891 2904 2945; x_wconf 90' lang='lat' dir='ltr'><strong>basilicam</strong></span> <span class='ocrx_word' id='word_1_545' title='bbox 2935 2893 3304 2960; x_wconf 86' lang='lat' dir='ltr'><strong>pertinebant,</strong></span> <span class='ocrx_word' id='word_1_546' title='bbox 3339 2893 3553 2946; x_wconf 86' lang='lat' dir='ltr'><strong>intrans</strong></span> 
     </span>
    </p>
   </div>
   <div class='ocr_carea' id='block_1_78' title="bbox 1955 2961 3549 3031">
    <p class='ocr_par' dir='ltr' id='par_1_78' title="bbox 1955 2961 3549 3031">
     <span class='ocr_line' id='line_1_79' title="bbox 1955 2961 3549 3031; baseline -0.001 -13"><span class='ocrx_word' id='word_1_547' title='bbox 1955 2979 2078 3018; x_wconf 92' lang='lat' dir='ltr'><strong>cum</strong></span> <span class='ocrx_word' id='word_1_548' title='bbox 2105 2961 2326 3018; x_wconf 84' lang='lat' dir='ltr'><strong>candela</strong></span> <span class='ocrx_word' id='word_1_549' title='bbox 2353 2977 2579 3016; x_wconf 83' lang='lat' dir='ltr'><strong>accensa</strong></span> <span class='ocrx_word' id='word_1_550' title='bbox 2610 2961 2962 3016; x_wconf 88' lang='lat' dir='ltr'><strong>secretarium</strong></span> <span class='ocrx_word' id='word_1_551' title='bbox 2989 2978 3096 3031; x_wconf 92' lang='lat' dir='ltr'><strong>quo</strong></span> <span class='ocrx_word' id='word_1_552' title='bbox 3127 2963 3228 3017; x_wconf 90' lang='lat' dir='ltr'><strong>ista</strong></span> <span class='ocrx_word' id='word_1_553' title='bbox 3259 2963 3549 3016; x_wconf 87' lang='lat' dir='ltr'><strong>servaban-</strong></span> 
     </span>
    </p>
   </div>
   <div class='ocr_carea' id='block_1_79' title="bbox 1956 3031 3553 3102">
    <p class='ocr_par' dir='ltr' id='par_1_79' title="bbox 1956 3031 3553 3102">
     <span class='ocr_line' id='line_1_80' title="bbox 1956 3031 3553 3102; baseline -0.001 -16"><span class='ocrx_word' id='word_1_554' title='bbox 1956 3043 2064 3097; x_wconf 90' lang='lat' dir='ltr'><strong>tur,</strong></span> <span class='ocrx_word' id='word_1_555' title='bbox 2111 3032 2284 3087; x_wconf 78' lang='lat' dir='ltr'><strong>intixit</strong></span> <span class='ocrx_word' id='word_1_556' title='bbox 2325 3032 2570 3102; x_wconf 86' lang='lat' dir='ltr'><strong>eamdem</strong></span> <span class='ocrx_word' id='word_1_557' title='bbox 2612 3031 2815 3102; x_wconf 85' lang='lat' dir='ltr'><strong>stipiti;</strong></span> <span class='ocrx_word' id='word_1_558' title='bbox 2859 3047 3171 3101; x_wconf 89' lang='lat' dir='ltr'><strong>quamcum</strong></span> <span class='ocrx_word' id='word_1_559' title='bbox 3205 3034 3553 3102; x_wconf 80' lang='lat' dir='ltr'><strong>egrederetur</strong></span> 
     </span>
    </p>
   </div>
   <div class='ocr_carea' id='block_1_80' title="bbox 264 3089 3554 3171">
    <p class='ocr_par' dir='ltr' id='par_1_80' title="bbox 264 3089 3554 3171">
     <span class='ocr_line' id='line_1_81' title="bbox 264 3089 3554 3171; baseline -0.003 -7"><span class='ocrx_word' id='word_1_560' title='bbox 264 3089 923 3171; x_wconf 49' lang='lat' dir='ltr'><strong>tribulationemuemque</strong></span> <span class='ocrx_word' id='word_1_561' title='bbox 951 3089 1137 3171; x_wconf 42' lang='lat' dir='ltr'><strong>eli-3]&quot;.</strong></span> <span class='ocrx_word' id='word_1_562' title='bbox 1163 3089 1307 3171; x_wconf 61' lang='grc' dir='ltr'><strong>ιξιεέ</strong></span> <span class='ocrx_word' id='word_1_563' title='bbox 1325 3095 1378 3149; x_wconf 82' lang='lat' dir='ltr'><strong>in</strong></span> <span class='ocrx_word' id='word_1_564' title='bbox 1409 3089 1924 3171; x_wconf 51' lang='lat' dir='ltr'><strong>&#39;divitiisexer&#39;ce-C</strong></span> <span class='ocrx_word' id='word_1_565' title='bbox 1955 3089 2157 3159; x_wconf 86' lang='lat' dir='ltr'><strong>oblitus</strong></span> <span class='ocrx_word' id='word_1_566' title='bbox 2202 3112 2285 3157; x_wconf 91' lang='lat' dir='ltr'><strong>est</strong></span> <span class='ocrx_word' id='word_1_567' title='bbox 2335 3101 2599 3171; x_wconf 89' lang='lat' dir='ltr'><strong>accipere.</strong></span> <span class='ocrx_word' id='word_1_568' title='bbox 2652 3089 2902 3156; x_wconf 60' lang='lat' dir='ltr'><strong>F&#39;irmans</strong></span> <span class='ocrx_word' id='word_1_569' title='bbox 2949 3103 3131 3171; x_wconf 90' lang='lat' dir='ltr'><strong>itaque</strong></span> <span class='ocrx_word' id='word_1_570' title='bbox 3183 3089 3381 3156; x_wconf 45' lang='lat' dir='ltr'><strong>os‘iium</strong></span> <span class='ocrx_word' id='word_1_571' title='bbox 3429 3117 3554 3156; x_wconf 84' lang='lat' dir='ltr'><strong>sera</strong></span> 
     </span>
    </p>
   </div>
   <div class='ocr_carea' id='block_1_81' title="bbox 267 3165 1854 3236">
    <p class='ocr_par' dir='ltr' id='par_1_81' title="bbox 267 3165 1854 3236">
     <span class='ocr_line' id='line_1_82' title="bbox 267 3165 1854 3236; baseline -0.005 -10"><span class='ocrx_word' id='word_1_572' title='bbox 267 3183 348 3226; x_wconf 86' lang='lat' dir='ltr'><strong>ret</strong></span> <span class='ocrx_word' id='word_1_573' title='bbox 372 3172 637 3233; x_wconf 85' lang='lat' dir='ltr'><strong>laudibus,</strong></span> <span class='ocrx_word' id='word_1_574' title='bbox 670 3165 1010 3222; x_wconf 79' lang='lat' dir='ltr'><strong>decantaret.</strong></span> <span class='ocrx_word' id='word_1_575' title='bbox 1038 3166 1191 3234; x_wconf 84' lang='lat' dir='ltr'><strong>Quod</strong></span> <span class='ocrx_word' id='word_1_576' title='bbox 1222 3179 1381 3220; x_wconf 90' lang='lat' dir='ltr'><strong>nosse</strong></span> <span class='ocrx_word' id='word_1_577' title='bbox 1419 3165 1510 3236; x_wconf 89' lang='lat' dir='ltr'><strong>qui</strong></span> <span class='ocrx_word' id='word_1_578' title='bbox 1553 3165 1686 3236; x_wconf 89' lang='lat' dir='ltr'><strong>vult,</strong></span> <span class='ocrx_word' id='word_1_579' title='bbox 1712 3165 1854 3236; x_wconf 83' lang='lat' dir='ltr'><strong>legat</strong></span> 
     </span>
    </p>
   </div>
   <div class='ocr_carea' id='block_1_82' title="bbox 266 3235 1708 3310">
    <p class='ocr_par' dir='ltr' id='par_1_82' title="bbox 266 3235 1708 3310">
     <span class='ocr_line' id='line_1_83' title="bbox 266 3235 1708 3310; baseline -0.006 -14"><span class='ocrx_word' id='word_1_580' title='bbox 266 3243 504 3298; x_wconf 87' lang='lat' dir='ltr'><strong>libellum</strong></span> <span class='ocrx_word' id='word_1_581' title='bbox 525 3241 644 3310; x_wconf 73' lang='lat' dir='ltr'><strong>eius</strong></span> <span class='ocrx_word' id='word_1_582' title='bbox 673 3237 741 3292; x_wconf 91' lang='lat' dir='ltr'><strong>ad</strong></span> <span class='ocrx_word' id='word_1_583' title='bbox 769 3239 1024 3310; x_wconf 84' lang='lat' dir='ltr'><strong>eumdem</strong></span> <span class='ocrx_word' id='word_1_584' title='bbox 1045 3238 1122 3310; x_wconf 81' lang='lat' dir='ltr'><strong>De</strong></span> <span class='ocrx_word' id='word_1_585' title='bbox 1140 3235 1634 3310; x_wconf 41' lang='lat' dir='ltr'><strong>rationchorationis</strong></span> <span class='ocrx_word' id='word_1_586' title='bbox 1661 3247 1708 3310; x_wconf 61' lang='lat' dir='ltr'><strong>ﬂ,</strong></span> 
     </span>
    </p>
   </div>
   <div class='ocr_carea' id='block_1_83' title="bbox 335 3305 1857 3372">
    <p class='ocr_par' dir='ltr' id='par_1_83' title="bbox 335 3305 1857 3372">
     <span class='ocr_line' id='line_1_84' title="bbox 335 3305 1857 3372; baseline -0.006 -6"><span class='ocrx_word' id='word_1_587' title='bbox 335 3312 479 3367; x_wconf 70' lang='lat' dir='ltr'><strong>XIX.</strong></span> <span class='ocrx_word' id='word_1_588' title='bbox 517 3305 748 3372; x_wconf 61' lang='lat' dir='ltr'><strong>[egerat</strong></span> <span class='ocrx_word' id='word_1_589' title='bbox 794 3308 935 3361; x_wconf 91' lang='lat' dir='ltr'><strong>idem</strong></span> <span class='ocrx_word' id='word_1_590' title='bbox 977 3308 1062 3361; x_wconf 86' lang='lat' dir='ltr'><strong>vir</strong></span> <span class='ocrx_word' id='word_1_591' title='bbox 1091 3306 1305 3361; x_wconf 90' lang='lat' dir='ltr'><strong>Domini</strong></span> <span class='ocrx_word' id='word_1_592' title='bbox 1342 3305 1510 3360; x_wconf 89' lang='lat' dir='ltr'><strong>libros</strong></span> <span class='ocrx_word' id='word_1_593' title='bbox 1531 3305 1742 3372; x_wconf 88' lang='lat' dir='ltr'><strong>juvenis</strong></span> <span class='ocrx_word' id='word_1_594' title='bbox 1762 3319 1857 3357; x_wconf 89' lang='lat' dir='ltr'><strong>an-</strong></span> 
     </span>
    </p>
   </div>
   <div class='ocr_carea' id='block_1_84' title="bbox 266 3375 1859 3450">
    <p class='ocr_par' dir='ltr' id='par_1_84' title="bbox 266 3375 1859 3450">
     <span class='ocr_line' id='line_1_85' title="bbox 266 3375 1859 3450; baseline -0.008 -12"><span class='ocrx_word' id='word_1_595' title='bbox 266 3383 550 3450; x_wconf 84' lang='lat' dir='ltr'><strong>tiquorum</strong></span> <span class='ocrx_word' id='word_1_596' title='bbox 571 3375 1374 3450; x_wconf 69' lang='lat' dir='ltr'><strong>philoSOphorum,Yirgiliique</strong></span> <span class='ocrx_word' id='word_1_597' title='bbox 1413 3375 1713 3450; x_wconf 81' lang='lat' dir='ltr'><strong>mendacia,</strong></span> <span class='ocrx_word' id='word_1_598' title='bbox 1738 3389 1859 3444; x_wconf 66' lang='lat' dir='ltr'><strong>qua:</strong></span> 
     </span>
    </p>
   </div>
   <div class='ocr_carea' id='block_1_85' title="bbox 265 3444 1856 3517">
    <p class='ocr_par' dir='ltr' id='par_1_85' title="bbox 265 3444 1856 3517">
     <span class='ocr_line' id='line_1_86' title="bbox 265 3444 1856 3517; baseline -0.006 -10"><span class='ocrx_word' id='word_1_599' title='bbox 265 3444 626 3516; x_wconf 68' lang='lat' dir='ltr'><strong>nolebatjaiu</strong></span> <span class='ocrx_word' id='word_1_600' title='bbox 664 3444 898 3517; x_wconf 45' lang='lat' dir='ltr'><strong>ipse-nec</strong></span> <span class='ocrx_word' id='word_1_601' title='bbox 943 3444 1370 3516; x_wconf 57' lang='lat' dir='ltr'><strong>audire,&#39;neque</strong></span> <span class='ocrx_word' id='word_1_602' title='bbox 1409 3444 1701 3517; x_wconf 86' lang='lat' dir='ltr'><strong>discipulos</strong></span> <span class='ocrx_word' id='word_1_603' title='bbox 1727 3459 1856 3500; x_wconf 91' lang='lat' dir='ltr'><strong>suos</strong></span> 
     </span>
    </p>
   </div>
   <div class='ocr_carea' id='block_1_86' title="bbox 267 3515 1860 3591">
    <p class='ocr_par' dir='ltr' id='par_1_86' title="bbox 267 3515 1860 3591">
     <span class='ocr_line' id='line_1_87' title="bbox 267 3515 1860 3591; baseline -0.005 -15"><span class='ocrx_word' id='word_1_604' title='bbox 267 3523 489 3591; x_wconf 66' lang='lat' dir='ltr'><strong>legere,</strong></span> <span class='ocrx_word' id='word_1_605' title='bbox 517 3515 537 3569; x_wconf 64' lang='grc' dir='ltr'>ὰ</span> <span class='ocrx_word' id='word_1_606' title='bbox 570 3515 842 3591; x_wconf 76' lang='lat' dir='ltr'><strong>sulﬁciunt,</strong></span> <span class='ocrx_word' id='word_1_607' title='bbox 868 3518 1145 3591; x_wconf 79' lang='lat' dir='ltr'><strong>inquiens,</strong></span> <span class='ocrx_word' id='word_1_608' title='bbox 1154 3515 1336 3591; x_wconf 77' lang='lat' dir='ltr'><strong>divini</strong></span> <span class='ocrx_word' id='word_1_609' title='bbox 1357 3524 1530 3586; x_wconf 77' lang='lat' dir='ltr'><strong>poeta:</strong></span> <span class='ocrx_word' id='word_1_610' title='bbox 1549 3515 1732 3591; x_wconf 76' lang='lat' dir='ltr'><strong>_vo_bis,</strong></span> <span class='ocrx_word' id='word_1_611' title='bbox 1758 3529 1860 3569; x_wconf 92' lang='lat' dir='ltr'><strong>nec</strong></span> 
     </span>
    </p>
   </div>
   <div class='ocr_carea' id='block_1_87' title="bbox 375 3585 1864 3658">
    <p class='ocr_par' dir='ltr' id='par_1_87' title="bbox 375 3585 1864 3658">
     <span class='ocr_line' id='line_1_88' title="bbox 375 3585 1864 3658; baseline -0.005 -13"><span class='ocrx_word' id='word_1_612' title='bbox 375 3591 443 3646; x_wconf 87' lang='lat' dir='ltr'><strong>tis</strong></span> <span class='ocrx_word' id='word_1_613' title='bbox 471 3589 741 3644; x_wconf 81' lang='lat' dir='ltr'><strong>luxuriosa</strong></span> <span class='ocrx_word' id='word_1_614' title='bbox 789 3585 1054 3644; x_wconf 81' lang='lat' dir='ltr'><strong>sermonis</strong></span> <span class='ocrx_word' id='word_1_615' title='bbox 1102 3587 1313 3658; x_wconf 69' lang='lat' dir='ltr'><strong>Virgilii</strong></span> <span class='ocrx_word' id='word_1_616' title='bbox 1345 3585 1438 3658; x_wconf 82' lang='lat' dir='ltr'><strong>vos</strong></span> <span class='ocrx_word' id='word_1_617' title='bbox 1477 3585 1864 3658; x_wconf 75' lang='lat' dir='ltr'><strong>pollui_faeu_n-</strong></span> 
     </span>
    </p>
   </div>
   <div class='ocr_carea' id='block_1_88' title="bbox 271 3654 1862 3729">
    <p class='ocr_par' dir='ltr' id='par_1_88' title="bbox 271 3654 1862 3729">
     <span class='ocr_line' id='line_1_89' title="bbox 271 3654 1862 3729; baseline -0.005 -13"><span class='ocrx_word' id='word_1_618' title='bbox 271 3654 375 3716; x_wconf 76' lang='lat' dir='ltr'><strong>dia.</strong></span> <span class='ocrx_word' id='word_1_619' title='bbox 415 3682 436 3714; x_wconf 73' lang='grc' dir='ltr'><strong><em>ι</em></strong></span> <span class='ocrx_word' id='word_1_620' title='bbox 470 3661 673 3716; x_wconf 87' lang='lat' dir='ltr'><strong>Contra</strong></span> <span class='ocrx_word' id='word_1_621' title='bbox 699 3659 842 3729; x_wconf 91' lang='lat' dir='ltr'><strong>quod</strong></span> <span class='ocrx_word' id='word_1_622' title='bbox 871 3654 1461 3729; x_wconf 62' lang='lat' dir='ltr'><strong>pneceptum&#39;tentavit</strong></span> <span class='ocrx_word' id='word_1_623' title='bbox 1488 3654 1728 3729; x_wconf 81' lang='lat' dir='ltr'><strong>Sigulfus</strong></span> <span class='ocrx_word' id='word_1_624' title='bbox 1757 3656 1862 3729; x_wconf 63' lang='lat' dir='ltr'><strong>Ye-</strong></span> 
     </span>
    </p>
   </div>
   <div class='ocr_carea' id='block_1_89' title="bbox 274 3723 1862 3801">
    <p class='ocr_par' dir='ltr' id='par_1_89' title="bbox 274 3723 1862 3801">
     <span class='ocr_line' id='line_1_90' title="bbox 274 3723 1862 3801; baseline -0.004 -15"><span class='ocrx_word' id='word_1_625' title='bbox 274 3732 412 3787; x_wconf 90' lang='lat' dir='ltr'><strong>tulus</strong></span> <span class='ocrx_word' id='word_1_626' title='bbox 441 3738 655 3787; x_wconf 81' lang='lat' dir='ltr'><strong>secrete</strong></span> <span class='ocrx_word' id='word_1_627' title='bbox 683 3723 1036 3801; x_wconf 67' lang='lat' dir='ltr'><strong>agere,&#39;unde</strong></span> <span class='ocrx_word' id='word_1_628' title='bbox 1047 3723 1176 3799; x_wconf 77' lang='lat' dir='ltr'><strong>post</strong></span> <span class='ocrx_word' id='word_1_629' title='bbox 1197 3727 1415 3801; x_wconf 64' lang='lat' dir='ltr'><strong>eiubuit</strong></span> <span class='ocrx_word' id='word_1_630' title='bbox 1433 3723 1664 3801; x_wconf 71' lang='lat' dir='ltr'><strong>publice.</strong></span> <span class='ocrx_word' id='word_1_631' title='bbox 1689 3723 1862 3801; x_wconf 75' lang='lat' dir='ltr'><strong>Adve-</strong></span> 
     </span>
    </p>
   </div>
   <div class='ocr_carea' id='block_1_90' title="bbox 275 3795 1860 3870">
    <p class='ocr_par' dir='ltr' id='par_1_90' title="bbox 275 3795 1860 3870">
     <span class='ocr_line' id='line_1_91' title="bbox 275 3795 1860 3870; baseline -0.006 -12"><span class='ocrx_word' id='word_1_632' title='bbox 275 3818 395 3858; x_wconf 85' lang='lat' dir='ltr'><strong>cans</strong></span> <span class='ocrx_word' id='word_1_633' title='bbox 422 3814 678 3870; x_wconf 17' lang='lat' dir='ltr'><strong>namque,</strong></span> <span class='ocrx_word' id='word_1_634' title='bbox 707 3795 834 3856; x_wconf 72' lang='lat' dir='ltr'><strong>suos</strong></span> <span class='ocrx_word' id='word_1_635' title='bbox 884 3815 1020 3869; x_wconf 91' lang='lat' dir='ltr'><strong>quos</strong></span> <span class='ocrx_word' id='word_1_636' title='bbox 1060 3795 1193 3854; x_wconf 75' lang='lat' dir='ltr'><strong>tunc</strong></span> <span class='ocrx_word' id='word_1_637' title='bbox 1220 3798 1359 3853; x_wconf 86' lang='lat' dir='ltr'><strong>filios</strong></span> <span class='ocrx_word' id='word_1_638' title='bbox 1384 3795 1860 3870; x_wconf 32' lang='lat' dir='ltr'><strong>nutriebat,,Adal-</strong></span> 
     </span>
    </p>
   </div>
   <div class='ocr_carea' id='block_1_91' title="bbox 276 3866 1863 3941">
    <p class='ocr_par' dir='ltr' id='par_1_91' title="bbox 276 3866 1863 3941">
     <span class='ocr_line' id='line_1_92' title="bbox 276 3866 1863 3941; baseline -0.005 -15"><span class='ocrx_word' id='word_1_639' title='bbox 276 3874 480 3927; x_wconf 80' lang='lat' dir='ltr'><strong>bertam</strong></span> <span class='ocrx_word' id='word_1_640' title='bbox 508 3866 590 3926; x_wconf 61' lang='grc' dir='ltr'><strong>εί</strong></span> <span class='ocrx_word' id='word_1_641' title='bbox 619 3866 919 3935; x_wconf 69' lang='grc' dir='ltr'><strong>Λιιιήεωηζ</strong></span> <span class='ocrx_word' id='word_1_642' title='bbox 965 3870 1126 3941; x_wconf 86' lang='lat' dir='ltr'><strong>jussit</strong></span> <span class='ocrx_word' id='word_1_643' title='bbox 1172 3883 1354 3941; x_wconf 86' lang='lat' dir='ltr'><strong>coram</strong></span> <span class='ocrx_word' id='word_1_644' title='bbox 1401 3882 1460 3921; x_wconf 89' lang='lat' dir='ltr'><strong>se</strong></span> <span class='ocrx_word' id='word_1_645' title='bbox 1494 3866 1863 3941; x_wconf 79' lang='lat' dir='ltr'><strong>secretissime</strong></span> 
     </span>
    </p>
   </div>
   <div class='ocr_carea' id='block_1_92' title="bbox 284 3937 1862 4015">
    <p class='ocr_par' dir='ltr' id='par_1_92' title="bbox 284 3937 1862 4015">
     <span class='ocr_line' id='line_1_93' title="bbox 284 3937 1862 4015; baseline -0.004 -18"><span class='ocrx_word' id='word_1_646' title='bbox 284 3943 554 4015; x_wconf 78' lang='lat' dir='ltr'><strong>Virgilium</strong></span> <span class='ocrx_word' id='word_1_647' title='bbox 587 3937 1161 4015; x_wconf 76' lang='lat' dir='ltr'><strong>legere,_interdireus_</strong></span> <span class='ocrx_word' id='word_1_648' title='bbox 1206 3939 1288 4015; x_wconf 86' lang='lat' dir='ltr'><strong>eis</strong></span> <span class='ocrx_word' id='word_1_649' title='bbox 1315 3937 1538 4015; x_wconf 68' lang='lat' dir='ltr'><strong>nequis</strong></span> <span class='ocrx_word' id='word_1_650' title='bbox 1567 3937 1677 3992; x_wconf 91' lang='lat' dir='ltr'><strong>ullo</strong></span> <span class='ocrx_word' id='word_1_651' title='bbox 1703 3937 1862 4015; x_wconf 85' lang='lat' dir='ltr'><strong>ruodo</strong></span> 
     </span>
    </p>
   </div>
   <div class='ocr_carea' id='block_1_93' title="bbox 279 4006 1858 4080">
    <p class='ocr_par' dir='ltr' id='par_1_93' title="bbox 279 4006 1858 4080">
     <span class='ocr_line' id='line_1_94' title="bbox 279 4006 1858 4080; baseline -0.006 -12"><span class='ocrx_word' id='word_1_652' title='bbox 279 4006 448 4079; x_wconf 57' lang='grc' dir='ltr'><strong>θεὴ-ξι,</strong></span> <span class='ocrx_word' id='word_1_653' title='bbox 475 4027 546 4066; x_wconf 86' lang='lat' dir='ltr'><strong>ne</strong></span> <span class='ocrx_word' id='word_1_654' title='bbox 580 4006 722 4065; x_wconf 66' lang='lat' dir='ltr'><strong>forte</strong></span> <span class='ocrx_word' id='word_1_655' title='bbox 755 4011 823 4065; x_wconf 87' lang='lat' dir='ltr'><strong>ad</strong></span> <span class='ocrx_word' id='word_1_656' title='bbox 855 4011 1024 4080; x_wconf 87' lang='lat' dir='ltr'><strong>patris</strong></span> <span class='ocrx_word' id='word_1_657' title='bbox 1044 4009 1224 4064; x_wconf 89' lang='lat' dir='ltr'><strong>Albini</strong></span> <span class='ocrx_word' id='word_1_658' title='bbox 1252 4008 1498 4064; x_wconf 85' lang='lat' dir='ltr'><strong>notitiam</strong></span> <span class='ocrx_word' id='word_1_659' title='bbox 1532 4006 1858 4080; x_wconf 78' lang='lat' dir='ltr'><strong>perveuiret.</strong></span> 
     </span>
    </p>
   </div>
   <div class='ocr_carea' id='block_1_94' title="bbox 282 4076 1863 4141">
    <p class='ocr_par' dir='ltr' id='par_1_94' title="bbox 282 4076 1863 4141">
     <span class='ocr_line' id='line_1_95' title="bbox 282 4076 1863 4141; baseline -0.005 -2"><span class='ocrx_word' id='word_1_660' title='bbox 282 4076 495 4139; x_wconf 81' lang='lat' dir='ltr'><strong>Albinus</strong></span> <span class='ocrx_word' id='word_1_661' title='bbox 517 4091 705 4137; x_wconf 88' lang='lat' dir='ltr'><strong>autem</strong></span> <span class='ocrx_word' id='word_1_662' title='bbox 733 4076 894 4136; x_wconf 83' lang='lat' dir='ltr'><strong>solito</strong></span> <span class='ocrx_word' id='word_1_663' title='bbox 915 4096 1068 4136; x_wconf 90' lang='lat' dir='ltr'><strong>more</strong></span> <span class='ocrx_word' id='word_1_664' title='bbox 1087 4079 1154 4133; x_wconf 90' lang='lat' dir='ltr'><strong>ad</strong></span> <span class='ocrx_word' id='word_1_665' title='bbox 1177 4096 1234 4134; x_wconf 89' lang='lat' dir='ltr'><strong>se</strong></span> <span class='ocrx_word' id='word_1_666' title='bbox 1254 4093 1473 4141; x_wconf 86' lang='lat' dir='ltr'><strong>vocans,</strong></span> <span class='ocrx_word' id='word_1_667' title='bbox 1505 4076 1582 4132; x_wconf 84' lang='lat' dir='ltr'><strong>ait</strong></span> <span class='ocrx_word' id='word_1_668' title='bbox 1606 4095 1618 4132; x_wconf 93' lang='lat'><strong>:</strong></span> <span class='ocrx_word' id='word_1_669' title='bbox 1663 4097 1680 4128; x_wconf 71' lang='grc' dir='ltr'>ι</span> <span class='ocrx_word' id='word_1_670' title='bbox 1711 4076 1863 4132; x_wconf 88' lang='lat' dir='ltr'><strong>Unde</strong></span> 
     </span>
    </p>
   </div>
   <div class='ocr_carea' id='block_1_95' title="bbox 286 4147 1865 4222">
    <p class='ocr_par' dir='ltr' id='par_1_95' title="bbox 286 4147 1865 4222">
     <span class='ocr_line' id='line_1_96' title="bbox 286 4147 1865 4222; baseline -0.004 -15"><span class='ocrx_word' id='word_1_671' title='bbox 286 4164 329 4207; x_wconf 79' lang='lat' dir='ltr'><strong>te.</strong></span> <span class='ocrx_word' id='word_1_672' title='bbox 349 4155 638 4217; x_wconf 83' lang='lat' dir='ltr'><strong>habemus,</strong></span> <span class='ocrx_word' id='word_1_673' title='bbox 669 4151 994 4222; x_wconf 76' lang='lat' dir='ltr'><strong>Virgiliaue?</strong></span> <span class='ocrx_word' id='word_1_674' title='bbox 1022 4150 1132 4205; x_wconf 90' lang='lat' dir='ltr'><strong>Cur</strong></span> <span class='ocrx_word' id='word_1_675' title='bbox 1156 4149 1372 4222; x_wconf 66' lang='lat' dir='ltr'><strong>coepisti</strong></span> <span class='ocrx_word' id='word_1_676' title='bbox 1407 4163 1472 4203; x_wconf 91' lang='lat' dir='ltr'><strong>ac</strong></span> <span class='ocrx_word' id='word_1_677' title='bbox 1500 4147 1714 4222; x_wconf 82' lang='lat' dir='ltr'><strong>voluisti</strong></span> <span class='ocrx_word' id='word_1_678' title='bbox 1735 4162 1865 4202; x_wconf 90' lang='lat' dir='ltr'><strong>con-</strong></span> 
     </span>
    </p>
   </div>
   <div class='ocr_carea' id='block_1_96' title="bbox 288 4219 1864 4288">
    <p class='ocr_par' dir='ltr' id='par_1_96' title="bbox 288 4219 1864 4288">
     <span class='ocr_line' id='line_1_97' title="bbox 288 4219 1864 4288; baseline -0.004 -10"><span class='ocrx_word' id='word_1_679' title='bbox 288 4235 355 4278; x_wconf 86' lang='lat' dir='ltr'><strong>tra</strong></span> <span class='ocrx_word' id='word_1_680' title='bbox 397 4240 580 4279; x_wconf 87' lang='lat' dir='ltr'><strong>meam</strong></span> <span class='ocrx_word' id='word_1_681' title='bbox 610 4219 945 4277; x_wconf 71' lang='lat' dir='ltr'><strong>voluntatem</strong></span> <span class='ocrx_word' id='word_1_682' title='bbox 993 4229 1049 4277; x_wconf 92' lang='lat' dir='ltr'><strong>et</strong></span> <span class='ocrx_word' id='word_1_683' title='bbox 1092 4219 1374 4275; x_wconf 87' lang='lat' dir='ltr'><strong>consilium</strong></span> <span class='ocrx_word' id='word_1_684' title='bbox 1425 4233 1511 4272; x_wconf 90' lang='lat' dir='ltr'><strong>me</strong></span> <span class='ocrx_word' id='word_1_685' title='bbox 1555 4219 1864 4288; x_wconf 86' lang='lat' dir='ltr'><strong>ignorante,</strong></span> 
     </span>
    </p>
   </div>
   <div class='ocr_carea' id='block_1_97' title="bbox 287 4287 1866 4365">
    <p class='ocr_par' dir='ltr' id='par_1_97' title="bbox 287 4287 1866 4365">
     <span class='ocr_line' id='line_1_98' title="bbox 287 4287 1866 4365; baseline -0.006 -15"><span class='ocrx_word' id='word_1_686' title='bbox 287 4309 447 4365; x_wconf 79' lang='lat' dir='ltr'><strong>agere,</strong></span> <span class='ocrx_word' id='word_1_687' title='bbox 484 4303 545 4365; x_wconf 83' lang='lat' dir='ltr'><strong>ut</strong></span> <span class='ocrx_word' id='word_1_688' title='bbox 573 4292 863 4365; x_wconf 78' lang='lat' dir='ltr'><strong>Virgilium</strong></span> <span class='ocrx_word' id='word_1_689' title='bbox 907 4292 1148 4365; x_wconf 55' lang='lat' dir='ltr'><strong>legeres?</strong></span> <span class='ocrx_word' id='word_1_690' title='bbox 1192 4311 1211 4344; x_wconf 76' lang='grc' dir='ltr'><strong><em>ι</em></strong></span> <span class='ocrx_word' id='word_1_691' title='bbox 1247 4289 1495 4365; x_wconf 84' lang='lat' dir='ltr'><strong>Si’gulfus</strong></span> <span class='ocrx_word' id='word_1_692' title='bbox 1536 4287 1666 4342; x_wconf 88' lang='lat' dir='ltr'><strong>vero</strong></span> <span class='ocrx_word' id='word_1_693' title='bbox 1697 4302 1772 4365; x_wconf 77' lang='lat' dir='ltr'><strong>se</strong></span> <span class='ocrx_word' id='word_1_694' title='bbox 1797 4287 1866 4341; x_wconf 87' lang='lat' dir='ltr'><strong>ad</strong></span> 
     </span>
    </p>
   </div>
   <div class='ocr_carea' id='block_1_98' title="bbox 456 4357 1870 4433">
    <p class='ocr_par' dir='ltr' id='par_1_98' title="bbox 456 4357 1870 4433">
     <span class='ocr_line' id='line_1_99' title="bbox 456 4357 1870 4433; baseline -0.006 -15"><span class='ocrx_word' id='word_1_695' title='bbox 456 4363 580 4432; x_wconf 85' lang='lat' dir='ltr'><strong>ejus</strong></span> <span class='ocrx_word' id='word_1_696' title='bbox 612 4357 904 4433; x_wconf 63' lang='lat' dir='ltr'><strong>projiciens</strong></span> <span class='ocrx_word' id='word_1_697' title='bbox 926 4357 1261 4433; x_wconf 71' lang='lat' dir='ltr'><strong>stultissime</strong></span> <span class='ocrx_word' id='word_1_698' title='bbox 1285 4357 1344 4433; x_wconf 77' lang='lat' dir='ltr'><strong>se</strong></span> <span class='ocrx_word' id='word_1_699' title='bbox 1383 4359 1558 4433; x_wconf 83' lang='lat' dir='ltr'><strong>egisse</strong></span> <span class='ocrx_word' id='word_1_700' title='bbox 1586 4357 1870 4433; x_wconf 82' lang='lat' dir='ltr'><strong>confessus</strong></span> 
     </span>
    </p>
   </div>
   <div class='ocr_carea' id='block_1_99' title="bbox 1958 3171 3553 3242">
    <p class='ocr_par' dir='ltr' id='par_1_99' title="bbox 1958 3171 3553 3242">
     <span class='ocr_line' id='line_1_100' title="bbox 1958 3171 3553 3242; baseline -0.002 -14"><span class='ocrx_word' id='word_1_701' title='bbox 1958 3174 2090 3228; x_wconf 85' lang='lat' dir='ltr'><strong>abiit</strong></span> <span class='ocrx_word' id='word_1_702' title='bbox 2116 3191 2128 3225; x_wconf 90' lang='lat'><strong>:</strong></span> <span class='ocrx_word' id='word_1_703' title='bbox 2155 3171 2376 3226; x_wconf 87' lang='lat' dir='ltr'><strong>candela</strong></span> <span class='ocrx_word' id='word_1_704' title='bbox 2402 3185 2531 3225; x_wconf 91' lang='lat' dir='ltr'><strong>vero</strong></span> <span class='ocrx_word' id='word_1_705' title='bbox 2555 3171 2750 3242; x_wconf 65' lang='lat' dir='ltr'><strong>audens</strong></span> <span class='ocrx_word' id='word_1_706' title='bbox 2775 3171 2972 3225; x_wconf 88' lang='lat' dir='ltr'><strong>cecidit</strong></span> <span class='ocrx_word' id='word_1_707' title='bbox 2998 3187 3160 3242; x_wconf 83' lang='lat' dir='ltr'><strong>super</strong></span> <span class='ocrx_word' id='word_1_708' title='bbox 3186 3188 3401 3237; x_wconf 86' lang='lat' dir='ltr'><strong>ceram;</strong></span> <span class='ocrx_word' id='word_1_709' title='bbox 3428 3185 3553 3226; x_wconf 85' lang='lat' dir='ltr'><strong>cera</strong></span> 
     </span>
    </p>
   </div>
   <div class='ocr_carea' id='block_1_100' title="bbox 1959 3237 3556 3313">
    <p class='ocr_par' dir='ltr' id='par_1_100' title="bbox 1959 3237 3556 3313">
     <span class='ocr_line' id='line_1_101' title="bbox 1959 3237 3556 3313; baseline -0.001 -15"><span class='ocrx_word' id='word_1_710' title='bbox 1959 3258 2172 3313; x_wconf 90' lang='lat' dir='ltr'><strong>quoque</strong></span> <span class='ocrx_word' id='word_1_711' title='bbox 2195 3256 2417 3312; x_wconf 81' lang='lat' dir='ltr'><strong>magnas</strong></span> <span class='ocrx_word' id='word_1_712' title='bbox 2438 3242 2572 3313; x_wconf 86' lang='lat' dir='ltr'><strong>dans</strong></span> <span class='ocrx_word' id='word_1_713' title='bbox 2592 3237 2835 3294; x_wconf 82' lang='lat' dir='ltr'><strong>flammas</strong></span> <span class='ocrx_word' id='word_1_714' title='bbox 2859 3243 2936 3313; x_wconf 29' lang='lat' dir='ltr'><strong>ad,</strong></span> <span class='ocrx_word' id='word_1_715' title='bbox 2947 3237 3265 3313; x_wconf 86' lang='lat' dir='ltr'><strong>vestimenta</strong></span> <span class='ocrx_word' id='word_1_716' title='bbox 3291 3258 3411 3311; x_wconf 77' lang='lat' dir='ltr'><strong>qua:</strong></span> <span class='ocrx_word' id='word_1_717' title='bbox 3432 3256 3556 3313; x_wconf 83' lang='lat' dir='ltr'><strong>per—</strong></span> 
     </span>
    </p>
   </div>
   <div class='ocr_carea' id='block_1_101' title="bbox 1962 3310 3555 3375">
    <p class='ocr_par' dir='ltr' id='par_1_101' title="bbox 1962 3310 3555 3375">
     <span class='ocr_line' id='line_1_102' title="bbox 1962 3310 3555 3375; baseline -0.003 -7"><span class='ocrx_word' id='word_1_718' title='bbox 1962 3310 2416 3375; x_wconf 53' lang='lat' dir='ltr'><strong>ticis&#39;hterebant,</strong></span> <span class='ocrx_word' id='word_1_719' title='bbox 2461 3310 2627 3364; x_wconf 90' lang='lat' dir='ltr'><strong>multa</strong></span> <span class='ocrx_word' id='word_1_720' title='bbox 2668 3326 2790 3365; x_wconf 93' lang='lat' dir='ltr'><strong>cum</strong></span> <span class='ocrx_word' id='word_1_721' title='bbox 2830 3311 2884 3364; x_wconf 87' lang='lat' dir='ltr'><strong>vi</strong></span> <span class='ocrx_word' id='word_1_722' title='bbox 2925 3311 3103 3375; x_wconf 79' lang='lat' dir='ltr'><strong>ignem</strong></span> <span class='ocrx_word' id='word_1_723' title='bbox 3147 3310 3328 3368; x_wconf 85' lang='lat' dir='ltr'><strong>emisit</strong></span> <span class='ocrx_word' id='word_1_724' title='bbox 3353 3330 3366 3365; x_wconf 89' lang='lat'><strong>:</strong></span> <span class='ocrx_word' id='word_1_725' title='bbox 3391 3311 3555 3366; x_wconf 88' lang='lat' dir='ltr'><strong>vesti-</strong></span> 
     </span>
    </p>
   </div>
   <div class='ocr_carea' id='block_1_102' title="bbox 1961 3381 3554 3451">
    <p class='ocr_par' dir='ltr' id='par_1_102' title="bbox 1961 3381 3554 3451">
     <span class='ocr_line' id='line_1_103' title="bbox 1961 3381 3554 3451; baseline -0.003 -13"><span class='ocrx_word' id='word_1_726' title='bbox 1961 3393 2142 3438; x_wconf 89' lang='lat' dir='ltr'><strong>menta</strong></span> <span class='ocrx_word' id='word_1_727' title='bbox 2171 3397 2334 3450; x_wconf 88' lang='lat' dir='ltr'><strong>porro</strong></span> <span class='ocrx_word' id='word_1_728' title='bbox 2362 3395 2536 3451; x_wconf 89' lang='lat' dir='ltr'><strong>usque</strong></span> <span class='ocrx_word' id='word_1_729' title='bbox 2565 3381 2631 3434; x_wconf 87' lang='lat' dir='ltr'><strong>ad</strong></span> <span class='ocrx_word' id='word_1_730' title='bbox 2659 3388 2880 3435; x_wconf 89' lang='lat' dir='ltr'><strong>tectum.</strong></span> <span class='ocrx_word' id='word_1_731' title='bbox 2924 3381 3075 3448; x_wconf 80' lang='lat' dir='ltr'><strong>Quod</strong></span> <span class='ocrx_word' id='word_1_732' title='bbox 3106 3392 3288 3438; x_wconf 88' lang='lat' dir='ltr'><strong>custos</strong></span> <span class='ocrx_word' id='word_1_733' title='bbox 3317 3383 3554 3436; x_wconf 87' lang='lat' dir='ltr'><strong>sentiens</strong></span> 
     </span>
    </p>
   </div>
   <div class='ocr_carea' id='block_1_103' title="bbox 1961 3451 3556 3522">
    <p class='ocr_par' dir='ltr' id='par_1_103' title="bbox 1961 3451 3556 3522">
     <span class='ocr_line' id='line_1_104' title="bbox 1961 3451 3556 3522; baseline -0.004 -13"><span class='ocrx_word' id='word_1_734' title='bbox 1961 3470 2086 3509; x_wconf 90' lang='lat' dir='ltr'><strong>cum</strong></span> <span class='ocrx_word' id='word_1_735' title='bbox 2122 3453 2258 3508; x_wconf 89' lang='lat' dir='ltr'><strong>clavi</strong></span> <span class='ocrx_word' id='word_1_736' title='bbox 2295 3454 2477 3506; x_wconf 90' lang='lat' dir='ltr'><strong>statim</strong></span> <span class='ocrx_word' id='word_1_737' title='bbox 2516 3451 2584 3505; x_wconf 92' lang='lat' dir='ltr'><strong>ad</strong></span> <span class='ocrx_word' id='word_1_738' title='bbox 2621 3451 2766 3522; x_wconf 92' lang='lat' dir='ltr'><strong>aliud</strong></span> <span class='ocrx_word' id='word_1_739' title='bbox 2801 3453 3191 3507; x_wconf 88' lang='lat' dir='ltr'><strong>monasterium</strong></span> <span class='ocrx_word' id='word_1_740' title='bbox 3217 3453 3243 3492; x_wconf 76' lang='grc' dir='ltr'><strong>ἀ</strong></span> <span class='ocrx_word' id='word_1_741' title='bbox 3271 3453 3426 3522; x_wconf 83' lang='lat' dir='ltr'><strong>fugit.</strong></span> <span class='ocrx_word' id='word_1_742' title='bbox 3467 3451 3556 3522; x_wconf 84' lang='lat' dir='ltr'><strong>Fit</strong></span> 
     </span>
    </p>
   </div>
   <div class='ocr_carea' id='block_1_104' title="bbox 1962 3521 3554 3601">
    <p class='ocr_par' dir='ltr' id='par_1_104' title="bbox 1962 3521 3554 3601">
     <span class='ocr_line' id='line_1_105' title="bbox 1962 3521 3554 3601; baseline -0.003 -22"><span class='ocrx_word' id='word_1_743' title='bbox 1962 3524 2196 3601; x_wconf 86' lang='lat' dir='ltr'><strong>undique</strong></span> <span class='ocrx_word' id='word_1_744' title='bbox 2226 3536 2544 3601; x_wconf 70' lang='lat' dir='ltr'><strong>coneursus,</strong></span> <span class='ocrx_word' id='word_1_745' title='bbox 2571 3521 2816 3601; x_wconf 55' lang='lat' dir='ltr'><strong>pulsltur</strong></span> <span class='ocrx_word' id='word_1_746' title='bbox 2845 3523 3042 3601; x_wconf 80' lang='lat' dir='ltr'><strong>ostium</strong></span> <span class='ocrx_word' id='word_1_747' title='bbox 3061 3561 3076 3585; x_wconf 97' lang='lat'><strong>,</strong></span> <span class='ocrx_word' id='word_1_748' title='bbox 3108 3537 3208 3575; x_wconf 91' lang='lat' dir='ltr'><strong>nec</strong></span> <span class='ocrx_word' id='word_1_749' title='bbox 3243 3521 3350 3601; x_wconf 69' lang='lat' dir='ltr'><strong>ulle</strong></span> <span class='ocrx_word' id='word_1_750' title='bbox 3374 3521 3554 3601; x_wconf 83' lang='lat' dir='ltr'><strong>aperi-</strong></span> 
     </span>
    </p>
   </div>
   <div class='ocr_carea' id='block_1_105' title="bbox 1963 3590 3554 3662">
    <p class='ocr_par' dir='ltr' id='par_1_105' title="bbox 1963 3590 3554 3662">
     <span class='ocr_line' id='line_1_106' title="bbox 1963 3590 3554 3662; baseline -0.003 -14"><span class='ocrx_word' id='word_1_751' title='bbox 1963 3603 2052 3648; x_wconf 92' lang='lat' dir='ltr'><strong>tur</strong></span> <span class='ocrx_word' id='word_1_752' title='bbox 2084 3590 2299 3648; x_wconf 80' lang='lat' dir='ltr'><strong>sudore.</strong></span> <span class='ocrx_word' id='word_1_753' title='bbox 2331 3590 2545 3662; x_wconf 88' lang='lat' dir='ltr'><strong>Clerici,</strong></span> <span class='ocrx_word' id='word_1_754' title='bbox 2585 3591 2880 3662; x_wconf 78' lang='lat' dir='ltr'><strong>pretiosum</strong></span> <span class='ocrx_word' id='word_1_755' title='bbox 2917 3591 3236 3662; x_wconf 83' lang='lat' dir='ltr'><strong>quicunque</strong></span> <span class='ocrx_word' id='word_1_756' title='bbox 3259 3590 3462 3661; x_wconf 89' lang='lat' dir='ltr'><strong>aliquid</strong></span> <span class='ocrx_word' id='word_1_757' title='bbox 3501 3591 3554 3662; x_wconf 85' lang='lat' dir='ltr'><strong>in</strong></span> 
     </span>
    </p>
   </div>
   <div class='ocr_carea' id='block_1_106' title="bbox 1964 3659 3558 3724">
    <p class='ocr_par' dir='ltr' id='par_1_106' title="bbox 1964 3659 3558 3724">
     <span class='ocr_line' id='line_1_107' title="bbox 1964 3659 3558 3724; baseline -0.003 -6"><span class='ocrx_word' id='word_1_758' title='bbox 1964 3665 2124 3718; x_wconf 90' lang='lat' dir='ltr'><strong>domo</strong></span> <span class='ocrx_word' id='word_1_759' title='bbox 2147 3678 2242 3717; x_wconf 91' lang='lat' dir='ltr'><strong>sua</strong></span> <span class='ocrx_word' id='word_1_760' title='bbox 2271 3661 2569 3724; x_wconf 89' lang='lat' dir='ltr'><strong>habebant,</strong></span> <span class='ocrx_word' id='word_1_761' title='bbox 2590 3659 2746 3713; x_wconf 89' lang='lat' dir='ltr'><strong>foras</strong></span> <span class='ocrx_word' id='word_1_762' title='bbox 2771 3659 3057 3715; x_wconf 75' lang='lat' dir='ltr'><strong>mittebant</strong></span> <span class='ocrx_word' id='word_1_763' title='bbox 3084 3675 3098 3714; x_wconf 89' lang='lat'><strong>:</strong></span> <span class='ocrx_word' id='word_1_764' title='bbox 3131 3659 3363 3716; x_wconf 82' lang='lat' dir='ltr'><strong>ecclesia</strong></span> <span class='ocrx_word' id='word_1_765' title='bbox 3385 3660 3558 3716; x_wconf 88' lang='lat' dir='ltr'><strong>sancti</strong></span> 
     </span>
    </p>
   </div>
   <div class='ocr_carea' id='block_1_107' title="bbox 1966 3728 3559 3798">
    <p class='ocr_par' dir='ltr' id='par_1_107' title="bbox 1966 3728 3559 3798">
     <span class='ocr_line' id='line_1_108' title="bbox 1966 3728 3559 3798; baseline -0.002 -11"><span class='ocrx_word' id='word_1_766' title='bbox 1966 3733 2180 3787; x_wconf 85' lang='lat' dir='ltr'><strong>Martini</strong></span> <span class='ocrx_word' id='word_1_767' title='bbox 2208 3730 2544 3786; x_wconf 83' lang='lat' dir='ltr'><strong>vestimentis</strong></span> <span class='ocrx_word' id='word_1_768' title='bbox 2579 3728 2901 3796; x_wconf 89' lang='lat' dir='ltr'><strong>quihusdam</strong></span> <span class='ocrx_word' id='word_1_769' title='bbox 2926 3731 3252 3798; x_wconf 88' lang='lat' dir='ltr'><strong>nudabatur,</strong></span> <span class='ocrx_word' id='word_1_770' title='bbox 3289 3747 3389 3788; x_wconf 92' lang='lat' dir='ltr'><strong>nec</strong></span> <span class='ocrx_word' id='word_1_771' title='bbox 3415 3731 3559 3785; x_wconf 84' lang='lat' dir='ltr'><strong>aliud</strong></span> 
     </span>
    </p>
   </div>
   <div class='ocr_carea' id='block_1_108' title="bbox 1963 3801 3561 3873">
    <p class='ocr_par' dir='ltr' id='par_1_108' title="bbox 1963 3801 3561 3873">
     <span class='ocr_line' id='line_1_109' title="bbox 1963 3801 3561 3873; baseline -0.003 -16"><span class='ocrx_word' id='word_1_772' title='bbox 1963 3804 2248 3873; x_wconf 89' lang='lat' dir='ltr'><strong>quisquam</strong></span> <span class='ocrx_word' id='word_1_773' title='bbox 2282 3815 2510 3873; x_wconf 84' lang='lat' dir='ltr'><strong>sperare</strong></span> <span class='ocrx_word' id='word_1_774' title='bbox 2551 3806 2780 3873; x_wconf 77' lang='lat' dir='ltr'><strong>poterat.</strong></span> <span class='ocrx_word' id='word_1_775' title='bbox 2830 3801 3204 3873; x_wconf 12' lang='lat' dir='ltr'><strong>quametotius</strong></span> <span class='ocrx_word' id='word_1_776' title='bbox 3247 3801 3561 3873; x_wconf 84' lang='lat' dir='ltr'><strong>monasterii</strong></span> 
     </span>
    </p>
   </div>
   <div class='ocr_carea' id='block_1_109' title="bbox 1967 3869 3562 3938">
    <p class='ocr_par' dir='ltr' id='par_1_109' title="bbox 1967 3869 3562 3938">
     <span class='ocr_line' id='line_1_110' title="bbox 1967 3869 3562 3938; baseline -0.003 -10"><span class='ocrx_word' id='word_1_777' title='bbox 1967 3869 2457 3929; x_wconf 79' lang='lat' dir='ltr'><strong>concremationem</strong></span> <span class='ocrx_word' id='word_1_778' title='bbox 2489 3887 2502 3923; x_wconf 90' lang='lat'><strong>:</strong></span> <span class='ocrx_word' id='word_1_779' title='bbox 2533 3869 2838 3923; x_wconf 89' lang='lat' dir='ltr'><strong>nudabatur</strong></span> <span class='ocrx_word' id='word_1_780' title='bbox 2860 3871 3080 3938; x_wconf 91' lang='lat' dir='ltr'><strong>plumbo</strong></span> <span class='ocrx_word' id='word_1_781' title='bbox 3104 3878 3330 3926; x_wconf 92' lang='lat' dir='ltr'><strong>tectum.</strong></span> <span class='ocrx_word' id='word_1_782' title='bbox 3356 3871 3562 3927; x_wconf 85' lang='lat' dir='ltr'><strong>Aderat</strong></span> 
     </span>
    </p>
   </div>
   <div class='ocr_carea' id='block_1_110' title="bbox 1964 3938 3563 4011">
    <p class='ocr_par' dir='ltr' id='par_1_110' title="bbox 1964 3938 3563 4011">
     <span class='ocr_line' id='line_1_111' title="bbox 1964 3938 3563 4011; baseline -0.002 -14"><span class='ocrx_word' id='word_1_783' title='bbox 1964 3943 2191 3998; x_wconf 83' lang='lat' dir='ltr'><strong>Albinus</strong></span> <span class='ocrx_word' id='word_1_784' title='bbox 2219 3941 2392 4011; x_wconf 86' lang='lat' dir='ltr'><strong>oculis</strong></span> <span class='ocrx_word' id='word_1_785' title='bbox 2421 3938 2534 4006; x_wconf 88' lang='lat' dir='ltr'><strong>jam</strong></span> <span class='ocrx_word' id='word_1_786' title='bbox 2561 3955 2668 4011; x_wconf 85' lang='lat' dir='ltr'><strong>non</strong></span> <span class='ocrx_word' id='word_1_787' title='bbox 2699 3940 2907 4011; x_wconf 80' lang='lat' dir='ltr'><strong>videns.</strong></span> <span class='ocrx_word' id='word_1_788' title='bbox 2946 3941 3246 4009; x_wconf 85' lang='lat' dir='ltr'><strong>lnterrogat</strong></span> <span class='ocrx_word' id='word_1_789' title='bbox 3273 3956 3402 4011; x_wconf 81' lang='lat' dir='ltr'><strong>ergo</strong></span> <span class='ocrx_word' id='word_1_790' title='bbox 3432 3941 3563 4010; x_wconf 92' lang='lat' dir='ltr'><strong>quid</strong></span> 
     </span>
    </p>
   </div>
   <div class='ocr_carea' id='block_1_111' title="bbox 1967 4007 3558 4085">
    <p class='ocr_par' dir='ltr' id='par_1_111' title="bbox 1967 4007 3558 4085">
     <span class='ocr_line' id='line_1_112' title="bbox 1967 4007 3558 4085; baseline -0.002 -18"><span class='ocrx_word' id='word_1_791' title='bbox 1967 4021 2175 4085; x_wconf 77' lang='lat' dir='ltr'><strong>agatur.</strong></span> <span class='ocrx_word' id='word_1_792' title='bbox 2237 4009 2334 4085; x_wconf 84' lang='lat' dir='ltr'><strong>Cui</strong></span> <span class='ocrx_word' id='word_1_793' title='bbox 2383 4025 2534 4085; x_wconf 81' lang='lat' dir='ltr'><strong>unus</strong></span> <span class='ocrx_word' id='word_1_794' title='bbox 2589 4007 3248 4085; x_wconf 77' lang='lat' dir='ltr'><strong>discipulorum_suorum</strong></span> <span class='ocrx_word' id='word_1_795' title='bbox 3298 4007 3558 4085; x_wconf 56' lang='lat' dir='ltr'><strong>Yetufus,</strong></span> 
     </span>
    </p>
   </div>
   <div class='ocr_carea' id='block_1_112' title="bbox 1973 4077 3562 4152">
    <p class='ocr_par' dir='ltr' id='par_1_112' title="bbox 1973 4077 3562 4152">
     <span class='ocr_line' id='line_1_113' title="bbox 1973 4077 3562 4152; baseline -0.002 -17"><span class='ocrx_word' id='word_1_796' title='bbox 1973 4077 2220 4152; x_wconf 55' lang='lat' dir='ltr'><strong>(Perge,</strong></span> <span class='ocrx_word' id='word_1_797' title='bbox 2249 4081 2453 4150; x_wconf 88' lang='lat' dir='ltr'><strong>inquit,</strong></span> <span class='ocrx_word' id='word_1_798' title='bbox 2483 4079 2627 4152; x_wconf 85' lang='lat' dir='ltr'><strong>hinc,</strong></span> <span class='ocrx_word' id='word_1_799' title='bbox 2655 4077 2743 4132; x_wconf 61' lang='lat' dir='ltr'><strong>mi&#39;</strong></span> <span class='ocrx_word' id='word_1_800' title='bbox 2756 4079 2970 4133; x_wconf 88' lang='lat' dir='ltr'><strong>domine</strong></span> <span class='ocrx_word' id='word_1_801' title='bbox 2992 4077 3174 4152; x_wconf 78' lang='lat' dir='ltr'><strong>Pater,</strong></span> <span class='ocrx_word' id='word_1_802' title='bbox 3203 4094 3269 4133; x_wconf 91' lang='lat' dir='ltr'><strong>ne</strong></span> <span class='ocrx_word' id='word_1_803' title='bbox 3299 4079 3439 4134; x_wconf 89' lang='lat' dir='ltr'><strong>forte</strong></span> <span class='ocrx_word' id='word_1_804' title='bbox 3467 4090 3562 4152; x_wconf 84' lang='lat' dir='ltr'><strong>aut</strong></span> 
     </span>
    </p>
   </div>
   <div class='ocr_carea' id='block_1_113' title="bbox 1967 4148 3564 4224">
    <p class='ocr_par' dir='ltr' id='par_1_113' title="bbox 1967 4148 3564 4224">
     <span class='ocr_line' id='line_1_114' title="bbox 1967 4148 3564 4224; baseline -0.004 -17"><span class='ocrx_word' id='word_1_805' title='bbox 1967 4148 2189 4224; x_wconf 75' lang='lat' dir='ltr'><strong>plumbo</strong></span> <span class='ocrx_word' id='word_1_806' title='bbox 2210 4148 2463 4224; x_wconf 79' lang='lat' dir='ltr'><strong>superius</strong></span> <span class='ocrx_word' id='word_1_807' title='bbox 2488 4148 2728 4224; x_wconf 71' lang='lat' dir='ltr'><strong>prejeeto</strong></span> <span class='ocrx_word' id='word_1_808' title='bbox 2751 4164 2920 4218; x_wconf 88' lang='lat' dir='ltr'><strong>usque</strong></span> <span class='ocrx_word' id='word_1_809' title='bbox 2942 4150 3012 4224; x_wconf 80' lang='lat' dir='ltr'><strong>ad</strong></span> <span class='ocrx_word' id='word_1_810' title='bbox 3035 4157 3263 4224; x_wconf 85' lang='lat' dir='ltr'><strong>mortem</strong></span> <span class='ocrx_word' id='word_1_811' title='bbox 3289 4149 3564 4220; x_wconf 89' lang='lat' dir='ltr'><strong>percutia-</strong></span> 
     </span>
    </p>
   </div>
   <div class='ocr_carea' id='block_1_114' title="bbox 1970 4219 3560 4294">
    <p class='ocr_par' dir='ltr' id='par_1_114' title="bbox 1970 4219 3560 4294">
     <span class='ocr_line' id='line_1_115' title="bbox 1970 4219 3560 4294; baseline -0.006 -16"><span class='ocrx_word' id='word_1_812' title='bbox 1970 4219 2067 4294; x_wconf 74' lang='lat' dir='ltr'><strong>ris,</strong></span> <span class='ocrx_word' id='word_1_813' title='bbox 2089 4232 2181 4277; x_wconf 90' lang='lat' dir='ltr'><strong>aut</strong></span> <span class='ocrx_word' id='word_1_814' title='bbox 2205 4219 2328 4294; x_wconf 76' lang='lat' dir='ltr'><strong>igne</strong></span> <span class='ocrx_word' id='word_1_815' title='bbox 2345 4219 2633 4294; x_wconf 74' lang='lat' dir='ltr'><strong>cremoris,</strong></span> <span class='ocrx_word' id='word_1_816' title='bbox 2655 4219 2850 4294; x_wconf 80' lang='lat' dir='ltr'><strong>Certus</strong></span> <span class='ocrx_word' id='word_1_817' title='bbox 2868 4219 3010 4294; x_wconf 75' lang='lat' dir='ltr'><strong>enim</strong></span> <span class='ocrx_word' id='word_1_818' title='bbox 3035 4219 3507 4294; x_wconf 29' lang='lat' dir='ltr'><strong>interitus’mauet.</strong></span> <span class='ocrx_word' id='word_1_819' title='bbox 3539 4239 3560 4270; x_wconf 75' lang='grc' dir='ltr'><strong><em>ι</em></strong></span> 
     </span>
    </p>
   </div>
   <div class='ocr_carea' id='block_1_115' title="bbox 1971 4289 3566 4363">
    <p class='ocr_par' dir='ltr' id='par_1_115' title="bbox 1971 4289 3566 4363">
     <span class='ocr_line' id='line_1_116' title="bbox 1971 4289 3566 4363; baseline -0.004 -15"><span class='ocrx_word' id='word_1_820' title='bbox 1971 4289 2213 4363; x_wconf 87' lang='lat' dir='ltr'><strong>Cumque</strong></span> <span class='ocrx_word' id='word_1_821' title='bbox 2230 4289 2465 4347; x_wconf 69' lang='lat' dir='ltr'><strong>&#39;Albinus</strong></span> <span class='ocrx_word' id='word_1_822' title='bbox 2493 4290 2754 4363; x_wconf 85' lang='lat' dir='ltr'><strong>voluisset</strong></span> <span class='ocrx_word' id='word_1_823' title='bbox 2774 4289 2884 4363; x_wconf 79' lang='lat' dir='ltr'><strong>ire,</strong></span> <span class='ocrx_word' id='word_1_824' title='bbox 2922 4290 3115 4363; x_wconf 84' lang='lat' dir='ltr'><strong>iterum</strong></span> <span class='ocrx_word' id='word_1_825' title='bbox 3155 4292 3223 4363; x_wconf 82' lang='lat' dir='ltr'><strong>ad</strong></span> <span class='ocrx_word' id='word_1_826' title='bbox 3252 4305 3375 4345; x_wconf 91' lang='lat' dir='ltr'><strong>eum</strong></span> <span class='ocrx_word' id='word_1_827' title='bbox 3390 4289 3566 4363; x_wconf 49' lang='lat' dir='ltr'><strong>ﬂetu.-</strong></span> 
     </span>
    </p>
   </div>
   <div class='ocr_carea' id='block_1_116' title="bbox 1971 4358 3566 4441">
    <p class='ocr_par' dir='ltr' id='par_1_116' title="bbox 1971 4358 3566 4441">
     <span class='ocr_line' id='line_1_117' title="bbox 1971 4358 3566 4441; baseline -0.003 -25"><span class='ocrx_word' id='word_1_828' title='bbox 1971 4365 2076 4441; x_wconf 80' lang='lat' dir='ltr'><strong>lus,</strong></span> <span class='ocrx_word' id='word_1_829' title='bbox 2105 4358 2144 4441; x_wconf 58' lang='grc' dir='ltr'><em>μ’</em></span> <span class='ocrx_word' id='word_1_830' title='bbox 2164 4362 2259 4441; x_wconf 85' lang='lat' dir='ltr'><strong>_M_i_,</strong></span> <span class='ocrx_word' id='word_1_831' title='bbox 2289 4363 2486 4441; x_wconf 76' lang='lat' dir='ltr'><strong>inquit,</strong></span> <span class='ocrx_word' id='word_1_832' title='bbox 2517 4361 2737 4441; x_wconf 78' lang='lat' dir='ltr'><strong>domine</strong></span> <span class='ocrx_word' id='word_1_833' title='bbox 2762 4358 2954 4441; x_wconf 74' lang='lat' dir='ltr'><strong>Pater,</strong></span> <span class='ocrx_word' id='word_1_834' title='bbox 2983 4361 3119 4441; x_wconf 84' lang='lat' dir='ltr'><strong>vade</strong></span> <span class='ocrx_word' id='word_1_835' title='bbox 3153 4358 3566 4441; x_wconf 43' lang='lat' dir='ltr'><strong>adﬁsepulcrum</strong></span> 
     </span>
    </p>
   </div>
   <div class='ocr_carea' id='block_1_117' title="bbox 317 4427 3570 4505">
    <p class='ocr_par' dir='ltr' id='par_1_117' title="bbox 317 4427 3570 4505">
     <span class='ocr_line' id='line_1_118' title="bbox 317 4427 3570 4505; baseline -0.002 -17"><span class='ocrx_word' id='word_1_836' title='bbox 317 4427 548 4489; x_wconf 74' lang='lat' dir='ltr'><strong>ciuiliter</strong></span> <span class='ocrx_word' id='word_1_837' title='bbox 606 4427 882 4505; x_wconf 66' lang='lat' dir='ltr'><strong>poanituit.</strong></span> <span class='ocrx_word' id='word_1_838' title='bbox 948 4432 1113 4505; x_wconf 76' lang='lat' dir='ltr'><strong>cujus</strong></span> <span class='ocrx_word' id='word_1_839' title='bbox 1164 4427 1590 4505; x_wconf 83' lang='lat' dir='ltr'><strong>satisfactionem</strong></span> <span class='ocrx_word' id='word_1_840' title='bbox 1639 4429 1868 4495; x_wconf 80' lang='lat' dir='ltr'><strong>benigne</strong></span> <span class='ocrx_word' id='word_1_841' title='bbox 1900 4441 1949 4501; x_wconf 85' lang='grc' dir='ltr'><strong>ι)</strong></span> <span class='ocrx_word' id='word_1_842' title='bbox 1976 4427 2177 4505; x_wconf 84' lang='lat' dir='ltr'><strong>domini</strong></span> <span class='ocrx_word' id='word_1_843' title='bbox 2207 4427 2495 4505; x_wconf 69' lang='lat' dir='ltr'><strong>Martiiiiet</strong></span> <span class='ocrx_word' id='word_1_844' title='bbox 2525 4445 2624 4499; x_wconf 91' lang='lat' dir='ltr'><strong>pro</strong></span> <span class='ocrx_word' id='word_1_845' title='bbox 2653 4429 2807 4505; x_wconf 75' lang='lat' dir='ltr'><strong>nobis</strong></span> <span class='ocrx_word' id='word_1_846' title='bbox 2832 4429 3123 4505; x_wconf 88' lang='lat' dir='ltr'><strong>intereede.</strong></span> <span class='ocrx_word' id='word_1_847' title='bbox 3159 4449 3178 4481; x_wconf 75' lang='grc' dir='ltr'><strong><em>ι</em></strong></span> <span class='ocrx_word' id='word_1_848' title='bbox 3209 4427 3361 4484; x_wconf 84' lang='lat' dir='ltr'><strong>Fecit</strong></span> <span class='ocrx_word' id='word_1_849' title='bbox 3385 4429 3570 4505; x_wconf 76' lang='lat' dir='ltr'><strong>itaque</strong></span> 
     </span>
    </p>
   </div>
   <div class='ocr_carea' id='block_1_118' title="bbox 284 4500 1874 4576">
    <p class='ocr_par' dir='ltr' id='par_1_118' title="bbox 284 4500 1874 4576">
     <span class='ocr_line' id='line_1_119' title="bbox 284 4500 1874 4576; baseline -0.006 -16"><span class='ocrx_word' id='word_1_850' title='bbox 284 4506 389 4571; x_wconf 76' lang='lat' dir='ltr'><strong>pias</strong></span> <span class='ocrx_word' id='word_1_851' title='bbox 413 4514 578 4576; x_wconf 84' lang='lat' dir='ltr'><strong>pater</strong></span> <span class='ocrx_word' id='word_1_852' title='bbox 607 4500 742 4576; x_wconf 73' lang='lat' dir='ltr'><strong>post</strong></span> <span class='ocrx_word' id='word_1_853' title='bbox 773 4500 1194 4576; x_wconf 83' lang='lat' dir='ltr'><strong>increpationem</strong></span> <span class='ocrx_word' id='word_1_854' title='bbox 1232 4500 1466 4576; x_wconf 89' lang='lat' dir='ltr'><strong>_re_cepit,</strong></span> <span class='ocrx_word' id='word_1_855' title='bbox 1504 4513 1731 4576; x_wconf 79' lang='lat' dir='ltr'><strong>monens</strong></span> <span class='ocrx_word' id='word_1_856' title='bbox 1748 4513 1874 4552; x_wconf 90' lang='lat' dir='ltr'><strong>eum</strong></span> 
     </span>
    </p>
   </div>
   <div class='ocr_carea' id='block_1_119' title="bbox 287 4569 1878 4643">
    <p class='ocr_par' dir='ltr' id='par_1_119' title="bbox 287 4569 1878 4643">
     <span class='ocr_line' id='line_1_120' title="bbox 287 4569 1878 4643; baseline -0.004 -14"><span class='ocrx_word' id='word_1_857' title='bbox 287 4569 342 4629; x_wconf 72' lang='lat' dir='ltr'><strong>ie</strong></span> <span class='ocrx_word' id='word_1_858' title='bbox 388 4569 537 4630; x_wconf 66' lang='lat' dir='ltr'><strong>ultra</strong></span> <span class='ocrx_word' id='word_1_859' title='bbox 584 4569 693 4628; x_wconf 75' lang='lat' dir='ltr'><strong>tale</strong></span> <span class='ocrx_word' id='word_1_860' title='bbox 740 4569 943 4643; x_wconf 85' lang='lat' dir='ltr'><strong>aliquid</strong></span> <span class='ocrx_word' id='word_1_861' title='bbox 992 4580 1197 4643; x_wconf 88' lang='lat' dir='ltr'><strong>ageret.</strong></span> <span class='ocrx_word' id='word_1_862' title='bbox 1232 4570 1260 4609; x_wconf 67' lang='grc' dir='ltr'><strong>ι)</strong></span> <span class='ocrx_word' id='word_1_863' title='bbox 1289 4569 1542 4625; x_wconf 82' lang='lat' dir='ltr'><strong>Testatur</strong></span> <span class='ocrx_word' id='word_1_864' title='bbox 1570 4569 1654 4643; x_wconf 80' lang='lat' dir='ltr'><strong>vir</strong></span> <span class='ocrx_word' id='word_1_865' title='bbox 1682 4569 1878 4643; x_wconf 81' lang='lat' dir='ltr'><strong>dignus</strong></span> 
     </span>
    </p>
   </div>
   <div class='ocr_carea' id='block_1_120' title="bbox 287 4639 1879 4715">
    <p class='ocr_par' dir='ltr' id='par_1_120' title="bbox 287 4639 1879 4715">
     <span class='ocr_line' id='line_1_121' title="bbox 287 4639 1879 4715; baseline -0.005 -17"><span class='ocrx_word' id='word_1_866' title='bbox 287 4646 448 4701; x_wconf 74' lang='lat' dir='ltr'><strong>adhuc</strong></span> <span class='ocrx_word' id='word_1_867' title='bbox 475 4652 763 4715; x_wconf 82' lang='lat' dir='ltr'><strong>superstes</strong></span> <span class='ocrx_word' id='word_1_868' title='bbox 788 4639 1055 4715; x_wconf 64' lang='lat' dir='ltr'><strong>Aldrieus&#39;_</strong></span> <span class='ocrx_word' id='word_1_869' title='bbox 1067 4643 1258 4705; x_wconf 89' lang='lat' dir='ltr'><strong>abbas,</strong></span> <span class='ocrx_word' id='word_1_870' title='bbox 1281 4655 1385 4715; x_wconf 77' lang='lat' dir='ltr'><strong>nec</strong></span> <span class='ocrx_word' id='word_1_871' title='bbox 1405 4656 1462 4694; x_wconf 90' lang='lat' dir='ltr'><strong>se</strong></span> <span class='ocrx_word' id='word_1_872' title='bbox 1493 4654 1592 4694; x_wconf 92' lang='lat' dir='ltr'><strong>nec</strong></span> <span class='ocrx_word' id='word_1_873' title='bbox 1620 4639 1879 4715; x_wconf 80' lang='lat' dir='ltr'><strong>Adalber-</strong></span> 
     </span>
    </p>
   </div>
   <div class='ocr_carea' id='block_1_121' title="bbox 289 4709 1879 4785">
    <p class='ocr_par' dir='ltr' id='par_1_121' title="bbox 289 4709 1879 4785">
     <span class='ocr_line' id='line_1_122' title="bbox 289 4709 1879 4785; baseline -0.006 -16"><span class='ocrx_word' id='word_1_874' title='bbox 289 4709 670 4785; x_wconf 68' lang='lat' dir='ltr'><strong>Meuiquam</strong></span> <span class='ocrx_word' id='word_1_875' title='bbox 714 4714 818 4785; x_wconf 77' lang='lat' dir='ltr'><strong>hoc</strong></span> <span class='ocrx_word' id='word_1_876' title='bbox 853 4713 1170 4785; x_wconf 86' lang='lat' dir='ltr'><strong>innotuisse,</strong></span> <span class='ocrx_word' id='word_1_877' title='bbox 1203 4711 1297 4785; x_wconf 87' lang='lat' dir='ltr'><strong>sed</strong></span> <span class='ocrx_word' id='word_1_878' title='bbox 1335 4725 1509 4785; x_wconf 82' lang='lat' dir='ltr'><strong>usque</strong></span> <span class='ocrx_word' id='word_1_879' title='bbox 1545 4717 1695 4775; x_wconf 91' lang='lat' dir='ltr'><strong>tunc,</strong></span> <span class='ocrx_word' id='word_1_880' title='bbox 1736 4709 1879 4763; x_wconf 89' lang='lat' dir='ltr'><strong>sicut</strong></span> 
     </span>
    </p>
   </div>
   <div class='ocr_carea' id='block_1_122' title="bbox 289 4781 1535 4857">
    <p class='ocr_par' dir='ltr' id='par_1_122' title="bbox 289 4781 1535 4857">
     <span class='ocr_line' id='line_1_123' title="bbox 289 4781 1535 4857; baseline -0.003 -19"><span class='ocrx_word' id='word_1_881' title='bbox 289 4785 353 4838; x_wconf 79' lang='lat' dir='ltr'><strong>eis</strong></span> <span class='ocrx_word' id='word_1_882' title='bbox 369 4781 714 4857; x_wconf 62' lang='lat' dir='ltr'><strong>praceptum</strong></span> <span class='ocrx_word' id='word_1_883' title='bbox 736 4783 927 4846; x_wconf 89' lang='lat' dir='ltr'><strong>fuerat,</strong></span> <span class='ocrx_word' id='word_1_884' title='bbox 954 4782 1280 4837; x_wconf 88' lang='lat' dir='ltr'><strong>omnimodis</strong></span> <span class='ocrx_word' id='word_1_885' title='bbox 1303 4781 1535 4835; x_wconf 88' lang='lat' dir='ltr'><strong>siluisse.</strong></span> 
     </span>
    </p>
   </div>
   <div class='ocr_carea' id='block_1_123' title="bbox 899 4882 1253 4940">
    <p class='ocr_par' dir='ltr' id='par_1_123' title="bbox 899 4882 1253 4940">
     <span class='ocr_line' id='line_1_124' title="bbox 899 4882 1253 4940; baseline -0.014 0"><span class='ocrx_word' id='word_1_886' title='bbox 899 4883 1126 4940; x_wconf 81' lang='lat' dir='ltr'><strong>CAPUT</strong></span> <span class='ocrx_word' id='word_1_887' title='bbox 1162 4882 1253 4938; x_wconf 85' lang='lat' dir='ltr'><strong>XI.</strong></span> 
     </span>
    </p>
   </div>
   <div class='ocr_carea' id='block_1_124' title="bbox 323 4975 1838 5048">
    <p class='ocr_par' dir='ltr' id='par_1_124' title="bbox 323 4975 1838 5048">
     <span class='ocr_line' id='line_1_125' title="bbox 323 4975 1838 5048; baseline -0.003 -14"><span class='ocrx_word' id='word_1_888' title='bbox 323 4978 535 5035; x_wconf 71' lang='lat' dir='ltr'><strong>Occuita</strong></span> <span class='ocrx_word' id='word_1_889' title='bbox 552 4981 722 5036; x_wconf 82' lang='lat' dir='ltr'><strong>novit.</strong></span> <span class='ocrx_word' id='word_1_890' title='bbox 743 4977 1053 5034; x_wconf 77' lang='lat' dir='ltr'><strong>Incendium</strong></span> <span class='ocrx_word' id='word_1_891' title='bbox 1081 4978 1375 5048; x_wconf 78' lang='lat' dir='ltr'><strong>restinguit.</strong></span> <span class='ocrx_word' id='word_1_892' title='bbox 1393 4975 1646 5045; x_wconf 71' lang='lat' dir='ltr'><strong>Inﬁt-mos</strong></span> <span class='ocrx_word' id='word_1_893' title='bbox 1663 4986 1838 5030; x_wconf 80' lang='lat' dir='ltr'><strong>sanat.</strong></span> 
     </span>
    </p>
   </div>
   <div class='ocr_carea' id='block_1_125' title="bbox 355 5067 1886 5137">
    <p class='ocr_par' dir='ltr' id='par_1_125' title="bbox 355 5067 1886 5137">
     <span class='ocr_line' id='line_1_126' title="bbox 355 5067 1886 5137; baseline -0.002 -12"><span class='ocrx_word' id='word_1_894' title='bbox 355 5071 469 5126; x_wconf 72' lang='lat' dir='ltr'><strong>XX.</strong></span> <span class='ocrx_word' id='word_1_895' title='bbox 510 5071 804 5129; x_wconf 81' lang='lat' dir='ltr'><strong>Fratribus</strong></span> <span class='ocrx_word' id='word_1_896' title='bbox 846 5069 1370 5134; x_wconf 87' lang='lat' dir='ltr'><strong>Cormaricensibus,</strong></span> <span class='ocrx_word' id='word_1_897' title='bbox 1411 5083 1546 5137; x_wconf 82' lang='lat' dir='ltr'><strong>quos</strong></span> <span class='ocrx_word' id='word_1_898' title='bbox 1585 5067 1736 5123; x_wconf 87' lang='lat' dir='ltr'><strong>valde</strong></span> <span class='ocrx_word' id='word_1_899' title='bbox 1761 5067 1886 5123; x_wconf 80' lang='lat' dir='ltr'><strong>dili—‘</strong></span> 
     </span>
    </p>
   </div>
   <div class='ocr_carea' id='block_1_126' title="bbox 357 5197 1876 5272">
    <p class='ocr_par' dir='ltr' id='par_1_126' title="bbox 357 5197 1876 5272">
     <span class='ocr_line' id='line_1_127' title="bbox 357 5197 1876 5272; baseline -0.006 -12"><span class='ocrx_word' id='word_1_900' title='bbox 357 5216 381 5244; x_wconf 76' lang='grc' dir='ltr'><strong><em>ι</em></strong></span> <span class='ocrx_word' id='word_1_901' title='bbox 407 5203 575 5272; x_wconf 84' lang='lat' dir='ltr'><strong>Quem</strong></span> <span class='ocrx_word' id='word_1_902' title='bbox 601 5202 926 5272; x_wconf 78' lang='lat' dir='ltr'><strong>exhibemus</strong></span> <span class='ocrx_word' id='word_1_903' title='bbox 943 5203 1044 5258; x_wconf 90' lang='lat' dir='ltr'><strong>sub</strong></span> <span class='ocrx_word' id='word_1_904' title='bbox 1059 5203 1143 5256; x_wconf 92' lang='lat' dir='ltr'><strong>tit.</strong></span> <span class='ocrx_word' id='word_1_905' title='bbox 1163 5199 1347 5257; x_wconf 79' lang='lat' dir='ltr'><strong>Ofﬁcia</strong></span> <span class='ocrx_word' id='word_1_906' title='bbox 1361 5215 1458 5271; x_wconf 86' lang='lat' dir='ltr'><strong>per</strong></span> <span class='ocrx_word' id='word_1_907' title='bbox 1479 5199 1644 5254; x_wconf 87' lang='lat' dir='ltr'><strong>ferias</strong></span> <span class='ocrx_word' id='word_1_908' title='bbox 1663 5207 1794 5268; x_wconf 88' lang='lat' dir='ltr'><strong>tom.</strong></span> <span class='ocrx_word' id='word_1_909' title='bbox 1809 5197 1876 5252; x_wconf 83' lang='lat' dir='ltr'><strong>ll.</strong></span> 
     </span>
    </p>
   </div>
   <div class='ocr_carea' id='block_1_127' title="bbox 296 5271 1306 5342">
    <p class='ocr_par' dir='ltr' id='par_1_127' title="bbox 296 5271 1306 5342">
     <span class='ocr_line' id='line_1_128' title="bbox 296 5271 1306 5342; baseline -0.002 -16"><span class='ocrx_word' id='word_1_910' title='bbox 296 5272 417 5330; x_wconf 68' lang='lat' dir='ltr'><strong>Vide</strong></span> <span class='ocrx_word' id='word_1_911' title='bbox 435 5271 605 5330; x_wconf 83' lang='lat' dir='ltr'><strong>etiam</strong></span> <span class='ocrx_word' id='word_1_912' title='bbox 634 5273 708 5329; x_wconf 90' lang='lat' dir='ltr'><strong>ibi</strong></span> <span class='ocrx_word' id='word_1_913' title='bbox 734 5271 996 5328; x_wconf 83' lang='lat' dir='ltr'><strong>Monitum</strong></span> <span class='ocrx_word' id='word_1_914' title='bbox 1025 5273 1306 5342; x_wconf 67' lang='lat' dir='ltr'><strong>praevium.</strong></span> 
     </span>
    </p>
   </div>
   <div class='ocr_carea' id='block_1_128' title="bbox 358 5338 1880 5412">
    <p class='ocr_par' dir='ltr' id='par_1_128' title="bbox 358 5338 1880 5412">
     <span class='ocr_line' id='line_1_129' title="bbox 358 5338 1880 5412; baseline -0.003 -14"><span class='ocrx_word' id='word_1_915' title='bbox 358 5345 383 5383; x_wconf 74' lang='grc' dir='ltr'>δ</span> <span class='ocrx_word' id='word_1_916' title='bbox 411 5344 666 5398; x_wconf 72' lang='grc' dir='ltr'><strong>Αιιιήαιε</strong></span> <span class='ocrx_word' id='word_1_917' title='bbox 688 5343 871 5398; x_wconf 74' lang='lat' dir='ltr'><strong>abbas.</strong></span> <span class='ocrx_word' id='word_1_918' title='bbox 915 5338 1304 5405; x_wconf 78' lang='lat' dir='ltr'><strong>Ferrariensis,</strong></span> <span class='ocrx_word' id='word_1_919' title='bbox 1331 5349 1518 5412; x_wconf 89' lang='lat' dir='ltr'><strong>postea</strong></span> <span class='ocrx_word' id='word_1_920' title='bbox 1549 5338 1880 5412; x_wconf 79' lang='lat' dir='ltr'><strong>Senonensis</strong></span> 
     </span>
    </p>
   </div>
   <div class='ocr_carea' id='block_1_129' title="bbox 295 5409 1880 5479">
    <p class='ocr_par' dir='ltr' id='par_1_129' title="bbox 295 5409 1880 5479">
     <span class='ocr_line' id='line_1_130' title="bbox 295 5409 1880 5479; baseline -0.003 -11"><span class='ocrx_word' id='word_1_921' title='bbox 295 5415 531 5479; x_wconf 76' lang='lat' dir='ltr'><strong>antistes,</strong></span> <span class='ocrx_word' id='word_1_922' title='bbox 559 5415 655 5479; x_wconf 87' lang='lat' dir='ltr'><strong>qui</strong></span> <span class='ocrx_word' id='word_1_923' title='bbox 680 5414 1025 5470; x_wconf 85' lang='lat' dir='ltr'><strong>decessorem</strong></span> <span class='ocrx_word' id='word_1_924' title='bbox 1049 5413 1236 5467; x_wconf 89' lang='lat' dir='ltr'><strong>habuit</strong></span> <span class='ocrx_word' id='word_1_925' title='bbox 1259 5409 1610 5467; x_wconf 82' lang='lat' dir='ltr'><strong>Adalbertum</strong></span> <span class='ocrx_word' id='word_1_926' title='bbox 1652 5410 1741 5464; x_wconf 92' lang='lat' dir='ltr'><strong>hic</strong></span> <span class='ocrx_word' id='word_1_927' title='bbox 1765 5409 1880 5463; x_wconf 89' lang='lat' dir='ltr'><strong>lau-</strong></span> 
     </span>
    </p>
   </div>
   <div class='ocr_carea' id='block_1_130' title="bbox 294 5481 1879 5553">
    <p class='ocr_par' dir='ltr' id='par_1_130' title="bbox 294 5481 1879 5553">
     <span class='ocr_line' id='line_1_131' title="bbox 294 5481 1879 5553; baseline -0.001 -17"><span class='ocrx_word' id='word_1_928' title='bbox 294 5485 490 5538; x_wconf 79' lang='lat' dir='ltr'><strong>datum.</strong></span> <span class='ocrx_word' id='word_1_929' title='bbox 543 5481 683 5540; x_wconf 72' lang='lat' dir='ltr'><strong>Hinc</strong></span> <span class='ocrx_word' id='word_1_930' title='bbox 728 5492 878 5553; x_wconf 82' lang='lat' dir='ltr'><strong>patet</strong></span> <span class='ocrx_word' id='word_1_931' title='bbox 912 5484 1092 5539; x_wconf 77' lang='lat' dir='ltr'><strong>Vitam</strong></span> <span class='ocrx_word' id='word_1_932' title='bbox 1122 5483 1260 5553; x_wconf 79' lang='lat' dir='ltr'><strong>hanc</strong></span> <span class='ocrx_word' id='word_1_933' title='bbox 1306 5481 1564 5553; x_wconf 88' lang='lat' dir='ltr'><strong>scriptam</strong></span> <span class='ocrx_word' id='word_1_934' title='bbox 1607 5495 1726 5535; x_wconf 89' lang='lat' dir='ltr'><strong>esse</strong></span> <span class='ocrx_word' id='word_1_935' title='bbox 1743 5489 1879 5553; x_wconf 77' lang='lat' dir='ltr'><strong>ante</strong></span> 
     </span>
    </p>
   </div>
   <div class='ocr_carea' id='block_1_131' title="bbox 294 5550 1883 5625">
    <p class='ocr_par' dir='ltr' id='par_1_131' title="bbox 294 5550 1883 5625">
     <span class='ocr_line' id='line_1_132' title="bbox 294 5550 1883 5625; baseline -0.002 -18"><span class='ocrx_word' id='word_1_936' title='bbox 294 5569 482 5625; x_wconf 69' lang='lat' dir='ltr'><strong>annum</strong></span> <span class='ocrx_word' id='word_1_937' title='bbox 508 5556 634 5619; x_wconf 76' lang='lat'><strong>829,</strong></span> <span class='ocrx_word' id='word_1_938' title='bbox 661 5550 772 5625; x_wconf 76' lang='lat' dir='ltr'><strong>quo</strong></span> <span class='ocrx_word' id='word_1_939' title='bbox 797 5554 1050 5625; x_wconf 72' lang='lat' dir='ltr'><strong>Aldricus</strong></span> <span class='ocrx_word' id='word_1_940' title='bbox 1066 5567 1134 5607; x_wconf 77' lang='lat' dir='ltr'><strong>ex</strong></span> <span class='ocrx_word' id='word_1_941' title='bbox 1150 5551 1346 5608; x_wconf 86' lang='lat' dir='ltr'><strong>abbate</strong></span> <span class='ocrx_word' id='word_1_942' title='bbox 1365 5550 1538 5606; x_wconf 86' lang='lat' dir='ltr'><strong>factus</strong></span> <span class='ocrx_word' id='word_1_943' title='bbox 1563 5560 1645 5606; x_wconf 88' lang='lat' dir='ltr'><strong>est</strong></span> <span class='ocrx_word' id='word_1_944' title='bbox 1670 5550 1883 5620; x_wconf 86' lang='lat' dir='ltr'><strong>episco-</strong></span> 
     </span>
    </p>
   </div>
   <div class='ocr_carea' id='block_1_132' title="bbox 294 5622 1025 5694">
    <p class='ocr_par' dir='ltr' id='par_1_132' title="bbox 294 5622 1025 5694">
     <span class='ocr_line' id='line_1_133' title="bbox 294 5622 1025 5694; baseline -0.005 -13"><span class='ocrx_word' id='word_1_945' title='bbox 294 5639 383 5694; x_wconf 73' lang='lat' dir='ltr'><strong>pus</strong></span> <span class='ocrx_word' id='word_1_946' title='bbox 403 5622 762 5681; x_wconf 72' lang='lat' dir='ltr'><strong>Senonensis.</strong></span> <span class='ocrx_word' id='word_1_947' title='bbox 793 5622 1025 5679; x_wconf 58' lang='lat' dir='ltr'><strong>Manu.</strong></span> 
     </span>
    </p>
   </div>
   <div class='ocr_carea' id='block_1_133' title="bbox 360 5687 1879 5767">
    <p class='ocr_par' dir='ltr' id='par_1_133' title="bbox 360 5687 1879 5767">
     <span class='ocr_line' id='line_1_134' title="bbox 360 5687 1879 5767; baseline -0.004 -15"><span class='ocrx_word' id='word_1_948' title='bbox 360 5707 378 5734; x_wconf 75' lang='grc' dir='ltr'><strong>ε</strong></span> <span class='ocrx_word' id='word_1_949' title='bbox 406 5695 680 5752; x_wconf 73' lang='lat' dir='ltr'><strong>Benedicti</strong></span> <span class='ocrx_word' id='word_1_950' title='bbox 727 5695 849 5751; x_wconf 67' lang='grc' dir='ltr'><strong>σοι).</strong></span> <span class='ocrx_word' id='word_1_951' title='bbox 879 5710 1022 5749; x_wconf 82' lang='lat' dir='ltr'><strong>mon.</strong></span> <span class='ocrx_word' id='word_1_952' title='bbox 1055 5691 1104 5750; x_wconf 80' lang='lat' dir='ltr'><strong>Is</strong></span> <span class='ocrx_word' id='word_1_953' title='bbox 1128 5708 1259 5767; x_wconf 82' lang='lat' dir='ltr'><strong>ergo</strong></span> <span class='ocrx_word' id='word_1_954' title='bbox 1302 5693 1552 5749; x_wconf 77' lang='lat' dir='ltr'><strong>diversus</strong></span> <span class='ocrx_word' id='word_1_955' title='bbox 1586 5707 1617 5748; x_wconf 87' lang='lat' dir='ltr'><strong>a</strong></span> <span class='ocrx_word' id='word_1_956' title='bbox 1671 5687 1879 5764; x_wconf 79' lang='lat' dir='ltr'><strong>Signlfo</strong></span> 
     </span>
    </p>
   </div>
   <div class='ocr_carea' id='block_1_134' title="bbox 1982 4498 3570 4568">
    <p class='ocr_par' dir='ltr' id='par_1_134' title="bbox 1982 4498 3570 4568">
     <span class='ocr_line' id='line_1_135' title="bbox 1982 4498 3570 4568; baseline -0.003 -10"><span class='ocrx_word' id='word_1_957' title='bbox 1982 4505 2056 4558; x_wconf 91' lang='lat' dir='ltr'><strong>ita</strong></span> <span class='ocrx_word' id='word_1_958' title='bbox 2100 4503 2344 4558; x_wconf 85' lang='lat' dir='ltr'><strong>Albinus.</strong></span> <span class='ocrx_word' id='word_1_959' title='bbox 2394 4498 2635 4568; x_wconf 85' lang='lat' dir='ltr'><strong>Cumque</strong></span> <span class='ocrx_word' id='word_1_960' title='bbox 2680 4499 2806 4553; x_wconf 91' lang='lat' dir='ltr'><strong>illuc</strong></span> <span class='ocrx_word' id='word_1_961' title='bbox 2839 4500 3192 4567; x_wconf 87' lang='lat' dir='ltr'><strong>pervenisset,</strong></span> <span class='ocrx_word' id='word_1_962' title='bbox 3239 4498 3480 4554; x_wconf 83' lang='lat' dir='ltr'><strong>extendit</strong></span> <span class='ocrx_word' id='word_1_963' title='bbox 3510 4513 3570 4553; x_wconf 80' lang='lat' dir='ltr'><strong>se</strong></span> 
     </span>
    </p>
   </div>
   <div class='ocr_carea' id='block_1_135' title="bbox 1981 4568 3568 4644">
    <p class='ocr_par' dir='ltr' id='par_1_135' title="bbox 1981 4568 3568 4644">
     <span class='ocr_line' id='line_1_136' title="bbox 1981 4568 3568 4644; baseline -0.004 -16"><span class='ocrx_word' id='word_1_964' title='bbox 1981 4589 2143 4644; x_wconf 88' lang='lat' dir='ltr'><strong>super</strong></span> <span class='ocrx_word' id='word_1_965' title='bbox 2168 4582 2369 4644; x_wconf 88' lang='lat' dir='ltr'><strong>terram</strong></span> <span class='ocrx_word' id='word_1_966' title='bbox 2400 4571 2452 4644; x_wconf 82' lang='lat' dir='ltr'><strong>in</strong></span> <span class='ocrx_word' id='word_1_967' title='bbox 2480 4584 2661 4644; x_wconf 82' lang='lat' dir='ltr'><strong>cruce,</strong></span> <span class='ocrx_word' id='word_1_968' title='bbox 2687 4570 2943 4644; x_wconf 78' lang='lat' dir='ltr'><strong>gemitum</strong></span> <span class='ocrx_word' id='word_1_969' title='bbox 2975 4571 3226 4644; x_wconf 81' lang='lat' dir='ltr'><strong>emittens</strong></span> <span class='ocrx_word' id='word_1_970' title='bbox 3255 4568 3568 4644; x_wconf 71' lang='lat' dir='ltr'><strong>adea-lum.</strong></span> 
     </span>
    </p>
   </div>
   <div class='ocr_carea' id='block_1_136' title="bbox 1981 4639 3572 4712">
    <p class='ocr_par' dir='ltr' id='par_1_136' title="bbox 1981 4639 3572 4712">
     <span class='ocr_line' id='line_1_137' title="bbox 1981 4639 3572 4712; baseline -0.006 -14"><span class='ocrx_word' id='word_1_971' title='bbox 1981 4639 2116 4698; x_wconf 76' lang='lat' dir='ltr'><strong>Miro</strong></span> <span class='ocrx_word' id='word_1_972' title='bbox 2145 4643 2308 4712; x_wconf 91' lang='lat' dir='ltr'><strong>igitur</strong></span> <span class='ocrx_word' id='word_1_973' title='bbox 2331 4642 2490 4695; x_wconf 91' lang='lat' dir='ltr'><strong>modo</strong></span> <span class='ocrx_word' id='word_1_974' title='bbox 2515 4655 2579 4694; x_wconf 88' lang='lat' dir='ltr'><strong>ac</strong></span> <span class='ocrx_word' id='word_1_975' title='bbox 2607 4639 2936 4712; x_wconf 86' lang='lat' dir='ltr'><strong>incredibili,</strong></span> <span class='ocrx_word' id='word_1_976' title='bbox 2962 4641 3148 4712; x_wconf 89' lang='lat' dir='ltr'><strong>statim</strong></span> <span class='ocrx_word' id='word_1_977' title='bbox 3177 4649 3235 4693; x_wconf 90' lang='lat' dir='ltr'><strong>ut</strong></span> <span class='ocrx_word' id='word_1_978' title='bbox 3258 4639 3483 4712; x_wconf 78' lang='lat' dir='ltr'><strong>Albinus</strong></span> <span class='ocrx_word' id='word_1_979' title='bbox 3512 4654 3572 4692; x_wconf 87' lang='lat' dir='ltr'><strong>se</strong></span> 
     </span>
    </p>
   </div>
   <div class='ocr_carea' id='block_1_137' title="bbox 1979 4709 3572 4785">
    <p class='ocr_par' dir='ltr' id='par_1_137' title="bbox 1979 4709 3572 4785">
     <span class='ocr_line' id='line_1_138' title="bbox 1979 4709 3572 4785; baseline -0.003 -17"><span class='ocrx_word' id='word_1_980' title='bbox 1979 4709 2205 4785; x_wconf 76' lang='lat' dir='ltr'><strong>projecit</strong></span> <span class='ocrx_word' id='word_1_981' title='bbox 2233 4714 2286 4766; x_wconf 92' lang='lat' dir='ltr'><strong>in</strong></span> <span class='ocrx_word' id='word_1_982' title='bbox 2318 4721 2536 4774; x_wconf 90' lang='lat' dir='ltr'><strong>terram,</strong></span> <span class='ocrx_word' id='word_1_983' title='bbox 2569 4719 2714 4766; x_wconf 90' lang='lat' dir='ltr'><strong>totus</strong></span> <span class='ocrx_word' id='word_1_984' title='bbox 2730 4709 2845 4785; x_wconf 75' lang='lat' dir='ltr'><strong>ille</strong></span> <span class='ocrx_word' id='word_1_985' title='bbox 2865 4710 3006 4785; x_wconf 77' lang='lat' dir='ltr'><strong>iguis</strong></span> <span class='ocrx_word' id='word_1_986' title='bbox 3035 4713 3107 4763; x_wconf 90' lang='lat' dir='ltr'><strong>ita</strong></span> <span class='ocrx_word' id='word_1_987' title='bbox 3139 4710 3436 4785; x_wconf 79' lang='lat' dir='ltr'><strong>exstinctus</strong></span> <span class='ocrx_word' id='word_1_988' title='bbox 3465 4718 3572 4785; x_wconf 75' lang='lat' dir='ltr'><strong>est,</strong></span> 
     </span>
    </p>
   </div>
   <div class='ocr_carea' id='block_1_138' title="bbox 1981 4778 3574 4840">
    <p class='ocr_par' dir='ltr' id='par_1_138' title="bbox 1981 4778 3574 4840">
     <span class='ocr_line' id='line_1_139' title="bbox 1981 4778 3574 4840; baseline -0.005 -2"><span class='ocrx_word' id='word_1_989' title='bbox 1981 4778 2044 4840; x_wconf 72' lang='lat' dir='ltr'><strong>ac</strong></span> <span class='ocrx_word' id='word_1_990' title='bbox 2066 4778 2111 4840; x_wconf 81' lang='lat' dir='ltr'><strong>si</strong></span> <span class='ocrx_word' id='word_1_991' title='bbox 2138 4785 2400 4837; x_wconf 86' lang='lat' dir='ltr'><strong>immenso</strong></span> <span class='ocrx_word' id='word_1_992' title='bbox 2421 4789 2706 4836; x_wconf 89' lang='lat' dir='ltr'><strong>necaretur</strong></span> <span class='ocrx_word' id='word_1_993' title='bbox 2724 4778 2906 4834; x_wconf 64' lang='lat' dir='ltr'><strong>fluvio.</strong></span> <span class='ocrx_word' id='word_1_994' title='bbox 2926 4779 3038 4834; x_wconf 89' lang='lat' dir='ltr'><strong>Hoc</strong></span> <span class='ocrx_word' id='word_1_995' title='bbox 3059 4789 3342 4834; x_wconf 86' lang='lat' dir='ltr'><strong>cernentes</strong></span> <span class='ocrx_word' id='word_1_996' title='bbox 3365 4778 3574 4840; x_wconf 90' lang='lat' dir='ltr'><strong>clerici,</strong></span> 
     </span>
    </p>
   </div>
   <div class='ocr_carea' id='block_1_139' title="bbox 1980 4847 3575 4926">
    <p class='ocr_par' dir='ltr' id='par_1_139' title="bbox 1980 4847 3575 4926">
     <span class='ocr_line' id='line_1_140' title="bbox 1980 4847 3575 4926; baseline -0.005 -17"><span class='ocrx_word' id='word_1_997' title='bbox 1980 4869 2177 4926; x_wconf 89' lang='lat' dir='ltr'><strong>magno</strong></span> <span class='ocrx_word' id='word_1_998' title='bbox 2203 4868 2326 4907; x_wconf 91' lang='lat' dir='ltr'><strong>cum</strong></span> <span class='ocrx_word' id='word_1_999' title='bbox 2343 4850 2933 4926; x_wconf 59' lang='lat' dir='ltr'><strong>stuporeessultantes</strong></span> <span class='ocrx_word' id='word_1_1000' title='bbox 2954 4850 3021 4903; x_wconf 93' lang='lat' dir='ltr'><strong>ad</strong></span> <span class='ocrx_word' id='word_1_1001' title='bbox 3045 4849 3220 4926; x_wconf 83' lang='lat' dir='ltr'><strong>locum</strong></span> <span class='ocrx_word' id='word_1_1002' title='bbox 3246 4849 3391 4902; x_wconf 87' lang='lat' dir='ltr'><strong>illum</strong></span> <span class='ocrx_word' id='word_1_1003' title='bbox 3425 4847 3575 4926; x_wconf 43' lang='lat' dir='ltr'><strong>festi:</strong></span> 
     </span>
    </p>
   </div>
   <div class='ocr_carea' id='block_1_140' title="bbox 1981 4916 3579 4995">
    <p class='ocr_par' dir='ltr' id='par_1_140' title="bbox 1981 4916 3579 4995">
     <span class='ocr_line' id='line_1_141' title="bbox 1981 4916 3579 4995; baseline -0.007 -16"><span class='ocrx_word' id='word_1_1004' title='bbox 1981 4916 2110 4982; x_wconf 68' lang='lat' dir='ltr'><strong>nato</strong></span> <span class='ocrx_word' id='word_1_1005' title='bbox 2138 4916 2477 4995; x_wconf 73' lang='lat' dir='ltr'><strong>perveniunt,</strong></span> <span class='ocrx_word' id='word_1_1006' title='bbox 2507 4921 2597 4995; x_wconf 81' lang='lat' dir='ltr'><strong>ubi</strong></span> <span class='ocrx_word' id='word_1_1007' title='bbox 2628 4921 2855 4975; x_wconf 89' lang='lat' dir='ltr'><strong>Albinus</strong></span> <span class='ocrx_word' id='word_1_1008' title='bbox 2891 4928 3018 4995; x_wconf 79' lang='lat' dir='ltr'><strong>ante</strong></span> <span class='ocrx_word' id='word_1_1009' title='bbox 3054 4919 3362 4995; x_wconf 73' lang='lat' dir='ltr'><strong>sepulcrum</strong></span> <span class='ocrx_word' id='word_1_1010' title='bbox 3399 4916 3579 4974; x_wconf 79' lang='lat' dir='ltr'><strong>sancti</strong></span> 
     </span>
    </p>
   </div>
   <div class='ocr_carea' id='block_1_141' title="bbox 1983 4988 3579 5064">
    <p class='ocr_par' dir='ltr' id='par_1_141' title="bbox 1983 4988 3579 5064">
     <span class='ocr_line' id='line_1_142' title="bbox 1983 4988 3579 5064; baseline -0.005 -16"><span class='ocrx_word' id='word_1_1011' title='bbox 1983 4988 2200 5049; x_wconf 69' lang='lat' dir='ltr'><strong>Martini</strong></span> <span class='ocrx_word' id='word_1_1012' title='bbox 2221 5001 2526 5064; x_wconf 86' lang='lat' dir='ltr'><strong>prostratus</strong></span> <span class='ocrx_word' id='word_1_1013' title='bbox 2555 4991 2606 5045; x_wconf 92' lang='lat' dir='ltr'><strong>in</strong></span> <span class='ocrx_word' id='word_1_1014' title='bbox 2633 5006 2795 5046; x_wconf 90' lang='lat' dir='ltr'><strong>cruce</strong></span> <span class='ocrx_word' id='word_1_1015' title='bbox 2824 5006 2921 5060; x_wconf 93' lang='lat' dir='ltr'><strong>pro</strong></span> <span class='ocrx_word' id='word_1_1016' title='bbox 2950 4988 3436 5064; x_wconf 45' lang='lat' dir='ltr'><strong>eis_ja‘cens_Deun_r</strong></span> <span class='ocrx_word' id='word_1_1017' title='bbox 3457 5002 3579 5056; x_wconf 89' lang='lat' dir='ltr'><strong>pre-</strong></span> 
     </span>
    </p>
   </div>
   <div class='ocr_carea' id='block_1_142' title="bbox 1983 5057 3582 5120">
    <p class='ocr_par' dir='ltr' id='par_1_142' title="bbox 1983 5057 3582 5120">
     <span class='ocr_line' id='line_1_143' title="bbox 1983 5057 3582 5120; baseline -0.004 0"><span class='ocrx_word' id='word_1_1018' title='bbox 1983 5057 2236 5120; x_wconf 61' lang='lat' dir='ltr'><strong>cabatur:</strong></span> <span class='ocrx_word' id='word_1_1019' title='bbox 2285 5063 2575 5118; x_wconf 84' lang='lat' dir='ltr'><strong>Elevantes</strong></span> <span class='ocrx_word' id='word_1_1020' title='bbox 2621 5057 2977 5116; x_wconf 55' lang='lat' dir='ltr'><strong>autem&#39;eum</strong></span> <span class='ocrx_word' id='word_1_1021' title='bbox 3029 5061 3194 5115; x_wconf 90' lang='lat' dir='ltr'><strong>humo</strong></span> <span class='ocrx_word' id='word_1_1022' title='bbox 3247 5057 3582 5113; x_wconf 86' lang='lat' dir='ltr'><strong>benedicunt</strong></span> 
     </span>
    </p>
   </div>
   <div class='ocr_carea' id='block_1_143' title="bbox 1981 5197 2212 5254">
    <p class='ocr_par' dir='ltr' id='par_1_143' title="bbox 1981 5197 2212 5254">
     <span class='ocr_line' id='line_1_144' title="bbox 1981 5197 2212 5254; baseline -0.017 0"><span class='ocrx_word' id='word_1_1023' title='bbox 1981 5197 2212 5254; x_wconf 77' lang='lat' dir='ltr'><strong>Vetulo?</strong></span> 
     </span>
    </p>
   </div>
   <div class='ocr_carea' id='block_1_144' title="bbox 2052 5261 3580 5333">
    <p class='ocr_par' dir='ltr' id='par_1_144' title="bbox 2052 5261 3580 5333">
     <span class='ocr_line' id='line_1_145' title="bbox 2052 5261 3580 5333; baseline -0.003 -11"><span class='ocrx_word' id='word_1_1024' title='bbox 2052 5269 2080 5308; x_wconf 73' lang='grc' dir='ltr'><strong>ἀ</strong></span> <span class='ocrx_word' id='word_1_1025' title='bbox 2121 5267 2202 5322; x_wconf 77' lang='lat' dir='ltr'><strong>Ad</strong></span> <span class='ocrx_word' id='word_1_1026' title='bbox 2228 5266 2376 5320; x_wconf 83' lang='lat' dir='ltr'><strong>aliud</strong></span> <span class='ocrx_word' id='word_1_1027' title='bbox 2401 5267 2796 5322; x_wconf 78' lang='lat' dir='ltr'><strong>monasterium.</strong></span> <span class='ocrx_word' id='word_1_1028' title='bbox 2823 5262 3162 5319; x_wconf 81' lang='lat' dir='ltr'><strong>Mabillonius</strong></span> <span class='ocrx_word' id='word_1_1029' title='bbox 3180 5261 3453 5319; x_wconf 76' lang='lat' dir='ltr'><strong>existimat</strong></span> <span class='ocrx_word' id='word_1_1030' title='bbox 3478 5278 3580 5333; x_wconf 82' lang='lat' dir='ltr'><strong>per</strong></span> 
     </span>
    </p>
   </div>
   <div class='ocr_carea' id='block_1_145' title="bbox 1981 5333 3577 5405">
    <p class='ocr_par' dir='ltr' id='par_1_145' title="bbox 1981 5333 3577 5405">
     <span class='ocr_line' id='line_1_146' title="bbox 1981 5333 3577 5405; baseline -0.005 -11"><span class='ocrx_word' id='word_1_1031' title='bbox 1981 5339 2125 5394; x_wconf 82' lang='lat' dir='ltr'><strong>aliud</strong></span> <span class='ocrx_word' id='word_1_1032' title='bbox 2168 5341 2554 5391; x_wconf 87' lang='lat' dir='ltr'><strong>monasterium</strong></span> <span class='ocrx_word' id='word_1_1033' title='bbox 2597 5337 2684 5390; x_wconf 82' lang='lat' dir='ltr'><strong>hic</strong></span> <span class='ocrx_word' id='word_1_1034' title='bbox 2729 5333 3023 5405; x_wconf 81' lang='lat' dir='ltr'><strong>signiﬁcari</strong></span> <span class='ocrx_word' id='word_1_1035' title='bbox 3062 5333 3222 5389; x_wconf 89' lang='lat' dir='ltr'><strong>aliam</strong></span> <span class='ocrx_word' id='word_1_1036' title='bbox 3260 5334 3577 5400; x_wconf 85' lang='lat' dir='ltr'><strong>basilicam;</strong></span> 
     </span>
    </p>
   </div>
   <div class='ocr_carea' id='block_1_146' title="bbox 1982 5405 3575 5476">
    <p class='ocr_par' dir='ltr' id='par_1_146' title="bbox 1982 5405 3575 5476">
     <span class='ocr_line' id='line_1_147' title="bbox 1982 5405 3575 5476; baseline -0.004 -12"><span class='ocrx_word' id='word_1_1037' title='bbox 1982 5425 2141 5474; x_wconf 87' lang='lat' dir='ltr'><strong>nam,</strong></span> <span class='ocrx_word' id='word_1_1038' title='bbox 2167 5408 2372 5476; x_wconf 90' lang='lat' dir='ltr'><strong>inquit,</strong></span> <span class='ocrx_word' id='word_1_1039' title='bbox 2404 5415 2459 5462; x_wconf 91' lang='lat' dir='ltr'><strong>et</strong></span> <span class='ocrx_word' id='word_1_1040' title='bbox 2497 5407 2733 5462; x_wconf 68' lang='lat' dir='ltr'><strong>basilica:</strong></span> <span class='ocrx_word' id='word_1_1041' title='bbox 2763 5405 3091 5476; x_wconf 86' lang='lat' dir='ltr'><strong>monasteria</strong></span> <span class='ocrx_word' id='word_1_1042' title='bbox 3120 5420 3226 5476; x_wconf 88' lang='lat' dir='ltr'><strong>non</strong></span> <span class='ocrx_word' id='word_1_1043' title='bbox 3256 5420 3380 5458; x_wconf 90' lang='lat' dir='ltr'><strong>raro</strong></span> <span class='ocrx_word' id='word_1_1044' title='bbox 3408 5419 3575 5458; x_wconf 79' lang='lat' dir='ltr'><strong>voea-</strong></span> 
     </span>
    </p>
   </div>
   <div class='ocr_carea' id='block_1_147' title="bbox 1980 5475 3578 5543">
    <p class='ocr_par' dir='ltr' id='par_1_147' title="bbox 1980 5475 3578 5543">
     <span class='ocr_line' id='line_1_148' title="bbox 1980 5475 3578 5543; baseline -0.005 -9"><span class='ocrx_word' id='word_1_1045' title='bbox 1980 5481 2200 5543; x_wconf 88' lang='lat' dir='ltr'><strong>bantur,</strong></span> <span class='ocrx_word' id='word_1_1046' title='bbox 2231 5475 2284 5531; x_wconf 84' lang='lat' dir='ltr'><strong>et</strong></span> <span class='ocrx_word' id='word_1_1047' title='bbox 2309 5476 2429 5531; x_wconf 80' lang='lat' dir='ltr'><strong>dua:</strong></span> <span class='ocrx_word' id='word_1_1048' title='bbox 2456 5476 2738 5531; x_wconf 89' lang='lat' dir='ltr'><strong>minimum</strong></span> <span class='ocrx_word' id='word_1_1049' title='bbox 2766 5483 2927 5530; x_wconf 89' lang='lat' dir='ltr'><strong>erant</strong></span> <span class='ocrx_word' id='word_1_1050' title='bbox 2955 5475 3196 5530; x_wconf 69' lang='lat' dir='ltr'><strong>ecclesiae</strong></span> <span class='ocrx_word' id='word_1_1051' title='bbox 3220 5476 3274 5529; x_wconf 88' lang='lat' dir='ltr'><strong>in</strong></span> <span class='ocrx_word' id='word_1_1052' title='bbox 3304 5483 3578 5530; x_wconf 83' lang='lat' dir='ltr'><strong>monaste-</strong></span> 
     </span>
    </p>
   </div>
   <div class='ocr_carea' id='block_1_148' title="bbox 1981 5543 3580 5612">
    <p class='ocr_par' dir='ltr' id='par_1_148' title="bbox 1981 5543 3580 5612">
     <span class='ocr_line' id='line_1_149' title="bbox 1981 5543 3580 5612; baseline -0.006 -9"><span class='ocrx_word' id='word_1_1053' title='bbox 1981 5549 2064 5612; x_wconf 73' lang='lat' dir='ltr'><strong>rio</strong></span> <span class='ocrx_word' id='word_1_1054' title='bbox 2093 5547 2436 5602; x_wconf 84' lang='lat' dir='ltr'><strong>Martiniano.</strong></span> <span class='ocrx_word' id='word_1_1055' title='bbox 2471 5545 2841 5601; x_wconf 86' lang='lat' dir='ltr'><strong>Henschenius</strong></span> <span class='ocrx_word' id='word_1_1056' title='bbox 2880 5553 3060 5600; x_wconf 88' lang='lat' dir='ltr'><strong>tamen</strong></span> <span class='ocrx_word' id='word_1_1057' title='bbox 3097 5543 3375 5600; x_wconf 89' lang='lat' dir='ltr'><strong>custodem</strong></span> <span class='ocrx_word' id='word_1_1058' title='bbox 3405 5544 3580 5599; x_wconf 84' lang='lat' dir='ltr'><strong>credit</strong></span> 
     </span>
    </p>
   </div>
   <div class='ocr_carea' id='block_1_149' title="bbox 1983 5613 3580 5687">
    <p class='ocr_par' dir='ltr' id='par_1_149' title="bbox 1983 5613 3580 5687">
     <span class='ocr_line' id='line_1_150' title="bbox 1983 5613 3580 5687; baseline -0.008 -12"><span class='ocrx_word' id='word_1_1059' title='bbox 1983 5633 2168 5683; x_wconf 70' lang='lat' dir='ltr'><strong>revera</strong></span> <span class='ocrx_word' id='word_1_1060' title='bbox 2216 5617 2270 5671; x_wconf 92' lang='lat' dir='ltr'><strong>in</strong></span> <span class='ocrx_word' id='word_1_1061' title='bbox 2312 5615 2458 5676; x_wconf 78' lang='lat' dir='ltr'><strong>aliud</strong></span> <span class='ocrx_word' id='word_1_1062' title='bbox 2497 5617 2888 5678; x_wconf 85' lang='lat' dir='ltr'><strong>monasterium</strong></span> <span class='ocrx_word' id='word_1_1063' title='bbox 2927 5613 3132 5687; x_wconf 85' lang='lat' dir='ltr'><strong>fugisse</strong></span> <span class='ocrx_word' id='word_1_1064' title='bbox 3173 5615 3368 5674; x_wconf 79' lang='lat' dir='ltr'><strong>timore</strong></span> <span class='ocrx_word' id='word_1_1065' title='bbox 3402 5623 3580 5684; x_wconf 60' lang='lat' dir='ltr'><strong>pinna:</strong></span> 
     </span>
    </p>
   </div>
   <div class='ocr_carea' id='block_1_150' title="bbox 1981 5689 2334 5755">
    <p class='ocr_par' dir='ltr' id='par_1_150' title="bbox 1981 5689 2334 5755">
     <span class='ocr_line' id='line_1_151' title="bbox 1981 5689 2334 5755; baseline -0.003 -10"><span class='ocrx_word' id='word_1_1066' title='bbox 1981 5689 2334 5755; x_wconf 57' lang='lat' dir='ltr'><strong>commerita.</strong></span> 
     </span>
    </p>
   </div>
  </div>
