2035 3098
141 198 191 225 II'I

713 195 743 221 D.
764 193 984 228 QUERCETANI
1003 194 1198 223 PREFATIO.

1718 196 1765 222 IIS

140 263 171 282 ac
185 253 265 281 nobili
284 253 319 280 ibi
342 252 478 279 auditorio
499 251 626 279 claruisse
643 254 765 278 testatur.
779 250 814 277 Et
825 250 927 286 aliiire-
942 253 964 280 Α
978 250 1117 286 benefacta
1132 250 1225 286 fuisse,
1240 251 1281 278 vel
1294 259 1327 286 ex
1339 251 1418 286 epist.
1441 251 1490 279 134
1503 253 1536 279 ad
1549 251 1673 280 Carolum
1688 253 1768 280 disci-

140 289 272 318 centiores
286 293 299 307 α
319 287 433 325 Parisiis
448 294 553 321 quoque
572 286 675 320 legendi
695 292 806 325 munere
820 285 927 319 perfun—

141 330 210 359 ctum
228 326 365 359 asserunt,
386 321 495 359 illorum
514 321 828 359 sequentesopinionem
842 325 869 346 et
882 328 928 359 au:

141 358 300 388 ctoritatem,
309 356 355 391 qui
366 356 534 383 celeberrimi
543 354 622 389 hujus
633 355 805 391 scientiarum
816 354 929 391 emporii

141 389 343 421 fundamentum
368 391 403 417 ab
425 398 458 418 eo
482 398 544 416 eum
564 389 728 417 doctissimis
745 389 848 423 aliquot
865 389 929 416 viris

140 428 200 455 aliis
207 426 311 460 jactum
323 425 406 452 fuisse
418 425 594 460 tradiderunt.
609 425 648 460 An
659 428 748 460 autem
761 424 812 460 hoc
824 431 927 460 verum;

141 458 220 490 nullis
231 463 287 496 ipse
296 461 353 489 suis
366 460 474 496 scriptis
488 459 616 496 declarat.
631 459 659 496 In
682 458 797 496 Francia
809 458 929 496 profecto

141 506 171 526 se
184 492 288 525 scholas
311 492 434 530 publicas
460 494 578 530 tenuisse
600 493 682 530 r_e_fert
703 492 817 530 epistola
838 492 873 520 43
896 494 929 520 ad

140 532 267 560 Carolum
279 527 400 566 Magnum
412 529 454 556 his
464 529 553 566 verbis
565 538 571 554 :
581 538 601 566 _(_
609 528 684 566 Nunc
695 527 758 555 vero
769 527 929 566 frigescente

141 563 372 601 sanguineiquasi
396 570 507 601 vespere
530 564 565 601 in_
581 563 694 601 Francia
721 563 929 601 seminarenon

141 597 230 629 cess'o.
245 610 254 625 ι
271 597 429 633 Iit—epistola
443 597 476 625 ad
487 598 610 625 eumdem
627 598 661 625 86
673 607 680 624 :
692 606 707 633 Vl
724 597 779 624 Nec
791 597 928 624 fastidiosa

139 636 268 670 segnities
294 632 449 670 legentium,
473 633 573 670 inquit,
593 632 778 670 benivolentia:
808 632 929 667 magistri

136 667 207 704 iuste
231 667 353 703 deputari
377 668 473 704 debet,
498 668 520 694 si
543 667 666 704 plurimis
684 667 811 704 inclytum
833 672 929 704 vestrae

141 702 299 732 intentionis
324 703 443 730 studium
471 702 665 736 sequentibus;
691 702 803 729 forsitan
824 702 929 729 Athene

138 747 206 766 nova
216 738 393 773 pet-liceretur
404 738 430 773 in
443 737 556 773 Francia
565 738 639 773 :Vimo
652 737 734 764 multo
744 736 928 773 excellentior,

139 774 200 808 quia
217 771 279 800 haec
291 772 391 808 Christi
407 771 513 808 Domini
529 771 677 808 nobilitata
694 772 929 808 inagisterio,rom-

139 806 198 836 nem
223 807 377 835 Academiae
397 806 597 834 exercitationis
625 811 733 841 superat
757 807 927 840 sapientiam.

138 844 182 870 Ilia
197 841 383 869 tantummodo
397 841 516 868 Platonis
540 841 644 868 erudita
668 841 827 876 disciplinis,
843 846 930 875 septe-

139 879 180 906 nis
205 877 352 911 informata
369 877 466 904 claruit
491 876 604 911 artibus.
631 875 694 911 Ilaec
715 876 797 903 etiam
820 876 929 911 insuper

981 289 1035 316 tur,
1057 284 1103 311 ubi
1127 285 1166 311 sic
1188 286 1246 311 ait:
1270 295 1278 309 ι
1301 284 1411 313 Summa
1435 287 1504 314 Deus
1527 286 1646 315 Trinitas
1671 293 1767 315 vestra:

979 319 1103 351 bonitati,
1122 320 1242 346 omnium
1257 320 1429 347 dilectissime
1452 321 1545 354 David,
1565 326 1665 349 mterua
1690 323 1767 350 resti-

981 358 1037 380 tuat
1049 354 1224 392 beatitudine,
1236 355 1485 392 quidquidpietatis
1499 357 1538 383 vel
1553 357 1724 392 benignitatis
1740 358 1766 385 in

980 395 1022 414 me
1047 387 1175 426 famulum
1199 387 1337 426 yes'truni,
1355 387 1425 426 sicut
1445 391 1530 424 prima
1547 387 1699 426 cognitione
1718 393 1766 420 ad—

980 427 1076 460 ventus
1089 423 1153 460 _me_i
1175 423 1216 460 ad_
1232 431 1279 460 vos
1304 423 1512 460 misericorditer
1534 423 1707 460 promisistis,
1730 428 1766 454 ita

980 458 1069 496 omnia
1079 458 1198 496 ﬁdeliter
1211 458 1355 492 implestis;
1370 464 1397 486 et
1410 460 1444 496 ad
1456 458 1589 487 cumulum
1605 458 1766 496 plenissima:

981 492 1112 524 veritatis,
1130 501 1193 529 qua;
1210 501 1315 528 semper
1337 494 1419 521 vestri
1436 495 1553 529 pectoris
1572 492 1687 523 insident
1709 497 1768 524 the-

980 534 1070 560 sauro,
1089 528 1243 562 centuplum
1260 529 1411 561 addidistis,
1428 534 1456 556 ut
1471 534 1626 557 cunctorum
1640 531 1698 558 luce
1711 532 1767 559 cla-

980 562 1036 589 rius
1048 562 1132 589 oeulis
1149 564 1271 606 patescit,
1286 564 1454 606 auribusque
1461 571 1509 605 per
1522 565 1665 606 longinqua
1680 570 1767 606 terra:

980 605 1040 633 rum
1056 602 1164 633 resonat
1178 598 1333 625 multorum.
1354 609 1363 624 ι
1376 598 1509 633 Imprimis
1523 604 1611 627 autem
1622 598 1665 627 illi
1682 602 1768 628 sancti

980 631 1047 670 L_upi
1063 632 1206 670 [recensis
1218 633 1354 670 abbatiam
1372 631 1455 670 dedit,
1475 639 1504 661 ut
1517 634 1598 662 refert
1620 643 1769 670 anonymus

980 667 1039 701 ejus
1065 667 1132 694 Vita:
1156 668 1279 702 scriptor.
1304 668 1380 701 Quod
1405 673 1432 696 et
1455 669 1510 702 ipse
1534 669 1639 696 videtur
1657 667 1769 697 innuero

980 702 1092 736 cpistola
1107 701 1156 728 I26
1173 701 1342 730 ad'sororem
1357 711 1444 735 suam,
1464 701 1506 731 his
1525 704 1614 731 verbis
1628 714 1633 731 :
1655 714 1663 730 ι
1683 705 1768 731 Pluri-

981 737 1133 774 munrmihj
1148 738 1249 774 placuit
1264 746 1330 765 crux
1344 746 1424 773 quam
1440 745 1528 766 vestra
1542 739 1606 766 mihi
1619 740 1769 774 benignitas

981 771 1089 798 direxit.
1112 771 1144 798 Et
1162 772 1241 799 credo
1257 781 1303 800 vos
1317 771 1445 800 :etérnam
1466 773 1565 800 habere
1586 781 1599 800 a
1625 771 1769 801 Deo'mer-

981 806 1073 833 cedem
1085 814 1136 844 pro
1155 806 1376 844 illius_opere,Aet
1397 808 1517 844 assiduas
1537 809 1622 835 sancti
1644 809 1710 844 Lupi
1729 809 1768 835 in-

982 841 1170 874 tercessiones,
1184 847 1212 869 et
1227 841 1373 870 laudabiles
1391 843 1536 874 gratiarum
1550 844 1669 871 actiones
1682 841 1715 871 ab
1729 844 1769 871 eis

982 875 1027 910 qui
1040 876 1074 902 ad
1088 876 1159 912 illius
1168 877 1317 912 patrocinia
1333 875 1477 912 confugere
1490 879 1585 905 solent.
1603 888 1612 904 ι
1626 878 1767 906 Abbatiarn

137 907 698 950 septiforrnisancti_Spiritus_plenitudine
715 907 928 950 ditata,_omnem
944 919 968 950 Β
982 907 1088 944 quoque
1116 907 1288 950 Bethlehem,
1303 913 1369 950 sive
1394 907 1533 950 FErrarias
1553 914 1584 950 in
1605 913 1768 950 VVastinensi

138 945 275 976 saecularis
286 946 424 980 sapientia:
436 945 542 972 excellit
555 945 722 980 dignitatem.
741 956 749 972 ι
764 945 818 973 Sed
831 946 858 973 in
869 946 928 980 qui-

139 983 188 1010 bus
210 981 333 1009 Francia:
347 980 493 1015 provinciis
507 980 638 1014 ejusmodi
661 981 811 1008 litterarum
827 981 928 1008 semina

135 1017 217 1051 iecit?
230 1021 279 1043 aut
295 1015 529 1051 ubinam_urbium
548 1015 748 1051 volscivitatumr
765 1015 928 1043 Gallicarum

139 1049 196 1080 haec
223 1051 328 1078 Athene
354 1049 472 1085 perfecta
497 1049 564 1076 fuit?
589 1049 668 1085 Forte
687 1050 713 1077 in
738 1050 928 1078 facundissima

138 1086 305 1113 Parisiorum
318 1083 433 1116 Lutetia,
449 1085 481 1111 ad
492 1093 572 1119 quam
583 1083 695 1112 Carolus
706 1093 753 1112 rex
768 1085 883 1112 studium
897 1086 929 1113 de

138 1121 205 1149 urbe
217 1120 304 1147 Roma
320 1120 498 1150 transtulisse,
514 1121 585 1154 quod
598 1119 630 1146 de
647 1119 750 1147 Graecia
765 1120 827 1147 illuc
843 1125 928 1147 trans-

138 1155 223 1183 latum
248 1154 336 1182 fuerat
351 1162 365 1181 a
383 1155 509 1182 Romanis
521 1175 529 1186 ,
551 1154 577 1181 in
601 1154 696 1189 Magno
721 1154 853 1182 Chronico
869 1155 927 1182 Bel-

155 1190 197 1218 ico
222 1190 337 1225 legitur?
361 1189 480 1216 Plurima
507 1193 572 1225 sunt
597 1197 656 1223 qua:
685 1193 779 1217 vetant
807 1190 927 1217 credere.

155 1198 197 1218 ιω
222 1198 337 1225 legitur!
363 1198 480 1216 rturnna
507 1198 569 1216 sunt
597 1198 656 1223 qua:
685 1198 779 1217 vetant
807 1198 927 1217 creuere.

138 1198 237 1253 Erimo.
252 1225 324 1258 quod
340 1224 481 1256 Alcuinus,
496 1224 536 1251 vel
560 1224 741 1257 Parisiorum,
760 1225 802 1252 vel
818 1224 929 1252 Lutetiae

139 1260 231 1287 nullibi
258 1259 390 1286 meminit.
417 1259 548 1291 Secundo,
577 1259 649 1294 quod
672 1267 733 1287 cum
759 1260 786 1287 in
808 1259 929 1294 pluribus

139 1294 230 1322 Calliae
245 1294 313 1321 locis
332 1293 422 1326 fuerit,
440 1298 487 1320 aut
501 1302 561 1321 cum
581 1293 676 1321 Carolo
702 1302 774 1329 rege,
788 1293 818 1321 ut
835 1294 930 1329 Aquis-

159 1330 214 1356 rani
229 1329 300 1364 apud
315 1334 454 1356 auctorem
470 1329 536 1356 Vita:
551 1329 636 1356 sancti
648 1329 761 1365 Ludgeri
773 1329 819 1356 lib.
837 1338 856 1362 I,
869 1337 927 1384 cap.

159 1364 174 1384 Α
202 1369 245 1384 aut
262 1364 320 1384 (ina
336 1371 398 1384 mon
411 1363 507 1384 Carr-In
532 1368 558 1384 III
577 1364 602 1384 in
623 1364 724 1384 Rplainn
749 1364 888 1384 lnlilmlinn

177 1385 184 1395 ,
202 1363 320 1391 autsine
335 1371 398 1399 rege
411 1363 516 1399 Carolo,
532 1368 560 1390 ut
577 1364 602 1390 in
621 1363 726 1399 Belgica
749 1364 889 1392 latitudine
901 1363 928 1397 Β,

141 1398 255 1426 Turonis
267 1405 290 1431 ε,
304 1399 330 1425 ἰη
343 1398 457 1426 Centulo
469 1398 494 1430 ἀ,
512 1399 581 1433 apud
602 1398 723 1426 sanctum
739 1399 889 1425 Amandum
906 1405 927 1432 υ,

139 1438 166 1460 et
178 1434 240 1461 alibi
255 1433 264 1453 ί
280 1443 286 1460 :
301 1441 439 1467 nunquam
451 1437 539 1460 tamen
554 1434 675 1460 docuisse
686 1441 715 1460 se
727 1434 815 1460 verbis
830 1434 930 1467 apertis

141 1469 249 1501 indicat,
268 1468 319 1495 nisi
333 1467 375 1494 vel
390 1468 416 1494 in
434 1468 532 1502 palatio
546 1468 625 1502 regis,
639 1468 679 1495 vel
692 1467 865 1495 Cgesaroduni
877 1468 930 1495 Tu-

140 1511 244 1530 ronum.
266 1503 293 1530 In
308 1503 409 1537 palatio
424 1502 496 1529 enim
516 1502 634 1530 scholam
651 1502 733 1530 fuisse
745 1503 930 1530 demonstrant

143 1538 198 1578 haec
220 1538 279 1578 ejus
298 1539 332 1565 ad
344 1537 482 1578 _Carolum_
494 1537 600 1578 verba}
616 1547 622 1563 :
642 1537 724 1578 «‘Ego
733 1538 868 1578 “ignarus,
884 1546 929 1565 ne~

142 1571 330 1608 sciensﬂigyp
343 1573 430 1608 iacam
446 1571 563 1608 scholam
579 1573 605 1599 in
621 1571 719 1607 palatio
732 1571 859 1608 Davitica:
872 1581 929 1601 ver-

142 1597 328 1643 mgis—risi
341 1597 512 1643 rigging}.
524 1597 700 1643 ᾘὲιιῖἧοὲἷίἱῖ
705 1597 716 1600 ⁷
723 1597 929 1639 ὧιῖιίὲίζᾞεὲὲἷο
943 1597 966 1629 C

159 1642 200 1678 uis
212 1641 411 1678 subintroduxit
432 1641 582 1678 zEgyptios.
603 1651 612 1667 ι
629 1642 704 1675 Quod
728 1650 792 1669 vero
813 1646 840 1669 et
859 1644 930 1678 apud

163 1685 266 1704 uronos
277 1677 403 1704 Gallicam
424 1677 554 1704 erudierit
570 1676 748 1709 juventutem,
770 1685 823 1704 non
837 1676 927 1710 semel,

140 1712 190 1739 sed
206 1711 360 1746 frequenter
375 1712 478 1746 repetit.
503 1711 620 1746 Epistula
641 1712 675 1739 45
690 1711 723 1739 ad
737 1711 861 1740 Carolum
885 1720 927 1740 re-

140 1754 204 1782 geni
219 1755 232 1782 εγ
248 1746 381 1782 t_Aliquos
388 1755 417 1774 ex
426 1746 517 1781 pueris
528 1747 627 1774 nostris
637 1747 782 1779 remittam,
795 1748 840 1781 qui
857 1755 930 1776 reve-

142 1780 211 1808 hant
224 1781 252 1808 in
262 1780 396 1808 Franciam
406 1780 485 1809 fleres
495 1782 648 1814 Britanniae,
660 1786 689 1809 ut
703 1790 756 1809 non
774 1780 811 1809 sit
827 1787 929 1810 tantum

139 1816 223 1844 modo
237 1816 263 1842 in
276 1816 405 1843 Euborica
420 1817 514 1844 hortus
525 1817 676 1849 conclusus,
693 1818 740 1844 sed
755 1818 782 1843 in
796 1817 928 1845 Turonica

138 1851 300 1878 emissiones
311 1852 426 1885 paradisi
442 1859 502 1878 cum
521 1859 660 1886 pomorum
675 1851 817 1884 fructibus,
835 1856 865 1879 ut
883 1860 928 1880 ve»

139 1886 215 1913 niens
234 1887 331 1913 Auster
345 1886 458 1920 perflare
482 1887 575 1914 hortos
591 1886 679 1921 Ligeri
697 1886 825 1919 ﬂuminis,
845 1886 930 1915 ﬂuant

139 1925 260 1948 aromata
276 1922 355 1948 illius.
381 1931 390 1946 ι
412 1921 477 1948 Item
500 1921 612 1956 epistola
630 1922 677 1948 IOI
699 1930 705 1948 :
728 1930 736 1946 ι
756 1921 812 1956 Ego
826 1922 926 1956 itaque,

137 1956 197 1982 licet
216 1963 312 1990 parum
327 1956 479 1991 proficiens,
496 1965 556 1983 cum
570 1956 702 1984 Turonica
714 1964 804 1991 pugno
822 1957 928 1984 rustici-

138 1995 199 2017 tate.
218 1991 312 2018 Vestra
328 1999 393 2018 vero
416 1992 563 2018 auctoritas
583 1991 715 2025 palatinos
736 1992 842 2018 erudiat
864 1999 929 2026 pue-

137 2033 188 2052 ros.
209 2036 218 2051 ι
235 2025 269 2053 Et
283 2026 306 2052 si
321 2026 444 2053 ascititiis
458 2026 538 2053 etiam
556 2027 605 2053 niti
620 2026 781 2053 testimoniis
793 2025 871 2059 licet,
883 2027 927 2054 ubi

136 2060 240 2087 Athone
258 2060 303 2087 illa
328 2069 408 2093 nova,
424 2061 457 2088 de
473 2069 525 2095 qua
541 2069 612 2088 nunc
640 2061 706 2092 dixi,
731 2061 826 2089 melius
847 2062 928 2089 collo-

136 2095 189 2130 cari
216 2100 308 2130 potest
333 2103 414 2130 quam
439 2096 466 2122 in
493 2096 624 2130 ejusmodi
645 2096 737 2123 schola
761 2096 927 2124 Turonensi?

137 2129 201 2165 Nam
217 2129 407 2165 Sangallensis
430 2129 575 2163 monachus
591 2131 631 2158 sic
647 2139 678 2159 ea
701 2131 734 2158 de
748 2138 777 2158 re
789 2132 802 2150 δ
819 2139 826 2158 ι
848 2141 857 2156 ‹
877 2132 928 2159 De-

136 2164 174 2190 dit
187 2164 393 2192 autem’Albino
408 2165 520 2193 Carolus
539 2174 585 2193 rex
605 2166 739 2193 abbatiam
753 2167 838 2193 sancti
854 2166 925 2193 Mar—

136 2199 184 2225 tini
196 2199 275 2233 juxta
291 2200 453 2227 Turonicam
474 2200 618 2232 civitatem,
635 2205 663 2228 ut
676 2201 783 2235 quando
804 2201 861 2235 ipse
879 2202 927 2228 ab-

134 2240 197 2275 sens
212 2239 297 2275 esset,
315 2235 370 2275 illic
390 2235 571 2275 requiescere,
597 2240 625 2262 et
648 2236 684 2275 ad
705 2243 733 2263 se
747 2235 925 2275 continentes

981 952 1048 979 pago
1063 946 1189 979 possedit,
1211 951 1241 973 ut
1263 947 1290 973 in
1303 947 1361 974 Vita
1383 947 1468 974 sancti
1485 947 1586 974 Aldriei
1607 947 1769 975 Senoncnsis

981 980 1173 1016 archiepiscopi
1196 980 1311 1016 legitur:
1328 989 1377 1008 nec
1391 989 1444 1008 non
1459 981 1553 1009 cellam
1569 983 1652 1009 sancti
1673 982 1767 1009 Judoci

980 1015 1013 1040 ad
1028 1015 1171 1048 hospitium
1186 1015 1333 1050 peregrinis
1352 1017 1532 1050 przestandum
1554 1016 1578 1043 ei
1597 1017 1768 1044 commenda-

981 1054 1045 1086 tam.
1057 1050 1107 1086 Est
1120 1050 1195 1086 enim
1205 1050 1237 1086 de
1249 1052 1298 1078 hac
1312 1051 1494 1078 testimonium
1510 1051 1576 1086 Lupi
1587 1051 1767 1079 Ferrariensis

980 1085 1100 1127 in'epist.
1118 1084 1146 1111 II
1164 1085 1197 1125 ad
1209 1085 1483 1127 Lotha’r‘iumnregem,
1497 1084 1557 1127 cum
1571 1087 1698 1127 eamdem
1711 1087 1767 1127 ipse

981 1119 1073 1145 cellam
1091 1119 1237 1156 accepisset
1255 1128 1270 1147 a
1291 1119 1379 1147 Caroli
1394 1119 1480 1156 Magni
1502 1120 1705 1156 ﬁlioiLudovico
1718 1119 1768 1148 im-

980 1158 1102 1190 peratore
1117 1164 1123 1190 ξ
1140 1153 1286 1187 «Ὀθιιδιη,
1307 1156 1412 1190 inquit,
1438 1153 1526 1183 sancti
1550 1155 1655 1188 Judoci,
1687 1163 1767 1190 quam

981 1188 1091 1222 Magnus
1106 1189 1222 1225 Carolus
1235 1188 1368 1224 quondam
1392 1191 1505 1218 Alcuino
1523 1191 1556 1218 ad
1571 1188 1767 1225 eleemosjnatn

981 1224 1157 1250 exhibendam
1175 1225 1324 1259 peregrinis
1337 1226 1518 1255 commiserat.
1534 1226 1619 1253 beatae
1632 1224 1768 1252 memor-he

981 1262 1056 1292 pater
1068 1263 1156 1286 vester
1169 1260 1245 1286 nobis
1258 1268 1289 1286 ea
1302 1261 1403 1287 ratione
1414 1260 1556 1292 concessit,
1571 1260 1640 1287 sicut
1653 1260 1767 1287 edictum

981 1293 1051 1319 illitis
1066 1298 1226 1327 attestatur;
1244 1298 1273 1321 ut
1288 1295 1359 1328 quod
1371 1295 1546 1329 eleemosyna:
1562 1299 1724 1329 superesset,
1741 1295 1768 1322 in

981 1333 1100 1355 nostrum
1121 1336 1198 1355 usum
1212 1329 1328 1356 cederet.
1348 1339 1357 1355 ι
1373 1329 1427 1356 Nec
1441 1330 1533 1356 dubito
1546 1330 1610 1363 quin
1632 1329 1698 1356 cella
1711 1330 1768 1356 luet:

981 1364 1014 1390 ab
1029 1363 1071 1389 illa
1088 1363 1222 1391 maritima
1244 1363 1338 1391 cellula
1358 1363 1472 1395 ditl'erat,
1496 1364 1539 1390 cui
1553 1364 1634 1390 etiam
1650 1364 1767 1398 legitima

981 1405 1009 1422 se
1033 1398 1202 1425 successione
1222 1398 1372 1425 deseruisse
1393 1399 1486 1426 scribit
1505 1398 1632 1426 Alcuinus
1653 1397 1687 1424 i.’
1699 1397 1767 1425 Nam

981 1432 1052 1458 illius
1070 1437 1199 1466 patronus
1216 1438 1325 1460 sanctus
1340 1433 1471 1465 Andreas,
1487 1433 1565 1466 hujus
1583 1440 1645 1460 vero
1658 1437 1767 1460 sanctus

980 1466 1105 1503 .Iudocns.
1123 1467 1167 1503 Illa
1182 1474 1294 1503 corpore
1311 1469 1397 1503 sancti
1413 1468 1527 1503 Wilgisi,
1549 1468 1606 1495 lucc
1623 1468 1709 1495 sancti
1722 1466 1769 1503 Ju-

981 1501 1039 1528 doei
1056 1501 1174 1534 reliquiis
1187 1499 1270 1537 clara.
1297 1499 1422 1537 Utricque
1446 1499 1532 1530 tainen
1554 1503 1708 1535 maritimae,
1723 1502 1767 1529 illa

982 1536 1006 1562 in
1022 1536 1220 1570 promontoriis,
1243 1545 1302 1571 qurc
1317 1536 1386 1564 mari
1407 1537 1523 1570 Oceano,
1538 1543 1565 1564 et
1588 1537 1699 1565 IIumbri
1720 1536 1768 1564 Ilu—

982 1572 1052 1607 mine
1066 1572 1224 1607 reinguntur,
1238 1573 1264 1598 in
1279 1572 1485 1600 Northumbria:
1503 1573 1559 1600 haec
1572 1573 1598 1600 in
1612 1572 1694 1607 Belgii
1709 1572 1768 1599 loco

982 1606 1127 1638 maritimo;
1144 1607 1237 1634 Wicus
1250 1607 1313 1634 olim
1327 1612 1488 1639 nuncupato,
1505 1608 1577 1634 vel~a
1591 1606 1700 1635 sinuoso
1713 1615 1768 1634 ma—

981 1640 1018 1676 ris
1030 1640 1163 1674 anfractu,
1180 1642 1224 1676 qui
1250 1641 1381 1670 Saxonice
1398 1640 1455 1669 Wic
1472 1642 1628 1676 appellatur,
1644 1647 1671 1669 ut
1690 1642 1768 1669 docet

980 1675 1135 1708 Rhenanus,
1148 1676 1190 1703 vel
1204 1684 1219 1703 a
1232 1677 1346 1705 statione
1358 1685 1461 1710 secura,
1481 1675 1525 1705 ubi
1540 1676 1767 1711 conjunctioribus

979 1711 1099 1738 aedificiis
1121 1711 1265 1744 habitatur,
1289 1713 1310 1739 si
1330 1712 1388 1739 Wic
1410 1712 1435 1739 id
1450 1713 1568 1743 denotat,
1584 1717 1613 1739 ut
1631 1712 1768 1740 contendit

978 1745 1113 1773 Adrianus
1127 1746 1235 1779 Junius;
1256 1748 1297 1774 vel
1319 1755 1335 1774 a
1359 1747 1479 1779 castello,
1499 1748 1521 1774 si
1548 1747 1604 1774 Wic
1629 1747 1767 1774 castellum

978 1784 1065 1812 sonat,
1078 1785 1107 1808 ut
1118 1781 1235 1808 Alfricus
1249 1788 1325 1809 vetus
1338 1787 1432 1809 auctor
1445 1782 1542 1809 asserit
1567 1791 1573 1807 :
1594 1789 1663 1809 nunc
1677 1786 1767 1808 autem

978 1815 1056 1850 vulgo
1072 1816 1376 1843 SItt'nt-Josse-sur-Mer.
1398 1816 1430 1842 Et
1444 1822 1516 1844 certe
1535 1817 1605 1850 quod
1628 1815 1703 1843 locus
1723 1816 1767 1843 ille

979 1851 1064 1886 sancti
1078 1850 1171 1878 Judaei
1192 1851 1293 1882 Wicus,
1309 1859 1355 1886 seu
1369 1850 1438 1877 Wici
1450 1851 1545 1885 plurali
1557 1858 1669 1878 numero
1683 1858 1767 1886 qucu-

978 1885 1039 1912 dam
1050 1885 1137 1912 dictus
1155 1886 1201 1921 sit,
1213 1890 1241 1912 et
1254 1886 1288 1921 ab
1304 1885 1415 1912 Alcuino
1428 1893 1533 1920 quoque
1556 1890 1646 1913 nostro
1658 1893 1764 1921 posses‘

978 1927 1024 1946 sus
1039 1924 1131 1953 aperte
1146 1920 1265 1946 declarat
1282 1920 1338 1954 ipse
1356 1921 1434 1954 epist.
1457 1921 1502 1953 Η,
1516 1921 1560 1948 ubi
1574 1921 1606 1948 de
1625 1920 1767 1948 solitudine

977 1961 1025 1981 sua
1041 1954 1080 1980 sic
1100 1954 1290 1990 conqueritur:
1310 1964 1320 1979 ι
1338 1955 1393 1990 Ego
1409 1962 1476 1989 pene
1486 1956 1561 1990 quasi
1580 1957 1690 1983 orbatus
1706 1956 1765 1983 ﬁliis

977 1996 1103 2016 remaneo
1115 1989 1196 2016 domi.
1210 1989 1329 2016 Damnata
1341 1989 1502 2021 Saxoniam,’
1510 1991 1640 2017 Homerus
1651 1991 1764 2022 Italiam,

977 2023 1114 2050 Candidus
1135 2023 1298 2051 Britanniam
1326 2024 1451 2056 recessit;
1479 2025 1608 2051 Martinus
1630 2026 1657 2051 in
1675 2025 1766 2052 Wieos

977 2058 1047 2092 apud
1060 2064 1182 2086 sanctum
1195 2058 1325 2086 Judocum
1340 2059 1462 2086 infirmus
1479 2059 1616 2086 remansit.
1634 2060 1697 2086 Item
1711 2060 1765 2092 epi-

977 2093 1045 2121 stola
1058 2093 1092 2120 96
1106 2094 1140 2120 ad
1152 2093 1277 2120 ('Zarolum
1291 2101 1381 2129 regem
1393 2103 1399 2120 :
1419 2103 1428 2119 ι
1448 2094 1601 2122 Revertenli
1617 2102 1658 2121 me
1671 2094 1703 2121 de
1713 2094 1766 2120 \Vi-

977 2136 1034 2159 cus,
1055 2132 1164 2164 propter
1179 2136 1273 2156 causas
1287 2129 1463 2162 necessarias,
1478 2137 1545 2164 quas
1560 2129 1657 2157 ibidem
1672 2129 1730 2156 habt
1746 2129 1765 2155 i—

977 2171 1037 2190 mus
1049 2164 1200 2198 disponere,
1217 2168 1392 2192 occurrerunt
1406 2166 1469 2192 mihi
1492 2164 1655 2192 excellentiae
1669 2168 1764 2190 vestra:

977 2198 1123 2226 dulcissimi
1137 2199 1236 2233 apices.
1254 2209 1263 2225 ι
1282 2200 1399 2233 Denique
1412 2200 1496 2226 sancti
1510 2199 1613 2225 Martini
1628 2199 1765 2225 Turonen-

976 2233 1014 2261 sis
1024 2234 1158 2261 abbatiam
1169 2234 1204 2261 ab
1224 2234 1317 2261 eodem
1331 2234 1427 2261 Carolo
1447 2241 1508 2268 rege
1521 2234 1608 2260 adhuc
1622 2233 1764 2268 regendam

134 2268 233 2296 docere
251 2269 373 2297 deberet.
392 2267 474 2304 Cuius
492 2270 519 2297 in
539 2274 644 2298 tantum
669 2271 789 2298 doctrina
813 2271 926 2298 fructiﬁ-
941 2268 965 2298 υ
977 2268 1085 2301 recepit,
1098 2276 1158 2304 eum
1169 2268 1310 2296 saeculares
1320 2267 1508 2304 occupationes
1515 2268 1624 2295 omnino
1632 2267 1765 2304 declinare

134 2304 217 2341 cavit,
234 2305 398 2341 utrmoderrni
412 2304 493 2341 Galli,
507 2306 562 2333 sive
576 2305 683 2337 Franci,
697 2306 814 2341 antiquis
828 2307 925 2333 Itoma-

134 2338 187 2371 nis,
200 2339 243 2365 vel
260 2339 471 2367 Atheniensibus
484 2346 664 2375 aequarentur.
686 2352 693 2366 ι

436 2396 548 2424 CAPUT
567 2397 624 2423 KV.

221 2429 324 2462 Quibus
338 2439 354 2457 a
367 2430 460 2457 Carolo
480 2432 609 2466 beneﬁciis
628 2433 776 2459 honestatus
792 2438 837 2458 est.

169 2474 281 2510 Verum,
305 2476 369 2510 quia
387 2476 413 2502 in
435 2476 595 2503 mentionem
616 2477 729 2503 abbatia:
751 2478 832 2503 sancti
860 2478 925 2505 Mar—

137 2509 354 2546 tiniincidimus,
373 2518 461 2544 operae
486 2511 601 2546 pretium
620 2516 660 2537 est
679 2520 746 2538 nunc
760 2513 923 2545 perscrutari

137 2544 236 2580 quibus
249 2552 297 2572 rex
317 2545 428 2572 Carolus
450 2544 586 2573 beneficiis
605 2546 675 2573 hunc
695 2544 850 2580 piteclarum
870 2556 925 2573 nia-

138 2578 252 2613 gistrum
264 2580 428 2611 honestavit,
443 2585 487 2607 aut
506 2589 572 2615 quas
587 2581 621 2607 illi
635 2578 789 2615 largitiones
803 2583 828 2608 in
845 2590 925 2615 regno

138 2621 190 2640 suo
200 2615 317 2642 comulit.
331 2615 411 2642 Multa
423 2623 539 2649 namque
553 2616 631 2650 regia:
643 2616 812 2649 benignitatis
825 2617 850 2642 in
864 2625 923 2643 Plllt]

174 2687 186 2701 ι
201 2681 291 2716 Polyd.
311 2682 412 2716 Vergil.
442 2682 501 2708 libr.
523 2690 538 2706 v
559 2681 625 2708 IIist.
652 2682 727 2717 Angl.
751 2688 775 2709 et
801 2681 925 2710 Nicolaus

138 2716 270 2752 Serarius,
285 2717 346 2743 libr.
365 2725 390 2743 tv
404 2717 503 2743 Rerum
519 2717 757 2752 Moguntiat‘arum.

173 2751 287 2794 E‘Evist-
302 2752 347 2794 βεί-
513 2786 541 2794 .-

172 2791 183 2839 3
472 2786 703 2848 lini-Richard.

175 2861 182 2870 ’
201 2854 284 2888 Epist.
304 2856 363 2882 102.

176 2890 183 2907 ί
204 2890 284 2922 Ιίρὶδι.
307 2891 364 2917 too.

976 2304 1116 2337 cogitaret.
1133 2303 1188 2330 lloc
1202 2304 1272 2330 enim
1288 2304 1358 2331 idem
1374 2302 1430 2338 ipse
1441 2303 1474 2331 de
1483 2311 1512 2331 se
1525 2307 1640 2338 testatur
1652 2302 1763 2337 epistola

977 2338 1027 2364 I29
1040 2338 1073 2364 ad
1085 2339 1208 2364 eumdem
1230 2345 1331 2372 regem,
1356 2346 1417 2366 cum
1444 2338 1498 2365 ait:
1518 2347 1527 2364 (
1543 2337 1611 2364 Nam
1629 2337 1685 2365 fere
1702 2342 1764 2365 ante

977 2373 1027 2399 hoc
1047 2373 1258 2407 quinquennium
1281 2374 1422 2401 smculares
1448 2373 1653 2407 occupationes,
1678 2372 1762 2400 Deum

977 2413 1068 2439 testor,
1083 2416 1135 2435 non
1151 2408 1212 2435 ficto
1225 2409 1304 2435 corde
1318 2409 1452 2436 declinare
1464 2408 1587 2442 cogitavi.
1603 2407 1655 2435 Sed
1668 2411 1764 2434 vestra:

975 2443 1025 2476 pi.e
1040 2443 1213 2476 providentia:
1228 2443 1339 2470 consilio
1354 2443 1499 2470 translatus
1512 2450 1571 2470 sum
1583 2443 1609 2469 in
1624 2442 1763 2469 servitiqu

976 2478 1060 2504 sancti
1084 2477 1200 2510 Martini,
1225 2477 1285 2504 ﬁdei
1303 2478 1442 2505 catholica:
1454 2482 1482 2505 et
1501 2476 1686 2505 ecclesiastica:
1702 2484 1763 2503 san-

976 2512 1068 2551 ctioni,
1085 2514 1200 2551 donante
1212 2512 1436 2551 Deo-proficuum:
1462 2523 1470 2538 ι
1489 2512 1558 2540 Ante
1579 2519 1657 2551 quam
1673 2515 1763 2551 tamen

977 2547 1188 2579 translationem,
1201 2545 1291 2575 nescio
1305 2556 1337 2575 an
1349 2548 1479 2582 apudrhoc
1494 2545 1761 2582 itionastei-iuii}_acci;

976 2581 1053 2612 derit,
1071 2583 1140 2615 quod
1155 2581 1211 2609 Odo
1225 2580 1407 2610 Cluniacensis
1421 2581 1445 2614 i,
1461 2581 1623 2609 Helinandus
1635 2581 1658 2613 ιι,
1675 2580 1761 2615 Magni

976 2615 1100 2642 Chronici
1114 2617 1212 2651 Bclgici
1234 2617 1350 2651 scriptor
1365 2616 1384 2650 ι,
1401 2621 1428 2645 et
1447 2617 1490 2643 alii
1509 2616 1617 2651 plurimi
1639 2619 1762 2644 narrant.

1013 2684 1024 2701 ε
1039 2682 1122 2716 Epist.
1140 2682 1199 2710 I75.

1011 2717 1022 2736 h
1041 2717 1113 2743 Libr.
1128 2725 1137 2743 1
1153 2717 1186 2744 de
1199 2717 1273 2744 Gest.
1286 2717 1375 2745 Caroli
1393 2717 1488 2745 Magni.

1015 2752 1020 2770 i
1039 2751 1152 2786 Prologo
1168 2752 1194 2778 in
1209 2752 1295 2778 Vitam
1309 2752 1393 2779 sancti
1409 2751 1573 2780 Willibrordi

990 2821 994 2825 ι
1013 2785 1023 2825 ἱ.
1038 2785 1065 2812 In
1083 2785 1208 2813 Tractatu
1225 2787 1258 2814 de
1271 2787 1444 2814 translatione
1457 2789 1577 2822 corporis
1590 2788 1675 2815 sancti
1690 2787 1760 2815 Mar-

977 2827 1035 2847 IIIlI.

1013 2856 1023 2891 ιξ
1040 2856 1114 2889 Apud
1132 2856 1299 2884 Vincentium
1315 2857 1400 2885 Belae.
1419 2858 1479 2885 libr.
1497 2866 1571 2887 χκιιι,
1589 2866 1645 2891 mp.
1667 2856 1724 2883 175.

1018 2890 1022 2908 ¹
1042 2891 1079 2916 Ad
1097 2899 1195 2918 annum
1211 2892 1270 2918 770.
