4070 6196
320 355 417 409 lii

1784 347 2165 405 Εριςτοιλε.

3496 350 3602 408 “2

387 460 537 517 Satis
565 459 718 514 suavi
749 457 1264 512 commemoratione
1292 465 1532 511 vestram
1560 457 1764 523 recolo,
1798 476 1922 515 san—
1949 465 1997 521 Α
2025 458 2272 523 obsecro,
2305 457 2573 526 quomodo
2601 458 2880 526 habeatis,
2908 467 2962 516 et
2995 462 3125 529 quid
3166 463 3289 517 novi
3330 463 3470 532 apud
3510 479 3609 521 vos
3696 470 3699 471 ⁷

311 549 564 607 ctissime
577 547 761 610 Pater,
780 546 1150 613 dilectionem,
1172 555 1228 601 et
1244 546 1689 614 familiaritatem,
1705 558 1918 619 optans,

316 654 386 697 nt
410 639 741 712 quandoque
771 640 987 693 eveniat
1014 638 1145 694 mihi
1171 647 1385 708 tempus
1409 640 1657 705 amabile,
1685 657 1793 711 quo
1815 643 1926 699 eol-

315 734 436 790 lum
464 730 751 787 charitatis
775 739 971 786 vestra:
994 730 1390 787 desideriorum
1414 746 1658 788 meorum
1684 735 1924 805 digitulis

319 823 646 894 amplecter.
677 820 723 877 Ο
754 821 802 877 si
827 820 962 875 mihi
991 820 1279 876 translatio
1300 821 1552 877 Habacuc
1574 833 1720 880 esset
1745 827 1924 881 subito

321 929 590 971 concessa
611 953 627 978 ,
651 927 815 982 quam
843 910 1025 965 citatis
1046 910 1295 983 manibus
1321 926 1533 966 ruerem
1563 913 1616 966 in
1645 915 1924 983 amplexus

316 973 686 1077 paternitatis
704 1010 931 1066 vestrae,
962 1009 1017 1057 et
1043 973 1208 1071 dum
1238 1004 1563 1071 compressis
1590 973 1758 1060 labris
1787 1005 1919 1077 [Al.,

319 1093 504 1166 labiis]
531 1108 641 1148 non
669 1092 843 1148 solum
871 1091 1076 1155 oculos,
1106 1106 1267 1147 aures
1293 1100 1349 1147 et
1376 1107 1460 1156 os,
1492 1094 1587 1147 sed
1614 1094 1779 1149 etiam
1813 1113 1925 1150 ma-

319 1201 492 1241 nuum
534 1184 621 1238 vel
659 1184 858 1255 pedum
901 1182 1142 1252 singulos
1185 1183 1479 1253 digitorum
1518 1185 1778 1242 articulos
1816 1202 1922 1243 non

319 1276 526 1340 semel,
559 1275 653 1330 sed
692 1273 970 1329 multoties
1008 1271 1305 1327 oscularer.
1339 1273 1536 1328 Verum
1577 1275 1703 1344 quia
1742 1278 1923 1333 meriti

323 1369 434 1424 mei
466 1383 577 1423 non
604 1373 689 1422 est
716 1366 791 1420 ita
821 1364 1009 1420 venire
1039 1364 1108 1418 ad
1150 1371 1235 1429 te,
1266 1364 1479 1419 mittam
1521 1366 1718 1435 saepius
1756 1368 1924 1422 rusti-

322 1460 514 1515 citatis
537 1471 671 1512 mcte
694 1456 907 1510 litteras
930 1453 999 1508 ad
1027 1462 1078 1508 te
1095 1494 1109 1519 ,
1138 1461 1198 1507 ut
1221 1454 1339 1509 vice
1363 1456 1655 1509 verborum
1678 1471 1922 1511 meorum

326 1552 624 1621 loquantur
651 1564 751 1619 pro
782 1564 871 1603 me
894 1588 909 1613 ,
940 1554 996 1601 et
1023 1546 1207 1601 dicant
1231 1564 1246 1599 ε

327 1684 560 1753 Semper
589 1682 644 1736 in
676 1691 937 1735 aeternum
956 1720 970 1743 ,
1002 1677 1199 1747 pracsul
1229 1679 1601 1743 sanctissime,
1635 1679 1814 1742 salve,

2023 549 2309 604 accidisset
2350 548 2468 602 istis
2507 549 2715 604 diebus.
2766 551 3187 617 Commendate,
3232 553 3312 608 vel
3353 555 3602 619 scribite,

2022 640 2300 708 deprecor,
2345 654 2543 695 nomen
2582 655 2760 694 meum
2802 656 2900 711 per
2940 645 3266 698 monasteria
3307 652 3364 700 et
3402 645 3609 701 amicus

2024 729 2293 809 vestros.]
2324 729 2436 785 Pax
2467 730 2619 786 vobis
2652 738 2705 784 et
2733 730 2880 785 salus
2910 732 2965 785 in
2994 733 3190 789 saecula
3217 743 3499 804 perpetua.

2504 843 2564 913 θ
2598 854 2620 882 ο
2663 842 2998 899 EPISTOLA
3031 845 3114 899 tu.

2331 970 2395 1006 AD
2429 968 2634 1008 οοιοωι
2677 968 2958 1008 ιεετοιιειι
2999 970 3052 1008 IN
3089 970 3294 1011 SCOTIA.

2544 1058 2547 1061 δ
2617 1046 2817 1120 (Anno
2843 1049 2966 1104 790.
2994 1049 3011 1120 )

2038 1137 2194 1192 Varia
2213 1148 2423 1193 enarrat
2448 1155 2566 1209 qum
2592 1140 2649 1194 in
2675 1141 2863 1195 itinere
2888 1157 2984 1194 suo
3013 1140 3088 1195 vel
3116 1140 3263 1207 vidit,
3287 1141 3366 1196 vel
3385 1143 3607 1199 audivit.

2088 1249 2379 1305 Benedicto
2423 1249 2685 1319 magistro
2726 1259 2779 1305 et
2809 1249 2835 1289 ἀ
2867 1251 2958 1319 pio
2997 1249 3147 1306 Patri
3186 1250 3351 1308 Colcu
3387 1251 3614 1311 Alcuine

2027 1340 2245 1396 humilis
2273 1340 2435 1395 levita
2468 1341 2718 1395 salutem.
2962 1332 2967 1335 “

2090 1431 2286 1486 Audita
2310 1432 2540 1485 sanitate
2563 1439 2617 1486 et
2641 1433 3001 1502 prosperitate
3025 1434 3368 1502 paternitatis
3391 1438 3608 1500 veStrm.

2026 1530 2191 1587 totus,
2240 1530 2300 1575 ut
2342 1520 2539 1583 fateor,
2582 1522 2803 1591 gavisus
2849 1538 2968 1578 sum
3007 1523 3327 1580 visceribus.
3373 1526 3441 1581 Et
3480 1527 3606 1599 quia

2027 1612 2302 1668 curiosum
2353 1620 2404 1666 te
2454 1613 2625 1667 nostri
2652 1612 2863 1668 itineris
2914 1615 3134 1683 putavi,
3187 1616 3271 1670 vel
3321 1631 3505 1671 rerum
3558 1618 3611 1672 in

2027 1704 2227 1758 mundo
2269 1719 2440 1772 nuper
2478 1711 2789 1771 gestarum,
2835 1719 2932 1773 per
2974 1705 3074 1759 hos
3115 1706 3435 1762 rusticitatis
3474 1722 3610 1763 mea:

329 1775 509 1841 Atque
541 1771 619 1824 ῑιιί
646 1770 829 1824 cum“
860 1768 1108 1830 valeam»
1142 1781 1301 1837 νοεον
1335 1782 1548 1836 semper
1578 1768 1738 1823 amid
1769 1767 1920 1863 [εάςν
1957 1803 2001 1862 Β
2028 1793 2207 1863 apices
2238 1767 2719 1861 tum-providentia:
2758 1793 3097 1847 innotescere
3126 1796 3344 1859 curavi,
3377 1811 3473 1850 seu
3513 1810 3613 1850 au-

1706 1858 1923 1930 amice].

410 1972 648 2029 Obsecro
673 1974 867 2028 iterum
889 2012 903 2036 ,
938 1972 1242 2042 iterumque
1267 1971 1551 2036 admoneo,
1581 1980 1641 2025 ut
1667 1979 1721 2027 te
1749 1972 1927 2041 ipsum

335 2064 680 2128 consideres,
714 2072 769 2117 et
797 2076 903 2132 quo
947 2062 1136 2118 tendas
1177 2077 1470 2134 agnoscas,
1499 2070 1553 2117 ct
1590 2063 1721 2132 quid
1761 2062 1929 2119 facias

335 2152 669 2224 praevideas,
702 2160 757 2207 et
785 2166 968 2206 coram
997 2166 1158 2221 quam
1189 2152 1416 2208 terribili
1443 2150 1632 2207 Judice
1664 2153 1928 2207 rationem

341 2242 654 2298 redditurus
682 2242 790 2307 sis,
818 2257 925 2297 non
955 2241 1128 2296 solum
1154 2241 1221 2296 de
1253 2250 1336 2306 te,
1383 2242 1476 2297 sed
1511 2242 1675 2297 etiam
1715 2242 1781 2297 de
1820 2244 1930 2301 siu-

339 2333 482 2405 gulis
528 2333 813 2387 animabus
856 2345 974 2401 qua:
1016 2340 1109 2386 tuo
1153 2332 1456 2386 commissa:
1491 2339 1617 2386 sunt
1658 2332 1927 2402 regimini.

343 2423 558 2479 Idcirco
577 2438 682 2478 non
703 2423 941 2494 segniter
966 2422 1167 2487 labora,
1187 2424 1419 2494 praedica
1441 2432 1762 2494 opportune,
1778 2426 1933 2494 inop-

341 2522 578 2587 portune
604 2513 739 2587 [Al.,
767 2512 1128 2586 importune],
1160 2506 1213 2568 id
1238 2521 1342 2578 est,
1378 2512 1579 2569 volenti
1611 2521 1665 2568 et
1691 2514 1927 2578 nolenti,

343 2620 539 2677 argue,
570 2606 797 2660 obsecra
815 2645 829 2667 ,
861 2605 1074 2673 increpa
1097 2645 1112 2669 ,
1140 2612 1200 2658 ut
1239 2606 1501 2659 mercaris
1543 2605 1731 2660 audire
1760 2622 1791 2659 a
1819 2607 1929 2660 Do-

348 2696 494 2749 mino
523 2694 635 2748 Deo
666 2703 759 2748 tuo
786 2712 798 2747 :
831 2693 1007 2764 Euge,
1044 2711 1185 2749 serve
1216 2694 1346 2749 bone
1389 2704 1437 2749 et
1479 2694 1684 2764 ﬁdeiis,
1728 2698 1852 2767 quia
1876 2699 1932 2751 in

344 2804 517 2856 pauca
542 2786 690 2856 fuisti
732 2786 929 2855 ﬁdelis,
958 2802 1112 2857 super
1140 2785 1304 2839 multa
1329 2795 1379 2840 te
1404 2788 1750 2852 constituam,
1793 2789 1933 2842 intra

345 2878 403 2929 in
449 2876 700 2946 gaudium
740 2876 941 2930 domini
980 2878 1055 2931 tui
1084 2876 1102 2947 (
1129 2876 1321 2931 Matth.
1352 2893 1478 2941 xxv,
1503 2877 1565 2930 21
1592 2877 1634 2949 ).
1668 2877 1891 2953 [Saluta
1915 2920 1929 2945 ,

347 2964 597 3031 obsecro,
631 2966 948 3022 Lmdredum
977 2979 1001 3007 α
1042 2968 1352 3023 consocium
1385 2976 1440 3022 et
1468 2970 1703 3025 amicum
1727 2985 1930 3025 meum.

349 3054 613 3127 Sequenti
638 3072 783 3112 anno
805 3065 1013 3112 eertum
1036 3055 1158 3112 eum
1186 3056 1380 3114 faciam
1401 3099 1417 3123 ,
1440 3059 1485 3114 si
1508 3059 1597 3115 ille
1620 3069 1804 3115 certus
1832 3062 1938 3116 erit

2029 1883 2138 1939 dita
2159 1922 2173 1945 ,
2203 1897 2295 1937 seu
2324 1883 2459 1935 visa.

2098 1973 2280 2027 Primo
2307 1972 2443 2026 sciat
2470 1970 2685 2025 dilectio
2713 1980 2802 2025 tua
2820 2012 2834 2034 ,
2868 1972 3009 2039 quod
3036 1972 3325 2028 miserante
3350 1974 3460 2030 Deo
3489 1989 3614 2030 san-

2029 2072 2116 2118 cta
2144 2061 2259 2129 ejus
2283 2061 2525 2117 Ecclesia
2550 2062 2604 2114 in
2631 2062 2877 2130 partibus
2918 2061 3147 2131 Europa:
3183 2076 3375 2132 pacem
3414 2064 3614 2132 habet,

2028 2153 2243 2223 prolicit
2266 2167 2330 2207 ac
2359 2151 2575 2207 crescit.
2618 2151 2752 2205 Nam
2785 2161 2808 2190 θ
2840 2152 3047 2222 antiqui
3074 2151 3318 2208 Saxones
3342 2161 3397 2207 et
3425 2167 3616 2209 omnes

2032 2242 2314 2299 l-‘risonum
2341 2241 2520 2313 populi
2544 2283 2559 2307 ,
2593 2242 2828 2297 instante
2856 2256 2979 2313 rege
3003 2241 3198 2297 Carolo
3220 2242 3354 2298 alios
3377 2243 3616 2313 praemiis

2029 2342 2085 2388 et
2115 2334 2249 2388 alios
2279 2333 2439 2387 minis
2468 2331 2819 2396 sollicitante,
2854 2332 2922 2386 ad
2952 2331 3111 2387 ﬁdem
3140 2331 3344 2388 Christi
3369 2334 3616 2390 conversi

2030 2432 2174 2479 sunt.
2207 2422 2316 2478 Sed
2348 2421 2368 2461 τ
2399 2437 2541 2477 anno
2583 2429 2854 2477 transacto
2895 2421 3036 2476 idem
3080 2437 3176 2477 rex
3216 2437 3338 2478 cum
3378 2423 3620 2479 exercitu

2032 2514 2226 2583 irrupit
2257 2527 2420 2582 super
2461 2510 2684 2565 Sclavos
2704 2551 2718 2574 ,
2748 2525 2886 2578 quos
2917 2526 3016 2565 nos
3041 2512 3318 2567 Vionudos
3355 2512 3617 2577 dicimus,

2032 2619 2233 2674 eosque
2260 2602 2471 2671 subegit
2496 2617 2608 2656 sua:
2635 2601 2845 2656 ditioni.
2881 2603 2904 2640 ε
2930 2599 3102 2656 Grzcci
3132 2618 3261 2657 vero
3290 2604 3450 2660 tertio
3477 2620 3623 2661 anno

2032 2710 2156 2750 cum
2184 2695 2359 2749 classe
2385 2701 2651 2748 venerunt
2678 2692 2732 2746 in
2761 2691 2999 2757 Italiam,
3044 2700 3097 2746 et
3135 2708 3165 2747 a
3207 2693 3434 2750 ducibus
3473 2697 3620 2767 regis

2032 2784 2238 2854 praal‘ati
2270 2783 2397 2837 victi
2440 2782 2694 2854 fugerunt
2732 2782 2798 2837 ad
2839 2797 3038 2839 naves:
3075 2792 3308 2854 quatuor
3338 2785 3517 2841 millia
3546 2803 3615 2844 ex

2035 2873 2149 2928 illis»
2182 2872 2379 2939 occisi,
2428 2880 2482 2926 et
2527 2871 2671 2928 mille
2714 2872 2911 2942 captivi
2956 2871 3221 2928 feruntur.
3267 2873 3535 2930 Similiter
3558 2885 3616 2931 et

2034 2964 2060 3004 ιι
2092 2964 2287 3026 Avari,
2333 2977 2471 3032 quos
2513 2977 2613 3018 nos
2658 2963 2844 3018 Hunos
2886 2963 3149 3029 dicimus,
3196 2975 3517 3021 exarserunt
3561 2966 3618 3022 in

2036 3054 2238 3123 Italiam
2259 3094 2274 3119 ,
2302 3061 2357 3109 et
2377 3068 2408 3108 a
2435 3052 2759 3109 Christianis
2787 3054 3027 3123 superati
3055 3052 3383 3127 [Malmesb.,
3413 3073 3446 3111 a
3469 3057 3616 3114 duci-

348 3147 483 3222 quid
507 3146 667 3211 velit,
690 3145 778 3203 vel
806 3147 932 3217 quid
956 3147 1145 3219 possit.
1172 3147 1199 3187 b
1225 3146 1445 3205 Novitas
1471 3150 1620 3219 regni
1649 3151 1821 3205 nostri
1848 3165 1935 3205 me
1960 3136 2008 3200 Ο
2039 3148 2140 3202 bus
2167 3143 2375 3214 praefati
2406 3144 2550 3215 regis
2573 3144 3044 3218 Christianissimi]
3067 3187 3082 3209 ,
3116 3146 3336 3202 domum
3376 3162 3500 3202 cum
3526 3162 3622 3219 op-

349 3237 549 3292 retinet
571 3237 747 3292 adhuc
772 3236 826 3290 in
854 3236 958 3292 isto
985 3251 1162 3302 anno;
1192 3235 1339 3291 salus
1366 3252 1464 3293 vos
1503 3239 1734 3295 retineat
1760 3240 1814 3295 in
1845 3255 1933 3296 re-

346 3342 460 3397 gno
487 3326 753 3399 mterno.]
783 3327 1107 3384 Mementote
1144 3328 1199 3383 in
1240 3330 1577 3386 orationibus
1614 3332 1811 3388 vestris
1838 3348 1936 3387 no-

351 3417 460 3471 stri
516 3417 775 3479 nominis,
823 3419 1067 3474 obsecro.
1121 3419 1327 3475 Memor
1370 3420 1455 3475 sit.
1485 3423 1650 3476 vestri
1694 3425 1939 3495 omnipo-

352 3514 483 3560 tens
509 3504 651 3560 Deus
694 3506 745 3560 in
783 3516 982 3563 aeterna
1022 3509 1413 3565 misericordia.
1450 3509 1724 3583 [Scribite
1766 3516 1933 3582 mihi,

348 3646 407 3695 ct
452 3638 508 3692 in
556 3637 1216 3711 Sanct-Emmeramiano,
1265 3656 1372 3711 quo
1422 3641 1763 3699 Mabillonins
1808 3660 1938 3700 usus

350 3715 475 3773 est;
522 3723 633 3778 cur,
664 3724 792 3763 vero
838 3710 982 3764 illam
1028 3712 1350 3778 prmterierit
1388 3713 1475 3766 vir
1516 3712 1932 3778 celeberrimus,

350 3779 560 3848 ignoro.
593 3777 756 3833 Uncis
779 3779 983 3834 inclusa
1009 3777 1255 3835 dedimus
1277 3795 1343 3835 ex
1364 3783 1484 3836 eod.
1516 3781 1711 3838 Salisb.
1739 3785 1937 3840 omissa

354 3847 411 3902 in
452 3854 659 3902 nostro.
1385 3875 1389 3880 ι

428 3928 453 3956 ο
489 3916 826 3994 _Ltedr£dum.
858 3918 1370 3994 Laidradurnputo,
1398 3929 1585 3990 postea
1621 3923 1934 3994 episcopum

353 3985 813 4066 Lugdunensem,
861 4003 1092 4066 quocum
1139 3985 1415 4066 Aletrinas
1451 3985 1673 4066 arctam
1726 3985 1939 4066 semper

355 4055 648 4110 amicitiam
675 4056 860 4111 coluit.
880 4055 939 4113 Is
965 4057 1018 4111 in
1047 4055 1242 4113 Norico
1267 4069 1425 4114 natus
1450 4061 1590 4114 inter
1610 4055 1938 4120 domesticos

354 4123 987 4198 ArnonisAiuerjtutunc
1037 4128 1296 4198 temporis
1327 4169 1343 4193 ,
1401 4131 1617 4198 quando
1679 4130 1938 4188 Alcuinus

354 4193 553 4275 prima.
575 4194 694 4275 vice
732 4194 961 4275 Galliam
1004 4193 1252 4275 accessit.

432 4262 461 4303 δ
500 4262 721 4342 Novitas
758 4266 904 4336 regni
944 4267 1125 4342 nostri.
1166 4266 1226 4342 _ln
1264 4266 1368 4322 alia
1407 4270 1640 4342 quadam
1678 4271 1935 4342 epistola,

357 4346 524 4402 quam
551 4333 832 4408 integram
873 4336 1104 4408 necdum
1149 4337 1397 4408 detegere
1425 4333 1746 4407 'potuimus',
1796 4333 1936 4395 refe-1

358 4400 825 4490 fente‘iialmes‘b.
1006 4421 1025 4460 ι
1060 4403 1137 4490 Ile
1173 4400 1311 4477 gesi.
1341 4400 1937 4490 .reg'..Angl.,lscripsit

2035 3236 2257 3306 probrio
2298 3236 2498 3291 reversi
2529 3244 2694 3289 sunt:
2727 3233 2837 3290 Nec
2865 3250 2972 3290 non
3012 3244 3066 3290 et
3108 3251 3269 3307 super
3303 3236 3625 3309 Baugariani

2038 3327 2315 3380 irruerunt
2336 3367 2350 3391 ,
2380 3326 2470 3395 qui
2503 3333 2556 3380 et
2586 3324 2685 3394 ipsi
2726 3316 2794 3380 ab
2832 3326 3075 3380 exercitu
3119 3324 3429 3381 Christiano
3467 3342 3628 3399 supe-

2040 3418 2143 3471 rati
2173 3425 2226 3472 et
2253 3416 2480 3488 dispersi
2521 3426 2663 3472 sunt.
2710 3417 2884 3473 Etiam
2924 3426 2980 3473 et
3001 3417 3239 3487 ejusdem
3274 3417 3626 3476 Christianis-

2038 3509 2157 3562 simi
2193 3509 2334 3577 regis
2359 3507 2523 3563 duces
2547 3518 2600 3563 et
2626 3508 2824 3562 tribuni
2857 3508 3082 3562 multam
3108 3519 3318 3578 partem
3350 3510 3622 3581 Hispania:

2038 3643 2225 3699 eodem
2249 3643 2486 3712 Usserio,
2512 3642 2687 3712 adhuc
2709 3640 2909 3695 inedita
2934 3640 3065 3697 latet
3092 3642 3147 3697 in
3168 3642 3444 3712 praedictis
3465 3644 3622 3700 codd.

2039 3712 2393 3784 Cottonianis.
2422 3711 2499 3784 lbi
2527 3729 2546 3784 _:
2585 3729 2602 3759 ι
2642 3710 2816 3784 Sanus
2839 3719 2924 3784 est
2959 3710 3217 3784 magister
3255 3723 3437 3770 vester
3460 3712 3627 3771 Colcu

2038 3791 2095 3836 et
2131 3782 2243 3835 sani
2276 3781 2434 3834 amici
2458 3780 2564 3849 tui,
2593 3781 2686 3849 qui
2722 3781 2860 3849 apud
2889 3797 2989 3837 nos
3021 3780 3165 3838 sunt.
3200 3803 3219 3836 ι

2114 3864 2137 3891 ε
2178 3848 2766 3925 A_ntiqt_t_i__§a.rones....
2811 3854 3042 3925 conuersi
3075 3862 3237 3925 sunt,
3264 3854 3389 3909 dum
3435 3867 3628 3925 nempe

2040 3936 2183 3974 anno
2205 3918 2321 3974 785'
2339 3918 2713 3974 Widichindus
2734 3926 2789 3973 et
2808 3919 2964 3974 Albio
2988 3922 3041 3974 in
3063 3922 3186 3975 villa
3205 3918 3484 3978 Attiniaco
3507 3918 3626 3978 etim

2038 3990 2277 4059 omnibus
2322 3989 2431 4059 fere
2473 3987 2658 4059 incolis
2706 3988 2957 4059 Saxonica
2996 3990 3252 4057 baptizati
3282 4000 3425 4054 sunt,
3456 4000 3510 4046 et
3549 3994 3629 4047 sic

2041 4067 2152 4131 tota
2181 4057 2417 4131 Saxo'nia
2452 4058 2732 4131 subjugata
2762 4065 2860 4131 est
2874 4057 3130 4131 Francis;
3166 4058 3631 4131 utioquitiruan-

2041 4129 2235 4184 nalista
2275 4126 2633 4199 Metensis,'ei
2668 4130 2781 4199 ipse
2808 4126 3047 4199 Carolus
3081 4129 3136 4184 in
3174 4126 3347 4198 epist.‘
3361 4129 3427 4185 ad
3455 4128 3627 4186 Oﬂ‘am

2044 4214 2222 4272 regem
2243 4196 2815 4272 _Merciorum,_tp_‘m._l
2841 4196 3088 4272 (Ἀρηιμᾷ
3103 4196 3306 4255 Baluzii
3326 4240 3340 4265 ,
3370 4213 3491 4272 pag.
3524 4199 3628 4258 194

2042 4267 2387 4340 (Patrologiaz
2413 4275 2558 4322 torno
2580 4267 2810 4340 XCVIII,
2837 4267 3120 4340 001.307).

2117 4336 2135 4375 ί
2167 4336 2319 4393 Anno
2339 4347 2603 4392 transacto
2628 4336 2910 4393 Sclavos...
2950 4336 3238 4402 Vionudos,
3267 4347 3374 4396 etc.
3407 4338 3523 4395 Hoc
3547 4338 3628 4396 fa-

2042 4415 2188 4463 ctum
2212 4421 2353 4462 anno
2371 4407 2493 4478 _7_89_
2505 4406 2753 4478 rel'ertut;
2758 4407 2812 4462 in
2834 4405 3026 4478 fragm.
3058 4407 3252 4463 Annal.
3287 4410 3417 4466 edit.
3461 4408 3628 4467 Ches-

356 4470 649 4529 Alcuinus:
682 4491 700 4524 c
728 4472 1039 4529 Benedictus
1064 4470 1226 4557 Deu's,
1263 4477 1353 4542 qui
1389 4470 1518 4600 {ﬁcit
1554 4470 1938 4535 mirabilia'so-
1969 4499 2016 4557 υ
2042 4478 2139 4541 nii,
2188 4486 2319 4532 tom.
2370 4476 2414 4530 ll
2462 4475 2660 4558 Script.
2714 4470 2949 4558 Fratre;
2965 4492 3089 4600 pag.
3131 4478 3229 4560 21ζ
3269 4478 3354 4535 bis
3399 4479 3622 4535 verbis:

357 4540 464 4595 ius.
499 4539 681 4600 Nuper
714 4541 1037 4600 Athelredus
1072 4544 1216 4600 ﬁlms
1249 4545 1389 4600 Athe
1413 4546 1572 4600 woldi
1610 4548 1679 4600 de
1716 4565 1938 4600 carcere
2047 4565 2065 4597 ι
2094 4546 2252 4600 Anno
2277 4544 2380 4600 789
2400 4544 2504 4600 fuit
2529 4561 2623 4600 rex
2646 4544 2874 4600 Carolus
2899 4562 2953 4600 In
2981 4545 3052 4600 Sc
3074 4563 3265 4600 avoma
3288 4556 3344 4600 et
3365 4560 3622 4600 venenmt

357 4540 464 4595 ius.
499 4539 681 4624 Nuper
714 4541 1040 4624 Athelredus
1072 4539 1220 4624 ﬁlius
1249 4539 1572 4624 Athelwoldi
1610 4548 1679 4624 de
1716 4565 1938 4606 carcere

758 4612 950 4699 solium
990 4620 1051 4699 et
1089 4614 1162 4699 de
1202 4616 1420 4672 miseria
1462 4617 1519 4673 in
1557 4617 1933 4699 majestatem;

353 4681 515 4750 cujus
541 4683 688 4752 regni
714 4684 937 4737 novitate
969 4683 1162 4738 detenti
1187 4700 1399 4745 sumus.
1444 4702 1509 4741 ne
1544 4681 1831 4743 veniremus
1867 4681 1937 4744 ad

353 4765 467 4805 nos.
498 4768 520 4802 θ
546 4750 675 4805 Haec
701 4752 910 4805 novitas
932 4752 1156 4805 contigit
1191 4768 1332 4805 anno
1371 4754 1506 4805 790.
1545 4763 1606 4805 ut
1643 4757 1806 4805 habet.
1848 4758 1936 4805 Si-

353 4765 467 4805 nos.
498 4768 520 4802 ι
546 4754 675 4807 Haec
701 4754 910 4807 novitas
932 4754 1156 4822 contigit
1191 4768 1332 4809 anno
1371 4754 1506 4822 790,
1545 4763 1606 4810 ut
1643 4757 1806 4813 habet
1848 4758 1936 4813 Si-

354 4833 517 4905 meon
561 4819 947 4905 Dunel‘mensis
979 4827 1035 4905 et
1078 4821 1167 4878 alii
1210 4822 1506 4905 Anglorum
1537 4824 1937 4905 .histo.rici._De

353 4890 547 4945 eadem
593 4891 839 4965 novitate
884 4890 1169 4965 Alcninum
1217 4890 1325 4965 hoc
1368 4898 1485 4949 loco
1522 4895 1936 4965 intelligendum

353 4973 478 5033 esse
523 4959 811 5024 existimo;
853 4969 905 5015 ct
940 4964 1128 5033 eodem
1167 4962 1251 5017 vel
1292 4964 1533 5033 sequenti
1577 4959 1732 5020 anno
1759 4967 1939 5022 datam

357 5028 527 5102 fuisse
551 5032 1179 5102 praesenternepistolam
1197 5071 1212 5096 ,
1241 5028 1663 5089 cum'Alcuinus
1703 5037 1940 5091 nondum

354 5115 425 5152 ex
468 5098 659 5169 Anglia
702 5100 756 5154 in
799 5098 1027 5156 Galliam
1070 5101 1335 5158 rediisset.

437 5177 469 5249 ο.
498 5167 651 5249 lianc
687 5170 1001 5249 epistolam,
1028 5170 1179 5249 cujus
1204 5170 1764 5249 fragm_en_tum_cxst_at
1801 5175 1940 5249 apud

362 5233 673 5323 yalmesh,
696 5233 792 5323 lib:
820 5255 836 5293 ι
862 5233 996 5323 βεεζ
1021 5233 1176 5323 An'gl.
1199 5233 1324 5323 cap".
1351 5241 1403 5323 fl,
1431 5239 1674 5323 lacubus.
1695 5233 1943 5323 lissei'ius

360 5310 631 5376 integram
655 5322 723 5363 ex
761 5310 970 5365 duobus
1009 5310 1396 5379 antiquissimis
1420 5312 1575 5369 codd.
1604 5313 1942 5369 bibliothecae

358 5371 700 5432 Cottonianze
725 5378 1011 5432 descripsit
1033 5391 1088 5432 et
1111 5380 1276 5432 edidit
1299 5382 1355 5432 in
1380 5382 1500 5432 νει.
1528 5380 1940 5432 Hibernicarum

358 5380 700 5432 Cottonianze
725 5380 1011 5449 descripsit
1033 5391 1088 5435 et
1111 5380 1276 5435 edidit
1299 5382 1355 5435 in
1380 5382 1500 5437 Vet.
1528 5380 1940 5438 Hibernicarum

358 5444 522 5512 epist.
553 5444 794 5569 ῗὶχιιοῦε,
822 5464 944 5535 pag.
971 5449 1060 5505 49.
1408 5521 1421 5533 ⁸

435 5514 488 5569 ⁸1
507 5514 536 5554 ἀ
608 5533 661 5569 to
734 5528 837 5569 am
860 5518 1041 5569 Colca.
1066 5519 1218 5569 Hunc
1240 5519 1491 5569 llsscnns
1512 5528 1669 5569 vocat
1688 5521 1940 5569 lectorem

435 5514 489 5583 ’Ζ
507 5514 536 5554 ἀ
560 5514 661 5570 Pio
684 5514 840 5571 Patri
860 5514 1041 5573 Cblcu.
1066 5519 1218 5574 Hunc
1240 5519 1491 5577 Usserius
1512 5528 1669 5576 vocat
1688 5521 1942 5578 lectorem

359 5580 420 5655 in
443 5580 675 5655 'Seotia,
713 5586 852 5643 forte
895 5588 952 5643 in
996 5590 1323 5644 monasterio
1368 5589 1590 5655 Hiiensi,
1630 5591 1706 5646 ait
1742 5591 1939 5647 Mabill.

357 5649 560 5735 Annal:
733 5672 881 5722 xxvi,
924 5674 980 5735 ῃ.
1017 5658 1105 5735 l0_.
1130 5649 1640 5735 Ejusmentione'm
1686 5659 1946 5717 Alcuinus

358 5720 493 5776 alibi
525 5722 677 5791 facit,
705 5720 895 5797 nempe
923 5727 976 5781 in
1004 5726 1162 5798 epist.
1187 5720 1259 5780 ad
1284 5724 1592 5797 Josepbum,
1626 5743 1761 5799 qum,
1806 5737 1943 5784 teste

2047 4565 2065 4597 ι
2094 4546 2252 4602 Anno
2277 4544 2380 4601 789
2400 4544 2504 4601 fuit
2529 4561 2623 4600 rex
2646 4544 2874 4601 Carolus
2899 4546 2953 4601 in
2967 4544 3265 4603 'Sclavonia
3288 4556 3344 4604 et
3365 4560 3629 4606 venerunt

2042 4617 2253 4692 adeum
2283 4628 2439 4692 rcges
2472 4613 2878 4692 Sclavonjorum
2908 4616 3158 4692 Dragitus
3182 4617 3406 4692 etﬁlius
3431 4619 3549 4692 ejus
3570 4630 3628 4692 et

2042 4686 2134 4770 alii
2175 4698 2330 4757 reges
2352 4685 2562 4770 Witsan
2586 4685 2862 4770 .etprago
2894 4685 3035 4770 cum
3064 4687 3289 4770 reliquis
3318 4685 3630 4770 reges_Vui-

2041 4755 2401 4812 nidoruin.....
2435 4764 2490 4812 et
2518 4756 2754 4811 subdidit
2780 4755 2878 4812 has
2905 4756 3148 4813 nationes
3175 4755 3230 4812 in
3263 4773 3361 4815 sua
3383 4755 3624 4816 'ditione.

2042 4826 2262 4907 Qui‘hic
2290 4825 2609 4907 Win-idiseu
2638 4825 2889 4907 Vionudi,
2916 4827 2989 4907 ab
3011 4826 3133 4907 aliis
3155 4826 3361 4907 \jVilcii,
3388 4828 3544 4907 Wilzj
3572 4837 3628 4886 et

2040 4896 2230 4968 Wulzi
2247 4896 2600 4968 appellantur.
2615 4915 2670 4968 1
2687 4894 3139 4968 Alcuinusigitur
3174 4898 3328 4968 banc
3345 4894 3625 4966 epistolam

2042 4964 2416 5047 scripsit,an
2444 4979 2586 5047 anno
2614 4964 2716 5021 795
2734 5004 2751 5031 ,
2771 4974 2931 5047 prout
2956 4964 3176 5047 Usserio
3197 4964 3497 5047 videbatur,
3530 4968 3625 5024 sed

2044 5034 2185 5090 anno
2213 5034 2335 5098 790,
2364 5050 2473 5116 quo
2493 5034 2674 5090 dicere
2701 5036 2891 5105 potuit,
2920 5050 3063 5091 anno
3098 5043 3371 5092 transacto
3405 5036 3625 5093 Sclavos

2044 5105 2297 5186 subactos
2326 5103 2509 5186 fuisse.
2781 5183 2790 5186 _
2902 5173 2916 5186 Α
2979 5182 2989 5186 Δ
3144 5174 3156 5186 .
3203 5182 3212 5186 Α
3403 5181 3413 5186 Δ
3457 5177 3470 5186 _
3519 5184 3526 5186 Α

2118 5175 2143 5211 ε
2168 5172 2338 5227 (ἕνωσὶ
2368 5173 2519 5227 tertio
2559 5190 2718 5238 anno,
2742 5183 2847 5229 etc.
2886 5173 3028 5230 Ante
3053 5174 3328 5240 scriptam,
3359 5181 3418 5231 ut
3454 5177 3624 5233 inter-

2043 5251 2247 5322 pretqr,
2280 5242 2739 5322 hancfpistolam,
2767 5244 2871 5298 hoc
2897 5251 2981 5322 est
3006 5242 3291 5322 an_no788_,
3315 5245 3406 5316 qui
3428 5247 3624 5322 tertius

2045 5311 2127 5369 est
2154 5313 2223 5368 ab
2246 5327 2390 5367 anno
2415 5311 2517 5365 790
2545 5311 2703 5366 simul
2729 5320 3030 5367 numerato.
3061 5311 3521 5386 Legendum-ergo
3543 5315 3627 5373 vi-

2049 5384 2206 5464 detur
2224 5400 2246 5464 Δε
2280 5379 2452 5464 Tertio
2471 5379 2662 5464 abhinc
2687 5397 2846 5435 anno.
2992 5381 3301 5464 Graecoer
3341 5384 3394 5464 ip
3416 5385 3625 5464 [tiliam

2049 5454 2276 5508 adventu
2306 5457 2363 5506 et
2381 5458 2559 5520 strage
2578 5448 2669 5505 illo
2695 5464 2837 5505 anno
2867 5448 3030 5519 facto,
3056 5451 3177 5509 vide
3198 5452 3434 5512 Annales
3458 5452 3626 5511 Fran-

2047 5536 2478 5665 foiuiinuari...ip_
2500 5587 2782 5665 Italiam...
2807 5599 2857 5665 ει
2884 5593 3392 5665 εαρῃΒαυσρήαπε,
3420 5591 3497 5649 De
3521 5591 3625 5647 hac

2048 5661 2348 5784 igsnptione
2391 5648 2513 5717 vide
2549 5657 2784 5717 Annales
3052 5648 3117 5719 et
3143 5648 3280 5723 aiios
3306 5648 3382 5717 ad
3423 5648 3625 5717 annttm
