4070 6196
395 446 493 498 143

390 570 414 596 ι
445 552 682 608 tulerunt
709 563 739 601 a
770 539 1054 599 Saracenis
1081 534 1234 604 quasi
1263 539 1504 586 trecenta
1545 525 1713 582 millia
1755 525 1808 580 iu
1845 522 1960 575 loa-
1991 527 2038 576 Α

391 661 515 719 gum
553 656 652 716 per
697 635 986 694 maritima.
1039 627 1148 684 Sed
1190 626 1294 680 heu
1322 665 1336 689 ,
1391 623 1526 692 proh
1568 616 1766 719 dolor!
1820 612 1964 719 qupd

392 704 843 793 iidem'maledicti
864 720 1128 781 Saraceni
1159 716 1284 790 (qui
1310 723 1365 770 et
1390 709 1666 784 Agareni)
1713 715 1826 761 tota
1871 704 1966 759 do-

392 806 664 883 minantur
682 818 863 875 Africa
887 825 942 872 et
965 813 1095 870 Asia
1131 811 1340 881 majore
1381 804 1622 861 maxima
1664 816 1731 856 ex
1769 805 1962 868 parte:

390 918 458 971 de
506 925 736 984 quorum
785 905 1094 978 egressione
1142 911 1252 956 tua;
1301 893 1624 952 venerandae
1670 887 1970 960 prudentia:

391 1005 624 1066 dudum,
671 1008 731 1055 ut
773 997 1062 1058 existimo,
1109 990 1323 1062 scripsi.

463 1092 540 1148 De
586 1098 814 1151 caetero,
859 1085 1022 1140 Pater
1067 1079 1441 1142 sanctissime,
1487 1075 1624 1130 sciat
1671 1068 1969 1126 reverentia

395 1193 520 1246 tua,
567 1178 710 1248 quod
757 1191 856 1246 ego
902 1175 1044 1229 filius
1087 1180 1252 1234 tuus,
1301 1175 1356 1223 et
1404 1165 1603 1234 Ioseph
1652 1158 1972 1248 vernaculus

397 1280 551 1335 tuus,
585 1246 712 1323 _Deo
759 1267 1048 1321 miserante
1076 1301 1090 1326 ,
1142 1259 1259 1316 sani
1310 1270 1536 1317 sumus,
1589 1259 1645 1306 et
1691 1249 1768 1304 tui
1811 1246 1970 1302 amici

398 1358 494 1413 toti
540 1356 632 1429 qui
683 1355 824 1426 apud
867 1367 966 1406 nos
1011 1355 1166 1413 sunt,
1213 1347 1266 1400 in
1311 1341 1668 1414 prosperitate
1711 1337 1820 1393 Deo
1858 1351 1972 1390 ser-

399 1425 573 1502 viunt.
613 1425 729 1502 Sed
759 1443 941 1498 nescio
979 1439 1108 1508 quid
1145 1437 1302 1492 nobis
1337 1441 1625 1488 venturum
1665 1427 1754 1483 sit.
1795 1427 1825 1468 ι)
1863 1425 1975 1482 Ali-

329 1571 332 1574 ~
399 1539 526 1610 quid
569 1539 712 1594 enim
757 1531 1143 1596 dissensionis,
1185 1525 1448 1584 diabolico
1483 1521 1724 1577 fomento
1762 1517 1974 1574 inflam-

403 1606 614 1695 mante,
640 1643 810 1699 nuper
837 1626 977 1680 intcr
1001 1637 1182 1691 regem
1208 1617 1460 1674 Carolum
1493 1623 1546 1667 et
1581 1625 1762 1681 regem
1801 1606 1974 1664 Oll‘am

402 1729 649 1776 exortum
696 1697 816 1781 est,
857 1715 932 1769 ita
978 1720 1038 1766 ut
1075 1710 1326 1776 utrinque
1373 1702 1645 1773 navigatio
1692 1697 1974 1753 interdicta

406 1995 600 2050 vestris
621 1987 980 2048 sacrosanctis
1004 1982 1337 2039 orationibus
1369 1984 1648 2034 manentes
1673 1972 1756 2028 vel
1787 1977 1978 2025 euntes

404 2085 728 2142 muniamur.
775 2079 970 2135 Nescio
1013 2075 1142 2146 quid
1182 2069 1433 2143 peccavi,
1480 2069 1606 2138 quia
1656 2074 1759 2119 tua:
1801 2070 1980 2132 pater-

303 2235 314 2240 -
407 2177 590 2233 uitatis
624 2171 960 2229 dulcissimas
996 2169 1206 2223 litteras
1243 2161 1411 2218 multo
1444 2169 1686 2228 tempore
1723 2169 1832 2209 non
1869 2166 1983 2206 mc-

409 2268 491 2322 rui
527 2265 746 2329 videre;
771 2271 958 2316 tamen
995 2252 1430 2328 pernecessarias
1467 2249 1743 2305 orationes
1783 2242 1986 2300 sancti-

410 2355 536 2411 tatis
586 2363 689 2408 tum
733 2364 820 2406 mc
869 2346 1112 2418 quotidie
1159 2343 1363 2400 sentire
1411 2339 1596 2395 credo.

478 2444 598 2502 Misi
622 2439 876 2499 charitati
898 2447 1019 2493 tua:
1049 2433 1252 2504 aliquid
1277 2433 1343 2488 de
1368 2431 1515 2495 oleo,
1541 2430 1688 2500 quod
1711 2429 1802 2484 vix
1828 2427 1986 2482 modo

412 2539 465 2592 in
485 2532 762 2590 Britannia
777 2528 1072 2592 invenitur,
1095 2533 1156 2580 ut
1179 2524 1518 2593 dispensarcs
1541 2536 1638 2592 per
1663 2520 1780 2576 loca
1804 2533 1989 2574 neces-

411 2625 552 2680 saria
592 2623 966 2693 episcoporum
1005 2617 1075 2672 ad
1112 2614 1401 2670 utilitatem
1435 2611 1712 2666 hominum
1737 2647 1755 2676 ,
1781 2608 1868 2663 vel
1896 2608 1993 2664 ho-

413 2730 600 2772 norem
625 2713 720 2768 Dei
749 2709 880 2783 [AI.,
903 2707 1198 2764 utilitatem
1219 2703 1442 2760 honoris
1464 2700 1606 2774 Dei].
1635 2699 1754 2755 Misi
1779 2713 1993 2768 quoque

412 2801 802 2876 quinquaginta
830 2797 992 2855 siclos
1027 2795 1289 2851 fratribus
1329 2794 1394 2848 de
1433 2792 1775 2862 eleemosyna
1815 2788 1994 2845 Caroli

414 2896 558 2967 regis
583 2895 834 2966 (obsecro
853 2899 914 2944 ut
931 2903 1030 2958 pro
1052 2903 1118 2942 eo
1135 2885 1321 2956 oretis)
1346 2892 1400 2940 et
1417 2883 1484 2939 de
1510 2899 1628 2940 mea
1653 2883 1996 2951 eleemosyna

412 2982 800 3056 quinquaginta
827 2977 988 3034 siclos
1012 2996 1025 3031 :
1053 2985 1108 3032 et
1130 2975 1198 3030 ad
1223 2973 1486 3030 australes
1523 2971 1720 3028 fratres
1757 2970 1997 3028 Baldhu-

414 3076 607 3144 vinega
643 3070 868 3141 triginta
909 3067 1073 3122 siclos
1108 3065 1174 3120 de
1212 3063 1552 3134 eleemosyna
1594 3062 1769 3132 regis,
1809 3069 1864 3114 et
1904 3059 1996 3114 tri-

415 3165 560 3234 ginta
587 3162 656 3218 de
681 3161 1022 3229 eleemosyna
1045 3171 1184 3220 mea,
1205 3162 1264 3211 et
1283 3154 1468 3224 viginti
1491 3153 1652 3208 siclos
1677 3151 1744 3206 de
1769 3151 1999 3206 elecmo-

418 3268 550 3326 syna
576 3247 964 3321 patrisfamilias
988 3246 1226 3311 Areidzc,
1255 3254 1309 3300 et
1335 3244 1524 3314 viginti
1550 3243 1616 3298 de
1653 3241 1994 3320 eleemosyna

419 3358 539 3403 mea
563 3359 577 3409 ;
607 3348 663 3397 et
685 3355 784 3410 per
807 3338 1046 3410 singulos
1071 3337 1426 3392 anachoretas
1449 3344 1562 3390 tres
1587 3333 1747 3389 siclos
1771 3332 1838 3388 de
1860 3347 1996 3403 puro

418 3441 664 3504 argento,
691 3438 750 3486 ut
775 3429 850 3485 illi
872 3443 1060 3484 omnes
1082 3436 1239 3482 orent
1261 3440 1360 3496 pro
1401 3440 1518 3490 me,
1543 3432 1598 3478 et
1631 3439 1734 3494 pro
1771 3422 1998 3478 Domino

421 3538 545 3594 rege
589 3519 814 3586 Carolo,
857 3526 918 3573 ut
960 3516 1104 3572 Deus
1145 3515 1296 3570 illum
1341 3521 1624 3570 conservet
1664 3512 1732 3567 ad
1777 3511 1998 3566 tutelam

421 3623 622 3672 sanctas
659 3627 770 3670 suae
807 3609 1088 3674 Ecclesiae,
1129 3615 1183 3662 ct
1221 3607 1289 3662 ad
1327 3605 1540 3661 laudem
1579 3613 1632 3660 et
1666 3603 1890 3675 gloriam
1916 3602 1999 3658 sui

424 3704 674 3760 nominis.
703 3701 968 3757 Exaudiat
1000 3713 1098 3754 vos
1121 3697 1462 3768 omnipotens
1499 3694 1640 3751 Dens
1677 3709 1774 3764 pro
1811 3702 2000 3748 sancta

424 3810 520 3852 sua
565 3791 806 3850 Ecclesia
853 3789 1277 3852 intercedentes,
1326 3794 1380 3842 et
1428 3785 1690 3857 proficere
1740 3783 1904 3840 faciat
1947 3785 2002 3838 in

426 3885 620 3950 salutis
659 3893 876 3941 tctcrnte
919 3880 1276 3951 prosperitate

496 4146 522 4176 ε
545 4131 797 4187 Tulerunt
833 4147 866 4184 a
897 4127 1194 4185 Saracenis.
1233 4124 1360 4181 Haec
1393 4123 1639 4180 fortassis
1666 4122 2006 4194 intelligenda

429 4213 551 4258 sunt
581 4203 648 4258 de
675 4199 1016 4272 expeditione
1060 4197 1290 4272 maxima
1341 4209 1482 4272 anno
1521 4195 1623 4248 788
1661 4209 1691 4272 ξ
1725 4192 1917 4247 Cardio
1952 4193 2006 4246 in

430 4262 1054 4344 Hispaniam'suscepta,
1101 4281 1205 4336 qua
1247 4262 2006 4344 Pampilonam-destructum,

431 4331 800 4413 Hispanosque
825 4349 879 4393 et
904 4331 1199 4413 Wascoxies
1217 4331 1538 4413 (subjugatos
1564 4331 1746 4394 fuisse,
1786 4340 2010 4386 narrant

431 4405 641 4469 illorum
671 4405 970 4478 temporum
994 4405 1294 4478 annalistte.

502 4483 532 4524 b
560 4472 933 4550 Aliquid-cnim
969 4474 1325 4550 dissensionis,
1355 4482 1458 4550 etc.
1490 4472 1820 4550 Quae__l_‘ucrit
1853 4473 2012 4550 huius

433 4543 720 4608 simultatis
763 4563 944 4610 causa,
974 4545 1257 4611 discimusl
1291 4544 1463 4613 inquit
1503 4543 1700 4599 Mabill.
1748 4545 1868 4600 Act.
1907 4545 2008 4600 SS.
2041 4550 2090 4609 D

434 4622 565 4677 Ben.
595 4635 719 4673 saec.
760 4633 837 4681 tv,
864 4623 1071 4686 part4,
1104 4629 1247 4686 pag._
1271 4613 1394 4686 liii},
1428 4628 1494 4668 ex
1523 4613 1772 4686 Chronici
1815 4613 2015 4670 Fonta-

437 4689 692 4766 nellensis
711 4683 946 4766 capgj5,
977 4683 1068 4764 ubi
1093 4683 1316 4764 Carolus
1345 4683 1566 4766 Magnus
1597 4683 1708 4738 filio
1732 4701 1829 4766 suo
1851 4686 2015 4755 aequi-

438 4755 573 4813 vnco
601 4751 920 4811 tiliam'Ollie
939 4753 1081 4824 regis
1113 4770 1132 4802 ‹
1167 4751 1551 4824 inconjugium
1579 4751 1966 4824 expostulasse,
1988 4776 2008 4808 ι

439 4830 669 4890 dicitur;
701 4825 797 4880 sed
834 4825 922 4879 illo
955 4821 1062 4878 non
1091 4821 1488 4891 acquiescente,
1518 4839 1538 4873 α
1571 4821 1674 4878 nisi
1710 4824 1870 4879 Berta
1908 4825 2015 4879 tilia

439 4898 614 4954 Caroli
647 4894 819 4966 Magni
847 4893 964 4962 ejus
997 4891 1107 4946 tilio
1143 4891 1330 4966 nuptui
1354 4892 1674 4966 traderetur,
1709 4893 2017 4966 i_Caroltim

441 4968 567 5023 inde
590 4961 917 5022 commotum
959 4961 1292 5034 praecepisse,
1321 4961 1341 5012 ὰ
1377 4970 1439 5034 ut
1465 4975 1622 5034 nemo
1643 4962 1710 5017 de
1741 4963 2016 5034 Britannia

439 5036 616 5094 insula
647 5051 709 5091 ac
723 5045 894 5106 .gente
936 5031 1227 5106 Anglorum
1277 5031 1818 5106 mercimoniigcausa
1856 5032 2020 5106 _littus

441 5106 641 5166 Oceani
675 5099 842 5160 maris
869 5104 1158 5172 attingeret
1191 5100 1243 5172 in
1273 5099 1462 5172 Gallia.
1496 5101 1609 5172 Sed
1624 5101 1724 5156 hoc
1749 5119 1816 5158 ne
1846 5103 2014 5167 ﬂeret,

443 5176 807 5234 admonitione
841 5189 905 5230 ac
943 5169 1329 5243 supplicatione
1365 5169 1614 5226 Gervoldi
1646 5173 1855 5228 abbatis
1884 5173 2022 5227 inbi-

443 5248 616 5304 bitum
642 5259 781 5302 esse.
820 5264 840 5299 ν

485 5248 616 5304 itum
642 5259 781 5302 esse.
820 5264 840 5299 ν

519 5329 542 5360 ε
574 5315 642 5372 In
665 5315 786 5368 illa:
805 5322 975 5383 partes
999 5311 1294 5384 mittendos.
1328 5310 1664 5384 Mabillonius
1687 5311 1724 5366 Ι.
1747 5313 1864 5378 cit.,
1897 5328 2018 5384 pag.

447 5389 570 5454 {87,
603 5387 680 5440 ait
710 5401 724 5437 :
760 5379 904 5454 hanc
930 5383 1212 5454 epistolam
1250 5383 1315 5454 in
1336 5379 1525 5452 Anglia
1553 5385 1804 5454 scriptam
1836 5379 2020 5454 fuisse,

448 5450 590 5514 unde
615 5453 876 5510 Alcuinus
899 5453 965 5504 ad
992 5450 1240 5522 Carolum
1273 5450 1518 5522 Magnum
1552 5450 1674 5522 erat
1711 5452 2020 5522 mittendus.

449 5525 634 5582 Aliter.
657 5535 834 5578 tamen
874 5528 1061 5590 postea
1091 5521 1267 5578 sensit
1303 5521 1388 5574 vir
1415 5521 1796 5590 celeberrimus
1828 5521 2021 5574 Annal.

452 5596 544 5652 lib.
559 5609 682 5660 xxv,
703 5609 756 5646 η.
777 5589 933 5660 ἶίϐιξει
955 5589 1048 5643 lib.
1080 5603 1226 5660 xm,
1249 5605 1310 5660 _n.
1337 5590 1550 5660 £0,7'ubi
1574 5589 1691 5660 ait:
1719 5590 2022 5660 Alcuinum,

452 5657 676 5739 qui_tum
703 5659 962 5739 in_Callia.
979 5657 1311 5739 versabatur,
1336 5659 1483 5739 pacis
1499 5659 1844 5714 conciliandae
1864 5673 2028 5739 causa

453 5727 510 5792 iit
533 5729 866 5792 Britanniam
891 5727 1134 5789 missum,
1161 5735 1217 5780 et
1237 5741 1296 5780 re
1319 5727 1534 5794 quidem
1559 5741 1686 5782 vera
1713 5743 1779 5783 eo
1801 5728 1901 5783 sub
1927 5744 2024 5782 an-

1246 424 1307 477 B.
1345 419 1407 476 ιτ.
1440 417 1661 474 Αωικι
1702 413 1830 470 SEU
1870 405 2142 465 ALCUINI
2181 401 2458 460 OPEMUM
2499 400 2677 455 PARS
2714 396 2753 451 ι.

3545 383 3643 441 ιιι

2586 507 2610 546 ⁴
2654 501 2983 559 EPISTOLA
3026 500 3116 555 Π.

2522 615 2584 652 AD
2625 611 2845 652 FELICEM
2884 605 3194 648 EPISCOI’UEL

2578 688 2738 758 (Ante
2757 700 2957 740 annum
2985 682 3139 753 792.)

2070 784 2263 839 Felicis
2295 781 2601 852 L'rgellitam
2630 777 2876 852 episcopi,
2915 783 2970 830 ut
3009 774 3233 839 videtur,
3261 791 3298 852 a_
3333 773 3523 844 pietate
3553 773 3660 828 sibi

2336 843 2561 915 laudati,
2593 843 2916 902 orationibus
2943 861 2998 899 se
3025 843 3375 898 commendat.

2139 944 2235 998 Pio
2263 941 2408 997 Patri
2436 952 2458 978 ε
2481 938 2643 994 Felici
2667 937 2940 1006 episcopo,
2967 933 3228 989 Alcuinus
3247 931 3465 988 humilis
3493 931 3652 987 levita

2069 1035 2298 1090 salutem
2309 1073 2322 1085 .

2140 1124 2452 1193 Aliquorum
2486 1121 2716 1175 fratrum
2751 1117 3014 1174 relatione
3053 1117 3210 1171 nobis
3245 1115 3560 1172 notissimus
3593 1132 3660 1170 es

2070 1218 2288 1286 pietate,
2324 1213 2426 1268 etsi
2465 1227 2570 1267 non
2615 1211 2772 1266 facie.
2818 1210 3162 1279 Quapropter
3201 1208 3515 1279 przesumpsi
3559 1223 3660 1278 per

2073 1304 2322 1360 fiduciam
2342 1302 2647 1368 charitatis,
2667 1315 2786 1372 quae
2805 1309 2888 1355 est
2907 1298 3173 1363 Christus,
3189 1299 3370 1354 volens
3389 1300 3656 1369 meipsum

2074 1395 2182 1450 tuis
2209 1403 2530 1461 tuorumque
2561 1390 2796 1446 ﬁdelium
2819 1404 2918 1458 per
2943 1397 2999 1443 te
3023 1389 3384 1443 sacrosanctis
3402 1388 3665 1443 orationi-

2074 1487 2176 1541 bus
2199 1483 2578 1540 commendare
2603 1499 2616 1534 :
2643 1496 2747 1534 non
2782 1480 2917 1534 meis
2948 1479 3155 1534 meritis
3176 1479 3538 1550 exigentibus,
3567 1479 3663 1534 sed

2077 1581 2184 1634 tuis
2215 1577 2373 1632 bonis
2401 1575 2706 1630 rumoribus
2735 1573 3136 1643 instigantibus.
3161 1571 3499 1641 Quapropter
3529 1585 3660 1642 sup-

2077 1669 2200 1740 plex
2223 1668 2448 1722 obsecro
2467 1673 2528 1720 ut
2546 1679 2634 1719 me
2653 1678 2716 1719 ea
2737 1664 3000 1718 charitate
3027 1662 3291 1719 Salvatori
3317 1671 3501 1718 nostro
3519 1678 3666 1718 cum-

2080 1758 2372 1822 mendetis,
2412 1770 2516 1826 qua
2556 1753 2642 1809 ille
2681 1769 2871 1810 omnes
2910 1769 3037 1809 suos
3079 1750 3378 1822 conjunxit,
3411 1752 3662 1809 Charitas

2081 1936 2227 1992 venit
2263 1937 2317 1990 in
2352 1935 2495 1988 hunc
2531 1933 2786 1986 mundum
2821 1941 3140 2001 peccatores
3173 1931 3348 1987 salvos
3382 1931 3580 1993 facere.
3611 1941 3666 1987 et

2081 2027 2260 2081 veniet
2285 2026 2350 2079 ad
2370 2023 2631 2092 judicium
2652 2021 2828 2090 justos
2850 2036 3110 2078 coronare
3141 2037 3156 2076 :
3181 2030 3240 2076 ut
3260 2030 3388 2076 tunc
3411 2037 3509 2092 ego
3533 2036 3662 2090 pec-

2083 2129 2236 2176 cator
2259 2120 2342 2174 vel
2371 2119 2584 2172 veniam
2609 2131 2706 2186 per
2730 2124 2942 2172 vestras
2965 2117 3238 2171 orationes
3266 2113 3550 2182 accipiam,
3573 2114 3669 2168 ubi

2083 2226 2183 2266 vos
2210 2224 2308 2280 per
2339 2209 2434 2262 Dei
2462 2206 2892 2262 misericordiam
2922 2221 3176 2261 coronam
3205 2204 3502 2274 accipiatis.

2153 2301 2213 2372 8
2241 2299 2412 2364 State,
2451 2297 2668 2360 fratres,
2710 2303 2765 2349 et
2809 2295 3042 2350 viriliter
3076 2301 3308 2365 pugnate
3340 2307 3440 2363 pro
3476 2306 3541 2346 eo
3575 2291 3672 2362 qui

2087 2389 2302 2448 fortiter
2323 2405 2422 2461 pro
2442 2389 2596 2444 vobis
2619 2386 2888 2442 vincebat.
2912 2385 3028 2441 Non
3049 2385 3174 2455 quia
3194 2384 3286 2454 qui
3309 2383 3554 2454 coeperit,
3576 2383 3676 2437 sed

2088 2483 2178 2555 qui
2197 2479 2592 2553 perseveraverit
2608 2494 2770 2549 usque
2783 2478 2836 2531 in
2851 2477 3030 2546 ﬁnem,
3045 2475 3129 2529 hic
3149 2473 3320 2530 salvus
3340 2475 3437 2528 erit
3454 2473 3674 2545 (Matth.

2091 2590 2148 2640 ι,
2171 2571 2285 2644 22).
2317 2571 2383 2626 Et
2405 2568 2812 2641 proﬁciscimini
2837 2569 2902 2624 de
2926 2569 3013 2624 die
3045 2568 3101 2622 in
3133 2567 3294 2632 diem,
3325 2566 3460 2622 sicut
3498 2565 3676 2621 sancti

2094 2665 2209 2730 Dei,
2239 2665 2332 2734 qui
2360 2663 2510 2718 ibant
2537 2662 2602 2717 de
2623 2662 2825 2716 virtute
2850 2661 2904 2716 in
2932 2661 3208 2716 virtutem.
3237 2659 3397 2715 Plura
3422 2659 3670 2730 scripsis-

2095 2773 2207 2813 sem
2237 2755 2410 2820 vobis,
2439 2755 2484 2810 si
2508 2753 2836 2824 supcrllnum
2856 2769 2963 2808 non
2977 2753 3249 2808 videretur
3269 2765 3362 2807 eos
3387 2751 3678 2806 admonere

2096 2848 2163 2902 de
2190 2845 2500 2908 virtutibus,
2535 2857 2672 2914 quos
2701 2857 2895 2914 rogate
2919 2841 3088 2898 debeo
3123 2849 3183 2896 ut
3211 2841 3542 2897 intercedant
3577 2855 3678 2911 pro

2095 2935 2332 3009 peccatis
2357 2935 2511 2990 meis.
2551 2932 2658 2989 Sed
2685 2933 2950 2998 cbaritas,
2987 2946 3106 3001 qua:
3141 2931 3410 2986 neminem
3447 2929 3677 3001 spernit,

2097 3026 2259 3081 etiam
2287 3023 2534 3079 sustinet.
2562 3021 2700 3090 Quid
2723 3021 2873 3092 plus?
2903 3020 3099 3075 lterum
3126 3020 3426 3088 iterumque
3449 3019 3678 3074 obsecro

2099 3125 2158 3171 ut
2175 3129 2262 3170 me
2279 3113 2523 3169 fraterno
2543 3127 2726 3168 amore
2744 3109 3017 3180 accipiatis
3036 3109 3091 3165 in
3113 3109 3540 3164 mmmunionem
3553 3123 3678 3164 ora-

2023 3200 2071 3263 C
2103 3209 2305 3262 tionqu
2330 3212 2656 3268 vestrarum,
2679 3211 2942 3272 quatenus
2959 3199 3102 3255 Deus
3119 3197 3401 3255 cbaritatis
3429 3213 3692 3254 remunev

2095 3305 2248 3352 rator
2267 3311 2366 3351 vos
2385 3295 2616 3365 accipiat
2637 3295 2694 3348 in
2707 3301 2961 3348 teternam
2977 3290 3200 3362 gloriam
3215 3291 3362 3361 regni
3373 3289 3679 3346 sui.Valete

2096 3398 2153 3445 et
2175 3389 2347 3444 virete
2384 3387 2570 3444 felices
2595 3387 2650 3441 in
2685 3385 2909 3441 Domino
2945 3383 3092 3448 Jesu,
3124 3382 3321 3438 fratres
3349 3382 3676 3439 charissimi.

2666 3467 3000 3532 EPISTOLA
3037 3474 3100 3530 ν.

2468 3564 2536 3602 ΔΙ)
2574 3562 2858 3602 CUDRADUAI
2898 3560 3295 3601 PBESBYTERUII.

2595 3641 2773 3715 (Anno
2803 3641 2905 3696 795
2942 3640 3022 3694 vel
3056 3639 3197 3712 seq.)

2103 3733 2411 3790 Cudradum
2435 3732 2786 3802 presbyterum
2808 3740 2921 3800 post
2941 3740 3251 3802 sanctorum
3261 3728 3490 3782 locorum
3510 3735 3680 3781 vasta-

2417 3800 2610 3856 tionem
2632 3801 2872 3854 hortatur
2897 3800 2966 3852 ad
2997 3800 3362 3853 constantiam.

2176 3895 2495 3950 Venerando
2531 3890 2676 3945 Patri
2725 3888 2742 3928 τ
2779 3889 3028 3944 Cudrado
3071 3888 3382 3960 presbytero
3430 3886 3685 3940 Alcuinus

2107 3985 2364 4040 diaconus
2391 3981 2642 4037 salutem.

2109 4155 2238 4194 num
2266 4137 2370 4190 790
2395 4134 2694 4207 profectum
2716 4131 3425 4207 _fuisse_,__ets_i_interdictum
3472 4127 3687 4197 naviga-

2111 4209 2274 4263 tionis
2295 4199 2682 4276 supplicatione
2707 4201 2956 4276 Gervoldi
2991 4202 3199 4256 abbatis
3225 4199 3488 4255 sublatum
3517 4209 3686 4276 esset.

2111 4279 2240 4344 Quae
2265 4268 2494 4348 quidem
2507 4274 2769 4331 sententia
2809 4271 2981 4342 magis
3016 4286 3138 4326 cum
3167 4279 3418 4326 contextu
3447 4268 3688 4340 cpistola:

2113 4346 2384 4403 cohaerere
2413 4346 2640 4401 videtur.

2183 4441 2209 4480 ἀ
2242 4440 2386 4495 Edit.
2414 4437 2666 4504 Quercet.
2696 4435 2782 4502 76,
2811 4435 2990 4491 Canis.
3014 4437 3082 4491 45
3113 4436 3368 4507 (Froben.
3401 4432 3545 4506 165).

2190 4540 2214 4568 ε
2245 4526 2410 4581 Felici
2444 4526 2701 4596 episcopo.
2737 4542 2756 4596 ς
2787 4524 2887 4596 Hic
2912 4533 3012 4596 est,
3047 4526 3099 4579 ni
3128 4524 3304 4590 fallor,
3327 4525 3403 4580 ait
3423 4522 3690 4585 Canisius,

2115 4598 2266 4654 Felix
2295 4593 2637 4651 Hildebaldus
2665 4593 2998 4666 Coloniensis
3037 4596 3497 4666 archiepiscopus,
3522 4603 3627 4648 etc.
3666 4614 3686 4645 ι

2116 4669 2224 4724 Sed
2273 4666 2435 4722 dubio
2477 4672 2638 4734 caret,
2664 4665 2811 4734 hunc
2857 4678 2976 4720 esse
3024 4663 3254 4722 Felicem
3301 4663 3693 4734 Urgellitaunm

2115 4738 2444 4809 episcopum,
2486 4735 2574 4809 cui
2615 4733 2892 4796 Alcuinus,
2930 4743 3214 4809 antequam
3258 4733 3402 4809 illius
3440 4734 3694 4809 error‘de

2117 4801 2401 4876 adoptione
2448 4804 2892 4876 vulgaretur,‘se
2921 4801 3316 4876 commendavit
3336 4804 3553 4876 (scripta
3592 4801 3694 4876 hac

2117 4871 2363 4956 epiitola,
2393 4871 2557 4943 cujus
2587 4873 2702 4956 ipse
2745 4871 3006 4956 Aletrinas
3050 4873 3294 4956 meminit
3333 4871 3591 4955 in.al'tera

2117 4940 2385 5009 eumdem,
2416 4940 2483 4998 ei
2509 4940 2693 4998 codice
2717 4959 2817 4997 ms.
2850 4942 3046 4999 Salisb.
3075 4959 3104 4997 a
3131 4958 3217 4998 me
3243 4943 3526 5012 descripta,
3551 4940 3696 5012 ethli-

2118 5017 2234 5072 bris
2275 5015 2394 5086 ejus
2426 5022 2610 5086 contra
2651 5013 2883 5086 Felicem
2920 5014 3288 5086 prmﬁxatulii
3326 5010 3462 5086 ait':
3505 5029 3524 5062 ι
3565 5010 3696 5068 olim

2120 5083 2402 5154 meipsum.
2441 5083 2986 5154 celeberrimamitua}
3022 5083 3323 5138 sanctitatis
3363 5085 3556 5137 famam
3601 5097 3698 5136 au-

2120 5153 2302 5220 diens;
2412 5153 2518 5209 tuis
2547 5153 2902 5208 sanctissimis
2928 5154 3400 5208 intercessionibus
3426 5167 3700 5208 commen-

2123 5228 2252 5280 dare
2291 5225 2496 5279 curavi.
2546 5243 2564 5274 ι
2597 5220 2808 5292 Scripta
2841 5237 2969 5292 ergo
3011 5221 3109 5276 fuit
3151 5224 3266 5278 hmc
3309 5221 3530 5292 epistola
3573 5235 3698 5278 ante

2125 5310 2322 5417 imqum
2351 5293 2474 5358 792,
2502 5306 2608 5362 quo
2631 5290 2826 5346 Felicis
2849 5290 3004 5346 error
3023 5291 3136 5362 jam
3170 5290 3522 5363 undequaque
3553 5293 3692 5349 inno-

2143 5381 2200 5417 ιιι
2233 5403 2246 5415 .

2143 5381 2246 5417 ειιιι.

2202 5453 2221 5492 ἲ
2257 5451 2516 5519 σηᾱταάοί
2544 5451 2859 5519 presbytero.
2895 5451 3148 5507 Ecclesiae
3184 5453 3438 5509 nimirum
3477 5452 3535 5508 S.
3563 5451 3704 5508 Cud-

2127 5522 2276 5592 l;erti_
2309 5518 2788 5592 Lindisfarnensis,
2821 5522 2912 5592 qui
2961 5522 3015 5576 in
3064 5521 3152 5578 illa
3187 5524 3506 5586 vastatione,
3543 5536 3704 5592 quam

2127 5589 2384 5663 Alcuinus
2419 5587 2641 5656 saepius,
2681 5587 2979 5663 prmsértim
3019 5593 3070 5646 in
3108 5593 3332 5663 epistola
3369 5593 3402 5648 8
3441 5587 3605 5662 (nunc
3647 5590 3706 5659 9)

2131 5657 2389 5727 deplorat,
2416 5667 2465 5711 et
2498 5657 2784 5782 qttazanno
2806 5661 2908 5744 79b
2933 5657 3176 5734 contigii,
3202 5657 3707 5733 furentcs'pagano;

2133 5742 2250 5782 rum
2281 5742 2470 5782 manus
2523 5727 2730 5782 elicuer
2749 5739 2937 5782 evasit.

2133 5742 2250 5782 rum
2281 5742 2470 5784 manus
2503 5727 2730 5784 feliciter
2749 5733 2937 5788 evasit.
