4070 6196
368 312 474 370 ηε

1828 314 2206 373 ΕΡΙδΤΟιΑΕ.

3547 333 3652 387 NB

436 425 607 483 Valde
642 432 955 483 sanctorum
991 420 1235 480 locorum
1276 425 1570 494 ingemisco
1610 427 1763 500 [Ms.,
1806 429 1955 501 inge-
1978 429 2031 491 Δ
2057 444 2213 486 suum
2241 446 2337 502 per
2371 448 2466 489 vos
2489 433 2790 501 benefacta,
2816 446 3076 508 perpetua
3103 452 3330 496 summa:
3355 441 3651 499 beatitudi-

369 514 573 588 mesco]
600 514 990 581 vastationem;
1033 516 1127 572 sed
1164 525 1359 572 vestrae
1395 516 1518 573 fidei
1560 517 1800 574 laetificor
1821 532 1954 576 eon-

366 607 590 673 stantia,
620 604 821 674 Deique
842 605 1226 675 omnipotentis
1253 607 1564 663 collaudans
1592 608 1954 672 clementiam,

365 702 457 771 qui
487 698 584 753 tibi
609 697 751 751 inter
773 710 968 751 manus
993 712 1326 768 paganorum
1354 698 1620 768 pepercit,
1654 698 1775 752 ideo
1802 696 1957 752 firma

368 792 472 848 fide
507 794 562 846 in
597 804 707 860 quo
737 789 930 859 cepisti
972 791 1249 860 proposito
1285 805 1604 861 permaneas
1634 810 1648 847 :
1681 791 1959 849 conlidens

363 896 423 941 tu
453 884 509 939 in
538 879 914 936 misericordia
941 879 1059 944 Dei,
1085 888 1145 933 ut
1172 889 1223 933 te
1242 896 1353 935 suae
1378 882 1596 951 pietatis
1621 880 1832 953 [SuppL
1856 882 1961 937 cle-

367 975 568 1032 mentia
608 971 685 1028 vel
721 971 981 1043 simile]...
1030 983 1333 1038 conservet,
1372 973 1678 1045 ubicunque
1720 976 1959 1031 fraterno

366 1066 592 1123 consilio
629 1075 682 1120 te
717 1063 961 1118 habitare
996 1064 1127 1119 velit
1168 1064 1330 1118 Dens.
1369 1064 1572 1119 Tamen
1608 1066 1722 1120 sive
1760 1066 1812 1119 in
1843 1065 1960 1120 loco

368 1155 721 1212 habitationis
747 1152 1053 1224 singularis,
1082 1153 1196 1208 sive
1223 1156 1274 1208 in
1302 1154 1540 1210 fraterna
1560 1158 1782 1212 cohorte
1804 1155 1957 1228 [Ms.,

368 1251 638 1303 fraternas
660 1243 956 1316 cohortes],
988 1245 1281 1299 solitariam
1305 1248 1765 1302 conversationem
1793 1256 1846 1301 et
1872 1262 1958 1302 se-

367 1349 548 1396 cretas
570 1338 861 1401 orationes,
884 1344 939 1390 et
958 1334 1284 1404 jejuniorum
1315 1338 1647 1408 propositum
1676 1338 1961 1409 diligenter

366 1431 630 1493 observa;
658 1427 783 1496 quia
813 1440 919 1480 non
948 1426 1038 1495 qui
1065 1427 1309 1496 cmperit,
1341 1428 1435 1482 sed
1462 1429 1551 1497 qui
1580 1443 1961 1499 perseverave-

370 1521 462 1583 rit,
494 1525 600 1574 etc.
638 1517 853 1589 (Matth.
887 1532 940 1581 ι,
972 1515 1086 1589 22).
1132 1516 1342 1587 Meque,
1384 1518 1627 1582 obsecro,
1668 1522 1720 1574 in
1760 1522 1962 1577 sanctis

368 1610 479 1665 tuis
523 1608 861 1663 orationibus
896 1608 1092 1663 habeto
1142 1610 1549 1676 memorialiter,
1599 1613 1738 1667 sicut
1782 1613 1959 1667 Buitta

371 1701 503 1755 mihi
544 1715 611 1755 ex
657 1699 765 1753 tuis
809 1699 988 1754 verbis
1035 1697 1178 1754 ﬁdeli
1227 1700 1488 1756 relatione
1528 1703 1776 1773 promisit
1829 1722 1842 1756 :
1882 1705 1963 1758 vi—

2058 521 2146 575 nis
2176 519 2346 590 gloria
2378 524 2719 579 remuneret?
2757 524 2869 581 Hoc
2895 526 3121 598 singulis
3154 528 3463 598 vigiliarum
3497 546 3650 589 mea-

2063 624 2179 662 rum
2206 613 2510 675 momentis,
2538 613 2639 669 hoc
2662 615 2972 683 quotidiana
2992 618 3386 687 supplicatione
3410 624 3650 692 requiro.

2058 697 2115 751 In
2145 697 2247 754 hac
2276 714 2433 769 prece
2467 701 2521 754 in
2559 711 2849 771 conSpectu
2878 704 3160 771 Altissimi,
3192 707 3413 763 intimas
3437 710 3652 767 deside-

2060 787 2124 840 rii
2165 788 2272 843 mei
2312 789 2578 859 lacrymas
2603 807 2699 860 per
2740 792 2854 847 loca
2884 805 3194 850 sanctorum
3231 806 3529 869 martyrum
3567 803 3650 856 vel

2060 874 2431 932 confessorum
2456 878 2680 944 Christi,
2711 896 2816 948 quo
2842 897 2929 935 me
2957 883 3060 937 iter
3100 885 3467 943 instabilitatis
3486 889 3651 945 dedu-

2060 964 2151 1029 cit,
2187 965 2409 1022 funderc
2434 983 2538 1023 non
2566 983 2740 1027 cesso.

2133 1056 2242 1111 Vos
2267 1072 2480 1128 semper
2514 1060 2568 1113 in
2590 1060 2770 1123 corde,
2796 1069 2852 1114 et
2875 1062 3034 1130 primi
3067 1063 3207 1118 inter
3234 1067 3398 1121 verba
3426 1081 3653 1137 precan—

2065 1147 2136 1199 tia
2166 1147 2219 1200 in
2242 1162 2355 1201 ore.
2398 1149 2519 1215 Vos,
2555 1149 2781 1219 piissimi
2815 1150 3019 1215 Patres,
3047 1167 3138 1206 seu
3181 1152 3234 1205 in
3275 1155 3654 1213 communibus

2066 1245 2265 1293 sanctte
2291 1239 2555 1293 orationis
2584 1238 2732 1303 foris,
2767 1242 2850 1294 vel
2880 1241 2931 1295 in
2960 1242 3183 1297 secretis
3213 1243 3651 1311 deprecationum

2064 1338 2365 1385 vestrarum
2390 1331 2867 1388 intercessionibus
2890 1333 3174 1387 Alcuinum
3203 1333 3369 1389 lilium
3394 1344 3651 1402 vestrum,

2062 1437 2162 1494 per
2186 1421 2281 1476 Dei
2308 1422 2567 1492 deprecor
2592 1422 2935 1488 charitatem,
2960 1424 3163 1494 jngiter
3190 1423 3242 1478 in
3274 1426 3436 1480 corde
3462 1426 3654 1481 habete

2064 1522 2117 1570 et
2143 1516 2196 1569 in
2223 1530 2336 1569 ore.
2371 1515 2476 1569 Vos
2500 1530 2731 1584 quoque,
2764 1515 2856 1584 qui
2880 1515 3013 1570 estis
3038 1515 3338 1580 aetate-lilii,
3368 1516 3462 1572 sed
3492 1519 3654 1573 meri-

2063 1618 2241 1663 torum
2289 1608 2577 1664 sanctitate
2616 1608 2825 1673 Patres,
2873 1624 2971 1679 per
2998 1608 3235 1663 divinam
3260 1609 3505 1664 obtestor
3541 1608 3653 1681 cle-

2066 1701 2344 1765 mentiam,
2378 1716 2651 1770 nunquam
2678 1702 2998 1756 eruditionis
3020 1711 3214 1757 vestrae
3234 1702 3286 1756 in
3310 1703 3512 1758 sanctis
3536 1717 3656 1757 ora-

370 1795 702 1864 sitantesque
755 1802 811 1848 te
867 1792 1064 1848 fratres
1102 1794 1468 1849 consolatione
1506 1797 1675 1850 sancti
1729 1796 1963 1866 Spiritus
1992 1777 2037 1835 Β
2067 1794 2303 1848 tionibus
2329 1793 2709 1848 obliviscimini
2736 1794 3074 1864 magistrum.
3104 1794 3283 1849 Testis
3309 1794 3452 1849 enim
3479 1793 3658 1849 cordis

370 1885 656 1956 diligenter
692 1884 957 1949 admone,
994 1885 1289 1940 exhortans
1321 1900 1442 1951 eos,
1485 1894 1539 1940 ut
1582 1887 1633 1940 in
1667 1887 1759 1941 Dei
1789 1888 1957 1941 conli-

370 1977 505 2032 dant
525 1974 890 2045 protectioue,
922 1981 978 2028 et
1015 1974 1399 2029 intercessione
1422 1976 1598 2029 sancti
1635 1974 1959 2031 Cudberchti

372 2064 548 2121 Patris
568 2064 757 2119 nostri.
782 2063 900 2118 Non
923 2064 977 2118 in
997 2079 1273 2119 armorum
1295 2065 1546 2135 strepitu,
1568 2064 1651 2119 vel
1676 2067 1729 2119 in
1753 2066 1962 2120 ruitura

369 2155 604 2225 lapidum
626 2155 895 2226 congerie,
923 2155 1015 2210 sed
1042 2155 1096 2209 in
1120 2171 1275 2210 muro
1293 2156 1512 2224 pietatis
1536 2171 1782 2226 supernte
1810 2172 1961 2227 spem

371 2245 473 2301 sibi
510 2254 673 2301 certae
699 2243 1027 2301 defensionis
1063 2246 1419 2312 constituant;
1460 2255 1515 2301 et
1544 2248 1828 2317 praesentis
1866 2247 1964 2302 tri-

369 2334 664 2390 bulationis
699 2334 975 2389 miseriam
1009 2335 1076 2390 ad
1113 2343 1328 2391 aeternae
1364 2335 1639 2392 felicitatis
1674 2337 1965 2393 beatitudi-

372 2441 492 2480 nem
525 2423 853 2479 transferant
885 2440 899 2477 :
929 2432 1045 2480 toto
1071 2441 1129 2480 se
1154 2426 1315 2481 corde
1337 2434 1657 2481 convertant
1683 2427 1750 2481 ad
1783 2427 1964 2481 Domi-

372 2534 516 2581 num,
544 2527 599 2573 et
623 2518 669 2572 si
697 2518 827 2587 quid
851 2518 903 2572 in
923 2517 1163 2573 moribus
1178 2519 1291 2573 suis
1316 2519 1711 2573 emendandum
1739 2519 1827 2582 sit,
1853 2533 1959 2573 non

372 2610 608 2681 segniter
632 2610 926 2680 corrigant,
956 2618 1017 2663 ut
1045 2610 1154 2664 Deo
1176 2610 1389 2665 illorum
1414 2609 1627 2679 placeat
1657 2612 1958 2675 conversio,

372 2699 511 2754 sicut
533 2699 891 2754 Ninivitarum
921 2699 969 2752 ei
1007 2698 1210 2768 placuit
1242 2700 1591 2768 pcenitentin,
1630 2708 1685 2754 et
1723 2701 1964 2770 pepercit

374 2790 578 2847 civitati
606 2805 705 2861 per
732 2790 999 2859 lacrymas
1028 2789 1399 2845 confitentium
1438 2798 1657 2859 peccata
1695 2806 1809 2846 sua.
1844 2791 1964 2846 Cle-

375 2898 527 2941 mens
549 2891 633 2939 est
660 2883 803 2937 Deus
819 2889 879 2936 et
901 2881 1228 2945 misericors,
1253 2891 1307 2936 et
1329 2881 1532 2935 nullum
1561 2882 1887 2951 derelinquit
1909 2884 1962 2937 in

376 2989 434 3031 se
460 2981 798 3044 sperantem;
824 2986 948 3025 nam
969 2978 1025 3025 et
1051 2970 1343 3025 novissima
1363 2967 1464 3023 Job
1494 2969 1713 3025 fuerunt
1741 2972 1965 3027 meliora

375 3062 672 3135 prioribus;
717 3063 798 3117 sic
834 3070 890 3116 et
922 3060 1072 3116 vobis
1104 3061 1268 3117 credo
1293 3059 1487 3124 faciat,
1514 3062 1557 3116 si
1592 3062 1659 3117 ad
1701 3063 1821 3133 ejus
1856 3063 1965 3120 cle-

378 3155 629 3210 mentiam
664 3153 1057 3224 deprecandam
1090 3153 1421 3208 unanimiter
1451 3155 1696 3209 conversi
1731 3153 1961 3211 fueritis.

908 3276 932 3304 ει
974 3262 1304 3319 EPISTOLA
1346 3264 1409 3319 Vl
1419 3304 1429 3315 .

650 3372 712 3409 AD
751 3370 990 3410 FRATRI-SS
1024 3370 1375 3409 EBORACENSIS
1409 3372 1692 3411 ECCIJ—ISIJ'I.

865 3445 1044 3518 (Circa
1081 3462 1280 3500 annum
1321 3447 1469 3519 793.)

387 3557 462 3613 Se
481 3556 545 3611 ab
571 3555 979 3631 Eboracettsibus
1003 3559 1066 3611 ab
1092 3558 1315 3627 infaniia
1342 3577 1501 3631 usque
1523 3562 1591 3615 ad
1618 3561 1814 3616 virilem
1840 3573 1966 3617 teta-

456 3635 555 3680 tem
587 3628 861 3681 educatum
892 3637 1040 3697 grato
1079 3630 1254 3681 animo
1278 3628 1569 3698 proﬁtetur.
1598 3631 1819 3693 Illorum
1850 3649 1963 3685 om-

450 3698 593 3750 nium
623 3698 943 3752 orationibus
972 3714 1025 3751 se
1050 3698 1409 3762 commendat;
1447 3710 1517 3764 et,
1554 3711 1608 3754 ut
1638 3719 1669 3754 α
1707 3703 1840 3756 vitiis
1868 3704 1967 3755 sibi

450 3777 687 3832 caveant,
718 3767 977 3821 hortatur.

451 3874 828 3931 Dilectissimis
852 3884 906 3929 et
932 3877 1085 3931 valde
1108 3881 1506 3937 venerabilibus
1528 3883 1583 3936 in
1608 3882 1807 3937 Christi
1842 3887 1968 3939 cha-

378 3965 540 4021 ritate
564 3966 593 4006 ι’
616 3965 977 4021 Eboracensis
1010 3967 1264 4023 Ecclesia:
1292 3969 1570 4037 fratribus,
1602 3982 1796 4028 vestrae
1828 3973 1970 4029 ﬁlius

381 4056 597 4126 pietatis
628 4054 863 4111 Albinus
886 4057 1145 4113 diaconus
1166 4059 1411 4114 salutem.
1491 4090 1495 4095 ·

452 4146 648 4203 Totum
698 4161 834 4201 mea:
875 4147 1177 4204 devotionis
1216 4159 1408 4219 pectus
1452 4162 1646 4208 vestrm
1692 4154 1973 4209 charitatis

382 4236 664 4292 dulcedine
702 4236 976 4307 impletur,
1017 4247 1071 4294 et
1106 4240 1153 4294 si
1192 4240 1321 4309 quid
1359 4241 1516 4311 pleno
1554 4245 1756 4298 alueris
1794 4245 1972 4299 modio

379 4327 1165 4398 supperaddipotest,quotidie
1179 4333 1876 4400 crescendoaccumulatur,
1896 4335 1970 4389 ita

2064 1884 2171 1938 mei
2198 1883 2336 1938 mihi
2357 1891 2442 1938 est
2464 1883 2756 1952 inspector,
2785 1885 2909 1952 quia
2940 1884 3133 1938 devote
3174 1894 3412 1940 vestrum
3444 1899 3657 1954 semper

2067 1971 2121 2024 in
2150 1972 2534 2027 ecclesiasticis
2563 1972 2861 2041 disciplinis
2884 1980 2941 2027 et
2978 1974 3209 2042 spiritali
3239 1974 3482 2029 doctrina
3511 1975 3654 2031 desi-

2067 2061 2292 2115 derabat
2318 2060 2639 2130 profectum.
2669 2062 2738 2115 Et
2773 2063 2816 2117 si
2848 2062 2976 2131 quid
3003 2062 3181 2117 minus
3210 2063 3517 2133 accepistis,
3546 2079 3655 2119 non

2067 2166 2217 2215 mete,
2239 2151 2421 2217 credo,
2446 2152 2615 2220 culpae
2633 2150 2879 2221 deputari
2898 2159 3095 2221 potest.
3121 2152 3187 2205 Et
3208 2167 3481 2221 nunquam
3502 2151 3657 2208 istius
3742 2154 3745 2155 ⁷

2067 2243 2358 2299 voluntatis
2385 2257 2539 2308 meae,
2572 2243 2686 2297 sive
2713 2243 2930 2309 ab;ens,
2962 2245 3076 2298 sive
3103 2258 3361 2313 praesens,
3386 2243 3453 2299 de
3477 2253 3658 2299 vestro

2065 2335 2343 2406 profectu,
2382 2333 2756 2391 benevolentia
2797 2332 3050 2390 cessabit.
3087 2333 3130 2389 Ο
3161 2335 3399 2388 omnium
3427 2332 3654 2389 dilectis-

2065 2426 2187 2480 simi
2231 2424 2423 2480 Patres
2460 2432 2516 2478 et
2559 2422 2779 2490 fratres,
2819 2438 3092 2479 memores
3135 2424 3242 2479 mei
3288 2432 3460 2480 estote
3503 2442 3515 2477 :
3561 2439 3660 2495 ego

2066 2526 2244 2571 vester
2278 2531 2394 2580 ero,
2434 2517 2547 2571 sive
2576 2516 2628 2570 in
2657 2517 2785 2582 vita,
2819 2517 2932 2571 sive
2961 2517 3014 2570 in
3055 2525 3249 2572 morte.
3282 2516 3350 2571 Et
3379 2515 3520 2572 forte
3559 2517 3660 2571 mi-

2063 2606 2337 2660 serebitur
2372 2604 2428 2673 9
2473 2604 2577 2658 mei
2620 2604 2792 2669 Deus,
2828 2614 2889 2659 ut
2924 2606 3079 2675 cujus
3116 2604 3397 2660 infantiam
3424 2606 3657 2671 aluistis,

2063 2696 2181 2763 ejus
2202 2703 2533 2750 senectutem
2570 2694 2862 2765 sepeliatis.
2897 2696 2965 2750 Et
2999 2696 3045 2751 si
3087 2695 3227 2750 alter
3265 2698 3482 2766 corpori
3510 2697 3681 2755 locus.

2067 2786 2429 2856 deputabitur,
2469 2794 2650 2840 tamen
2688 2784 2901 2850 animae,
2941 2784 3367 2854 qualemcunque
3410 2785 3679 2845 habitura,

2066 2877 2189 2940 erit,
2212 2890 2308 2944 per
2325 2883 2536 2930 vestras
2556 2882 2791 2941 sanctas,
2807 2875 2917 2929 Deo
2937 2876 3193 2942 donante,
3217 2876 3653 2941 intercessiones,

2070 2967 2285 3036 requies
2304 2965 2601 3030 vobiscum,
2628 2966 2808 3029 credo,
2840 2964 3156 3032 donabitur;
3186 2966 3333 3035 quia,
3363 2967 3504 3022 sicut
3523 2981 3660 3037 puer

2069 3070 2255 3116 noster
2283 3058 2489 3114 Seneca
2520 3075 2578 3114 se
2605 3058 2802 3114 vidisse
2832 3067 3078 3124 testatur,
3116 3068 3315 3115 nostra:
3350 3059 3660 3116 fraternita-

2072 3151 2141 3206 tis
2163 3139 2372 3204 ani'mas
2415 3150 2469 3203 in
2504 3150 2694 3205 eodem
2723 3148 2922 3207 lzetitiae
2947 3149 3067 3205 loco
3102 3151 3508 3220 congregandas
3539 3166 3661 3208 esse

2068 3241 2342 3296 credimus
2371 3256 2387 3294 :
2423 3240 2522 3295 etsi
2552 3240 2883 3298 meritorum
2912 3240 3201 3297 diversitas
3239 3240 3403 3295 alium
3451 3241 3674 3299 beatius.

2069 3332 2251 3389 laetari.
2292 3330 2474 3397 faciet,
2517 3338 2695 3387 tamen
2741 3331 3065 3387 aeternitatis
3109 3331 3411 3401 aequalitas.
3438 3340 3661 3389 cunctos

2069 3422 2300 3481 feliciter
2326 3423 2509 3477 vivere
2531 3421 2745 3479 efficiet.
2772 3423 2840 3478 Et
2868 3423 3009 3478 sicut
3033 3439 3174 3479 unus
3201 3424 3283 3479 sol
3305 3425 3556 3480 omnibus
3570 3427 3659 3482 lu-

2068 3520 2172 3577 cet,
2201 3529 2304 3567 non
2334 3522 2510 3569 tamen
2539 3524 2762 3583 propter
2790 3514 3071 3569 oculorum
3102 3515 3412 3569 distantiam
3438 3516 3658 3586 aequali—

2070 3615 2153 3660 ter
2175 3606 2243 3660 ab
2267 3605 2517 3660 omnibus
2539 3607 2771 3672 videtur,
2795 3607 2866 3659 ita
2887 3616 3089 3661 (eterna
3113 3608 3390 3664 beatitudo
3412 3610 3662 3667 omnibus

2070 3697 2123 3751 in
2151 3698 2246 3753 Dei
2272 3712 2438 3767 regno
2462 3695 2622 3764 jnstis
2645 3696 3048 3766 perdonabitur,
3075 3698 3201 3754 licet
3229 3700 3547 3756 meritorum
3578 3718 3663 3758 su-

2069 3787 2306 3841 blimitas
2346 3786 2480 3841 alios
2515 3785 2717 3854 majore
2754 3786 2921 3857 gloria
2956 3798 3196 3845 coronet.
3227 3790 3309 3845 Ad
3347 3807 3509 3862 quam
3550 3791 3661 3862 810-

2072 3878 2225 3941 riam,
2259 3877 2557 3931 charissimi
2587 3875 2802 3943 fratres,
2829 3887 2939 3934 tota
2969 3880 3266 3938 intentione
3292 3891 3347 3938 et
3371 3885 3663 3940 voluntatis

2069 3967 2250 4036 operis
2275 3967 2631 4036 vosmetipsos
2664 3968 2854 4036 dignos
2889 3970 3183 4037 pervenire.
3197 3982 3517 4040 praeparate.

2142 4054 2297 4110 Nulla
2323 4055 2557 4110 carnalis
2584 4055 3035 4125 concupiscentia,
3069 4056 3218 4110 nulla
3238 4058 3514 4114 saecularis
3539 4076 3656 4114 am—

2073 4152 2204 4207 bitio
2226 4153 2574 4208 beatitudinis
2600 4153 2705 4207 iter
2728 4142 2881 4207 vobis
2908 4152 3247 4218 intercludat,
3282 4153 3373 4208 sed
3399 4169 3497 4224 per
3518 4156 3657 4210 viam

2073 4245 2316 4299 veritatis
2343 4252 2398 4299 et
2427 4246 2749 4310 sanctitatis,
2780 4260 2878 4314 per
2902 4261 3064 4315 quam
3101 4246 3243 4301 beati
3269 4246 3479 4312 Patres,
3515 4262 3656 4317 prte-

2074 4334 2386 4388 decessores
2427 4335 2621 4398 nostri,
2663 4336 2731 4389 ad
2779 4349 2941 4404 regna
2988 4342 3351 4403 pervenerunt
3395 4336 3658 4402 caelestia,

381 4426 441 4471 ut
466 4416 632 4473 solius
656 4421 933 4473 memoria:
962 4422 1027 4474 de
1057 4421 1207 4475 vobis
1238 4422 1499 4488 suavitas,
1534 4427 1972 4494 supervenientes
2002 4459 2053 4518 Β
2076 4437 2307 4492 superna
2325 4438 2422 4476 vos
2446 4424 2737 4477 comitante
2762 4424 2957 4493 gratia,
2982 4424 3097 4492 pari
3124 4425 3340 4493 pietatis
3368 4441 3656 4491 consensu,

378 4506 658 4580 stecularis
679 4508 940 4578 angustia!
960 4509 1333 4567 tribulationes
1354 4512 1511 4583 longe
1531 4530 1560 4568 a
1582 4517 1807 4570 secretis
1828 4532 1974 4571 men-

384 4598 455 4652 tis
485 4613 620 4653 mete
640 4598 909 4654 cubilibus
937 4600 1187 4670 depellat.
1210 4602 1279 4656 Et
1300 4604 1403 4658 hoc
1436 4605 1569 4659 mihi
1592 4606 1865 4677 singulare
1889 4623 1974 4662 so-

380 4690 574 4744 latium
598 4691 652 4745 in
679 4691 874 4760 spiritu
901 4692 1285 4749 consolationis
1309 4703 1509 4751 sanctte
1530 4697 1790 4752 Dominus
1815 4698 1973 4752 Chri-

381 4790 505 4835 stus
529 4781 835 4851 perdonare
876 4782 1127 4853 dignatus
1166 4792 1269 4839 est.
1322 4787 1429 4841 Vos
1478 4786 1694 4858 fragiles
1740 4789 1977 4844 infantim

382 4884 525 4925 mea:
554 4884 725 4924 annos
751 4868 860 4942 [ΑΙ.
890 4871 1120 4945 animos]
1150 4882 1395 4928 materno
1428 4876 1637 4932 favistis
1676 4877 1888 4939 affectu,
1924 4886 1977 4933 et

384 4958 650 5014 lascivum
677 4961 925 5030 pueritia:
962 4971 1174 5031 tempus
1199 4964 1288 5032 pia
1330 4966 1660 5021 sustinuistis
1698 4968 1976 5036 patientia,

385 5060 445 5105 et
463 5060 703 5120 paterna:
737 5051 1109 5122 castigationis
1138 5055 1433 5125 disciplinis
1462 5057 1528 5111 ad
1558 5057 1853 5126 perfectam
1877 5061 1977 5116 viri

387 5140 682 5195 edocuistis
704 5147 804 5194 tcta
814 5149 940 5205 tem,
966 5150 1021 5196 et
1041 5158 1320 5198 sacrarum
1343 5145 1647 5201 eruditione
1668 5147 1978 5219 disciplina-

389 5246 512 5285 rum
561 5232 879 5286 roborastis.
923 5231 1061 5298 Quid
1110 5234 1230 5302 plus
1269 5234 1451 5291 dicere
1493 5236 1696 5300 habeo,
1745 5239 1884 5305 nisi,
1924 5249 1984 5295 ut

387 5322 581 5377 aeterni
614 5321 779 5394 Regis
800 5323 996 5393 pietas,
1030 5326 1210 5380 omnia
1248 5327 1467 5395 pietatis
1505 5329 1559 5382 in
1600 5343 1687 5383 me
1727 5328 1982 5385 famulum

463 5443 491 5514 ς
703 5432 968 5514 ρυειίεθξ
990 5435 1078 5514 9ᾃ,
1104 5436 1287 5514 Canis.
1319 5439 1387 5514 2i.
1424 5439 1683 5514 (Froben.
1709 5442 1784 5514 5).

462 5500 492 5541 δ
530 5500 882 5577 Eboracensis
924 5504 1171 5577 Ecclesia:
1211 5500 1484 5577 fratribus.
1529 5511 1630 5577 Qui
1674 5500 1983 5568 institutum

393 5573 786 5651 monachorum
806 5572 1294 5651 Benedictinorum,
1314 5579 1421 5651 abs
1442 5572 1624 5644 dubio,
1659 5584 1986 5651 profiteban—

395 5652 505 5712 tur,
536 5643 680 5698 inter
712 5658 850 5712 quos
887 5645 1144 5699 Alcuinus
1168 5661 1224 5702 se
1264 5648 1548 5703 educatum
1589 5643 1983 5708 et'enutritum

395 5711 563 5767 fuisse
590 5714 678 5767 hic
705 5711 1009 5782 profitetur.
1042 5715 1160 5768 Viti.
1193 5715 1390 5769 Mabill.
1437 5719 1489 5772 in
1526 5720 1711 5789 Elogio
1742 5722 1975 5786 Alcuini,

2075 4528 2183 4566 uno
2215 4511 2506 4567 voluntatis
2540 4510 2754 4575 all‘ectu,
2795 4513 3123 4581 quotidianis
3170 4514 3372 4569 currite
3404 4515 3661 4586 profecti-

2074 4603 2195 4657 bus.
2234 4600 2457 4655 Omnem
2490 4616 2521 4653 a
2546 4609 2726 4656 vestra
2756 4610 2941 4658 sancta
2983 4604 3391 4661 conversatione
3418 4605 3661 4676 repellite

2077 4691 2381 4762 segnitiem,
2431 4690 2696 4745 luxuriam
2752 4693 2998 4747 castitate
3052 4701 3287 4761 mutate,
3341 4696 3659 4753 ebrietatem

2077 4781 2230 4851 quasi
2277 4778 2472 4834 inferni
2520 4779 2703 4836 foveas
2761 4781 2964 4853 fugite,
3015 4799 3377 4855 supervacuos
3428 4791 3685 4847 vestium.

2078 4880 2304 4928 ornatus
2338 4873 2503 4928 nolite
2528 4874 2849 4943 exquirere.
2867 4874 3054 4931 Melius
3079 4885 3163 4931 est
3206 4879 3377 4933 servis
3404 4879 3518 4944 Dei,
3545 4881 3661 4934 ani-

2081 4983 2224 5021 mam
2256 4966 2639 5023 ecclesiasticis
2676 4983 2874 5022 ornare
2920 4969 3185 5033 moribus,
3230 4982 3394 5037 quam
3442 4984 3678 5040 corpus,
3727 5023 3732 5027 .

2081 5057 2340 5112 laicorum
2368 5058 2784 5123 consuetudine,
2821 5060 3120 5128 pompatica
3169 5058 3366 5113 vestire
3399 5061 3657 5116 vanitate.

2083 5147 2150 5200 Et
2181 5148 2371 5201 melius
2415 5158 2525 5213 est,
2565 5164 2719 5203 sacra
2762 5150 2952 5203 matris
2998 5149 3256 5205 Ecclesia:
3307 5152 3675 5215 mundissima.

2083 5236 2291 5293 calcare
2343 5237 2546 5301 limina,
2592 5254 2752 5308 quam
2804 5239 3092 5295 lutulentas
3139 5241 3351 5298 villante
3401 5242 3673 5303 fmditatis.

2083 5326 2303 5380 semitas
2336 5327 2698 5395 frequentare.
2736 5328 3019 5398 Regularis
3049 5332 3172 5387 vita:
3210 5348 3306 5390 vos
3333 5334 3550 5395 ordinet
3577 5336 3661 5392 di-

2087 5446 2322 5517 §3,pag,
2355 5444 2479 5519 164,
2506 5446 2742 5519 Epistola
2774 5448 2897 5502 data
2924 5449 3088 5507 fuisse
3112 5451 3327 5507 videtur
3349 5468 3494 5511 anno
3533 5454 3658 5519 795.

2085 5525 2367 5589 postquam
2413 5517 2583 5589 altera
2609 5517 2726 5572 vice
2768 5520 2836 5572 ab
2872 5534 3066 5589 eorum
3101 5524 3374 5579 consortio
3397 5517 3660 5589 sublatus,

2087 5587 2140 5640 in
2166 5585 2393 5661 Galliam
2438 5586 2625 5661 rediit;
2666 5596 2790 5661 ante
2834 5588 3061 5661 cladem,
3089 5600 3237 5661 puto,
3262 5585 3663 5649 Lindisfarnen4

2087 5653 2412 5779 sem,Lcujus
2436 5655 2569 5710 alias
2607 5656 2658 5711 in
2687 5658 2785 5713 hac
2814 5659 2895 5714 vel
2922 5653 3165 5730 sequenti
3210 5653 3431 5737 epistola
3473 5662 3671 5719 mentis

2087 5740 2229 5779 11158ίῖ
3290 5744 3297 5747 ﬂ

2087 5740 2271 5780 ηιδδρι.
3290 5744 3297 5747 ”
