4078 6196
454 335 556 390 H7

1323 321 1383 373 Β.
1424 318 1485 371 ιθ.
1524 312 1751 370 ΑιΒιΝι
1788 308 1918 366 SEU
1956 304 2232 362 ALCUINI
2269 303 2552 362 OPERUM
2587 301 2769 358 PARS
2803 300 2847 354 Ι.

3615 292 3713 347 με

446 448 701 521 sciplins,
726 453 781 498 et
810 438 1187 496 ecclesiastica
1210 431 1429 503 pietatis
1473 426 1771 484 moderatio
1806 435 2043 478 venera—
2061 424 2108 478 A
2135 433 2322 474 eorum
2357 423 2635 472 consortes
2677 412 2860 521 gloria
3083 415 3407 521 mereamur.
3458 401 3576 505 Non
3618 419 3719 458 nos

456 512 592 594 biles
615 533 827 590 efﬁciat.
859 530 1073 584 Sancta:
1113 521 1433 580 humilitatis
1456 517 1702 588 pedibus,
1751 523 1805 570 et
1845 512 2037 569 divinae

455 624 738 684 charitatis
764 619 1018 692 gradibus
1056 630 1154 687 per
1179 628 1374 685 passus
1410 607 1731 666 obedientia:
1765 604 1887 661 caeli
1917 618 2041 658 con-

457 714 698 773 scendite
719 724 902 780 regna.
928 708 1055 763 Hzec
1091 706 1237 761 enim
1264 702 1467 759 caduca
1493 708 1547 753 et
1577 694 1885 752 transitoria
1925 692 2038 747 for-

460 803 705 859 titudinis
731 800 961 856 evincite
986 798 1186 859 animo,
1222 800 1489 863 quatenus
1521 789 1586 843 ad
1614 785 1900 841 amabilem
1929 796 2041 837 cm-

457 895 610 951 lestis
640 893 826 965 gloriae
857 891 1106 962 patriam,
1129 887 1312 942 divina
1346 899 1445 938 vos
1469 881 1668 950 ubique
1697 874 1868 947 gratia
1894 888 2037 943 prte-

459 990 709 1046 veniente
737 993 792 1040 et
814 986 1192 1052 subsequente,
1228 974 1589 1032 laudabilibus
1613 973 1878 1026 bonorum
1915 981 2041 1035 ope—

460 1100 582 1143 rum
620 1081 846 1142 meritis,
875 1094 996 1134 cum
1039 1076 1185 1133 omni
1220 1071 1579 1143 prosperitate
1606 1072 1661 1121 et
1685 1063 1880 1134 gaudio
1918 1075 2041 1131 per-

460 1175 647 1232 venire
673 1184 998 1228 mereamur.

977 1310 1001 1338 ⁸
1038 1292 1369 1349 EPISTOLA
1409 1288 1519 1344 Vll.

872 1426 937 1464 AD
975 1420 1215 1462 FRATRES
1249 1412 1632 1458 EBORACENSES.

1069 1518 1245 1591 (Anno
1283 1512 1432 1583 793.)

468 1639 743 1712 Signiﬁcat
768 1635 1005 1712 laetitiam
1031 1627 1247 1700 epistola
1274 1626 1338 1680 ab
1366 1625 1731 1712 ipsisgafcep‘t-a
1748 1616 2046 1712 ‘hg'rtatu‘r

539 1685 890 1765 H'ééiiam'
903 1685 1130 1756 Patrum
1157 1712 1369 1752 suorum
1386 1685 1607 1761 'rrstigia
1622 1685 1652 1753 ;’
1669 1704 1731 1742 ac
1751 1701 1805 1741 se
1830 1685 2041 1739 illorum

538 1775 855 1833 orationibus
879 1769 1221 1826 commendat.

540 1366 609 1394 ἐ

540 1905 904 1963 Sanctissima:
924 1895 1356 1970 congregationis
1377 1901 1431 1948 et
1452 1892 1777 1947 dulcissimm
1805 1886 2046 1943 dilectio—

468 1999 555 2054 nis
580 1995 935 2053 Eboracensis
958 1989 1211 2047 Ecclesite
1236 1985 1512 2048 fratribus,
1540 1981 1778 2052 ejusdem
1801 1978 1902 2047 pia:
1931 1992 2046 2029 ma-

467 2089 568 2145 tris
618 2086 759 2141 illius
803 2083 1063 2138 Alcuinus
1104 2078 1387 2140 diaconus,
1435 2070 1680 2142 perpetui
1728 2067 1952 2123 honoris
1995 2066 2049 2118 in

467 2177 685 2235 Christo
709 2186 896 2244 pacem
920 2177 974 2225 et
997 2168 1240 2223 salutem.

541 2261 885 2322 Venerabiles
916 2266 1111 2313 vestra:
1136 2253 1439 2312 dilectionis
1477 2253 1544 2307 ab
1570 2251 1597 2290 δ
1625 2246 1897 2303 Eanbaldo
1928 2260 2049 2313 prc-

471 2358 687 2427 sbytero
714 2351 897 2421 accepi
928 2349 1154 2411 litteras,
1179 2359 1407 2415 quarum
1435 2342 1713 2411 pacificum
1744 2336 2050 2405 inscriptio-

471 2425 558 2503 nis
581 2445 778 2501 seriem
804 2441 945 2497 idem
973 2441 1087 2508 ipse
1112 2437 1204 2507 qui
1239 2434 1492 2505 portavit,
1519 2428 1785 2486 mellitluis
1812 2425 2050 2499 (vestrae)

470 2531 811 2591 salutationis
834 2528 1013 2584 verbis
1046 2526 1199 2580 valde
1224 2522 1589 2592 amplificavit,
1624 2518 1861 2573 referens
1901 2532 1929 2569 a
1958 2532 2050 2570 vo-

470 2625 556 2680 bis
596 2620 821 2676 fraterni
869 2616 1070 2672 amoris
1111 2612 1568 2684 perseverantiam
1620 2609 1675 2662 in
1713 2622 1829 2669 nos,
1882 2606 1954 2659 ita
1993 2613 2051 2658 ut

471 2714 615 2768 inter
653 2710 922 2779 lacrymas
963 2702 1301 2760 allocutionis
1344 2708 1541 2755 nostrae
1576 2706 1785 2751 vestras
1812 2711 1910 2765 per
1940 2695 2050 2748 sin-

472 2800 595 2873 gula
621 2799 784 2854 verba
813 2811 974 2851 voces
1003 2794 1188 2849 audire
1217 2790 1531 2847 testimarim
1558 2787 1713 2860 [ϐοά.
1742 2785 1883 2850 Sal.,
1909 2784 2054 2839 testi-

472 2885 658 2960 mavi].
693 2885 845 2955 Quod
871 2892 926 2939 et
955 2884 1010 2938 in
1033 2881 1226 2936 litteris
1252 2878 1588 2949 apertissime
1610 2876 1821 2947 agnovi,
1852 2875 1906 2928 in
1929 2875 2050 2943 qui-

471 2981 576 3035 bus
605 2978 809 3049 legens,
849 2982 1060 3029 vestras
1095 2973 1270 3026 visum
1303 2977 1387 3024 est
1428 2967 1563 3023 mihi
1603 2965 1769 3021 facies
1807 2976 2052 3019 eernere.

472 3068 629 3136 Quod
655 3075 715 3122 ut
741 3080 871 3121 vere
893 3064 1004 3128 fiat,
1027 3064 1265 3118 omnium
1297 3058 1494 3116 efﬁciat
1519 3058 1745 3128 largitor
1766 3056 2047 3117 bonorum,

474 3172 535 3219 ut
568 3162 788 3218 tristitia
832 3166 1011 3214 vestra
1048 3165 1288 3212 vertatur
1334 3155 1388 3209 in
1430 3153 1681 3225 gaudium
1730 3152 1911 3223 (Joan.
1942 3166 2049 3211 xvi,

471 3252 566 3325 20)
593 3260 650 3307 et
682 3249 937 3321 gaudium
964 3257 1207 3303 nostrum
1252 3245 1539 3315 impleatur
1578 3242 1632 3296 in
1680 3241 1768 3295 illo
1813 3241 1904 3309 qui
1944 3239 2057 3294 suis

473 3353 689 3414 quoque
736 3339 813 3394 ait
860 3338 1138 3408 discipulis
1184 3336 1299 3390 :Et
1339 3335 1591 3405 gaudium
1634 3341 1858 3387 vestrum
1908 3347 2055 3386 nemo

474 3432 618 3490 tollet
646 3428 800 3505 [Cet].
847 3429 981 3495 Sal.,
1021 3427 1194 3499 tollat]
1237 3445 1269 3481 (ι
1306 3426 1444 3482 vobis
1487 3426 1666 3497 (Joan.
1712 3440 1821 3489 xvi,
1851 3423 1976 3496 22);
2001 3423 2054 3476 in

475 3540 584 3595 quo
616 3533 701 3579 est
727 3522 980 3594 gaudium
1024 3518 1361 3584 indeficiens,
1417 3517 1562 3572 salus
1602 3524 1882 3587 perpetua,
1926 3529 2055 3584 pro-

474 3615 706 3685 speritas
733 3614 891 3669 beata
918 3620 972 3667 et
994 3610 1269 3667 beatitudo
1297 3609 1545 3680 gloriosa.
1576 3607 1680 3681 ιο
1702 3605 1771 3662 Ut
1793 3606 1908 3661 haec
1935 3620 2054 3659 om-

475 3708 565 3763 nia
591 3707 748 3762 nobis
771 3721 869 3775 per
890 3718 1045 3760 suam
1081 3703 1389 3758 concedere
1415 3699 1839 3756 misericordiam
1870 3697 2054 3768 digne—

473 3804 582 3860 tur,
616 3795 759 3849 illius
785 3802 895 3849 tota
925 3792 1210 3848 dilectione
1242 3799 1297 3846 et
1323 3799 1433 3846 tota
1460 3790 1660 3845 virtute
1696 3788 2061 3843 inhaereamus

473 3885 777 3956 praeceptis.
806 3883 1125 3940 Sanctorum
1154 3882 1370 3936 Patrum
1394 3896 1685 3951 sequamur
1704 3878 2057 3950 vestigia,qui

475 3988 579 4034 nos
612 3982 916 4045 genuerunt
954 3975 1007 4029 in
1038 3973 1274 4039 Christo,
1302 3981 1357 4028 et
1395 3973 1449 4027 in
1492 3973 1597 4027 hoc
1633 3971 2056 4026 sacratissimum

473 4066 614 4124 ovile
639 4075 1120 4139 congregaverunt,
1163 4075 1216 4121 et
1239 4075 1476 4137 paternae
1496 4066 1716 4136 pietatis
1759 4065 1899 4120 lacte
1926 4079 2056 4118 enu-

476 4158 727 4215 trierunt.
755 4155 959 4213 Horum
985 4160 1194 4212 animas
1232 4158 1286 4211 in
1326 4165 1614 4225 conspectu
1645 4157 1839 4210 summi
1868 4155 2057 4210 Pasto-

474 4247 552 4305 ris
595 4262 661 4303 ac
704 4246 1085 4318 Redemptoris
1123 4248 1294 4302 nostri
1338 4248 1556 4301 aeternis
1598 4246 1810 4317 gaudiis
1846 4260 2058 4315 semper

474 4341 731 4398 assistere
769 4340 1054 4396 credamus
1099 4337 1255 4412 [ϐοά.
1292 4337 1431 4402 Sal.,
1479 4336 1793 4409 credimus],
1836 4345 1890 4391 et
1932 4338 2057 4393 inde

476 4431 677 4487 nostris
704 4429 886 4486 favere
904 4430 1175 4501 precibus,
1205 4431 1248 4486 si
1278 4431 1526 4485 mandata
1560 4429 1705 4494 vitm,
1732 4438 1851 4499 qua:
1879 4430 2050 4494 nobis,
2084 4452 2132 4508 ι)

477 4521 687 4594 Spiritu
726 4531 915 4579 sancto
940 4523 1272 4593 inspirante,
1318 4529 1644 4588 statuerunt,
1668 4521 1924 4577 concordi
1962 4521 2055 4577 de-

477 4615 693 4671 votione
732 4629 832 4670 nos
865 4614 1155 4668 observare
1205 4621 1497 4684 agnoscant
1520 4611 1674 4685 [Cod.
1705 4610 1855 4678 δαί..
1892 4622 2056 4685 agno-

475 4704 683 4778 scunt].

543 4795 913 4852 Recordemur
940 4794 1087 4850 omni
1109 4793 1267 4856 hora,
1306 4792 1644 4848 dileetissimi
1677 4791 1892 4855 fratres,
1923 4798 2056 4863 qua—

477 4890 554 4946 les
581 4889 870 4946 habuimus
904 4886 1093 4940 Patres
1130 4893 1185 4939 et
1220 4884 1609 4956 progenitores,
1648 4896 1810 4955 quam
1835 4884 2057 4953 praecla-

476 4993 569 5034 ros
590 4986 646 5034 et
666 4979 804 5047 pios,
833 4975 942 5031 Deo
981 4974 1244 5031 amabiles
1276 4982 1331 5029 et
1359 4976 1506 5029 omni
1547 4975 1741 5046 populo
1771 4974 2057 5030 honorabi-

477 5069 575 5124 les.
601 5064 717 5122 Non
738 5064 908 5121 simus
933 5064 1222 5135 degeneres
1248 5064 1461 5120 illorum
1481 5066 1761 5121 nobilitate
1788 5065 1902 5129 lilii,
1928 5067 2056 5121 dum

477 5158 670 5213 herum
711 5156 854 5212 inter
878 5155 1276 5212 mantissimas
1302 5164 1617 5211 constamus
1651 5155 1927 5226 reliquias,
1959 5171 2054 5212 eo-

479 5258 599 5307 rum
643 5251 942 5322 cegitetnus
988 5248 1190 5305 imitari
1246 5250 1734 5315 conversationem,
1791 5259 2061 5321 quatenus

547 5440 578 5503 μ
614 5426 1055 5503 Edit._Quercet;
1086 5429 1177 5494 50,
1220 5429 1402 5503 Canis.
1427 5428 1802 5503 3‘_7(Froben.
1845 5431 1924 5503 ti).
1952 5430 2055 5486 Le-

477 5497 688 5623 gggggs
718 5499 922 5571 aliquot
954 5497 1264 5557 ditl‘erentcs
1287 5497 1661 5558 adnotavimus
1681 5517 1750 5558 ex
1780 5497 1903 5556 cod;
1948 5516 2050 5555 ms.

721 5633 1009 5719 Εαιιιζιξιιζε)⁸
1035 5638 1352 5719 presbytero.
1396 5630 1639 5719 Eubaldo
1661 5640 1847 5719 __habet
1880 5640 2054 5719 codex

481 5706 815 5764 CaniSianus.
857 5694 1049 5760 NoStra
1087 5694 1265 5763 tarmen
1309 5694 1749 5765 laetiorex’ali—is
1797 5709 1951 5767 codd.
1999 5694 2053 5764 et

2140 508 2323 565 saeculi
2347 505 2591 571 ambitio,
2621 501 2855 560 carnalis
2895 496 3201 559 delectatio,
3229 509 3336 548 non
3362 492 3592 548 luxuriae
3619 508 3717 563 pu-

2142 598 2315 659 tredo,
2336 611 2445 651 non
2470 592 2751 650 ebrietatis
2775 601 2980 644 venena
3006 602 3039 643 a
3059 584 3364 640 rectissimo
3391 583 3572 638 vitalis
3595 584 3719 639 vitae

2142 685 2357 740 tramite
2399 690 2669 746 revocent,
2698 694 2799 749 per
2827 691 2987 747 quem
3028 673 3109 729 illi
3141 672 3450 744 gradientes
3491 671 3718 737 gloriam

2142 791 2266 831 cum
2291 775 2402 828 Deo
2429 778 2744 827 meruerunt
2785 766 3188 835 sempiternam.
3218 760 3516 816 Unanimes
3545 767 3719 816 estote

2142 867 2196 920 in
2230 865 2376 919 omni
2418 866 2561 919 bono
2587 860 2833 923 consilio,
2864 854 3161 913 concordes
3188 853 3242 907 in
3270 852 3418 907 omni
3460 852 3721 922 regularis

2142 957 2264 1011 vitae
2290 953 2591 1024 disciplina.
2627 952 2722 1007 Dei
2754 946 3151 1018 omnipotentis,
3180 944 3274 1013 qui
3303 943 3482 997 cordis
3512 951 3719 998 secreta

2143 1045 2423 1116 conspicit,
2470 1045 2732 1100 honorem
2761 1048 2816 1096 et
2848 1039 3178 1094 voluntatem
3220 1048 3354 1103 pura
3397 1033 3575 1102 primo
3600 1047 3720 1088 om-

2142 1139 2293 1193 nium
2334 1135 2557 1206 quaerite
2587 1130 2937 1194 conscientia,
2965 1135 3025 1182 ut
3049 1124 3167 1193 ejus
3195 1124 3388 1194 gratia,
3431 1138 3552 1193 qua:
3583 1121 3725 1192 opti-

2145 1244 2232 1283 ma
2260 1236 2386 1282 sunt
2414 1233 2471 1280 et
2494 1223 2653 1280 saluti
2678 1221 2943 1292 proxima,
2973 1233 3071 1273 vos
3110 1216 3351 1271 invenire
3382 1213 3564 1269 faciat.
3590 1212 3724 1268 Fra-

2146 1328 2354 1374 ternam
2383 1324 2439 1370 et
2477 1313 2759 1385 pacificam
2800 1324 3013 1378 semper
3046 1308 3341 1362 habeamus
3378 1304 3719 1365 charitatem,

2144 1420 2205 1467 ut
2223 1427 2352 1467 oves
2370 1408 2573 1466 Christi
2598 1406 2839 1476 ejusdem
2860 1404 2985 1457 vita:
3004 1400 3220 1470 pascuis
3239 1398 3538 1467 epulantes,
3564 1395 3724 1450 unius

2134 1500 2301 1558 'ovilis
2340 1514 2497 1555 muro
2522 1507 2824 1559 manentes,
2877 1495 2931 1548 in
2980 1507 3085 1547 una
3134 1489 3396 1545 orationis
3439 1488 3599 1543 domo
3628 1486 3722 1540 Dei

2144 1593 2301 1648 nobis
2351 1588 2778 1646 misericordiam
2832 1590 3211 1641 convocantes.
3263 1578 3376 1633 Nec
3428 1576 3623 1646 aliquis
3669 1592 3728 1631 sc

2147 1683 2421 1738 canonicis
2444 1682 2609 1740 horis.
2636 1695 2667 1734 a
2688 1670 3067 1734 communione
3090 1683 3294 1730 sancta:
3311 1672 3592 1736 orationis,
3616 1686 3726 1725 sua:

2077 1764 2121 1822 Β
2147 1774 2420 1843 negligens
2446 1773 2633 1827 salutis
2654 1778 2885 1840 separet.
2918 1767 3104 1822 Melius
3129 1773 3215 1820 est
3240 1772 3299 1819 ut
3325 1762 3565 1834 angelica
3592 1761 3724 1816 visi-

2146 1865 2280 1920 tatio
2326 1864 2475 1919 horis
2530 1862 2958 1930 competentibus
3014 1858 3253 1913 inveniat
3299 1872 3423 1911 cum
3470 1853 3727 1909 fratribus

2146 1963 2384 2018 orantes,
2423 1967 2582 2021 quam
2627 1949 2825 2005 diaboli
2858 1948 3061 2004 saevitia
3104 1946 3157 2000 in
3188 1946 3366 2014 aliqua
3396 1944 3722 2014 negligentia

2148 2044 2231 2099 vel
2284 2043 2495 2098 luxuria
2542 2048 2836 2110 torpentes.
2890 2035 3190 2105 Unicuique
3234 2033 3528 2089 secundum
3572 2047 3726 2088 suum

2148 2134 2385 2188 laborem
2409 2145 2616 2185 merces
2632 2136 2813 2183 manet
2831 2128 2883 2181 in
2914 2134 3195 2181 aeternum.
3220 2122 3320 2190 Qui
3344 2123 3467 2192 plus
3495 2122 3725 2187 laborat,

2149 2225 2266 2295 plus
2296 2221 2561 2278 mercedis
2585 2220 2831 2288 accipiet.

2220 2317 2331 2372 Nec
2365 2316 2520 2371 labor
2541 2313 2732 2369 salutis
2758 2318 2956 2366 nostra:
2981 2310 3144 2365 durus
3172 2308 3332 2363 debet
3352 2305 3544 2361 videri.
3578 2304 3729 2374 Stepc

2149 2406 2448 2461 austeriora
2474 2403 2862 2458 medicamenta
2890 2406 3131 2469 optatam
3161 2398 3336 2454 solent
3364 2403 3623 2467 praestare
3646 2410 3731 2450 sa-

2150 2495 2335 2549 lutem.
2375 2493 2651 2554 Videmus,
2683 2505 2843 2560 quam
2896 2496 3122 2560 angusta
3171 2495 3324 2557 porta
3368 2496 3423 2540 et
3459 2492 3609 2539 arcta
3645 2486 3732 2539 via

2151 2583 2364 2653 (Matth.
2392 2598 2490 2645 vn,
2523 2581 2610 2650 14)
2643 2579 2812 2635 sancti
2855 2588 3124 2649 martyres
3151 2578 3321 2631 vitam
3348 2575 3576 2645 ingressi
3607 2584 3732 2629 sunt

2151 2673 2555 2740 sempiternam.
2604 2668 2713 2725 Nos
2742 2683 2891 2731 vero,
2930 2667 3146 2730 fratres,
3177 2666 3403 2721 faciliori
3429 2665 3530 2727 via,
3568 2671 3623 2717 et
3651 2662 3729 2717 le-

2151 2764 2287 2817 viori
2336 2778 2498 2819 cursu
2547 2762 2615 2816 ad
2661 2759 2901 2829 ejusdem
2947 2760 3072 2813 vita:
3125 2773 3412 2828 possumus
3453 2754 3732 2825 pervenire

2151 2851 2559 2912 beatitudinem,
2595 2850 2709 2918 ipsa
2738 2849 2950 2903 dicente
2979 2848 3253 2903 Veritate:
3284 2844 3468 2900 Multae
3499 2844 3728 2899 mansio-

2155 2960 2244 2998 nes
2275 2952 2396 2997 sunt
2423 2943 2479 2995 in
2503 2944 2656 2995 domo
2685 2939 2861 2994 Patris
2892 2939 2992 2992 mei
3019 2937 3197 3008 (Joan.
3237 2952 3348 3000 xw,
3384 2934 3461 3006 2).
3508 2935 3734 3004 Propter

2153 3037 2343 3090 merita
2381 3035 2613 3096 diversa,
2665 3032 2970 3086 mansiones
3007 3029 3185 3084 multa:
3214 3043 3229 3081 :
3256 3036 3432 3081 tamen
3479 3027 3736 3082 omnibus

2082 3108 2125 3168 (ἶ
2156 3126 2311 3180 beata
2339 3123 2612 3179 :eternitas
2639 3129 2693 3177 et
2720 3128 2918 3176 aiterna
2944 3118 3222 3174 beatitudo
3248 3118 3371 3171 erit.
3403 3115 3538 3183 Quia
3576 3116 3730 3186 quis-

2156 3215 2277 3284 quis
2302 3215 2375 3270 ibi
2400 3213 2524 3279 erit,
2552 3214 2743 3267 beatus
2771 3211 2875 3265 erit
2899 3217 2953 3264 et
2979 3207 3261 3279 gloriosus,
3288 3206 3379 3259 ubi
3397 3205 3530 3274 justi
3561 3203 3730 3274 fulge-

2156 3307 2279 3360 bunt
2306 3306 2438 3359 sicut
2459 3302 2539 3359 sol
2560 3305 2614 3357 in
2643 3319 2799 3373 regno
2823 3301 2999 3354 Patris
3026 3288 3204 3352 eorum
3229 3295 3443 3368 (Matth.
3470 3311 3591 3358 xm,
3616 3294 3729 3361 43).

2157 3395 2307 3450 Sicut
2342 3395 2485 3449 enim
2531 3399 2839 3448 sanctorum
2877 3397 3176 3458 martyrum
3216 3391 3591 3454 persecutores
3621 3380 3733 3435 fue-

2156 3493 2301 3549 runt,
2330 3483 2544 3539 diabolo
2584 3482 2894 3552 instigante,
2940 3478 3089 3548 impii
3132 3477 3404 3540 homines;
3449 3475 3528 3529 sic
3560 3472 3730 3528 nostri

2154 3583 2531 3645 persecutores
2574 3581 2721 3634 sunt,
2760 3572 2975 3627 diabolo
3007 3575 3350 3641 suggerente,
3380 3566 3562 3622 sazculi
3605 3580 3735 3622 conv

2157 3667 2488 3736 cupiscentia
2511 3676 2564 3721 ct
2589 3664 2822 3720 carnalis
2841 3662 3145 3723 delectatio,
3160 3669 3214 3715 et
3230 3660 3395 3714 animi
3421 3659 3733 3714 inconstan-

2159 3759 2230 3814 tia
2268 3768 2323 3814 et
2367 3758 2461 3813 Dei
2504 3757 2829 3827 negligentia
2876 3755 3275 3808 mandatorum.
3328 3751 3395 3805 Et
3439 3750 3606 3805 veluti
3658 3748 3737 3803 illi

2157 3856 2425 3919 martyres
2463 3846 2676 3908 sancti,
2733 3844 2908 3915 gratia
2956 3843 3242 3912 adjuvante
3284 3839 3493 3903 divina,
3546 3837 3741 3907 impios

2157 3945 2468 3992 constanter
2492 3936 2739 3990 vicerunt
2772 3942 3046 4005 tyrannos,
3074 3930 3309 4001 palmam
3335 3937 3549 3983 aeternis
3581 3943 3738 3984 acce-

2157 4036 2352 4098 perunt
2372 4026 2556 4097 glorim
2581 4043 2593 4078 :
2624 4025 2703 4080 sic
2729 4032 2784 4078 et
2804 4038 2922 4087 nos,
2947 4022 2992 4076 si
3021 4029 3255 4083 nostros,
3288 4019 3394 4072 Deo
3414 4016 3732 4081 auxiliante,

2158 4132 2476 4189 superamus
2500 4115 2859 4176 adversarios,
2886 4119 2941 4168 et
2964 4109 3242 4165 diabolicis
3270 4106 3497 4160 viriliter
3524 4105 3738 4160 resisti-

2158 4226 2281 4266 nus
2332 4207 2782 4278 suggestionihus,
2833 4217 3089 4260 coronam
3138 4207 3408 4271 perpetua:
3456 4196 3634 4251 laudis
3665 4206 3739 4252 .et

2156 4300 2389 4370 palmam
2415 4307 2633 4353 aeterna:
2668 4293 3016 4351 beatitudinis
3042 4288 3313 4361 accepturi
3343 4288 3564 4343 erimus.
3608 4286 3736 4349 Vos,

2159 4387 2357 4443 fratres
2392 4386 2714 4449 cbarissimi,
2746 4384 2852 4439 mei
2895 4382 3113 4446 habete,
3143 4382 3389 4444 obsecro,
3422 4377 3737 4432 memoriam

2161 4478 2216 4532 in
2246 4478 2451 4533 sanctis
2477 4476 2811 4531 orationibus
2830 4473 3048 4537 vestris,
3073 4479 3133 4526 ut
3156 4470 3335 4525 anima
3386 4483 3511 4545 mea
3549 4480 3740 4537 perpe-

2163 4575 2253 4622 tua
2291 4566 2649 4637 prosperitate
2689 4564 2917 4634 gaudeat
2945 4563 2998 4617 in
3034 4561 3208 4617 vobis.
3255 4560 3366 4630 Ego
3400 4559 3623 4613 devotus
3649 4571 3742 4612 ve-

2160 4667 2287 4714 strae
2326 4658 2670 4728 paternitatis
2713 4657 2860 4712 illius
2906 4668 3182 4724 nunquam
3220 4651 3513 4707 obliviscor
3552 4647 3735 4710 vestri,

2160 4750 2255 4806 sed
2277 4765 2489 4820 semper
2512 4750 2765 4819 praesenti
2801 4762 2962 4817 super
2985 4759 3175 4801 omnes
3210 4742 3346 4798 alios
3371 4742 3537 4812 diligo
3564 4739 3743 4796 chari-

2161 4848 2293 4905 tate,
2338 4840 2507 4895 Deum
2546 4838 2787 4909 quotidie
2832 4852 2954 4893 cum
3004 4835 3192 4890 intima
3245 4832 3425 4888 cordis
3477 4845 3742 4899 compun-

2158 4932 2341 4986 ctione
2382 4930 2681 4999 deprecans
2721 4936 2782 4984 ut
2815 4942 2912 4982 vos
2951 4934 3153 4980 :eterna
3199 4923 3403 4992 pietate
3449 4918 3747 4981 custodiat,

2161 5029 2312 5093 regat
2347 5029 2508 5090 atque
2529 5026 2797 5091 protegat.
2824 5016 3011 5072 Valete
3051 5015 3105 5070 in
3132 5013 3368 5075 Christo,
3400 5008 3746 5068 dilectissimi

2160 5112 2371 5167 fratres.

2155 5433 2324 5487 Wilh.
2351 5431 2632 5486 Malmesb.
2658 5430 2938 5486 retinenda
2966 5429 3199 5483 videtur.
3225 5425 3321 5481 Est
3344 5425 3392 5481 is
3416 5423 3558 5480 haud
3580 5421 3744 5479 dubie

2157 5501 2484 5562 Eanbaldus,
2535 5515 2696 5569 quem
2733 5499 3053 5555 Hovedenus
3093 5499 3160 5553 ad
3206 5496 3349 5552 hunc
3394 5507 3595 5549 annum
3634 5492 3742 5569 Ec-

2155 5571 2335 5626 clesiae
2375 5561 2736 5641 Eboracean
2777 5570 3155 5641 presbyterum
3198 5574 3374 5630 vocat,
3401 5572 3606 5641 postea
3629 5561 3743 5641 cpi:

2155 5575 2335 5626 clesim
2375 5575 2736 5651 Eboracensis
2777 5575 3155 5694 presbyterum
3198 5575 3374 5630 vocat,
3401 5575 3587 5636 postea
3629 5575 3744 5685 egra

2155 5654 2352 5783 25:33?
2346 5640 2632 5782 5:31pst
2672 5639 2940 5703 Eccesite,
2990 5640 3057 5696 ad
3103 5651 3260 5707 quem
3290 5644 3372 5691 est
3418 5632 3642 5704 epistola

2216 5726 2320 5764 unc
2346 5726 2456 5764 ω).
