4070 6196
428 307 444 324 ‘
489 299 583 360 151

1354 285 1416 346 Β.
1454 290 1518 346 F.
1557 289 1781 345 ALBINI
1821 287 1952 346 SEU
1987 285 2260 344 ALCUINI
2297 282 2575 342 OPERUM
2614 279 2796 338 PARS
2831 271 2872 333 l.

3643 269 3748 328 15!

486 411 860 486 corrigendum
893 407 964 465 sit
1003 405 1057 464 in
1100 403 1340 460 moribus
1384 402 1810 458 mansuetudinis
1837 378 2057 464 vestrae,
2089 405 2130 458 Α
2163 407 2218 454 et
2245 398 2388 468 quod
2420 406 2684 458 amemus,
2708 384 3291 486 habemus.nAm-emus
3324 396 3527 442 aeterna
3557 394 3612 486 et
3638 404 3745 442 non

486 505 646 563 citius
679 491 963 572 Eorrigite.
1014 495 1275 550 Patronos
1316 501 1526 548 vestros
1559 493 1628 548 ad
1657 507 1753 547 vos
1790 500 2059 555 revocate,

455 595 576 667 'qui
606 608 700 648 vos
736 592 804 646 ad
849 599 1058 656 tempus
1103 584 1521 654 dereliquerunt.
1578 580 1695 637 Non
1744 581 1914 638 defuit
1961 581 2066 636 illis

485 691 721 756 potestas
757 679 896 750 apud
932 677 1027 733 Dei
1075 676 1418 731 clementiam
1441 713 1456 738 ,
1511 674 1602 728 sed
1653 674 1923 728 nescimus
1969 687 2066 726 cur

487 778 785 828 tacuerunt.
825 767 999 823 Nolite
1031 765 1251 837 gloriari
1283 763 1336 818 in
1366 763 1602 818 vanitate
1629 762 1898 825 vestium;
1949 761 2065 816 haec

485 877 590 918 non
614 869 698 918 est
725 859 896 932 gloria
920 857 1259 914 sacerdotum
1289 861 1343 907 et
1367 867 1646 908 servorum
1673 850 1790 915 Dei,
1816 851 1908 905 sed
1937 865 2066 905 eon-

485 951 721 1008 tumelia.
753 949 928 1005 Nolite
955 949 1009 1003 in
1038 946 1302 1002 ebrietate
1326 943 1490 998 verba
1519 941 1820 997 orationum
1851 949 2060 994 vestra-

483 1056 604 1098 rum
651 1041 848 1097 delere.
903 1037 1022 1094 Non
1069 1034 1276 1090 exeatis
1324 1041 1447 1103 post
1492 1031 1730 1086 luxurias
1781 1030 1960 1085 carnis
2009 1039 2064 1084 et

481 1135 738 1190 avaritias
763 1131 966 1196 saeculi,
991 1129 1085 1184 sed
1115 1127 1171 1182 in
1199 1125 1419 1181 servitio
1449 1123 1542 1178 Dei
1572 1130 1627 1177 ct
1654 1119 1914 1191 regularis
1940 1121 2062 1175 vita:

481 1225 763 1296 disciplina
795 1222 1018 1278 ﬁrmiter
1041 1225 1371 1290 permanete,
1401 1224 1461 1270 ut
1495 1213 1818 1268 sanctissimi
1851 1213 2060 1275 Patres,

480 1317 574 1388 qui
591 1331 689 1373 vos
704 1321 1026 1387 genuerunt,
1041 1309 1194 1367 vobis
1211 1315 1544 1378 protectores
1562 1319 1681 1360 esse
1701 1319 1807 1359 non
1827 1313 2058 1359 cessent.

481 1404 586 1462 Per
613 1406 825 1461 illorum
853 1402 1075 1473 vestigia
1115 1399 1424 1470 gradientes
1458 1397 1524 1452 de
1561 1397 1773 1451 illorum
1809 1395 2064 1464 precibus

481 1498 657 1555 securi
684 1493 1067 1568 permaneatis.
1101 1491 1278 1546 Nolite
1309 1491 1472 1544 tantis
1495 1487 1746 1543 Patribus
1773 1487 2064 1556 degeneres

479 1606 602 1648 esse
625 1589 742 1645 ﬁlii.
789 1588 1136 1657 Nequaquam
1179 1583 1255 1638 illi
1296 1599 1328 1636 a
1355 1589 1533 1636 vestra
1561 1579 1850 1634 cessabunt
1875 1575 2062 1632 defen-

481 1685 652 1749 sione,
673 1683 718 1737 si
740 1697 838 1737 vos
863 1680 1076 1736 illorum
1101 1675 1253 1744 sequi
1277 1673 1538 1728 videbunt
1565 1669 1830 1739 exempla.
1859 1667 2060 1722 Tamen

484 1773 552 1828 de
593 1772 696 1827 ista
737 1771 952 1826 miseria
991 1767 1156 1822 nolite
1200 1771 1380 1818 mente
1423 1760 1776 1817 consternari.
1826 1757 2063 1827 Castigat

482 1859 624 1916 Deus
660 1874 874 1914 omnem
913 1857 1080 1911 ﬁlium
1113 1869 1273 1924 quem
1311 1851 1501 1920 recipit
1529 1849 1716 1921 (Hebr.
1747 1864 1840 1910 xu,
1873 1847 1960 1918 6);
2009 1855 2064 1902 et

482 1950 605 2007 ideo
651 1949 789 2004 forte
829 1947 949 2019 plus
987 1960 1084 2000 vos
1128 1943 1454 2014 castigavit,
1509 1941 1632 2010 quia
1681 1939 1802 2008 plus
1852 1937 2059 1993 dilexit.

483 2039 816 2095 Hierusalem
850 2037 1044 2094 civitas
1076 2035 1186 2090 Deo
1219 2033 1415 2088 dilecta
1445 2030 1692 2086 Chaldaea
1721 2027 1932 2082 ﬂamma
1963 2043 2059 2098 pe-

479 2129 590 2185 riit.
616 2130 788 2185 Roma
809 2135 1116 2184 sanctorum
1135 2123 1498 2194 apostolorum
1517 2131 1569 2176 et
1592 2120 2062 2175 innumerabilium

479 2228 778 2291 martyrum
813 2233 1011 2275 corona
1045 2216 1376 2272 circumdata
1404 2229 1734 2284 paganorum
1763 2214 2062 2268 vastatione

480 2308 720 2378 disrupta
741 2314 846 2371 est,
873 2306 967 2361 sed
991 2305 1189 2374 pietate
1213 2303 1372 2358 citius
1396 2310 1730 2372 recuperata.
1767 2303 1900 2358 Tota
1925 2317 2062 2373 pene

481 2395 692 2465 Europa
713 2394 1015 2450 Gothorum
1043 2393 1128 2447 vel
1161 2391 1437 2447 Hunorum
1471 2392 1660 2463 gladiis
1689 2401 1946 2448 evacuata
1978 2403 2062 2448 est

478 2483 740 2550 ﬂammis;
774 2485 869 2540 sed
895 2482 1050 2556 [ιιι.
1077 2481 1146 2555 si]
1175 2481 1352 2546 modo,
1381 2490 1736 2538 conservante
1759 2483 1892 2548 Deo,
1916 2484 2061 2541 velut

480 2577 679 2634 celum
707 2577 899 2642 stellis,
929 2577 1002 2631 ita
1027 2575 1272 2630 ecclesiis
1296 2582 1487 2630 ornata
1519 2574 1788 2646 fulgescit,
1819 2587 1874 2632 et
1900 2577 1955 2631 in
1980 2577 2061 2632 eis

479 2667 652 2723 oﬁicia
680 2667 858 2738 vigent
883 2676 940 2722 et
963 2673 1216 2722 crescunt
1243 2665 1520 2736 religionis
1544 2665 1883 2724 Christianae.
1917 2667 2058 2723 Hor-

479 2759 670 2816 tamini
709 2760 1060 2829 vosmetipsos
1106 2757 1337 2813 invicem
1381 2757 1660 2815 dicentes:
1704 2759 2062 2816 Revertantur

475 2851 546 2906 ad
585 2849 870 2906 Dominum
911 2849 1078 2904 Deum
1121 2859 1400 2913 nostrum,
1439 2850 1566 2920 quia
1597 2866 1822 2922 magnus
1863 2861 1948 2909 est
1991 2854 2058 2908 ad

477 2941 857 3015 ignoscendum
889 2940 1024 3014 (Isa.
1054 2957 1142 3007 ιν,
1173 2941 1248 3012 7),
1289 2949 1344 2996 et
1381 2958 1656 3013 nunquam
1695 2945 1895 3002 deserit
1931 2963 2055 3018 spe-

475 3039 660 3088 rantes
685 3033 740 3088 in
767 3049 845 3089 se.

547 3120 616 3178 Et
648 3120 895 3183 tu,Pater
922 3129 1126 3188 sancte,
1161 3125 1265 3182 dux
1295 3127 1474 3198 populi
1504 3127 1630 3192 Dei,
1673 3137 1858 3196 pastor
1881 3130 2058 3200 gregis

477 3213 681 3278 sancti,
724 3214 965 3270 medicus
989 3217 1326 3282 animarum,
1369 3219 1588 3276 lucerna
1620 3234 1782 3290 super
1808 3220 2060 3276 candela-

478 3307 634 3360 brum
663 3306 861 3376 posita,
889 3315 1007 3362 esto
1034 3305 1206 3363 forma
1240 3309 1296 3364 in
1325 3311 1471 3364 oumi
1500 3309 1741 3366 bonitate
1769 3312 1981 3366 cunctis
2009 3319 2062 3366 te

477 3396 797 3452 videntibus.
823 3397 955 3454 Esto
974 3413 1158 3468 praeco
1179 3399 1367 3455 salutis
1385 3400 1594 3456 cunctis
1618 3408 1672 3455 te
1697 3401 2058 3458 audientibus.

480 3487 566 3545 Sit
589 3499 714 3545 tuus
740 3491 1030 3547 comitatus
1059 3491 1299 3547 honestis
1325 3493 1586 3557 moribus,
1611 3491 1731 3547 aliis
1757 3493 2060 3562 exemplum

480 3581 550 3638 ad
574 3583 772 3648 vitam,
806 3599 911 3639 non
940 3584 1006 3639 ad
1033 3584 1408 3654 perditionem.
1459 3585 1580 3642 Sint
1608 3585 1702 3640 tibi
1732 3589 1922 3657 epulze,
1953 3602 2060 3642 non

482 3671 538 3728 iu
565 3671 853 3737 ebrietate,
896 3673 988 3728 sed
1019 3673 1072 3728 in
1102 3675 1412 3729 sobrietate.
1464 3675 1586 3730 Sint
1613 3679 1933 3734 vestimenta
1969 3684 2062 3732 tuo

481 3761 672 3832 gradui
691 3762 977 3832 condigna.
995 3761 1112 3816 Noli
1131 3770 1182 3817 te
1195 3763 1533 3821 conformare
1553 3767 1732 3823 saeculi
1757 3767 2062 3824 hominibus

480 3855 538 3908 in
563 3853 800 3908 vanitate
825 3854 1024 3924 aliqua.
1063 3853 1242 3909 Inanis
1268 3866 1492 3911 ornatus
1517 3858 1980 3924 vestimentorum,
2007 3867 2062 3912 et

479 3941 660 4001 cultus
689 3943 890 3998 inutilis
920 3944 1013 4001 tibi
1051 3952 1136 4000 est
1171 3945 1517 4016 opprobrium
1555 3955 1680 4004 ante
1711 3949 1976 4014 homines,
2007 3957 2063 4004 et

2080 3089 2131 3152 C

2164 487 2422 556 peritura.
2464 485 2633 539 Vetas
2671 481 2956 551 diligamus
2989 476 3204 532 divitias
3247 485 3304 531 et
3339 491 3444 532 non
3487 475 3746 541 caducas,

2165 576 2520 645 sempiternas
2543 588 2648 628 non
2674 569 3044 633 trausitorias;
3079 581 3335 638 paremus
3357 565 3512 622 nobis
3532 566 3748 622 laudem

2164 687 2194 725 a
2235 672 2364 736 Deo,
2407 678 2462 725 et
2497 685 2603 724 non
2644 668 2712 721 ab
2747 663 3074 720 hominibus.
3119 660 3409 716 Faciamus
3433 660 3575 729 quod
3603 658 3747 716 fece-

2165 771 2291 816 runt
2331 759 2502 814 sancti
2543 771 2678 826 quos
2722 753 3022 808 laudamus.
3069 751 3376 819 Sequamur
3411 747 3628 803 illorum
3655 762 3750 804 ve-

2165 850 2322 922 stigia
2367 849 2421 902 in
2469 847 2629 900 terris
2652 885 2669 910 ,
2715 851 2776 898 ut
2814 843 3030 898 illorum
3071 839 3256 910 gloria:
3303 845 3585 894 consortes
3627 852 3749 893 esse

2166 955 2470 997 mereamur
2509 938 2565 991 in
2608 935 2782 991 emlis.
2834 932 3038 988 Divinas
3079 929 3298 1000 pietatis
3341 929 3606 999 protectio
3647 943 3745 984 nos

2165 1035 2234 1089 ab
2275 1031 2423 1087 omni
2465 1029 2788 1084 adversitate
2825 1025 3097 1080 custodiat
3121 1065 3137 1088 ,
3181 1023 3486 1078 charissitni
3530 1021 3743 1077 fratres.

2165 1123 2351 1176 Valete
2381 1121 2435 1174 in
2457 1118 2675 1174 Christo
2713 1113 3072 1178 dilectissimi,
3103 1122 3158 1167 et
3183 1109 3570 1166 confortamini
3597 1125 3746 1165 scm-

2163 1227 2261 1281 per
2293 1209 2635 1281 proﬁcientes
2655 1202 2752 1277 ιο]

2695 1298 2723 1338 δ
2764 1293 3096 1351 EPISTOLA
3128 1294 3197 1347 Χ.

2167 1410 2232 1448 an
2267 1404 2286 1430 ε
2323 1406 2676 1446 »εοιιιιλιωωι
2719 1389 3121 1458 (Ατιιειηιιωυιι)
3155 1399 3608 1440 Αιιοιιιειηεεορυιι
3657 1399 3744 1439 oo-

2693 1473 2906 1514 ROENSIS
2920 1471 3214 1514 CWITATIS.

2642 1550 2819 1623 (Anno
2845 1549 2948 1604 795
2982 1549 3060 1602 vel
3091 1547 3254 1618 seq).

2169 1642 2430 1696 Hortatur
2452 1643 2520 1696 ad
2551 1642 2799 1696 sectanda
2827 1657 3043 1696 suorum
3081 1649 3468 1693 antecesserunt
3507 1638 3745 1708 vestigia,

2235 1725 2282 1767 et
2311 1713 2380 1766 ad
2413 1711 2797 1782 exsequendum
2843 1709 3098 1782 intrepide
3135 1725 3325 1782 manus
3360 1711 3606 1782 pastoris
3629 1709 3749 1761 ani-

2238 1799 2478 1846 marum;
2501 1777 2555 1834 et
2579 1797 2697 1834 cum
2723 1777 3037 1851 coepiscopis
3066 1781 3175 1833 suis
3196 1777 3400 1833 verbum
3433 1777 3523 1831 Dei
3551 1777 3748 1848 absque

2236 1854 2425 1906 timore
2441 1852 2708 1921 prwdicet.

2233 1943 2330 1997 Pio
2371 1941 2518 1996 Patri
2553 1949 2843 1996 et.sanct.'e
2878 1939 3024 1996 sedis
3053 1938 3266 2008 praesuli
3293 1937 3612 1993 :Edilhardo
3660 1951 3748 1990 ar-

2163 2037 2530 2108 chiepiscopo,
2557 2033 2776 2090 humilis
2796 2034 2958 2090 levita
2983 2031 3242 2089 Alcuinus
3264 2031 3519 2086 salutem.

2232 2127 2471 2183 Audiens
2515 2133 2711 2181 vestrae
2734 2125 3078 2180 salutationis
3121 2123 3286 2179 verba
3319 2121 3650 2184 dulcissima,
3689 2129 3746 2174 et

2160 2219 2540 2291 prosperitatis
2579 2225 2776 2272 vestrae
2825 2217 3114 2272 sanitatem
3172 2213 3358 2268 multis
3397 2226 3744 2282 pernecessa-

2162 2311 2318 2377 riam,
2343 2309 2497 2365 valde
2535 2323 2620 2363 me
2651 2308 2896 2378 gavisum
2921 2322 3040 2363 esse
3069 2305 3240 2361 fateor
3269 2322 3280 2358 :
3321 2303 3533 2358 Domini
3559 2311 3612 2356 et
3650 2301 3745 2356 Dei

2161 2401 2331 2457 nostri
2372 2398 2500 2455 Jesu
2528 2399 2726 2455 Christi
2757 2400 3050 2470 deprecans
3081 2405 3192 2451 tota
3223 2395 3418 2450 mentis
3463 2394 3744 2449 alacritate

2160 2495 2635 2551 elementissimam
2657 2493 2934 2564 pietatem,
2973 2499 3240 2561 quatenus
3267 2496 3502 2544 vestram
3555 2485 3748 2560 [beati-

2162 2586 2424 2657 tudinem]
2458 2586 2696 2656 longazva
2730 2584 2998 2640 custodiat
3017 2583 3375 2652 prosperitate
3400 2580 3453 2634 in
3483 2591 3742 2646 augmen-

2158 2685 2276 2732 tum
2330 2685 2531 2732 sancta:
2557 2692 2669 2731 sua:
2699 2675 2988 2739 Ecclesize,
3037 2683 3098 2728 ut
3145 2687 3242 2743 per
3287 2681 3432 2726 tuam
3463 2668 3746 2724 devotissi-

2158 2783 2303 2822 mam
2339 2767 2642 2822 doctrinam
2689 2767 2912 2821 verbum
2960 2765 3115 2839 [ϐοά.
3173 2763 3313 2828 Sal.,
3363 2759 3566 2833 verbis]
3621 2761 3744 2816 vita:

2157 2868 2374 2915 tcterna':
2397 2867 2607 2915 crescat
2632 2867 2688 2914 et
2723 2868 2928 2922 currat,
2975 2866 3030 2913 et
3059 2856 3448 2926 multiplicetur
3490 2869 3749 2909 numerus

2156 2949 2338 3020 populi
2388 2948 2683 3004 Christiani
2735 2949 2789 3002 in
2845 2948 3055 3002 laudem
3085 2958 3140 3002 et
3175 2945 3400 3016 gloriam
3451 2944 3752 2999 Salvator-is

2159 3042 2362 3106 nostri;
2411 3041 2464 3096 in
2502 3056 2610 3110 quo
2629 3055 2792 3110 opere
2819 3047 2891 3100 te,
2924 3038 3092 3092 frater
3117 3044 3320 3100 sancte,
3349 3034 3597 3088 laborare
3633 3039 3746 3087 tota

2161 3135 2360 3190 virtute
2402 3134 2649 3189 obsecro.
2683 3133 2750 3187 Et
2779 3139 2980 3200 quanto
3022 3129 3142 3198 plus
3191 3125 3585 3197 appropinquat
3627 3123 3750 3179 dies

2161 3223 2628 3286 remunerationis,
2651 3231 2799 3278 tanto
2819 3220 2991 3291 magis
3015 3218 3278 3274 mercedis
3297 3225 3402 3270 tute
3424 3213 3742 3270 felicitatem

2161 3314 2506 3370 accumulare
2529 3314 2768 3368 studeas.

2231 3402 2416 3474 Cogita
2445 3403 2632 3475 quales
2672 3401 2926 3457 habueris
2963 3399 3116 3472 [Cod.
3151 3396 3289 3455 Sal..
3317 3393 3569 3467 haberes]
3594 3393 3621 3434 ἀ
3647 3409 3748 3448 an-

2163 3504 2460 3550 tecessores
2483 3495 2756 3555 doctores,
2781 3500 2836 3547 et
2859 3506 3067 3548 summa
3100 3489 3302 3544 lumina
3341 3487 3508 3542 totius
3531 3486 3746 3570 Britan-

2161 3587 2265 3642 niae
2289 3584 2421 3658 [Cod
2451 3584 2592 3650 Sal.,
2623 3585 2788 3639 totius
2814 3583 2975 3654 hujus
2994 3579 3329 3653 provincite].
3348 3579 3492 3634 [nter
3508 3571 3737 3648 quoin.

2162 3675 2526 3732 sacratissima
2557 3689 2782 3743 corpora
2803 3672 2928 3727 dum
2963 3671 3224 3734 oraveris,
3258 3669 3471 3724 illorum
3493 3667 3744 3738 precibus

2162 3769 2464 3825 certissime
2523 3766 2886 3836 adjuvaberis,
2938 3764 2986 3819 si
3040 3763 3108 3818 ab
3155 3761 3369 3817 illorum
3405 3760 3646 3830 vestigiis
3690 3767 3745 3812 te

2162 3875 2262 3915 nec
2297 3859 2478 3915 surculi
2499 3859 2701 3915 caduca
2725 3857 3091 3912 blandimenta
3115 3854 3456 3918 subtraham,
3490 3867 3588 3907 nec
3615 3852 3739 3906 vani

2164 3959 2398 4003 terrores
2441 3947 2746 4018 principum
2804 3944 3182 4000 formidantem
3236 3942 3490 4000 efﬁciant.
3543 3942 3734 3997 Memor

478 4041 760 4104 peccatum
803 4042 928 4090 ante
973 4035 1161 4090 Deum.
1208 4034 1397 4090 Melius
1441 4044 1526 4092 est
1564 4037 1799 4092 animam
1841 4039 1894 4094 in
1931 4053 2058 4108 per—
2161 4051 2281 4097 esto
2309 4056 2520 4111 semper
2538 4039 2681 4110 quod
2717 4046 2904 4108 guttur
2939 4045 3087 4092 tuum
3116 4037 3242 4092 tuba
3279 4036 3374 4092 Dei
3397 4034 3557 4090 debet
3599 4049 3741 4099 esse,

475 4136 700 4198 petuum
736 4136 1138 4198 permanentem
1179 4129 1336 4184 bonis
1375 4144 1571 4184 ornare
1609 4131 1870 4194 moribus,
1899 4145 2058 4199 quam
2160 4141 2216 4186 et
2264 4132 2441 4201 lingua
2469 4139 2560 4186 tua
2587 4129 2838 4185 omnibus
2878 4143 3056 4198 praeco
3099 4127 3306 4182 salutis.
3355 4125 3483 4180 Esto
3532 4131 3742 4195 pastor,

477 4231 674 4288 corpus
707 4217 816 4272 cito
858 4217 911 4270 in
949 4217 1168 4286 pulvere
1193 4225 1512 4284 putrescens
1536 4219 1818 4288 exquisitis
1843 4234 2060 4276 comere
2162 4239 2267 4276 non
2298 4221 2692 4284 mercenarius;
2721 4228 2922 4283 rector,
2946 4233 3051 4272 non
3083 4219 3402 4278 subversor;
3431 4215 3542 4280 lux,
3572 4223 3742 4270 etnon

477 4311 740 4368 vestibus.
779 4299 1152 4364 Vestiatur’et
1193 4309 1420 4364 satietur
1451 4308 1700 4366 Christus
1725 4311 1776 4365 in
1803 4327 2056 4382 paupere,
2162 4314 2430 4378 tenebrat;
2461 4311 2651 4364 civitas
2674 4310 2826 4363 ﬁrma
2853 4307 2954 4363 ﬁde
2978 4316 3210 4371 murata,
3244 4322 3351 4362 non
3392 4307 3580 4362 domus
3624 4305 3742 4375 plu—

477 4415 538 4463 ut
565 4408 682 4463 haec
707 4405 913 4461 faciens
953 4411 1144 4474 regnet
1185 4419 1308 4460 cum
1333 4401 1569 4460 Christo.
1612 4404 1932 4475 Redemptio
1956 4407 2057 4461 viri
2091 4441 2138 4500 ο
2160 4401 2265 4456 viis
2317 4400 2526 4464 diruta;
2581 4398 2736 4452 miles
2784 4396 2984 4452 Christi
3039 4397 3332 4466 gloriosus,
3367 4411 3472 4450 non
3501 4404 3746 4467 apostata

475 4498 711 4570 propriae
738 4495 939 4551 divitia:
961 4494 1144 4568 (Prov.
1172 4512 1292 4561 xm,
1323 4495 1400 4566 8).
1449 4493 1507 4550 Si
1535 4511 1724 4550 attrum
1752 4496 2054 4567 diligamus,

2161 4491 2312 4557 vilis;
2345 4491 2686 4561 prmdicator,
2719 4497 2774 4544 et
2800 4504 2904 4542 non
2944 4487 3208 4543 adulator.
3243 4487 3432 4542 Melius
3455 4497 3540 4544 est
3576 4487 3751 4543 Deum

478 4587 870 4658 praemittamus
907 4585 1063 4641 nobis
1097 4585 1151 4639 in
1191 4585 1408 4649 coelum,
1435 4585 1524 4640 ubi
1554 4586 1858 4640 servabitur
1882 4588 2057 4651 nobis,
2165 4583 2375 4648 tizuere,
2427 4597 2588 4653 quam
2645 4581 2956 4646 hominem;
2995 4581 3116 4652 plus
3153 4579 3264 4636 Deo
3306 4570 3543 4650 placere,
3583 4597 3742 4650 quam

549 4748 578 4816 ξ
603 4735 1235 4816 Wilhoelmusﬂalmesb.
1263 4737 1359 4816 tot.
1387 4737 1502 4816 eit.,
1540 4753 1663 4816 pag.
1693 4738 1850 4816 1635,
1879 4741 1978 4805 ait,
2005 4742 2060 4795 in
2159 4733 2486 4816 meusiapud
2506 4733 2636 4816 Pagi
2661 4735 2715 4788 b.
2731 4749 2879 4816 aqu.
2900 4735 2984 4816 l
3011 4735 3201 4816 Exstat
3221 4731 3564 4816 eiusquentio
3585 4734 3636 4787 in
3662 4732 3748 4787 ln-

478 4807 630 4864 calce
674 4803 832 4874 hujus
871 4807 1112 4876 epistolas
1157 4807 1226 4862 ab
1268 4807 1496 4862 Alcuino
1537 4803 1718 4863 addita
1766 4809 1930 4864 fuisse
1964 4803 2060 4866 se-
2160 4805 2286 4876 galli
2317 4805 2552 4876 Historia
2585 4803 2900 4876 etrpistolis
2931 4804 3137 4876 Kenulﬁ
3165 4804 3306 4876 regis
3331 4803 3651 4876 Merciorum
3675 4817 3746 4857 an

476 4873 779 4953 quentiaag
805 4873 936 4953 Curii
968 4878 1201 4953 domnus
1233 4886 1417 4953 noster
1443 4893 1536 4953 rex
1561 4877 1788 4934 Carolus
1815 4879 2061 4935 hostibus
2158 4873 2393 4953 Leonem
2416 4873 2495 4953 ΙΙΙ¹
2520 4875 2825 4953 pontiﬁcem
2853 4891 2996 4930 max.
3023 4883 3080 4953 et
3105 4874 3302 4953 Decius
3339 4875 3407 4929 ad
3431 4873 3744 4953 Kentulfttm,

479 4947 579 5018 per
601 4947 1026 5018 misericordiam
1053 4947 1148 5018 Dei
1175 4947 1404 5002 subditis
1428 4948 1644 5002 domum
1673 4957 2054 5012 reverteretur,

480 5015 597 5080 nos,
642 5018 753 5073 Deo
786 5015 1028 5087 iuvante,
1057 5017 1124 5071 ad
1159 5032 1282 5070 eum
1316 5020 1499 5073 venire
1522 5018 1882 5086 disponimus;
1930 5027 1986 5073 et
2012 5021 2057 5075 si

479 5089 608 5158 quid
652 5085 907 5158 tunc‘vel
941 5087 1007 5141 de
1047 5087 1230 5158 pueris
1268 5089 1360 5157 qui
1404 5089 1458 5142 in
1503 5085 1868 5157 captivitatem
1910 5091 2058 5145 dueti

480 5157 606 5229 sunt
648 5173 679 5214 a
720 5157 974 5229 paganis,
1003 5157 1098 5229 vel
1135 5157 1202 5212 de
1241 5159 1364 5212 aliis
1404 5158 1816 5229 necessitatibus
1857 5161 2058 5216 nostris

482 5225 600 5350 (lii,
633 5225 848 5302 ves—tris]
887 5228 1151 5298 proﬁcere
1187 5229 1508 5350 Boterimus,
1543 5228 1828 5299 diligentes
1869 5231 1936 5284 ad
1975 5230 2058 5285 ef-

503 5306 683 5350 ectttm
721 5307 1020 5350 producere
1055 5313 1186 5350 cura
1227 5314 1385 5350 Imus.
1419 5317 1438 5350 ι

503 5306 683 5352 cetum
721 5307 1020 5366 producere
1055 5306 1385 5354 curabimus.
1419 5317 1438 5350 ι

554 5367 582 5407 δ
607 5366 1010 5440 Edit.Quer_ce_t.
1035 5369 1125 5432 28,
1141 5367 1322 5424 Canis.
1350 5369 1374 5424 1
1401 5369 1654 5440 (Froben.
1673 5368 1748 5440 9);
1773 5368 2055 5425 emendata

481 5451 548 5493 ex
573 5437 695 5513 cod.
725 5436 1280 5513 mss..Salisburgensi
1317 5448 1374 5494 et
1403 5436 1460 5513 S_.
1482 5436 1839 5513 Δζτζιιιιιιςξιέιιιιῂ.

555 5517 580 5546 ο
613 5505 774 5561 Varie
817 5508 990 5562 mutat
1012 5507 1114 5562 hoc
1136 5505 1334 5565 nomen
1378 5509 1686 5564 zEdilhardi
1710 5525 1730 5574 ;
1755 5509 1889 5564 alias
1909 5509 2052 5563 enim

483 5573 1057 5645 scriptuminvettitur:
1085 5575 1437 5644 Ede/bardus,
1467 5573 1833 5642 Ethilltardus,
1863 5577 2083 5632 Adelar-

483 5644 612 5720 dus,
637 5644 1011 5720 Attianorum,
1047 5646 1417 5720 Athelhantas.
1459 5647 1582 5704 Fuit
1594 5648 2056 5720 _archiepi§oOpus

485 5713 930 5780 Doroveruensis,
943 5715 1146 5770 electus
1157 5729 1299 5771 anno
1312 5718 1407 5772 79t
1418 5725 1576 5784 ,teste
1589 5713 1840 5774 Simeon'e
1854 5718 1932 5771 Du
1941 5713 2049 5772 nel-

2117 5065 2122 5070 .
2160 5013 2246 5070 {3.
2279 5013 2545 5071 CANISIUS.
2569 5045 2643 5056 ——
2665 5015 3004 5071 Mabillonius
3025 5013 3121 5068 lib.
3152 5029 3258 5068 xxv
3293 5013 3486 5067 Annal.

2157 4960 2296 5014 quas
2323 4943 2612 5014 descripsn
2642 4947 2990 5002 continuatur
3036 4944 3194 4998 Beda:
3233 4944 3328 4998 lib.
3358 4959 3399 5008 ι,
3451 4957 3569 5064 cag.
3602 4943 3670 4996 12
3688 4953 3748 4997 et

2160 5017 2246 5065 15.
2279 5015 2545 5065 ϐικιειιιε.
2569 5045 2643 5056 -
2665 5015 3004 5065 Maliillonius
3025 5013 3121 5065 lib.
3152 5029 3258 5065 xxv
3293 5013 3486 5065 Annal.
3562 5015 3748 5065 θιιοιι..

3562 5027 3748 5076 eneu.,

2157 5100 2211 5138 ιι..
2255 5085 2323 5141 84
2351 5126 2367 5150 ,
2408 5101 2464 5154 p.
2507 5085 2636 5151 29-1,
2681 5085 3056 5140 [Edilhardum
3093 5092 3252 5138 vocat
3302 5085 3469 5137 virum
3525 5099 3748 5154 summa

2155 5151 2446 5226 sanctitatis
2488 5165 2537 5210 et
2583 5157 2852 5226 sapientia!
2878 5195 2896 5220 ,
2925 5155 3015 5224 qui
3042 5155 3311 5226 quondam
3367 5151 3750 5226 abbas___fuerit

2157 5222 2685 5289 Malmesburiensis',
2742 5222 2960 5294 postea
2990 5222 3170 5278 autem
3203 5225 3486 5294 episcopus
3525 5222 3746 5294 Winto-

2156 5297 2376 5360 niensis,
2405 5313 2470 5351 ac
2521 5292 2894 5365 demum'post
2933 5294 3209 5365 decessum
3247 5292 3510 5365 Jamberti
3544 5292 3752 5365 electus

2155 5367 2620 5437 archiepiscopus
2659 5360 3111 5437 Canttt_ariensis_._
3151 5364 3254 5437 (Ex
3315 5363 3591 5437 Cervas,
3641 5360 3742 5437 col.

2157 5430 2406 5558 $42k}?
2423 5430 2714 5490 Wilhelmo
2740 5433 3019 5488 Malmesb.
3053 5430 3189 5490 lib.)
3210 5435 3275 5490 de
3303 5433 3532 5506 Regibus
3557 5430 3747 5504 Angl.,

2221 5522 2272 5558 ι).
2351 5543 2364 5557 .

2152 5503 2656 5656 εῗὲἌὩᾳοςςξρςεξ.
2680 5572 2881 5656 Omn_e_s
2893 5575 3286 5656 sanctissimos,
3295 5573 3672 5656 iiugustinum
3689 5581 3748 5628 ct

2152 5645 2308 5706 alios,
2335 5644 2413 5697 ait
2447 5642 2765 5699 Wilhelmus
2807 5645 3086 5702 Malmesb.
3121 5646 3216 5701 lib.
3249 5661 3263 5699 ι
3291 5645 3370 5700 De
3398 5642 3569 5713 gestis
3601 5657 3741 5712 pon-

2155 5714 2240 5769 tif.
2267 5713 2452 5784 Ang|.,
2485 5714 2576 5767 ubi
2603 5729 2946 5772 successores
2979 5717 3119 5771 vide.
3151 5715 3420 5771 CANISIUS.
