4070 6196
312 305 419 363 {53

1749 300 2108 359 EPISTOLE
2119 340 2131 354 .

3492 311 3595 367 £54

310 417 517 475 homini
543 415 805 472 blandiri.
848 414 986 483 Quid
1015 425 1100 471 est
1120 416 1385 483 adulator,
1417 417 1519 473 nisi
1546 419 1773 473 blandus
1801 417 1902 472 ini-
1929 423 1976 479 Α
2006 419 2165 472 ritate
2193 433 2207 472 :
2249 418 2365 474 Sint
2395 421 2557 476 lumbi
2582 434 2734 477 vestri
2761 434 3032 493 praecincti
3068 435 3116 479 et
3150 437 3379 481 lucerna:
3407 430 3598 484 arden-

306 506 521 566 micus‘l
540 506 749 562 Ambos
774 507 970 575 perdit,
1005 522 1062 562 se
1100 507 1275 578 ipsum
1305 517 1359 563 et
1391 524 1549 563 suum
1577 508 1898 564 auditorem.

306 597 398 654 isti
454 604 601 661 sunt,
649 596 742 666 qui
791 604 1049 649 consuunt
1099 595 1344 666 pulvillos
1398 598 1493 651 sub
1545 597 1687 650 omni
1723 596 1902 650 cubitu

305 688 532 756 .‘Esech.
556 702 681 752 xm,
706 686 817 757 18),
864 694 920 740 et
956 700 1085 740 oves
1119 687 1319 741 Christi
1363 687 1636 743 morbidus
1674 686 1897 749 faciunt,

305 796 417 835 non
448 785 689 834 sanatas.

386 869 495 943 ιε.
520 870 741 939 Virgam
774 870 1028 939 accepisti
1051 871 1376 940 pastoralem
1404 879 1459 925 et
1495 872 1748 927 baculum
1774 885 1904 926 con-

311 962 595 1020 solationis
645 960 944 1016 fraternae:
986 961 1133 1016 illam
1169 963 1238 1017 ad
1281 964 1594 1033 regendum,
1625 965 1787 1018 istum
1835 962 1905 1017 ad

311 1053 723 1113 consolandum.
772 1052 844 1109 Ut
880 1060 1174 1108 maerentes
1216 1051 1641 1109 consolationem
1670 1055 1906 1109 habeant

314 1144 372 1205 in
412 1155 488 1209 te,
532 1152 589 1201 et
621 1152 970 1199 contumaces
999 1145 1392 1200 correctionem
1424 1145 1660 1200 sentiant
1683 1159 1782 1215 per
1826 1152 1900 1200 te.

315 1231 567 1293 Potestas
587 1232 787 1303 iudicis
838 1240 938 1297 est,
971 1234 1252 1299 occidere;
1284 1243 1373 1289 tua
1404 1249 1553 1300 vero,
1603 1235 1901 1290 viviticare.

314 1323 457 1394 Quid
489 1327 649 1380 times
686 1324 962 1379 hominem
1008 1333 1232 1395 propter
1264 1325 1520 1396 gladium,
1551 1326 1643 1396 qui
1696 1325 1903 1381 clavem

315 1419 468 1488 regni
520 1415 776 1486 accepisti
806 1431 838 1470 a
865 1414 1114 1471 Christo?
1143 1415 1449 1470 Recordare
1488 1425 1688 1486 quanta
1712 1431 1904 1486 passus

313 1520 399 1569 est
423 1511 517 1565 ille
542 1524 643 1579 pro
668 1517 741 1574 te,
761 1517 817 1563 et
841 1524 947 1563 non
974 1517 1182 1563 metuas
1216 1508 1360 1578 loqui
1396 1524 1496 1579 pro
1527 1508 1638 1563 illo.
1669 1508 1764 1562 llle
1803 1523 1905 1577 pro

316 1612 410 1657 tuo
447 1616 636 1655 amore
683 1599 850 1654 clavis
896 1599 1139 1655 conﬁxus
1175 1600 1430 1669 pependit
1457 1600 1509 1654 in
1542 1614 1722 1664 cruce,
1766 1608 1823 1654 et
1847 1608 1903 1654 tu

316 1693 513 1747 sedens
557 1691 610 1744 in
654 1689 784 1744 sella
826 1691 1102 1759 dignitatis
1142 1699 1245 1744 tuae
1274 1691 1342 1745 ob
1374 1691 1622 1745 tim'xrem
1668 1691 1905 1745 hominis

2003 518 2079 562 tes
2109 510 2164 562 in
2192 510 2434 565 manibus
2461 513 2642 566 vestris
2664 511 2816 583 (Luc.
2846 529 2951 579 xu,
2981 513 3095 585 35).
3114 514 3171 570 In
3202 515 3401 573 lumbis
3435 520 3596 574 casti—

2005 599 2132 653 tatis
2157 600 2441 667 sanetitas,
2478 603 2531 656 in
2560 602 2796 658 lucernis
2835 606 3236 673 praedicationis
3262 607 3483 667 claritas
3504 611 3596 668 de-

2005 689 2272 759 signatur.

2075 778 2281 833 Memor
2316 788 2434 835 esto
2482 782 2625 850 quod
2676 783 2931 838 sacerdos
2964 786 3186 856 angelus
3236 788 3445 843 Domini
3498 790 3592 845 Dei

2003 878 2088 924 est
2111 869 2332 935 excelsi,
2382 879 2439 925 et
2465 871 2549 925 lex
2591 880 2777 926 saneta
2817 888 2883 927 ex
2934 889 3030 929 ore
3078 875 3195 943 ejus
3249 879 3594 948 requirenda,

1997 960 2154 1031 juxta
2172 962 2315 1031 quod
2334 963 2385 1016 in
2418 962 2683 1018 Malachia
2707 965 2970 1035 propheta
3001 967 3086 1037 (ιι,
3111 968 3164 1039 7)
3193 969 3439 1041 legimus.
3469 972 3596 1043 Spe.

2005 1049 2211 1105 calator
2230 1065 2447 1121 quoque
2468 1060 2553 1108 est
2574 1053 2627 1106 in
2656 1054 3027 1110 excelsissimo
3050 1058 3259 1126 positus
3282 1059 3418 1114 loco.
3444 1060 3596 1116 Unde

2004 1149 2062 1195 et
2106 1142 2394 1213 episcopus
2442 1143 2660 1210 dicitur,
2717 1147 2870 1214 quasi
2922 1148 3229 1217 speculator
3264 1147 3417 1221 [Cod.
3451 1149 3595 1217 Sal.,

2004 1232 2525 1305 superspeculator],
2550 1235 2641 1303 qui
2666 1236 2813 1290 omni
2835 1238 3096 1293 exercitui
3121 1238 3322 1294 Christi
3346 1241 3597 1310 prudenti

2005 1323 2231 1377 consilio
2251 1323 2538 1393 providere
2567 1325 2748 1390 debet,
2780 1326 2909 1394 quid
2937 1329 3236 1383 cavendum
3270 1330 3360 1394 sit,
3403 1330 3598 1400 quidve

2006 1413 2291 1486 agendum.
2350 1414 2443 1470 Isti
2498 1424 2642 1479 sunt,
2695 1416 2749 1471 id
2802 1425 2888 1472 est
2933 1421 3258 1485 sacerdotes,
3309 1420 3597 1477 luminaria

2006 1511 2208 1559 sanctae
2236 1503 2328 1557 Dei
2352 1503 2627 1570 Ecclesiae,
2659 1505 2912 1561 doctores
2939 1508 3118 1579 gregis
3140 1508 3364 1564 Christi.
3406 1508 3496 1564 lsti
3542 1511 3596 1564 in

2005 1595 2180 1664 prima
2210 1593 2325 1649 acie
2352 1593 2606 1649 vexillum
2628 1604 2830 1651 sancta:
2857 1598 3035 1653 crucis
3058 1613 3163 1652 non
3193 1600 3432 1669 segniter
3461 1599 3595 1656 sub-

2005 1686 2188 1739 levare
2226 1685 2443 1749 debent,
2474 1694 2530 1740 et
2564 1686 2632 1740 ad
2671 1702 2886 1741 omnem
2916 1687 3174 1759 impetum
3200 1689 3414 1745 hostilis
3440 1705 3598 1745 exer-

318 1783 587 1838 tacueris?
616 1781 731 1837 Non
780 1782 878 1847 ita,
906 1781 1094 1844 frater,
1124 1797 1232 1836 non
1260 1782 1354 1835 ita.
1392 1781 1497 1835 Sed
1525 1783 1665 1837 sicut
1690 1781 1780 1836 ille
1824 1781 1906 1836 di-
1934 1772 1981 1830 B
2010 1775 2151 1830 citus
2194 1775 2445 1844 intrepidi
2474 1784 2638 1830 stare.
2667 1777 2733 1829 lli
2772 1786 2900 1831 sunt
2948 1780 3038 1846 qui
3087 1778 3310 1845 talenta,
3339 1782 3597 1836 redeunte

314 1873 452 1927 texit
486 1881 556 1938 te,
594 1873 669 1926 ita
701 1872 862 1941 dilige
904 1880 958 1926 et
1007 1872 1177 1926 illum.
1224 1871 1324 1939 Qui
1356 1872 1476 1941 plus
1522 1872 1751 1936 laborat,
1784 1871 1904 1941 plus

316 1963 589 2017 mercedis
612 1961 858 2032 accipiet.
888 1960 944 2015 Si
965 1963 1393 2032 persecutionem
1414 1962 1638 2039 patieris
1685 1971 1905 2032 propter

317 2054 545 2107 verbum
599 2052 713 2115 Dei,
765 2052 893 2120 quid
941 2053 1184 2107 beatius?
1228 2053 1348 2125 Ipso
1392 2054 1619 2108 Domino
1647 2053 1900 2108 dicente:

318 2142 469 2195 Beati
494 2142 584 2211 qui
622 2142 1026 2211 persecutionem
1075 2144 1347 2213 patiuntur
1386 2152 1597 2215 propter
1616 2143 1904 2213 justitiam,

316 2232 571 2300 quoniam
592 2232 827 2301 ipsorum
853 2241 927 2284 est
960 2249 1174 2302 regnum
1197 2233 1441 2288 caelorum
1473 2232 1686 2305 (Matth.
1716 2252 1767 2298 v,
1793 2236 1902 2306 i0).

316 2321 431 2377 Et:
474 2321 631 2375 Ibant
684 2322 904 2392 apostoli
947 2322 1228 2392 gaudentes
1276 2343 1307 2377 a
1356 2335 1629 2396 conspectu
1676 2326 1903 2393 concilii,

315 2413 569 2481 quoniam
592 2411 735 2481 digni
756 2412 920 2465 habiti
938 2421 1060 2465 sunt
1081 2414 1423 2470 contumelias
1442 2417 1552 2486 pati
1573 2433 1667 2486 pro
1700 2419 1908 2472 nomine

316 2502 445 2557 Jesu
472 2502 610 2573 (Act.
636 2517 691 2567 ν,
713 2501 827 2571 il).
865 2503 969 2557 Et:
1013 2503 1137 2558 Non
1165 2516 1285 2560 sunt
1325 2507 1599 2577 condigna:
1641 2509 1907 2578 passiones

317 2596 480 2665 hujus
503 2597 749 2666 temporis
787 2595 858 2649 ad
897 2607 1319 2667 superventuram
1346 2598 1591 2670 gloriam,
1619 2618 1736 2671 qum
1764 2618 1907 2655 reve-

321 2686 518 2741 labitur
564 2689 620 2742 in
646 2688 792 2743 nobis
824 2686 1001 2759 (Rom.
1051 2705 1170 2754 vm,
1210 2690 1319 2761 18).
1354 2689 1409 2744 Si
1439 2692 1769 2761 corripueris
1818 2693 1909 2747 de-

320 2775 655 2846 linquentem
684 2787 740 2834 et
778 2779 847 2833 ad
890 2788 1036 2834 tuam
1077 2781 1498 2851 increpationem
1543 2784 1780 2853 corriget
1828 2800 1907 2850 se,

319 2869 483 2922 etiam
508 2868 663 2940 [Cod.
696 2868 839 2934 Sal.,
867 2869 1015 2942 ecce]
1044 2870 1140 2925 tibi
1177 2880 1262 2926 est
1298 2886 1505 2927 merces
1530 2874 1672 2943 apud
1715 2874 1906 2938 Deum,

317 2967 374 3013 et
422 2958 523 3013 sibi
551 2958 655 3013 erit
704 2958 852 3014 salus
877 2974 907 3013 a
936 2959 1078 3027 Deo;
1106 2961 1150 3018 si
1187 2969 1333 3016 tuam
1359 2962 1536 3017 oderit
1586 2964 1910 3033 increpatio-

321 3063 447 3103 nem
484 3048 690 3120 [Canis.
718 3058 765 3102 et
793 3048 923 3103 Cod.
957 3048 1097 3115 Sal.,
1129 3052 1175 3106 si
1201 3060 1255 3107 te
1281 3052 1457 3108 oderit
1486 3052 1903 3126 increpantem],

319 3138 400 3194 illi
426 3148 509 3194 est
526 3139 822 3205 damnatio,
838 3148 893 3194 et
916 3141 1013 3195 tibi
1038 3141 1332 3198 beatitudo.

392 3228 525 3285 Esto
552 3230 767 3285 miseris
804 3230 1125 3296 consolator,
1155 3233 1481 3303 pauperibus
1519 3243 1696 3305 pater,
1721 3237 1901 3291 omni—

322 3321 429 3376 bus
442 3319 701 3385 alfabilis,
710 3322 879 3377 donec
901 3321 1163 3393 intelligas
1177 3324 1306 3393 quid
1326 3325 1518 3395 cuique
1539 3327 1867 3396 respondeas
1884 3344 1898 3393 ;

322 3419 385 3466 et
414 3425 636 3482 semper
680 3420 767 3467 tua
794 3416 1076 3485 responsio
1114 3416 1225 3471 sale
1258 3417 1330 3471 sit
1359 3418 1635 3488 sapientia:
1661 3420 1896 3475 condita-

322 3517 440 3557 non
486 3505 793 3570 temeraria,
825 3508 920 3562 sed
960 3508 1217 3574 honesta;
1246 3525 1355 3564 non
1378 3511 1628 3577 verbosa,
1665 3513 1761 3568 sed
1789 3529 1893 3569 mo-

320 3592 501 3649 desta.
529 3591 647 3648 Sint
685 3596 778 3651 tibi
802 3612 984 3653 mores
1016 3600 1350 3655 humanitate
1377 3604 1647 3673 prteclari,
1690 3606 1879 3660 humili

320 3693 433 3740 tate
461 3684 776 3750 laudabiles,
804 3687 1004 3757 pietate
1030 3692 1316 3757 amabiles;
1345 3701 1404 3747 ut
1432 3709 1538 3748 non
1566 3695 1742 3750 solum
1784 3712 1881 3751 ver

319 3776 425 3839 bis,
453 3775 549 3831 sed
578 3777 838 3848 exemplis
858 3780 1074 3834 erudias
1111 3788 1288 3836 tecum
1308 3783 1572 3848 viventes,
1610 3784 1695 3838 vel
1739 3786 1807 3840 ad
1851 3795 1906 3843 te

319 3867 618 3922 venientes.
679 3867 762 3922 Sit
820 3877 909 3922 tua
969 3885 1161 3925 manus
1211 3871 1355 3943 larga
1414 3873 1467 3927 in
1523 3874 1901 3947 eleemosynis,

318 3967 567 4028 prompta
596 3960 651 4014 in
692 3960 981 4027 reddendo,
1010 3971 1065 4017 et
1098 3973 1254 4019 cauta
1289 3965 1343 4020 in
1378 3967 1708 4035 accipiendo.
1753 3967 1901 4023 Prae-

318 4062 450 4117 para
485 4050 579 4104 tibi
631 4051 943 4106 thesaurum
992 4054 1047 4107 in
1087 4070 1151 4108 οτι
1172 4055 1236 4109 lis
1261 4054 1398 4126 (Art.
1430 4073 1523 4123 xx,
1549 4058 1660 4130 55).
1694 4059 1903 4113 Divitiae

319 4140 423 4205 viri
478 4141 778 4213 redemptio
808 4141 940 4214 [Al.,
998 4145 1343 4220 depraedatio]
1375 4157 1458 4204 est
1493 4151 1686 4205 anima:
1738 4151 1898 4214 illius,

320 4229 447 4297 quia
473 4229 674 4286 beatius
696 4241 771 4286 est
797 4234 965 4303 magis
1007 4235 1134 4290 dare
1148 4255 1313 4307 quam
1342 4239 1574 4309 accipere
1618 4240 1767 4310 (Luc.
1800 4258 1897 4307 xu,

317 4319 432 4389 35).
457 4320 765 4377 Invenimus
785 4339 947 4378 unam
979 4329 1324 4396 margaritam
1362 4330 1682 4399 pretiosam;
1712 4332 1900 4388 demus

317 4410 521 4475 omnia,
556 4426 678 4480 qua:
713 4413 992 4479 habemus,
1017 4425 1072 4471 et
1093 4434 1335 4474 emamus
1361 4421 1504 4475 illam
1538 4420 1752 4494 (Matth.
1778 4441 1895 4489 xm,

314 4498 429 4570 46).
468 4499 653 4556 Lectio
691 4513 890 4559 sanctae
917 4504 1212 4577 Scriptura:
1239 4513 1434 4581 saepius
1465 4514 1570 4569 tuis
1596 4519 1898 4585 reperiatur

318 4589 374 4642 in
412 4592 682 4655 manibus,
709 4602 771 4647 ut
801 4609 867 4649 ex
899 4595 988 4651 illa
1032 4607 1083 4653 te
1109 4610 1353 4657 saturare
1397 4613 1452 4658 et
1497 4605 1631 4661 alios
1676 4624 1898 4677 pascere

314 4680 519 4736 valeas.
552 4682 758 4754 Vigilia:
776 4693 832 4740 et
858 4688 1133 4745 orationes
1159 4694 1388 4747 assidua:
1412 4695 1519 4748 sint
1550 4696 1667 4761 tibi,
1697 4713 1762 4752 eo
1784 4715 1898 4753 ma-

314 4772 400 4840 gis
419 4787 528 4841 quo
542 4788 642 4843 pro
660 4783 772 4830 toto
801 4778 999 4848 p0pulo
1023 4779 1330 4838 Christiano
1359 4785 1690 4843 intercedere
1711 4788 1893 4844 debes.

316 4866 496 4923 Locus
516 4877 642 4925 tuus
675 4880 756 4925 est
780 4870 922 4927 inter
955 4873 1121 4929 Deum
1160 4884 1306 4931 stare
1332 4886 1387 4932 et
1409 4879 1676 4946 homines,
1716 4891 1777 4937 ut
1802 4883 1897 4938 Dei

317 4958 613 5030 legationes
639 4959 851 5016 deferas
876 4962 942 5017 ad
975 4965 1250 5035 p0pulum,
1279 4974 1334 5021 et
1362 4981 1457 5035 pro
1486 4970 1663 5040 populi
1698 4987 1890 5042 pecca-

316 5053 388 5106 tis
421 5054 726 5109 intereedas
749 5054 816 5109 ad
840 5056 1027 5111 Deum.
1052 5057 1160 5112 Far
1191 5067 1261 5123 te,
1295 5059 1411 5129 ejus
1438 5060 1672 5119 donante
1706 5065 1898 5135 gratia,

318 5141 542 5213 dignum
592 5145 662 5199 ab
695 5159 760 5199 eo
807 5148 1070 5202 exaudiri.
1111 5147 1280 5220 [litae]
1311 5150 1544 5221 dignitas
1584 5154 1746 5209 estin
1780 5156 1902 5211 vitae

316 5235 572 5292 eastitate
622 5245 676 5292 et
699 5238 1022 5307 pnmlicaudi
1060 5239 1278 5303 ﬁducia,
1319 5241 1430 5311 ipsa
1460 5251 1750 5299 attestante
1796 5246 1901 5301 Ve-

392 5392 1263 5471 :ﬁaganitjiege_Gi_l_dam_de
1314 5399 1522 5471 excidio
1572 5400 1895 5471 Britanniae;

312 5471 371 5517 et
384 5462 968 5539 Wilhelm._Malm_esb.
994 5466 1086 5539 lib.
1109 5482 1125 5521 ι
1152 5466 1489 5539 ΡιθςεΑηειη
1506 5487 1553 5525 c.
1574 5470 1683 5525 1-4.
1713 5462 1897 5528 (ἐλκιεξ

389 5534 418 5573 δ
478 5532 798 5605 Flagellum.
842 5535 1211 5592 Vastationem
1236 5532 1550 5594 'Danorum
1610 5557 1752 5599 anno
1795 5542 1899 5599 795

439 5612 552 5660 tum
580 5606 681 5660 abs
704 5605 869 5680 d_ub_io
898 5605 1095 5680 innuit,
1125 5607 1191 5680 de
1219 5622 1323 5680 qua
1357 5609 1463 5680 vid.
1492 5612 1651 5680 epist.
1677 5613 1745 5668 ad
1768 5613 1896 5668 Lin-

311 5672 700 5729 disiarnenses.
728 5675 854 5730 lnde
877 5672 1463 5746 corrigendus'Pagius,
1510 5672 1600 5749 qui
1626 5683 1764 5737 hanc
1788 5686 1896 5754 epi-

2006 1864 2153 1936 Rege
2190 1872 2379 1919 nostro
2421 1864 2531 1918 Deo
2574 1864 2789 1920 Christo
2818 1880 2941 1920 cum
2992 1867 3265 1937 triumpho
3289 1868 3475 1939 gloriae
3526 1871 3594 1925 ad

2004 1964 2286 2025 paternam
2330 1958 2533 2021 sedem,
2583 1967 2936 2026 acceperunt;
2979 1967 3034 2012 et
3062 1960 3359 2015 revenienti
3403 1962 3594 2017 eodem

2006 2058 2201 2114 magno
2228 2043 2402 2098 Judici
2447 2044 2500 2098 in
2540 2045 2627 2100 die
2648 2046 2834 2100 ultima
2864 2044 3019 2117 [Cod.
3052 2047 3190 2113 Sal.,
3218 2049 3443 2122 ultimae]
3488 2051 3596 2106 dis-

2007 2137 2266 2192 cretionis
2296 2136 2559 2191 rationem
2606 2138 2868 2192 reddituri
2895 2148 3041 2204 sunt,
3072 2149 3336 2209 quantum
3361 2143 3591 2213 quisque

2006 2246 2073 2287 ex
2101 2230 2501 2301 prmdicationis
2532 2230 2718 2285 labore
2741 2230 2982 2286 lucratus
3010 2240 3155 2287 esset
3182 2233 3235 2287 in
3275 2232 3449 2288 ollicio
3497 2248 3597 2288 suo

2010 2319 2226 2388 (Matth.
2252 2319 2398 2390 xxv).
2424 2318 2761 2388 Quapropter
2788 2320 3038 2391 teipsum,
3064 2322 3382 2377 charissime
3406 2321 3594 2387 frater.

2009 2411 2261 2466 idoneum
2307 2426 2550 2481 przepara
2605 2411 2914 2466 ministrum
2965 2414 3233 2469 sermonis
3278 2414 3395 2469 Dei.
3447 2414 3598 2470 Alios

2008 2517 2223 2571 quoque
2261 2501 2676 2556 consacerdotes
2724 2509 2848 2556 tuos
2894 2502 3124 2556 admone
3164 2502 3595 2573 diligentissime,

2008 2592 2062 2646 in
2100 2593 2267 2646 verbo
2308 2592 2431 2645 vitae
2474 2606 2599 2644 eum
2629 2591 2775 2643 omni
2807 2590 3067 2645 instantia
3100 2591 3378 2658 laborare;
3408 2600 3598 2662 quate-

2008 2700 2111 2739 nus
2133 2682 2300 2755 [cum]
2332 2682 2611 2751 multiplici
2639 2681 3018 2752 negotiationis
3042 2682 3194 2738 lucro
3216 2691 3339 2738 ante
3367 2700 3595 2755 conspe-

2010 2784 2155 2830 ctum
2182 2775 2370 2830 aeterni
2392 2774 2599 2829 Iudicis
2612 2774 2833 2846 gloriosi
2856 2782 3169 2845 appareant.
3193 2775 3377 2829 Estote
3400 2776 3596 2830 unani-

2008 2884 2125 2923 mes
2154 2869 2206 2922 in
2226 2867 2372 2921 omni
2401 2867 2627 2921 consilio
2650 2867 2888 2937 pietatis,
2919 2876 2972 2922 et
3014 2874 3326 2922 constantes
3362 2867 3414 2920 in
3446 2882 3595 2922 omni

2003 2956 2207 3027 judicio
2258 2957 2547 3028 aiquitatis.
2579 2956 2770 3013 Nullus
2823 2956 2979 3031 [Cod.
3042 2957 3183 3022 Sal.,
3244 2957 3461 3030 nullius]
3500 2974 3597 3014 vos

2012 3049 2262 3103 humanae
2302 3047 2584 3119 dignitatis
2611 3056 2787 3104 terror
2825 3055 3061 3118 separet,
3096 3048 3241 3103 nulla
3272 3048 3595 3105 adulationis

1929 3122 1980 3186 ο
2009 3139 2377 3194 blandimenta
2405 3139 2681 3207 dividant;
2710 3139 2803 3194 sed
2822 3140 2979 3209 quasi
3006 3139 3152 3195 acies
3171 3147 3473 3195 castrorum
3499 3141 3593 3196 Dei

2006 3230 2316 3285 ﬁrmissima
2355 3230 2564 3284 unitate
2584 3245 2680 3284 vos
2703 3229 3031 3301 conjungite.
3061 3229 3151 3285 Sic
3200 3231 3413 3286 tandem
3464 3246 3595 3285 con-

2005 3322 2187 3376 cordia
2209 3329 2389 3376 vestra
2410 3321 2669 3376 terribilis
2687 3330 2914 3391 apparet
2934 3321 3100 3381 omni,
3128 3322 3218 3391 qui
3243 3322 3357 3376 vult
3377 3323 3590 3377 veritati

2007 3412 2398 3476 contradicere,
2431 3410 2719 3468 Salomone
2746 3412 2960 3468 dicente
2992 3430 3005 3465 :
3039 3410 3232 3466 Frater
3256 3414 3303 3465 si
3345 3429 3378 3466 a
3434 3412 3598 3483 fratre

2007 3502 2310 3572 adjuvetur,
2342 3502 2523 3556 civitas
2548 3503 2705 3572 [arma
2733 3511 2808 3556 est
2843 3502 3025 3572 (Prov.
3056 3519 3208 3566 xvm,
3239 3503 3344 3574 l9).

2082 3623 2182 3693 15
2214 3623 2323 3678 Vos
2349 3624 2499 3687 estis,
2533 3623 2746 3677 dicente
2774 3621 3037 3685 Veritate,
3069 3620 3159 3674 lux
3184 3619 3351 3674 totius
3375 3619 3594 3675 Britan-

2005 3719 2109 3774 nia:
2152 3717 2305 3788 (Cod.
2332 3716 2474 3781 Sal.,
2507 3717 2651 3771 illius
2678 3714 2969 3784 provinciae
3000 3712 3221 3786 nostrae)
3247 3756 3261 3779 ,
3291 3713 3370 3768 sal
3400 3721 3589 3781 terrm,

2006 3811 2198 3865 civitas
2228 3823 2393 3879 super
2430 3814 2667 3862 montem
2702 3806 2896 3875 posita,
2922 3805 3141 3861 lucerna
3184 3820 3348 3875 super
3391 3806 3593 3860 candeo

2005 3895 2217 3948 labrum
2252 3894 2461 3948 elevata
2509 3891 2724 3964 (Matth.
2754 3908 2809 3957 v,
2855 3892 2943 3955 15,
2978 3890 3061 3955 li,
3100 3891 3209 3959 l5).
3260 3891 3393 3945 Item
3433 3892 3593 3945 beato

2002 3985 2247 4055 principe
2299 3982 2667 4054 apostolorum
2718 3990 3051 4037 attestante:
3106 3983 3215 4036 Vos
3252 3982 3385 4035 estis
3429 3999 3593 4051 genus

2003 4075 2244 4139 electum,
2276 4074 2449 4144 regale
2489 4074 2860 4128 sacerdotium.
2914 4071 3019 4126 Per
3052 4079 3251 4126 vestrae
3297 4085 3425 4124 vero
3453 4086 3595 4139 prte-

2004 4166 2290 4222 dicationis
2302 4165 2613 4221 instantiam
2631 4181 2729 4220 nos
2744 4164 2962 4227 erimus,
2981 4164 3122 4234 quod
3145 4164 3199 4217 in
3212 4163 3400 4217 eadem
3415 4163 3596 4232 sequi-

2004 4266 2094 4312 tur
2108 4257 2349 4328 Epistola
2372 4271 2388 4311 :
2410 4256 2547 4312 Gens
2575 4267 2775 4319 sancta,
2797 4254 3020 4326 populus
3043 4254 3401 4326 acquisitionis
3420 4270 3439 4306 :
3462 4266 3594 4322 qua-

2005 4356 2161 4403 tenus
2183 4363 2281 4417 per
2306 4362 2402 4403 vos
2427 4348 2604 4401 virtus
2633 4347 2982 4401 annuntietur
3013 4347 3175 4410 illius,
3218 4346 3309 4413 qui
3360 4359 3455 4397 nos
3483 4360 3591 4398 om-

2004 4454 2092 4492 nes
2114 4437 2177 4490 de
2202 4436 2424 4489 tenebris
2448 4438 2643 4489 rocavit
2664 4437 2720 4488 in
2746 4435 3057 4489 admirabile
3089 4436 3264 4489 lumen
3288 4450 3461 4488 suum.
3489 4432 3592 4499 Qui
3641 4483 3645 4486 .

2003 4527 2287 4599 aliquando
2319 4542 2424 4579 non
2446 4524 2669 4596 populus
2712 4525 2824 4589 Dei,
2873 4542 3012 4579 nunc
3045 4536 3221 4580 autem
3246 4523 3468 4596 populus
3498 4523 3590 4579 Dei

2005 4617 2059 4689 (Ι
2090 4616 2235 4671 Petr.
2270 4632 2331 4679 ll,
2362 4616 2416 4681 9,
2448 4615 2557 4687 i0).

2073 4706 2261 4761 Patres
2283 4706 2466 4777 itaque
2486 4707 2677 4770 nostri,
2700 4709 2808 4763 Deo
2827 4709 3194 4779 dispensante,
3221 4708 3347 4764 licet
3373 4722 3398 4749 τι
3424 4725 3589 4779 pega-

2004 4798 2082 4863 ni,
2131 4798 2272 4854 hanc
2303 4798 2535 4869 patriam
2570 4799 2761 4855 bellica
2794 4800 2994 4855 virtute
3041 4799 3277 4869 primum
3330 4801 3587 4869 possede-

2005 4898 2150 4944 runt.
2202 4888 2371 4957 Quam
2424 4891 2627 4962 grande
2676 4891 2842 4963 igitur
2874 4890 3218 4962 approbrium
3268 4897 3351 4944 est
3401 4898 3458 4943 ut
3492 4906 3591 4943 nos

2006 4979 2299 5036 Christiani
2330 4982 2616 5052 perdamus
2645 4983 2787 5052 quod
2816 4982 2889 5036 illi
2932 4981 3123 5052 pagani
3149 4980 3588 5050 acquisiverunt?
3638 4982 3645 4989 ’

2007 5069 2121 5125 Hoc
2150 5072 2272 5126 dico
2294 5081 2513 5141 propter
2532 5073 2560 5113 δ
2582 5072 2846 5143 ﬂagellum
2869 5076 3012 5143 quod
3039 5088 3212 5142 nuper
3242 5071 3439 5128 accidit
3461 5087 3592 5142 par-

2006 5158 2151 5214 tibus
2170 5160 2356 5215 insulze
2379 5169 2600 5226 nostrae,
2626 5177 2746 5230 qua:
2772 5173 2793 5201 ε
2822 5177 2989 5232 prope
3020 5161 3277 5216 trecentis
3322 5161 3591 5233 quinqua-

2005 5248 2152 5316 ginta
2182 5246 2316 5320 [Al.,
2367 5250 2760 5323 quadraginta]
2790 5252 2947 5305 annis
2973 5265 3003 5303 a
3029 5249 3348 5318 parentibus
3375 5250 3589 5308 inhabi-

2007 5405 2200 5477 stolam
2226 5405 2443 5460 biennio
2466 5408 2620 5477 prius
2644 5416 2910 5464 recenset.

2080 5485 2101 5513 ο
2160 5474 2334 5549 Prope
2377 5474 2614 5549 trecentis
2671 5479 3047 5549 quinquaginta
3085 5480 3277 5549 annisL
3311 5479 3395 5533 Ab
3445 5496 3595 5536 anno

2004 5559 2199 5619 nempe
2238 5543 2377 5610 449,
2407 5561 2516 5619 quo
2559 5543 2716 5619 Angli
2769 5543 2825 5603 et
2870 5543 3118 5619 Saxones
3169 5549 3225 5603 in
3249 5547 3588 5607 Britanniam

2005 5615 2382 5689 adventarunt.
2440 5615 2670 5689 Pacu‘s,
2696 5618 2734 5689 l.
2762 5635 2810 5671 c.
2838 5648 2909 5659 ——
2932 5617 3126 5689 Prope.
3176 5619 3275 5689 ait,
3304 5636 3414 5675 non
3442 5622 3586 5674 inte-

2003 5699 2118 5753 gre,
2161 5685 2399 5757 quinque
2422 5685 2565 5741 enim
2591 5687 2715 5741 anui
2738 5689 2805 5743 ab
2828 5704 2891 5743 eo
2915 5685 3142 5743 numero
3165 5688 3444 5745 deﬁciunt.
