4070 6196
449 295 552 354 155

1315 299 1376 353 Β.
1419 297 1480 353 F.
1522 295 1750 352 ALBlNl
1789 295 1922 352 SEU
1961 294 2240 351 ALCUI‘NI
2273 295 2556 352 OI’ERUM
2593 295 2772 352 PARS
2809 297 2849 350 l.

3618 305 3716 361 i56

452 419 562 466 tata
607 365 692 464 est
717 407 936 464 nostris.
969 407 1190 476 Legitur
1213 405 1268 458 in
1305 405 1445 460 libro
1478 417 1504 444 ε
1531 403 1672 460 Gildi
1712 402 2029 458 Brettonum
2058 405 2107 462 Α
2136 401 2248 460 Deo
2290 403 2508 461 Christo
2539 414 2778 477 pastore,
2802 415 2859 460 et
2907 406 3002 460 ﬁat
3027 407 3144 462 haec
3172 409 3352 478 patria
3391 411 3462 466 ab
3487 411 3580 468 illo
3604 413 3710 482 [AL

453 502 608 575 [ϐοά.
635 499 751 556 Sal.
774 495 1117 576 Brectonum]
1141 497 1550 567 sapientissimi,
1571 495 1714 566 quod
1741 495 1902 551 iidem
1929 494 2032 564 ipsi

453 593 732 647 Brettones
743 586 898 660 [ϐοά.
916 585 1354 660 Sat.Brectones]
1368 595 1589 658 propter
1607 587 1825 656 rapinas
1839 593 1895 640 et
1907 600 2033 639 ava-

451 683 631 736 ritiam
661 679 960 750 principum
976 720 990 746 ,
1016 688 1237 750 propter
1261 679 1602 749 iniquitatem
1629 687 1686 734 et
1711 677 2032 746 iniustitiam

445 769 707 840 iudicum,
732 777 958 841 propter
977 769 1236 825 desidiam
1260 777 1315 824 et
1338 769 1616 839 pigritiam
1632 767 2033 839 pratdicationis

451 861 824 930 episcoporum
851 902 865 925 ,
898 869 1119 932 propter
1144 860 1410 916 luxuriam
1447 869 1501 915 et
1537 861 1708 916 malos
1740 874 1920 915 mores
1939 875 2034 930 po-

452 951 582 1022 puli,
631 951 865 1020 patriam
908 951 1280 1020 perdiderunt.
1327 950 1633 1006 Caveamus
1678 952 1795 1006 hinc
1841 951 2031 1008 eadem

453 1044 653 1100 nostris
693 1043 1024 1114 temporibus
1048 1043 1179 1097 vitia
1207 1044 1504 1099 inolescere
1530 1085 1544 1109 ,
1577 1053 1845 1114 quatenus
1869 1045 2035 1100 bene-

451 1135 618 1193 dictio
648 1135 828 1190 divina
851 1135 1008 1190 nobis
1027 1135 1257 1204 patriam
1287 1144 1572 1191 conservet
1593 1137 1646 1190 iu
1673 1135 2034 1207 prosperitate

451 1230 592 1286 bona
620 1270 634 1294 ,
674 1244 838 1298 quam
888 1228 1128 1283 nobisin
1177 1243 1274 1283 sua
1317 1229 1689 1285 misericordia
1733 1231 2036 1299 perdonare

452 1321 669 1392 dignata
697 1327 799 1375 est.
834 1317 906 1374 Ut
935 1319 1039 1374 hoc
1069 1319 1241 1388 ipsum
1291 1319 1672 1390 omnipotentis
1716 1319 1812 1376 Dei
1843 1320 2037 1392 largis-

452 1412 589 1466 sima
618 1409 813 1466 emciat
855 1409 1046 1480 pietas,
1081 1424 1176 1465 vos
1213 1410 1306 1478 qui
1336 1409 1539 1466 clavem
1592 1413 1742 1483 regni
1794 1414 2034 1469 cmlestis

451 1517 575 1558 eum
605 1500 884 1571 apostolis,
943 1499 1142 1570 ligandi
1179 1500 1527 1572 solvendique
1556 1509 1884 1573 potestatem
1944 1519 2037 1561 ac-

451 1593 672 1664 cepistis
693 1609 723 1648 a
742 1592 958 1648 Christo
986 1633 998 1656 ,
1029 1593 1236 1662 aperite
1277 1593 1508 1650 assiduis
1555 1594 2038 1664 prtedicationibus

451 1692 636 1756 portas
661 1683 784 1740 coeli
831 1682 1029 1754 populo
1058 1683 1151 1740 Dei
1187 1702 1200 1749 ;
1228 1692 1283 1738 et
1308 1684 1474 1740 nolite
1499 1693 1680 1741 tacere
1707 1727 1722 1750 ,
1757 1703 1824 1741 ue
1849 1686 2033 1758 populi

2132 509 2164 548 a
2208 493 2374 568 bello]
2405 496 2561 552 nobis
2601 497 2912 567 nostrisque
2957 499 3247 566 nepotibus
3297 513 3620 560 conservata
3664 512 3718 563 in

2131 583 2506 642 benedictione
2525 588 2852 656 sempiterna
2876 605 2892 652 ;
2926 595 2985 642 ut
3002 601 3070 643 ex
3100 589 3204 645 hac
3232 606 3542 649 mereamur
3569 598 3635 652 ad
3660 598 3721 652 il-

2131 672 2238 728 lam
2265 675 2549 743 pervenire
2575 692 2696 746 quae
2733 675 2893 732 ﬁnem
2926 693 3033 732 non
3057 677 3221 734 habet
3253 689 3310 736 et
3339 690 3425 738 est
3459 696 3718 756 perpetua

2131 777 2264 832 pace
2285 765 2615 819 beatissima.

2204 851 2276 910 Ut
2292 853 2362 908 ad
2383 854 2522 910 hanc
2542 857 2832 924 pervenire
2863 869 3174 914 mereamur
3197 901 3212 924 ,
3237 877 3338 917 vos
3363 866 3562 936 smpins
3597 883 3719 926 cum

2133 941 2316 1013 Moyse
2363 958 2521 1000 servo
2572 944 2666 1000 Dei
2712 947 2906 1002 devoto
2943 956 3162 1018 pectore
3211 951 3415 1008 dicite:
3483 955 3718 1030 Respice,

2133 1033 2376 1101 Domine,
2414 1037 2477 1091 d6
2533 1041 2834 1093 sanctuario
2881 1050 2994 1106 tuo,
3023 1052 3072 1096 et
3127 1043 3194 1098 de
3233 1045 3436 1103 excelso
3475 1051 3726 1110 cwlorttm

2133 1125 2454 1192 habitacula,
2506 1139 2554 1183 et
2597 1130 2810 1185 benedic
2847 1131 3040 1202 popqu
3092 1144 3184 1189 tuo
3213 1135 3430 1212 (Israe!)
3478 1152 3530 1197 et
3568 1153 3724 1201 terra:

2132 1233 2290 1288 quam
2316 1218 2504 1274 dedisti
2559 1221 2705 1275 nobis
2726 1220 2906 1292 (Deut.
2928 1238 3076 1290 xxvr,
3111 1225 3218 1298 15).
3274 1227 3405 1285 Item
3429 1247 3552 1287 cum
3597 1249 3730 1305 ιιι-οη

2133 1308 2296 1378 pheta
2331 1307 2428 1364 Dei
2473 1308 2590 1365 Joel
2625 1326 2747 1366 cum
2783 1312 3039 1384 lacrymis
3080 1315 3309 1374 clamate
3341 1337 3355 1373 :
3387 1321 3580 1389 Parce,
3610 1325 3721 1380 Do-

2135 1398 2290 1462 mine,
2314 1416 2471 1470 parce
2512 1401 2704 1471 populo
2731 1412 2838 1466 tuo,
2871 1413 2919 1457 et
2951 1421 3014 1459 ne
3053 1405 3145 1461 des
3173 1408 3536 1466 hwreditatem
3579 1425 3728 1470 tuam

2135 1490 2192 1543 in
2217 1491 2549 1560 opprobrium
2570 1491 2809 1560 gentibus
2825 1492 2985 1564 (Joel.
3009 1511 3076 1560 ιι,
3091 1496 3200 1569 17).
3243 1497 3502 1568 Apostolo
3521 1501 3730 1560 Iacobo

2136 1580 2522 1650 prtecipiente:
2570 1579 2732 1637 Orate
2777 1583 3013 1650 invicem,
3046 1596 3102 1641 ut
3149 1587 3466 1647 salvom-'ui:
3502 1593 3732 1649 multum

2136 1671 2276 1726 enim
2305 1670 2436 1726 calet
2489 1675 2656 1728 oratio
2695 1676 2833 1745 justi
2881 1678 3098 1733 assidua
3125 1677 3330 1751 (Iacob.
3361 1699 3410 1746 v,
3446 1685 3556 1755 16).
3587 1686 3723 1742 Item

452 1749 672 1849 bocca“,
729 1749 880 1831 vobis
902 1749 1278 1844 'impulem“,_
1331 1776 1581 1846 acquirit
1626 1777 1770 1832 enim
1819 1749 2032 1836 ε’νδδίε
2065 1749 2110 1810 Β
2139 1761 2331 1817 Petrus
2349 1765 2625 1834 apostolus
2653 1783 2670 1818 ι
2697 1764 2900 1822 Omnes
2919 1749 3204 1827 unanimes
3227 1772 3282 1826 in
3305 1749 3552 1830 oratione
3577 1787 3725 1833 esto-

449 1869 660 1923 animas
709 1866 850 1922 Deus
877 1907 892 1933 ,
950 1881 1086 1936 quas
1137 1867 1204 1921 ad
1237 1867 1530 1938 regendum
1580 1868 1888 1940 accepistis.
1953 1870 2034 1926 Ex

450 1957 815 2028 subiectorum
861 1957 1037 2013 salute
1062 1965 1243 2013 vestra
1291 1958 1688 2030 multiplicatur
1714 1975 2040 2017 remunera-

452 2049 549 2107 tio.

517 2141 899 2197 Pusillauimes
943 2141 1295 2196 consulamini
1328 2141 1380 2212 (I
1409 2141 1559 2195 Thes.
1579 2158 1632 2206 v,
1658 2142 1766 2214 M),
1801 2144 2036 2200 humiles

450 2230 722 2294 roborato,
773 2238 1023 2284 errantes
1052 2232 1105 2284 in
1130 2231 1272 2284 viam
1303 2231 1549 2285 veritatis
1597 2232 1858 2300 reducite,
1884 2234 2037 2306 igno-

451 2327 634 2375 rantes
664 2320 933 2383 iustrnite,
967 2321 1202 2375 scientes
1250 2321 1636 2388 exhortamiui,
1669 2331 1724 2378 ct
1757 2323 1916 2380 bonis
1942 2341 2038 2381 ex-

451 2409 643 2481 emplis
673 2412 799 2466 vitm
840 2421 1037 2466 vestra:
1070 2427 1264 2468 omnes
1284 2413 1603 2469 conﬁrmato
1627 2455 1642 2480 ,
1691 2425 2040 2475 contumaces

447 2510 504 2557 et
532 2501 744 2557 veritati
777 2502 1076 2558 renitentes
1104 2503 1252 2574 virga
1273 2504 1536 2575 castigate
1563 2507 1852 2576 pastorali,
1877 2517 2038 2564 easte-

447 2607 540 2650 ros
571 2591 760 2648 baculo
797 2593 1183 2649 consolationis
1220 2602 1540 2650 sustentate.
1571 2596 1638 2651 Et
1679 2598 1725 2653 si
1751 2599 2036 2656 unanimes

443 2683 630 2748 eritis,
681 2685 803 2754 quis
833 2684 987 2740 vobis
1033 2685 1287 2741 resistere
1328 2687 1583 2754 poterit?
1625 2689 1720 2744 Vel
1747 2691 1871 2758 quis
1909 2707 2034 2746 cum

445 2773 560 2832 Deo
583 2789 772 2846 pacem
806 2777 1048 2836 habebit.
1079 2778 1123 2834 si
1156 2780 1630 2849 praedicationibus
1656 2781 1863 2855 [Forte,
1899 2801 2039 2856 pra:-

445 2865 802 2940 dicatoribus]
845 2883 958 2923 ante
983 2868 1174 2924 salutis
1222 2885 1330 2924 non
1362 2872 1792 2941 obtemperarit;
1824 2875 2037 2932 dicente

445 2958 563 3030 ipsa
586 2958 826 3014 Veritatc
850 2959 918 3014 ad
945 2960 1333 3030 praedicatores
1358 2963 1509 3018 verbi
1536 2961 1632 3018 Dei
1661 2982 1674 3018 :
1705 2963 1810 3030 Qui
1833 2984 1918 3022 eos
1940 2984 2039 3022 aa-

445 3049 546 3109 dit.
571 3066 655 3104 me
683 3050 852 3112 audit,
895 3059 945 3103 et
972 3051 1063 3122 qui
1093 3067 1180 3106 eos
1207 3054 1422 3123 spernit,
1453 3072 1534 3110 me
1563 3057 1757 3126 spernit
1790 3056 1942 3128 (Luc.
1976 3074 2032 3124 χ,

448 3141 562 3214 16).
600 3141 731 3196 Item
758 3141 826 3196 ad
853 3140 1236 3200 confortaudos
1263 3159 1358 3202 eos
1385 3188 1400 3211 ,
1429 3147 1640 3217 illisque
1671 3148 1923 3204 ﬁduciam
1953 3151 2034 3204 in-

448 3232 742 3303 gerendam
765 3232 1016 3303 loquendi
1034 3237 1303 3292 sermonis
1331 3239 1444 3301 Dei,
1471 3241 1662 3296 eadem
1678 3241 1773 3298 Ve:
1791 3242 1895 3296 itas
1915 3243 1992 3297 ait
2016 3257 2031 3298 :

450 3323 810 3396 Quodcunque
861 3325 1145 3396 ligat-eritis
1186 3347 1346 3398 super
1378 3340 1618 3400 terram,
1671 3334 1766 3386 erit
1816 3333 2036 3404 ligatum

447 3413 788 3482 etincat'is;
837 3426 884 3470 et
927 3417 1273 3490 quodcunque
1317 3419 1572 3477 solveritis
1617 3440 1773 3494 super
1818 3433 2034 3492 terram,

449 3504 550 3562 erit
570 3505 800 3561 solutum
828 3517 878 3561 et
905 3509 961 3562 iu
986 3509 1128 3564 caelis
1160 3510 1374 3584 (Matth.
1402 3530 1513 3580 xvi,
1547 3515 1633 3582 i9,
1665 3528 1713 3571 et
1737 3533 1892 3583 xvm,
1925 3520 2035 3592 18).

451 3597 634 3654 Divisa
660 3607 744 3654 est
775 3608 1017 3669 potestas
1062 3601 1338 3658 sincularis
1361 3612 1416 3658 et
1443 3613 1681 3675 potestas
1729 3609 1986 3678 spiritalis
2021 3625 2034 3664 :

447 3687 538 3744 illa
575 3697 755 3758 portat
787 3689 1025 3759 gladium
1075 3692 1268 3747 mortis
1316 3694 1368 3748 in
1421 3711 1585 3751 manu
1614 3713 1629 3762 ;
1662 3698 1778 3753 haec
1827 3699 2036 3756 clavem

444 3780 572 3834 vita:
610 3779 663 3833 in
695 3779 892 3851 lingua.
940 3780 1036 3836 llis
1071 3782 1312 3838 dicitur:
1357 3784 1438 3839 Ne
1481 3786 1761 3843 timueritis
1808 3807 1915 3846 eos.
1962 3790 2038 3845 De

447 3868 560 3924 illis
611 3869 848 3924 dicitur:
882 3867 1022 3935 Quia
1050 3888 1240 3943 corpus
1271 3874 1534 3941 occidunt,
1583 3877 1814 3933 animant
1863 3889 2038 3936 autem

448 3958 682 4014 occidere
709 3975 813 4014 non
839 3971 1057 4032 possunt
1087 3961 1304 4033 (Matth.
1335 3979 1392 4029 Χ,
1427 3964 1640 4038 26-28).
1673 3967 1749 4023 De
1775 3970 2036 4039 spiritali-

445 4049 549 4106 bus
573 4065 786 4121 quoque
812 4052 1014 4108 dicitur
1047 4071 1060 4106 :
1087 4053 1188 4108 Ubi
1213 4066 1335 4110 sunt
1365 4056 1471 4111 duo
1501 4057 1576 4112 rel
1602 4069 1706 4114 tres
1738 4063 2038 4133 congregati

444 4145 503 4200 in
536 4145 744 4200 nomine
793 4162 929 4212 meo,
967 4147 1040 4200 ibi
1093 4164 1210 4201 sum
1263 4150 1318 4202 in
1368 4151 1539 4204 medio
1595 4169 1776 4206 eorum
1821 4154 2035 4224 (Matth.

446 4247 579 4289 xvut
608 4275 624 4300 ,
675 4233 788 4307 20).
842 4234 902 4290 Si
945 4235 1086 4290 Deus
1111 4253 1206 4308 pro
1253 4239 1400 4294 nobis
1434 4281 1448 4306 ,
1477 4242 1556 4296 ait
1580 4243 1892 4313 Apostolus,
1921 4249 2038 4316 quis

447 4339 632 4384 contra
653 4345 747 4383 nos
769 4327 947 4400 (Rom.
977 4330 1203 4402 vnt,3l)
1225 4332 1248 4384 ἲ
1274 4331 1332 4386 Si
1355 4333 1606 4389 Christus
1633 4337 1686 4390 in
1714 4337 1892 4392 medio
1917 4353 2041 4393 suo-

2060 3098 2110 3160 ϐ

2139 1861 2211 1920 te,
2240 1855 2632 1924 compatieutes
2681 1856 3028 1925 fraternitati,
3067 1861 3301 1917 humiles
3320 1872 3376 1918 et
3412 1865 3722 1923 misericor—

2137 1945 2232 2002 des
2257 1944 2328 2017 (l.
2361 1944 2505 2000 Petr.
2529 1962 2614 2011 ιιι,
2655 1946 2734 2019 8).
2776 1947 2882 2004 Sed
2911 1957 2967 2006 et
3009 1952 3114 2008 Vas
3147 1953 3430 2012 electionis
3469 1962 3732 2031 praecepit

2135 2053 2234 2108 pro
2257 2037 2510 2094 omnibus
2540 2040 2814 2096 orationes
2861 2043 2973 2116 ιθ
2986 2043 3122 2110 ﬁeri,
3157 2061 3256 2116 pro
3279 2049 3500 2119 regibus
3526 2061 3581 2108 et
3601 2069 3717 2108 om~

2137 2130 2298 2186 nibus
2323 2131 2416 2200 qui
2442 2132 2494 2186 in
2520 2133 2848 2191 sublimitate
2870 2144 2996 2191 sunt
3033 2138 3193 2206 positi
3218 2138 3274 2210 (I
3299 2139 3432 2195 Tim.
3461 2158 3522 2206 ιι,
3555 2143 3605 2208 1,
3629 2143 3721 2214 2);

2137 2230 2401 2291 quatenus
2427 2225 2816 2295 omnipotentis
2844 2228 2938 2282 Dei
2973 2230 3145 2299 gratia
3185 2231 3384 2301 populo
3408 2231 3729 2291 Christiano.

2137 2321 2380 2384 tempora
2411 2331 2532 2370 cum
2559 2319 2920 2386 prosperitate
2949 2321 3211 2376 concedat
3244 2324 3484 2393 paciﬁca,
3524 2325 3576 2380 iu
3611 2325 3723 2381 lau-

2137 2404 2259 2460 dem
2282 2414 2338 2460 et
2362 2407 2588 2475 gloriam
2619 2408 2701 2461 sui
2730 2410 2990 2464 nominis.

2138 2494 2167 2534 δ
2189 2493 2331 2550 Urbs
2347 2504 2549 2550 interna
2573 2497 2690 2562 Dei,
2721 2507 2878 2554 teme
2907 2501 2984 2554 sal
3011 2499 3141 2572 (AL,
3165 2501 3291 2575 sol],
3307 2501 3504 2560 lumina
3522 2507 3726 2574 mundi,

2137 2586 2227 2642 Bis
2263 2604 2358 2643 sex
2380 2589 2530 2660 signa
2553 2591 2682 2658 poli,
2718 2607 2930 2647 menses
2953 2603 3008 2647 et
3045 2603 3130 2649 ter
3153 2604 3344 2665 quater
3369 2598 3520 2663 anui,

2136 2675 2314 2746 Atque
2333 2677 2439 2733 dici
2465 2680 2634 2746 home,
2658 2679 2967 2752 lapidesque
2990 2684 3044 2738 in
3068 2693 3352 2742 stemmate
3373 2684 3578 2742 Christi

2139 2767 2332 2824 Vestra
2367 2771 2583 2840 aperire
2609 2771 2790 2840 polum
2815 2775 3018 2842 poterit
3035 2775 3119 2830 vel
3147 2775 3400 2832 claudere
3425 2777 3605 2851 lingua

2138 2863 2402 2919 Doctores
2431 2866 2574 2929 vitm,
2617 2882 2826 2938 magna:
2851 2879 2908 2924 et
2937 2873 3202 2927 medicina
3227 2873 3439 2928 salutis.

2139 2955 2250 3010 Vos
2276 2954 2455 3011 fontes
2479 2957 2608 3022 vivi,
2640 2961 2877 3028 paradisi
2907 2975 2963 3016 et
2983 2960 3202 3018 ﬁumina
3229 2979 3405 3020 sacra.

2139 3045 2250 3102 Vos
2271 3047 2435 3103 decus
2457 3047 2730 3114 Ecclesiae,
2761 3051 2939 3120 populi
2967 3067 3112 3122 spes,
3134 3052 3298 3121 janua
3323 3054 3480 3110 lueis.

2137 3136 2342 3209 Inclyta
2369 3140 2674 3210 progenies,
2705 3140 3006 3198 Salomonis
3028 3141 3207 3198 nobile
3225 3143 3506 3213 templum.

2139 3230 2245 3286 Per
2270 3245 2383 3296 vos,
2407 3247 2442 3286 o
2463 3230 2677 3298 Patres,
2704 3241 2891 3288 nostro
2920 3235 3020 3289 sub
3049 3243 3290 3306 tempore
3311 3243 3422 3292 tota

2139 3321 2412 3376 Virtutum
2436 3321 2644 3377 meritis
2669 3323 2894 3379 fecunda
2935 3326 3209 3381 Britannia
3246 3325 3422 3382 floret.

2140 3415 2250 3471 Vos
2273 3416 2431 3472 simul
2463 3417 2748 3473 unanimes
2773 3416 2974 3474 Christi
3000 3418 3272 3477 defendite
3298 3429 3509 3486 castra,

2141 3507 2208 3562 Et
2243 3508 2430 3578 clypeo
2459 3509 2581 3564 ﬁdei
2617 3511 2720 3566 tela
2745 3521 3066 3581 exsuperate
3089 3512 3347 3580 nefanda;

2139 3597 2365 3654 Pectore
2387 3601 2700 3665 concordes,
2729 3601 2894 3658 fortes
2915 3603 3113 3659 virtute
3143 3620 3402 3675 superna.

2138 3689 2363 3746 Iudiciis
2375 3690 2525 3760 justi,
2555 3694 2786 3750 humiles
2809 3707 2830 3734 ο
2856 3696 3058 3766 pietate
3087 3698 3353 3764 molesta,

2142 3783 2401 3838 Doctores
2426 3783 2627 3853 populi,
2661 3785 2912 3842 ductores
2939 3795 2994 3841 et
3019 3787 3198 3858 gregis
3223 3789 3371 3854 almi,

2142 3872 2369 3943 Semper
2397 3875 2600 3943 ubique
2620 3874 2731 3930 Deo
2760 3891 2856 3931 vos
2879 3893 2976 3932 vos
2997 3886 3173 3933 estote
3198 3876 3408 3935 ﬁdeles.

2142 3965 2487 4038 Multiplicate
2512 3967 2599 4037 pio
2629 3976 2880 4037 percepta
2921 3969 3117 4024 talenta
3141 3969 3346 4035 labore,

2142 4057 2372 4112 Maxima
2396 4058 2540 4129 quod
2574 4074 2786 4114 summo
2811 4061 3039 4129 capiatis
3067 4061 3285 4131 praemia
3313 4059 3472 4126 caelo,

2139 4148 2272 4203 Cum
2296 4149 2514 4204 Christo
2533 4158 2588 4204 et
2617 4150 2820 4206 sanctis
2845 4150 3084 4206 caelestia
3119 4166 3282 4222 regna
3315 4157 3588 4215 tenentes,

2143 4239 2359 4310 Vosque
2385 4240 2490 4295 mei
2515 4255 2782 4295 memores
2811 4239 3060 4295 Christus
3087 4248 3370 4296 conservet
3395 4239 3618 4311 ubique.

2141 4331 2371 4386 Alehuiu
2407 4331 2560 4388 dicor
2583 4346 2706 4402 ego,
2733 4338 2914 4386 vestro
2938 4331 3166 4388 devotus
3189 4333 3384 4388 amori.

445 4433 589 4484 nun,
619 4421 744 4490 quis
773 4420 878 4475 illis
905 4436 1100 4477 nocere
1124 4423 1364 4492 poterit?
1390 4425 1597 4482 Idcirco
1618 4443 1715 4482 vos
1746 4467 1762 4492 ,
1788 4429 2040 4484 sacerdo-
2071 4450 2117 4510 ο
2143 4421 2188 4478 Ο
2213 4438 2310 4478 vos
2333 4435 2604 4494 pastores.
2639 4422 2830 4478 Ρίὶῐΐθε
2855 4422 2972 4477 Sine
2999 4421 3106 4478 "ne
3131 4423 3342 4481 "31610!

445 4519 554 4580 tes,
583 4512 836 4569 ﬁduciam
861 4515 1064 4570 habere
1085 4516 1292 4572 debetis
1319 4519 1670 4588 pnedicandi,
1695 4521 1877 4576 cmteri
1906 4536 2037 4576 vero
2143 4513 2210 4568 Et
2236 4524 2291 4568 tu
2319 4523 2504 4569 sancte
2524 4515 2706 4580 Pater,
2733 4515 2854 4584 pius
2879 4514 3244 4570 Aethelharde
3269 4513 3382 4588 [AL
3405 4555 3420 4580 .
3446 4512 3729 4570 Aedilhar-

446 4605 807 4662 humilitatem
845 4605 1120 4674 audiendi,
1149 4617 1204 4664 et
1229 4609 1592 4665 obedientiam
1637 4610 1890 4675 faciendi,
1918 4629 2038 4683 qutr.

443 4695 664 4766 iubetis.
695 4695 794 4762 llli,
830 4697 882 4753 id
915 4706 1002 4754 est
1024 4699 1343 4765 saeculares,
1372 4701 1482 4755 sint
1507 4701 1822 4759 defensores
1845 4705 2034 4768 vestri,

446 4804 546 4844 vos
573 4787 961 4845 intercessores
1012 4790 1247 4855 illorum,
1280 4800 1339 4846 ut
1372 4793 1444 4846 sit
1473 4810 1613 4849 unus
1641 4810 1772 4864 grex
1804 4795 1904 4850 sub
1929 4811 2038 4850 uno

522 4897 649 4975 uuln
675 4898 807 4954 libro
835 4899 999 4954 Cildi.
1034 4899 1140 4956 Seu
1170 4900 1366 4975 “Gildas.
1422 4902 1658 4975 Scripsit
1695 4904 1885 4975 (Gildas
1912 4917 2036 4975 post

449 4971 684 5028 medium
711 4985 836 5026 saec.
887 4985 962 5034 vn,
993 4985 1138 5026 anno
1167 4969 1270 5025 534
1296 5012 1311 5036 ,
1341 4981 1396 5026 et
1441 4969 1584 5028 anno
1610 4973 1716 5028 570
1761 4969 1928 5029 dicm’
1947 4993 2036 5031 su-

447 5040 964 5113 premnmclausit,
1004 5042 1374 5113 uticontendit
1418 5043 1688 5100 Usserius.
1735 5043 1840 5099 Alii
1887 5046 2034 5102 illum

448 5110 590 5185 anno
625 5110 725 5185 58_l
762 5111 1008 5185 fuisse‘iu
1039 5112 1313 5185 vivisfere
1355 5115 1812 5185 uouageuarium,
1845 5126 1899 5172 et
1925 5119 2035 5172 edi-

448 5183 592 5238 disse
611 5181 892 5250 epistolam
917 5180 993 5235 De
1020 5184 1223 5236 excidio
1264 5180 1572 5249 Britannia,
1601 5202 1706 5240 una
1732 5180 1854 5241 cum
1893 5190 2038 5242 ordi-

448 5254 536 5328 nis
561 5252 916 5328 ecclesiastici
945 5254 1320 5328 castigatione,
1351 5265 1620 5328 asserunt.
1657 5256 1806 5312 lianc
1835 5259 2036 5328 episto-

450 5323 557 5378 lam
604 5321 692 5376 hic
749 5321 927 5376 laudat
975 5321 1253 5388 Aletiinus,
1305 5325 1446 5380 unde
1489 5326 1710 5381 da‘tium
1761 5321 1886 5383 esse
1929 5345 2034 5382 nou

450 5401 627 5516 potest
653 5391 783 5464 quin
813 5391 886 5446 sit
911 5394 1164 5462 genuina,
1189 5394 1302 5464 jam
1327 5407 1452 5451 ante
1475 5399 1638 5452 etiam
1665 5413 1696 5451 a
1724 5398 1858 5453 Ven.
1888 5398 2032 5452 Beda

473 5463 690 5516 sudata.
716 5463 946 5516 Bssasc.

473 5463 690 5516 sudata.
716 5463 946 5518 Bssusc.

525 5532 554 5572 ³³
586 5533 687 5602 17
713 5531 880 5588 Codd.
912 5547 1042 5588 mss.
1071 5532 1268 5591 Salisb.
1293 5547 1348 5592 et
1374 5537 1431 5592 S.
1459 5538 1784 5593 Emmerami
1817 5553 2032 5592 carmen

453 5601 554 5656 hoc
573 5601 850 5656 omittunt.
887 5603 1254 5669 Quereetauus
1293 5607 1422 5667 illud
1451 5609 1573 5663 bina
1605 5609 1722 5664 vice
1743 5608 1889 5664 dedit
1912 5625 1926 5667 :
1953 5623 2035 5662 sc-

455 5672 558 5726 mel
605 5670 732 5792 iuge
777 5671 1016 5751 epistolae
1053 5671 1332 5740 junctum,
1387 5687 1441 5731 et
1489 5679 1682 5732 iterum
1733 5681 1875 5734 inter
1907 5693 2036 5748 poe-

456 5754 596 5792 ttizila
638 5767 651 5792 :
705 5757 870 5792 cnim.

456 5754 596 5796 mala
638 5754 676 5794 Α
689 5754 870 5795 16111111.

3290 4602 3378 4676 de]
3403 4605 3658 4660 sacerdos

2140 4697 2260 4754 iam
2287 4698 2489 4762 valeas,
2521 4697 2724 4767 vigeas,
2763 4695 2982 4752 Christo
3010 4695 3269 4762 donante,
3299 4710 3399 4766 per
3422 4709 3616 4750 aevum.

2211 4929 2233 4956 ε
2280 4915 2480 4994 Pietate
2521 4917 2778 4994 modesta.
2815 4914 2936 4994 _Non
2984 4915 3102 4994 sine
3131 4931 3293 4994 causa
3325 4912 3726 4994 Dorovcruensi

2138 4987 2623 5064 elero_mod_estiam
2656 4986 2894 5064 ingerit;
2929 4987 3072 5056 quod
3100 4993 3156 5040 et
3194 4985 3261 5064 de
3285 4985 3514 5064 vestium
3545 4981 3728 5064 mode-

2139 5059 2240 5141 stia
2286 5057 2570 5141 intelligo;
2592 5056 2983 5141 cujnuslimites‘
3011 5056 3310 5141 (incessisse
3345 5061 3494 5141 patet
3512 5056 3721 5141 ex‘epi-

2138 5128 2275 5182 stola
2318 5121 2490 5184 sancti
2530 5121 2794 5182 Bouifacii
2827 5127 2897 5181 ad
2945 5121 3562 5189 Cuthbertumfcitante
3591 5121 3728 5176 Wil-

2139 5198 2318 5277 helmo
2346 5197 2808 5277 li_lalinesb._lib.__t
2837 5197 2971 5277 Reg.
3009 5195 3192 5277 angi”
3217 5211 3350 5277 _cap.
3381 5193 3437 5277 εξ,
3469 5194 3572 5277 (ιιιίΔ
3594 5193 3724 5277 sub-

2137 5269 2217 5323 dit
2245 5287 2257 5322 :
2297 5287 2313 5318 ι
2349 5267 2492 5323 Sane
2519 5269 2583 5322 (lc
2629 5267 2888 5320 tenuitate
2915 5261 3143 5320 vestium
3183 5261 3512 5321 clericalinm
3543 5261 3727 5316 Alcni-

2138 5355 2239 5394 nus
2259 5337 2610 5393 Athelardum
2638 5337 3107 5406 archiepiscopum
3133 5335 3416 5391 Cuthberti
3440 5347 3725 5406 successo-

2139 5423 2252 5462 rem
2319 5409 2538 5476 oblique
2589 5404 2842 5476 castigat,
2903 5404 3130 5462 mouens
3193 5414 3252 5460 ut
3301 5421 3424 5460 cum
3490 5404 3726 5476 (Romam

2137 5479 2338 5553 vadens
2380 5473 2632 5553 Carolutn
2674 5474 2925 5553 Magnum
2975 5478 3240 5553 visitaret,
3289 5491 3394 5530 non
3435 5473 3730 5553 adduceret

2137 5548 2362 5604 clericos
2392 5547 2477 5601 vel
2524 5545 2816 5602 monachus
2848 5546 3364 5616 versicoloribuset
3403 5545 3730 5616 pompatieis

2137 5617 2375 5672 vestibus
2402 5617 2636 5680 indutos,
2666 5617 2790 5686 quia
2838 5633 2942 5674 non
2975 5617 3212 5673 solerent
3257 5612 3590 5686 Francorum
3621 5612 3703 5666 ele

2140 5687 2256 5755 rici,
2281 5686 2383 5742 nisi
2416 5685 2691 5757 religiosis
2717 5689 2954 5743 vestibus
2981 5687 3242 5741 amiciri.»
3280 5685 3550 5739 Casusu's.
