4070 6196
327 252 430 311 R51

856 379 882 407 ι
919 366 1250 424 EPISTOLA
1289 369 1376 424 XI.

322 475 392 514 AD
456 470 785 513 ιυιιιενυι
853 471 1028 512 REGE)!
1090 474 1159 513 ΕΤ
1230 475 1503 516 PBINCIPES
1562 477 1904 525 Ρορυιωιουε

718 542 1256 584 κοιιυΑΝιιυηκοιιυιί
1306 546 1512 585 GENTIS.

808 617 988 690 (Circa
1026 635 1226 675 annum
1264 619 1412 693 795.)

322 706 590 764 Hortatur
610 720 668 763 ut
692 710 828 779 grati
850 711 955 763 sint
997 710 1115 765 Deo
1133 752 1148 775 ,
1178 722 1233 765 ut
1264 712 1486 767 cmlestia
1509 715 1680 782 potius
1702 713 1906 769 deside-

392 788 509 834 rent
536 795 694 865 quam
718 791 923 865 terrena
944 821 957 845 ,
1006 790 1061 833 ut
1090 783 1313 865 divitias
1333 799 1424 852 per
1461 783 1776 865 injustitinm
1801 802 1905 839 non

394 857 662 924 appetant,
698 849 830 924 pitia
873 858 922 903 et
960 860 1169 920 peccata
1201 849 1427 924 fugiunt,
1473 849 1773 919 viduarum,
1802 871 1903 924 pu-

388 917 641 991 pillorum
664 920 769 972 sint
793 917 986 991 patres,
1019 917 1352 991 concordiam
1378 932 1425 974 et
1459 938 1637 991 pacem
1679 917 1899 988 servent,

390 989 724 1044 sacerdotum
748 988 1115 1059 prwdicationi
1142 1006 1196 1043 se
1219 988 1546 1046 submittunt.

390 1100 858 1157 Excellentissimo
917 1101 1029 1156 ﬁlio
1096 1102 1125 1142 ι’
1168 1101 1447 1159 IEdilredo
1494 1105 1635 1178 [Al.,
1688 1106 1902 1162 {Ethel-

318 1191 473 1265 redo]
504 1192 620 1264 regi
661 1200 718 1246 et
763 1192 952 1247 amicis
979 1192 1308 1249 dulcissimis
1340 1205 1362 1235 ο
1400 1194 1635 1252 Osbaldo
1665 1199 1901 1267 patricio

316 1294 376 1340 et
416 1282 445 1322 δ
478 1281 742 1338 Oshercto
770 1281 892 1337 duci
938 1291 994 1338 et
1036 1285 1286 1339 omnibus
1314 1283 1567 1342 fraterna:
1598 1287 1902 1344 dilectionis

316 1374 530 1439 amicis,
575 1372 835 1429 Alcuinus
882 1373 1044 1428 levita
1095 1382 1312 1429 aeterna:
1362 1376 1711 1433 beatitudinis
1758 1377 1901 1433 salu-

316 1476 450 1521 tem.

386 1553 643 1609 Suavitas
689 1553 861 1611 sancti
904 1554 1108 1609 amoris
1156 1555 1351 1623 saepius
1380 1569 1468 1609 me
1495 1557 1638 1626 cogit
1666 1556 1732 1612 de
1761 1557 1899 1611 anti-

314 1661 424 1716 qua
474 1644 765 1699 admonere
813 1644 1072 1708 amicitia,
1125 1644 1192 1699 de
1238 1644 1541 1699 animarum
1590 1654 1898 1701 vestrarum

1778 260 2134 317 EPlSTOLE
2145 302 2158 315 .

1933 377 1982 435 Α
2011 374 2228 440 celaris,
2259 376 2504 441 avaritia,
2534 384 2588 431 et
2616 377 2790 432 omnis
2830 378 3268 448 concupiscentia
3310 376 3472 443 mala,
3506 381 3583 432 vi—

3485 268 3583 324 158

2007 464 2241 520 uolentia
2269 464 2422 537 [Ms.,
2447 465 2742 539 violentia],
2771 467 2978 538 rapina,
3022 467 3320 532 mendacia,
3349 466 3579 533 luxuria,

2007 553 2308 620 fornicatio,
2335 555 2551 621 invidia,
2599 557 2907 623 homicidia,
2959 558 3269 622 ebrietates,
3313 574 3576 615 comessa-

2008 646 2201 711 tiones,
2253 646 2567 710 inimicitiae,
2626 647 2878 715 superbia
2954 655 3007 701 et
3053 646 3320 717 periuria,
3369 647 3581 704 dicente

2004 736 2261 805 Apostolo
2289 754 2301 788 :
2335 735 2437 800 Qui
2466 734 2595 789 talia
2620 746 2802 805 agunt,
2834 752 3047 805 regnum
3089 736 3186 791 Dei
3206 755 3310 791 non
3347 739 3581 809 posside-

2006 829 2131 882 bunt
2157 826 2299 900 (Gal.
2327 843 2380 892 v,
2429 827 2542 897 21),
2594 828 2698 882 nisi
2744 827 3082 885 confessione
3118 839 3172 884 et
3212 831 3368 900 longa
3408 832 3579 900 paeni-

2007 918 2172 972 tentia
2211 924 2265 971 et
2306 918 2662 987 elecmosynis
2711 918 2895 973 multis
2949 920 3320 975 emendentur.
3374 921 3577 976 Unum-

2005 1010 2250 1077 quodque
2307 1024 2493 1063 eorum
2552 1008 2704 1079 [;ὶ[ε.,
2767 1009 2982 1080 horum]
3055 1026 3175 1079 quae
3233 1015 3566 1078 enumeravi,

2004 1114 2226 1169 regnum
2271 1098 2367 1154 Dei
2405 1100 2651 1154 claudere
2680 1101 2897 1169 poterit,
2943 1109 2996 1155 et
3042 1099 3333 1155 iufernales
3385 1117 3576 1171 pmnas

2003 1191 2214 1260 aperire
2242 1192 2465 1246 homini.
2515 1192 2606 1247 Va:
2651 1192 2843 1246 anim-.e
2890 1206 3008 1261 qua:
3054 1191 3305 1246 ardentes
3335 1190 3579 1245 ﬂammas

2002 1297 2216 1351 semper
2247 1283 2511 1337 sustinere
2533 1282 2760 1353 cogitur.
2788 1282 2934 1337 Bona
2958 1297 3087 1337 vero
3131 1291 3254 1337 sunt
3280 1298 3442 1352 opera
3482 1297 3580 1351 per

2001 1388 2120 1443 qua:
2172 1374 2463 1428 ascendere
2510 1373 2562 1428 in
2609 1372 2802 1429 coelum
2833 1388 3151 1444 possumus;
3184 1375 3423 1429 charitas
3457 1375 3575 1439 Dei,

2001 1465 2174 1519 honor
2206 1464 2351 1520 illius
2373 1473 2428 1521 et
2456 1466 2633 1529 timor,
2686 1465 2880 1535 vigiliae
2931 1465 3037 1536 ιε
3084 1475 3139 1520 et
3189 1467 3462 1521 orationes
3506 1465 3572 1519 ad

2000 1554 2191 1621 Deum,
2223 1556 2438 1610 dilectio
2472 1557 2772 1620 hominum,
2818 1567 2872 1611 et
2914 1557 3282 1612 misericordia
3316 1558 3370 1611 in
3400 1557 3576 1613 homi-

1999 1662 2116 1710 nes,
2146 1654 2200 1700 et
2235 1647 2483 1701 remissio
2506 1647 2854 1716 peccantibus
2878 1649 2931 1702 in
2971 1663 3100 1715 nos;
3123 1647 3330 1719 justitia
3363 1649 3413 1702 in
3434 1646 3577 1716 judi-

315 1714 509 1803 salute,
551 1745 608 1791 et
651 1735 719 1791 de
755 1735 877 1790 ﬁdei
918 1736 1169 1799 veritate,
1214 1736 1363 1791 etde
1394 1737 1545 1807 pacis
1582 1738 1895 1803 concordia,
1930 1714 1974 1775 Β
2000 1738 2118 1810 εἰὶδ,
2147 1738 2350 1791 veritas
2397 1737 2450 1791 in
2475 1714 2674 1803 verbis,
2717 1739 2973 1807 patientia
3022 1739 3075 1793 in
3118 1714 3573 1805 adversitatibus;

314 1842 484 1895 quam
527 1826 728 1881 habere
768 1825 977 1880 debetis
1010 1825 1152 1880 inter
1178 1841 1307 1891 vos;
1337 1827 1463 1896 quia
1492 1828 1747 1893 amicitia,
1776 1844 1897 1897 quae

314 1918 496 1975 deseri
527 1925 720 1988 potest,
753 1933 1025 1988 nunquam
1047 1933 1174 1973 vera
1196 1917 1315 1973 fuit.
1345 1919 1565 1975 Amicus
1594 1920 1766 1976 ﬁdelis
1805 1921 1895 1976 diu

312 2010 598 2081 quaeritur,
624 2010 714 2064 vix
742 2008 1034 2074 invenitur,
1060 2007 1274 2065 difﬁcile
1306 2019 1572 2065 servatur.
1600 2012 1710 2067 Vos
1741 2028 1893 2082 qua:-

313 2117 442 2156 rens
466 2100 646 2156 inveni
679 2102 919 2157 amicos:
954 2099 1204 2172 [servabo
1239 2101 1464 2175 amicos]
1502 2117 1601 2159 nec
1625 2104 1893 2159 dimittam

312 2192 455 2262 (vos)
487 2206 623 2261 quos
644 2206 827 2246 amare
853 2193 1011 2262 ccepi.
1046 2193 1114 2247 Et
1138 2194 1186 2249 si
1205 2193 1383 2264 lingua
1419 2201 1593 2249 taceat
1614 2203 1794 2250 vestra
1827 2197 1894 2251 de

313 2297 421 2348 me,
456 2281 649 2337 litterae
678 2289 856 2338 tamen
901 2298 1035 2339 mea:
1085 2299 1195 2339 non
1241 2292 1454 2340 taceant
1504 2284 1656 2357 [Ms.,
1689 2284 1893 2357 tacent]

312 2373 379 2429 de
411 2373 583 2438 vobis,
649 2373 741 2428 sed
780 2387 1004 2444 semper
1055 2375 1318 2430 admoneo
1341 2376 1641 2432 devotionis
1693 2378 1889 2441 studio,

313 2476 545 2532 quorum
616 2476 831 2531 semper
897 2463 1149 2520 desidero
1205 2466 1585 2536 prosperitatis
1639 2466 1891 2522 salutem.

314 2552 559 2624 Cogitate
584 2553 708 2622 quis
728 2568 822 2607 vos
848 2552 918 2609 de
945 2554 1227 2625 multiplici
1249 2555 1497 2612 liberavit
1525 2557 1889 2625 tribulatione,

312 2643 526 2715 quoties
581 2650 903 2712 praasentem
926 2684 940 2707 ,
996 2642 1114 2713 ejus
1172 2645 1541 2701 misericordia
1566 2687 1581 2711 ,
1645 2647 1894 2702 evasistis

315 2744 572 2799 mortem;
608 2735 818 2804 quoties
844 2735 911 2790 de
936 2750 1095 2789 manu
1117 2735 1461 2790 inimicorum
1492 2736 1664 2804 erepti
1690 2734 1888 2792 fuistis.

315 2827 689 2883 Recordamini
729 2826 851 2895 quis
877 2826 1032 2881 vobis
1076 2840 1268 2882 omnes
1303 2827 1622 2896 perdonavit
1659 2828 1893 2885 honores

312 2934 450 2991 quos
481 2919 695 2974 habetis
721 2918 1111 2987 prosperitates
1136 2917 1290 2990 (Ma,
1329 2919 1612 2991 prospera]
1642 2921 1889 2987 contulit,

313 3010 572 3067 sanitates
628 3009 856 3080 largitus
901 3017 1004 3073 est,
1051 3010 1302 3066 omnibus
1355 3027 1452 3065 vos
1512 3012 1709 3066 vestris
1764 3011 1892 3068 fecit

313 3100 547 3156 inimicis
579 3099 939 3157 sublimiores.
989 3098 1084 3154 His
1119 3100 1369 3156 omnibus
1396 3101 1551 3156 bonis
1594 3102 1760 3158 nolite
1801 3103 1887 3157 in-

311 3192 453 3263 grati
478 3205 618 3257 esse,
648 3191 773 3260 quia
795 3191 988 3245 horum
1021 3189 1195 3260 gratia
1232 3190 1497 3245 bonorum
1526 3192 1697 3247 vitam
1722 3207 1893 3249 mere-

311 3281 461 3335 bitur
487 3280 889 3351 sempiternam.
924 3278 1031 3333 Nec
1074 3280 1191 3334 haec
1235 3278 1467 3337 felicitas
1517 3283 1679 3353 hujus
1708 3283 1890 3339 saeculi

309 3378 521 3427 eterna
552 3383 673 3425 esse
696 3371 911 3439 poterit.
958 3369 1181 3425 Studete
1216 3370 1644 3442 diligentissime,
1676 3380 1737 3426 ut
1770 3382 1891 3443 post

309 3458 417 3515 hos
452 3459 688 3513 honores
721 3466 979 3523 terrenos,
1024 3459 1271 3515 caelestes
1319 3460 1517 3516 habere
1549 3460 1886 3516 mereamini.

309 3547 508 3604 Omnia
539 3546 694 3617 hujus
721 3550 903 3605 szeculi
932 3549 1319 3605 delectamenta
1354 3551 1501 3606 velut
1535 3551 1771 3607 volatilis
1802 3551 1884 3606 fu-

308 3639 463 3714 giunt
510 3640 732 3707 umbra;
771 3649 828 3696 et
862 3641 1199 3697 solummodo
1234 3650 1414 3697 manet
1468 3642 1521 3696 in
1575 3657 1889 3698 remunera-

308 3731 454 3787 tione
477 3732 640 3796 bona,
688 3733 832 3802 quod
872 3747 972 3802 pro
1020 3733 1116 3789 Dei
1168 3749 1353 3789 amore
1401 3733 1608 3805 egistis.
1658 3734 1891 3790 Grandis

306 3822 450 3877 enim
483 3822 573 3876 via
601 3822 668 3877 de
700 3823 861 3878 terris
901 3821 1055 3895 [Ms.,
1097 3823 1264 3896 terra]
1314 3825 1526 3879 videtur
1566 3826 1634 3881 ad
1671 3826 1885 3881 coelum.

304 3910 641 3968 Firmissima
662 3914 823 3969 debet
845 3929 965 3969 esse
994 3915 1159 3979 scala,
1204 3931 1302 3985 per
1339 3932 1498 3986 quam
1529 3915 1842 3970 ascenditur
1871 3934 1884 3969 :

307 4001 481 4059 facilis
516 4012 601 4059 est
631 4019 790 4061 casus
818 4006 887 4059 ad
917 4004 1149 4062 inferna.
1184 4006 1291 4062 Sed
1334 4009 1451 4064 hazc
1496 4007 1729 4065 facilitas
1770 4024 1888 4063 ma-

307 4110 466 4165 gnam
525 4097 691 4153 habet
737 4096 1125 4165 difﬁcultatem,
1179 4101 1568 4171 sempiternum
1622 4102 1887 4171 siquidem

307 4186 505 4258 ignem,
546 4188 640 4258 qui
692 4189 805 4244 urit
853 4189 1364 4261 inexstinguibiliter
1410 4192 1666 4247 cadentes
1718 4193 1773 4247 in
1832 4193 1890 4247 il-

304 4276 436 4333 lum.
470 4277 768 4338 Difﬁcultas
792 4295 923 4336 vero
950 4282 1286 4338 ascensionis
1323 4281 1377 4336 in
1412 4281 1608 4337 coelum
1637 4297 1887 4354 magnum

305 4368 472 4472 habet
525 4371 798 4472 ‘gaudium',
855 4371 983 4472 dum
1036 4372 1348 4442 pervenitur
1396 4387 1504 4441 quo
1551 4373 1883 4439 ascenditur,
1916 4411 1963 4472 ο

299 4456 692 4516 beatitudinem
735 4461 1003 4531 siquidem
1039 4464 1443 4532 sempiternam.

372 4546 434 4604 Si
459 4548 601 4606 forte
626 4551 869 4621 quaeritis
910 4553 1177 4623 quomodo
1206 4553 1327 4622 quis
1366 4554 1625 4609 ascendat
1666 4553 1722 4608 in
1769 4569 1881 4609 cce-

298 4639 433 4707 lum,
459 4640 547 4696 vel
579 4643 703 4711 quis
728 4644 995 4712 quomodo
1020 4644 1178 4701 cadat
1206 4644 1261 4699 in
1282 4643 1591 4699 infernum?
1618 4645 1723 4701 Per
1738 4646 1879 4700 mala

300 4731 470 4804 igitur
502 4747 667 4802 opera
705 4735 813 4788 ruit
859 4735 1021 4790 homo
1069 4735 1137 4790 ad
1176 4733 1384 4791 inferna
1434 4735 1587 4807 [Ms.,
1635 4735 1875 4808 inﬁma];

299 4837 402 4894 per
434 4822 577 4878 bona
621 4838 752 4880 vero
802 4822 1008 4895 (opera)
1050 4825 1293 4881 ascendit
1339 4826 1405 4880 ad
1445 4841 1697 4895 superna.
1742 4825 1878 4880 Mala

300 4914 485 4985 itaque
521 4922 647 4969 sunt
687 4927 887 4984 opera:
933 4916 1216 4971 delectatio
1245 4917 1499 4980 carnalis,
1525 4918 1747 4972 ambitio
1777 4933 1878 4972 sa:-

368 5032 397 5061 ι
436 5024 579 5080 Edit.
624 5024 877 5099 Quercet.
911 5027 1013 5099 2A9.
1041 5026 1222 5083 Canis.
1245 5027 1304 5099 ,2
1334 5027 1605 5099 (Froben.
1633 5027 1745 5099 10),
1775 5030 1876 5083 col-

297 5094 411 5150 lata
438 5110 562 5150 cum
588 5097 745 5152 codd.
770 5112 900 5152 mss.
931 5095 1126 5152 Salisb.
1157 5106 1211 5152 et
1238 5096 1296 5152 S.
1330 5097 1675 5151 Emmerami.

372 5164 410 5237 ιζ
434 5163 717 5237 .{Edilredo
746 5167 870 5237 regi.
912 5166 1310 5222 Northumbrize
1346 5167 1443 5237 qui
1488 5165 1683 5237 alicubi
1714 5169 1876 5237 etiam

297 5232 667 5308 Ethelredus,
687 5244 742 5291 et
764 5232 819 5290 id
840 5238 1081 5308 sequenti
1101 5239 1257 5308 epist.
1277 5238 1331 5291 in
1352 5232 1470 5308 eod2
1501 5235 1695 5290 Salisb.
1725 5236 1876 5292 Edil-

297 5303 461 5358 radus
498 5305 816 5375 appellatur.
870 5303 933 5361 ls'
963 5323 1104 5363 anno
1133 5303 1257 5361 ’774
1303 5322 1399 5361 rex
1445 5305 1641 5369 factus,
1692 5321 1721 5359 a
1769 5309 1881 5362 suis

295 5381 482 5498 ἔζευξε
505 5390 649 5459 anno
679 5374 781 5431 778
830 5391 992 5445 regno
1040 5376 1311 5460 dejectus;
1367 5383 1491 5459 post
1540 5390 1711 5431 annos
1751 5392 1882 5433 vero

367 5444 601 5498 odeclm.
629 5446 685 5498 Id
712 5453 798 5498 est
823 5459 964 5498 anno
990 5446 1093 5498 790
1131 5448 1304 5498 eidem
1340 5454 1641 5498 restitutus.
1665 5447 1880 5498 demum

367 5444 601 5509 odecim,
629 5446 685 5502 id
712 5453 798 5501 est
823 5444 964 5500 anno
990 5446 1093 5501 790
1131 5448 1304 5503 eidem
1340 5444 1641 5511 restitutus,
1665 5447 1880 5502 demum

293 5515 564 5571 occiditur
600 5530 745 5571 anno
774 5515 892 5579 796,
930 5525 991 5570 ut
1020 5527 1273 5574 accurate
1315 5526 1501 5572 narrat
1538 5517 1876 5573 Hovedenns.

293 5582 427 5655 Viti.
451 5585 578 5655 Pagi
610 5586 678 5643 ad
701 5602 799 5643 eos
824 5600 1010 5649 annos,
1044 5596 1097 5639 et
1122 5586 1390 5642 Cointium
1423 5587 1487 5640 ad
1511 5602 1710 5642 annum
1755 5587 1875 5651 796,

293 5668 350 5711 n.
386 5654 511 5715 172.

1996 1826 2197 1881 nemini
2235 1826 2456 1881 reddere
2501 1827 2701 1880 malum
2751 1843 2848 1897 pro
2892 1827 3067 1890 malo;
3125 1828 3463 1899 cleemosyna
3519 1830 3573 1883 in

1994 1934 2278 1990 pauperes,
2315 1918 2618 1989 benignitas
2656 1918 2709 1972 in
2748 1933 2938 1974 omnes
2982 1918 3246 1985 homines,
3281 1919 3455 1988 pietas
3505 1917 3572 1974 ad

1994 2011 2215 2076 amicos,
2255 2009 2388 2065 ﬁdes
2414 2018 2561 2065 recta
2591 2010 2645 2063 in
2672 2010 2858 2074 Deum,
2892 2026 3015 2082 spes
3045 2013 3200 2066 ﬁrma
3228 2011 3283 2064 in
3310 2010 3452 2066 illius
3477 2013 3573 2066 bo-

1993 2103 2237 2169 nitatem,
2268 2102 2531 2158 modestia
2583 2103 2637 2157 in
2674 2103 3031 2169 vestimentis,
3068 2111 3123 2158 et
3168 2103 3224 2157 in
3272 2104 3419 2157 omni
3468 2119 3566 2156 usu

1993 2192 2173 2249 saeculi
2202 2194 2576 2263 temperantia,
2617 2193 2947 2247 continentia
2992 2193 3046 2247 in
3082 2193 3202 2247 cibo
3239 2200 3291 2247 et
3316 2202 3468 2262 potu,
3518 2194 3570 2247 in

1993 2295 2174 2344 mente
2232 2289 2505 2344 humilitas
2539 2328 2552 2351 ,
2598 2287 2653 2341 in
2702 2286 2946 2342 moribus
2992 2286 3267 2349 honestas,
3325 2285 3380 2338 in
3424 2285 3568 2341 omni

1992 2378 2101 2433 vita
2129 2379 2376 2449 azquitas.
2406 2377 2472 2432 Hi
2507 2384 2632 2433 sunt
2667 2376 2867 2447 gradus
2892 2390 2990 2445 per
3013 2389 3147 2444 quos
3169 2372 3363 2428 cmlum
3393 2388 3573 2427 ascen-

1994 2468 2158 2535 ditur,
2190 2470 2245 2525 hi
2274 2476 2399 2525 sunt
2442 2482 2621 2523 mores
2661 2467 2751 2537 qui
2782 2467 3029 2521 homines
3066 2464 3271 2520 faciunt
3300 2463 3458 2518 laude
3488 2463 3569 2516 di—

1994 2574 2147 2630 gnos,
2179 2561 2297 2615 haec
2333 2566 2458 2614 sunt
2479 2573 2642 2628 Opera
2668 2572 2788 2626 quae
2832 2554 3025 2625 gaudia
3062 2562 3339 2609 merentur
3367 2554 3566 2621 sempi—

1993 2659 2167 2714 terna,
2193 2651 2308 2704 haec
2323 2657 2404 2703 est
2427 2647 2688 2716 sapientia
2714 2660 2860 2709 vera,
2890 2652 2949 2698 ut
2972 2644 3133 2697 homo
3157 2643 3257 2697 sibi
3282 2642 3574 2712 prtevideat

1992 2738 2261 2811 quomodo
2294 2739 2349 2793 in
2393 2745 2654 2792 aeternum
2691 2734 2919 2790 feliciter
2948 2733 3111 2787 vivat.
3139 2730 3454 2787 Nullatenus
3480 2734 3571 2787 ho-

1994 2843 2083 2883 mo
2117 2827 2295 2898 perire
2330 2824 2553 2896 poterit,
2580 2825 2719 2881 sicut
2763 2822 2960 2878 animal
2995 2822 3288 2892 quodlibet,
3328 2822 3419 2877 sed
3449 2832 3571 2892 post

1992 2920 2134 2973 hanc
2175 2908 2340 2972 vitam
2374 2918 2615 2972 victurus
2663 2916 2765 2971 erit
2810 2907 3161 2970 in‘aeternum
3200 2914 3398 2979 :hene,
3447 2929 3570 2985 pro-

1992 3016 2113 3078 pter
2155 3008 2294 3062 bona
2329 3022 2524 3076 opera;
2567 3005 2725 3069 male,
2769 3011 2988 3074 prepter
3032 3003 3174 3056 mala
3215 3019 3406 3072 opera;
3442 3003 3573 3072 quia

1993 3095 2138 3152 Deus
2158 3095 2445 3165 unicuique
2466 3094 2650 3150 reddet
2681 3092 2831 3165 [Ms.,
2870 3091 3065 3164 reddit]
3090 3092 3378 3147 secundum
3407 3107 3567 3161 opera

1993 3206 2091 3246 sua
2129 3187 2345 3259 (Matth.
2380 3204 2499 3252 xvi,
2531 3186 2644 3259 27).

2062 3281 2237 3337 Nolite
2272 3281 2500 3352 injustas
2534 3295 2716 3335 amare
2759 3279 2991 3342 divitias,
3039 3277 3165 3346 quia
3213 3276 3389 3331 omnis
3436 3275 3571 3344 inju-

1992 3371 2141 3428 stitia
2164 3370 2441 3425 ulciscitur
2469 3386 2498 3423 a
2527 3369 2657 3434 Deo,
2686 3377 2741 3424 et
2769 3367 2960 3423 melior
2997 3375 3081 3421 est
3124 3364 3427 3421 benedictio
3475 3364 3569 3418 Dci

1992 3478 2154 3534 quam
2202 3476 2392 3517 omnes
2443 3461 2645 3516 divitiae
2696 3461 2902 3515 mundi.
2960 3458 3228 3528 Quidquid
3275 3459 3326 3512 in
3375 3457 3577 3512 saeculo

1992 3563 2225 3619 amatur,
2251 3551 2550 3616 amittitur;
2577 3550 2837 3620 quidquid
2863 3564 2962 3618 pro
2984 3548 3094 3602 Deo
3115 3549 3290 3612 datur,
3320 3547 3567 3600 habetur.

1990 3643 2089 3701 Cui
2109 3646 2294 3716 largus
2337 3643 2463 3705 eris,
2492 3641 2536 3696 si
2577 3650 2679 3693 tute
2710 3639 2902 3692 anima:
2945 3636 3138 3691 tenax?
3164 3635 3259 3690 Vel
3304 3636 3424 3705 quis
3471 3634 3569 3690 tibi

1990 3736 2163 3792 ﬁdelis
2188 3735 2311 3797 erit,
2348 3733 2392 3786 si
2414 3740 2472 3784 tu
2501 3731 2598 3784 tibi
2626 3730 2738 3797 ipse
2762 3728 2994 3783 inﬁdelis
3017 3728 3162 3783 eris?
3185 3727 3291 3783 Cur
3322 3727 3373 3781 in
3402 3726 3574 3781 alium

1991 3840 2140 3894 spem
2170 3824 2343 3895 ponis,
2372 3829 2428 3874 et
2455 3827 2511 3874 tu
2542 3820 2640 3874 tibi
2669 3818 2783 3888 ipse
2821 3817 3142 3874 benefacere
3171 3834 3275 3873 non
3301 3819 3417 3873 vis?
3454 3818 3565 3873 Mo-

1990 3915 2168 3978 rieris,
2207 3928 2240 3968 o
2268 3912 2466 3966 homo!
2501 3919 2557 3965 et
2593 3910 2772 3964 omnia
2812 3910 3051 3964 dimittes
3077 3925 3196 3978 qua)
3225 3910 3412 3963 habes.
3467 3909 3567 3963 llic

1988 4006 2072 4061 vis
2096 4006 2245 4061 dives
2272 4017 2390 4058 esse
2416 4001 2752 4071 peregrinus,
2774 4008 2828 4055 et
2851 4000 3005 4069 parvi
3050 4000 3309 4068 temporis
3335 4001 3569 4069 hospes;

1989 4105 2046 4153 et
2072 4112 2176 4152 non
2206 4096 2289 4150 vis
2316 4093 2388 4149 ibi
2428 4108 2547 4148 esse
2576 4093 2725 4147 dives
2760 4090 2852 4145 ubi
2883 4104 3093 4159 semper
3125 4088 3266 4142 eris?
3295 4088 3575 4143 Pnemittc

1989 4189 2086 4243 tibi
2112 4187 2328 4243 divitias
2353 4193 2490 4250 tuas,
2518 4191 2578 4239 ut
2618 4183 2819 4237 habeas
2862 4180 2915 4235 in
2953 4188 3215 4234 aeternum
3248 4177 3389 4246 quod
3421 4193 3577 4232 ames

1989 4283 2044 4337 in
2081 4279 2296 4336 saeculo.
2329 4278 2594 4334 Construe
2628 4274 2723 4329 tibi
2765 4273 2923 4329 bonis
2950 4272 3204 4342 operibus
3232 4271 3446 4325 beatam
3477 4268 3573 4323 do-

1989 4390 2156 4430 mum.
2189 4373 2362 4440 Quam
2387 4373 2555 4427 miser
2593 4370 2701 4425 erit
2732 4368 2821 4438 qui
2853 4382 3066 4436 semper
3110 4381 3334 4420 arsurus
3375 4364 3481 4418 erit
3512 4364 3569 4417 in

1989 4465 2132 4536 igne,
2160 4463 2252 4533 qui
2275 4461 2509 4517 tenebris
2531 4458 2897 4513 circumdatus
2942 4454 3247 4521 horrendis,
3293 4455 3385 4525 qui
3434 4455 3573 4509 nihil
3610 4510 3613 4511 ν

1988 4557 2171 4611 audiet
2201 4555 2304 4609 nisi
2348 4567 2510 4607 voces
2546 4549 2789 4605 flentium
2842 4559 2894 4603 et
2931 4547 3275 4602 stridentium
3320 4546 3576 4603 dentibus
3611 4564 3615 4569 ’

1988 4646 2273 4701 horrorem
2306 4642 2520 4713 (Matth.
2571 4657 2698 4704 vm,
2767 4632 2890 4711 l2)!
2951 4638 3042 4709 qui
3087 4636 3220 4693 nihil
3260 4637 3424 4694 sentit
3465 4638 3573 4693 nisi
3612 4699 3617 4704 ,

1988 4736 2235 4792 flammas
2276 4736 2491 4799 edaces,
2528 4742 2583 4789 et
2636 4732 2839 4804 frigora
2893 4731 3152 4801 ingentia,
3200 4741 3256 4787 et
3303 4732 3565 4787 vermium

1987 4836 2283 4883 venenatos
2335 4827 2559 4882 dentes!
2627 4824 2700 4880 Ut
2748 4825 2863 4879 hmc
2918 4824 3219 4888 horribilia,
3271 4838 3305 4878 ο
3355 4824 3600 4900 amice!3_.

1982 4920 2208 4975 evadere
2233 4920 2432 4984 valeas,
2464 4916 2643 4972 nullus
2669 4915 2766 4969 tibi
2796 4913 2953 4968 labor
2994 4914 3160 4968 durus
3187 4912 3361 4967 videri
3384 4912 3565 4975 debet,

2058 5042 2080 5068 ο
2126 5028 2358 5083 Osbaldo
2407 5026 2648 5098 patricio.
2679 5024 2855 5098 _Hunc
2899 5038 3018 5098 esse
3067 5020 3359 5098 Osbaldum
3416 5016 3617 5098 putat"

1980 5098 2252 5161 Canisius,
2283 5098 2348 5151 de
2375 5090 2481 5166 q'uo
2511 5095 2832 5166 llovcdenus
2872 5094 2943 5166 ad
2954 5163 2964 5166 _
2987 5108 3185 5166 annum
3205 5090 3336 5166 _79_6
3378 5090 3569 5166 refert,

1980 5168 2121 5238 quod
2145 5160 2323 5238 occiso
2347 5160 2479 5238 rege
2502 5165 2780 5238 Edilredo
2807 5180 2837 5216 a
2858 5163 3176 5238 quibusdam
3204 5160 3570 5238 ipsiusgentis

1982 5231 2315 5308 principibus
2342 5237 2395 5308 in
2418 5231 2645 5308 regnum
2669 5232 3112 5308 sit_constitutus,_
3134 5239 3189 5287 et
3209 5239 3332 5308 post
3354 5231 3470 5308 dies
3498 5232 3566 5286 21

1983 5302 2130 5361 omni
2163 5302 2325 5376 regize
2359 5302 2575 5359 familize
2600 5315 2651 5359 et
2680 5302 2981 5372 principum
3005 5303 3260 5357 societate
3282 5302 3575 5357 destitutus

1986 5377 2336 5486 fugatUSque,
2366 5382 2472 5429 etc.

2121 5447 2229 5486 on
2266 5443 2472 5486 nabant

2120 5439 2242 5515 20'
2266 5443 2510 5515 Osbercto
2540 5442 2681 5515 duri.
2710 5441 2788 5515 Illi
2837 5441 3086 5497 fortassis
3112 5455 3280 5515 quem
3316 5439 3565 5515 Malmes-

1984 5511 2254 5571 burieTis'is
2282 5513 2574 5585 patricium
2609 5511 2929 5585 Merciorum
2980 5511 3242 5585 nominat,
3293 5511 3361 5585 ad
3406 5526 3568 5585 quem

1987 5586 2245 5642 Alcuinus
2275 5580 2435 5661 aliam
2473 5582 2690 5661 scripsit
2733 5582 3041 5661 epistolam,
3069 5580 3254 5661 cujus
3279 5581 3385 5661 duo
3426 5583 3565 5661 frax—

1984 5667 2167 5711 menta
2195 5671 2261 5710 ex
2286 5655 2475 5707 eodem
2511 5651 2969 5707 Malmesburiensi
3007 5652 3147 5707 intra
3172 5651 3437 5708 dabimus.
