4070 6196
455 309 552 367 159

1327 295 1390 350 Β.
1431 292 1495 348 F.
1534 287 1760 347 ALBINI
1798 285 1929 344 SEU
1969 281 2245 340 ALCUINI
2281 278 2566 339 OPERUM
2609 278 2792 336 PARS
2827 276 2868 331 ι.

3625 279 3727 335 180

448 431 512 477 nt
532 419 600 476 ad
631 417 777 474 illam
802 410 1190 473 beatitudinem
1214 405 1500 478 pervenire
1519 401 1802 464 merearis,
1827 409 2028 456 aeterna
2061 395 2105 454 A
2131 391 2462 462 poenitentiae
2493 387 2902 446 medicamentis
2925 401 3119 478 sanare
3143 397 3436 455 curarunt;
3465 390 3560 446 sed
3583 408 3730 447 com-

450 527 585 586 pace
624 506 1094 580 iucundissimam,
1161 506 1360 555 aeterna
1409 495 1580 569 gloria
1638 492 2029 548 felicissimam.

453 583 607 659 Nulla
659 596 931 655 saecularis
985 591 1230 655 ambitio,
1285 588 1433 644 uul‘la
1486 587 1666 644 carnis
1720 583 2029 648 delectatio,

455 695 598 751 nulla
632 690 974 746 inimicorum
1001 684 1240 740 vindicta
1285 681 1546 752 impediat
1590 693 1807 734 cursum
1859 685 2030 730 tuum.

454 784 559 840 Sed
585 793 764 844 curre,
793 779 922 834 dum
963 776 1138 832 lucem
1185 775 1353 829 babes
1379 771 1563 844 (Joan.
1603 786 1715 832 xu,
1749 767 1874 838 '55);
1907 781 2036 836 ope-

458 891 602 940 rare,
631 874 759 928 dum
784 871 899 926 dies
937 877 1040 934 est,
1095 875 1361 937 quatenus
1409 864 1478 920 ad
1528 863 1700 919 lucem
1748 859 2035 930 pervenias

455 973 792 1036 perpetuam,
821 969 880 1017 ut
909 976 1034 1016 cum
1065 957 1281 1012 Christo
1307 965 1362 1011 et
1404 955 1606 1010 sanctis
1645 951 1760 1023 ejus
1810 966 2038 1022 regnare

459 1054 718 1111 merearis
741 1053 795 1107 in
823 1051 990 1124 gloria
1017 1048 1368 1120 sempiterna.

528 1144 644 1202 Non
673 1143 845 1200 solum
872 1158 985 1204 vos,
1017 1139 1120 1194 viri
1160 1135 1466 1199 clarissimi,
1493 1143 1548 1189 et
1585 1131 1678 1188 filii
1706 1131 2035 1196 charissimi,

458 1239 544 1294 his
571 1235 708 1293 meis
733 1235 998 1290 admoneo
1019 1230 1292 1293 litterulis,
1345 1227 1441 1284 sed
1487 1235 1542 1282 et
1591 1240 1781 1280 omnes
1831 1223 2043 1279 dilectae

456 1327 632 1399 gentis
666 1323 958 1396 principes,
989 1331 1044 1376 et
1073 1317 1431 1393 [diversarum
1479 1312 1824 1386 dignitatum]
1865 1312 2044 1367 nomi-

457 1432 547 1482 na,
575 1431 668 1472 seu
695 1411 1078 1469 ecclesiasticae
1103 1408 1321 1481 pietatis
1349 1406 1584 1470 ordines,
1629 1420 1722 1460 seu
1769 1403 2046 1460 saecularis

456 1506 712 1578 potentiae
760 1503 1121 1562 sublimitates
1167 1500 1441 1559 communi
1491 1499 1774 1556 charitatis
1823 1498 2042 1561 intuitu,

456 1597 611 1670 quasi
648 1597 896 1652 alumnus
921 1601 1118 1650 vestrae
1145 1590 1422 1647 dilectioni
1468 1589 1715 1653 devotus,
1759 1587 2044 1657 deprecor,

2132 487 2455 552 putruerunt
2480 481 2534 534 in
2569 479 2810 548 peccatis
2843 478 2978 543 suis,
3005 477 3178 534 donec
3201 481 3488 552 repentino
3519 491 3732 538 terrore

2133 571 2330 626 cecidit
2357 585 2522 640 super
2545 584 2640 625 eos
2671 567 2934 639 judicium
2962 567 3092 633 Dei,
3115 575 3171 624 et
3205 577 3319 625 tam
3352 569 3646 627 infeliciter
3675 573 3730 626 in

2136 671 2426 732 conspectu
2452 661 2692 716 omnium
2715 661 3024 730 perierunt,
3045 675 3209 729 quam
3247 662 3590 733 impudenter
3615 663 3736 720 sine

2137 752 2246 807 ulla
2289 751 2592 806 reverentia
2632 751 2886 820 pessimis
2936 765 2994 805 se
3035 751 3234 806 involvi
3280 753 3583 810 sceleribus
3625 771 3731 810 non

2138 849 2467 898 metuerunt.
2513 841 2662 896 Heu!
2706 857 2867 911 quam
2902 841 3100 896 misere
3134 851 3456 912 praesentem
3484 845 3734 914 perdide-

2141 943 2267 990 runt
2298 934 2494 988 vitam!
2525 931 2632 987 Sed
2663 932 2830 988 multo
2856 932 3220 988 miserabilius
3257 934 3314 988 in
3347 937 3568 992 aeternis
3607 954 3733 994 cru-

2140 1027 2353 1080 ciantur
2383 1023 2684 1078 tormentis.
2711 1023 2922 1078 Timete
2947 1023 3160 1078 illorum
3189 1025 3578 1094 perditionem,
3605 1037 3661 1082 et
3697 1043 3732 1082 a

2145 1117 2344 1171 talibus
2365 1116 2720 1183 vosmetipsos
2749 1114 3118 1185 impietatibus
3141 1115 3430 1173 observate
3453 1158 3468 1184 ,
3511 1119 3566 1173 in
3610 1120 3734 1188 qui-

2142 1212 2244 1266 bus
2273 1211 2350 1265 illi
2382 1211 2680 1282 perierunt.
2705 1209 2849 1264 [dem
2871 1210 3016 1264 enim
3047 1209 3192 1266 Deus
3214 1226 3376 1280 super
3396 1220 3576 1267 vestra
3595 1212 3736 1284 vigi-

2145 1303 2222 1356 lat
2246 1301 2433 1374 [corda
2460 1299 2568 1372 vel]
2598 1314 2783 1369 opera,
2817 1300 2912 1370 qui
2957 1299 3170 1355 illorum
3210 1315 3316 1356 non
3349 1302 3588 1372 pepercit
3616 1317 3736 1360 sce-

2146 1393 2370 1448 leribus.
2404 1391 2556 1446 Multi
2585 1406 2712 1446 vero
2756 1405 2854 1460 per
2895 1387 3113 1460 rapinas
3145 1400 3200 1446 et
3243 1392 3558 1462 iniquitates
3585 1391 3736 1450 colli-

2145 1499 2272 1556 gere
2309 1484 2580 1550 gestiunt,
2625 1490 2682 1536 et
2719 1483 2972 1536 nesciunt
3011 1482 3153 1552 quod
3188 1491 3481 1553 utrumque
3517 1494 3740 1556 propter

2148 1571 2429 1626 avaritiam
2472 1571 2712 1640 iniquam
2751 1579 2806 1624 et
2832 1579 3046 1643 terrena
3094 1572 3204 1627 cito
3245 1573 3478 1643 perdunt
3514 1577 3656 1631 bona
3683 1585 3741 1632 et

459 1661 553 1744 Dei
577 1686 989 1759 diligentissime
1018 1683 1239 1740 obedire
1269 1679 1578 1752 praeceptis,
1599 1677 2050 1748 praedicatoribus
2081 1741 2124 1759 ﬁ
2150 1661 2392 1759 εαξιςξῐίθ
2423 1677 2698 1759 ηιξξκίιξεξῐξι
2722 1663 3032 1759 θεειιιὶτυη-ιτ

459 1778 648 1835 salutis
671 1741 867 1833 Vestrae
893 1775 1135 1830 subditos
1165 1741 1305 1828 esse.
1337 1771 1554 1825 illorum
1594 1779 1700 1834 est,
1745 1769 1798 1824 id
1827 1776 1912 1824 est
1953 1783 2042 1825 sa-

2220 1752 2534 1818 llliusmodi,
2547 1752 2646 1806 viri
2661 1751 2878 1819 fratres,
2912 1753 3312 1826 vobismetipsis
3331 1765 3514 1812 cavete
3538 1758 3740 1828 iniqui—

459 1869 761 1932 cerdotum,
797 1866 962 1922 verba
1007 1863 1102 1918 Dei
1139 1879 1246 1918 non
1304 1870 1514 1925 tacere;
1549 1869 1816 1914 ‘vestrum
1872 1867 1980 1926 est,
2021 1873 2056 1914 ο

459 1955 752 2032 principes,
782 1956 1058 2013 humiliter
1080 1953 1328 2020 obedire,
1358 1952 1646 2022 diligenter
1670 1951 1916 2022 implere.
1941 1950 2052 2004 Re-

460 2053 543 2124 gis
567 2059 652 2107 est
672 2063 861 2106 omnes
883 2040 1201 2117 iniquitates
1232 2043 1454 2114 pietatis
1477 2057 1590 2096 sum
1618 2042 1859 2110 potentia
1882 2040 2059 2111 oppri-

463 2158 634 2209 mere,
665 2139 873 2210 justum
901 2153 1020 2194 esse
1046 2137 1101 2191 in
1135 2134 1376 2203 iudiciis,
1399 2149 1631 2203 pronum
1659 2132 1713 2186 in
1745 2132 2059 2186 misericor-

464 2234 573 2288 dia.
598 2231 908 2288 Secundum
935 2231 1079 2298 quod
1102 2227 1190 2282 ille
1212 2227 1503 2280 miseretur
1523 2223 1800 2294 subjectis,
1832 2225 2058 2278 misere-

467 2327 616 2382 bitur
655 2324 706 2378 ei
735 2323 898 2378 Deus.
936 2320 1191 2377 Sobrium
1242 2319 1296 2374 in
1339 2319 1607 2386 moribus,
1655 2319 1952 2374 veridicum
2001 2317 2054 2372 in

469 2416 670 2482 verbis,
716 2413 925 2484 largum
986 2413 1040 2466 in
1093 2409 1268 2475 donis,
1331 2409 1617 2480 providum
1661 2409 1715 2463 in
1768 2408 2054 2464 consiliis:

466 2505 803 2566 consiliarios
840 2503 1041 2560 habere
1078 2502 1390 2572 prudentes,
1433 2500 1606 2556 Deum
1641 2501 1913 2564 timentes,
1959 2501 2058 2554 ho-

471 2597 639 2652 nestis
683 2593 926 2650 moribus
954 2599 1196 2646 ornatos.
1229 2589 1456 2660 Oportet
1480 2604 1604 2644 eum
1645 2605 1752 2645 non
1802 2589 2053 2659 cupidum

469 2701 592 2744 esse
630 2685 820 2740 alienae
847 2680 1204 2744 hereditatis,
1248 2693 1354 2734 non
1385 2693 1630 2743 avarum,
1659 2695 1765 2734 non
1793 2679 2058 2734 violenter

472 2778 794 2849 rapientem,
820 2775 1032 2830 dicente
1084 2770 1392 2842 Apostolo:
1450 2770 1632 2841 Neque
1681 2770 1845 2840 fures,
1893 2787 2056 2842 neque

468 2867 637 2932 avari,
665 2880 828 2938 neque
858 2878 1072 2934 rapaces
1115 2877 1330 2932 regnum
1356 2859 1455 2914 Dei
1483 2861 1815 2932 possidebunt
1843 2859 1898 2934 (1
1927 2859 2052 2916 Cor.

472 2971 548 3020 γι,
587 2954 698 3028 10).
727 2953 798 3008 Et
845 2965 988 3022 saepe
1019 2965 1118 3022 per
1163 2950 1383 3020 rapinas
1409 2950 1627 3019 propria
1655 2949 1876 3015 amittit,
1927 2949 2054 3020 quia

471 3047 617 3104 Deus
643 3045 900 3116 gemitum
925 3043 1144 3098 exaudit
1186 3057 1590 3114 oppressorum.

545 3137 800 3208 Legimus
859 3147 1072 3204 quoque
1116 3133 1262 3204 quod
1314 3133 1458 3203 regis
1507 3132 1724 3186 bonitas
1760 3133 1926 3187 totius
1972 3140 2060 3188 est

474 3228 652 3300 gentis
678 3225 1028 3296 prosperitas,
1060 3222 1288 3279 victoria
1320 3221 1614 3285 exercitus,
1669 3221 1814 3276 aeris
1856 3228 2058 3291 tempe-

477 3319 607 3381 ries,
640 3323 800 3372 terrae
821 3313 1170 3380 abundantia,
1215 3311 1450 3367 filiorum
1478 3311 1807 3377 benedictio,
1857 3313 2061 3368 sanitas

476 3408 671 3482 plebis.
704 3405 954 3478 Magnum
980 3413 1063 3460 est
1094 3411 1262 3458 totam
1290 3417 1478 3473 regere
1497 3409 1746 3473 gentem;
1769 3418 1799 3456 a
1828 3404 2062 3473 regendo

477 3517 609 3558 vero
643 3517 740 3557 rex
787 3499 1016 3564 dicitur;
1049 3507 1102 3552 et
1129 3497 1222 3566 qui
1271 3495 1410 3551 bene
1450 3495 1586 3566 regit
1629 3493 1930 3563 subjectum
1959 3495 2062 3552 sibi

477 3592 752 3664 pepulum,
777 3590 976 3646 bonam
1003 3589 1168 3644 habet
1187 3603 1218 3642 a
1239 3585 1350 3642 Deo
1370 3585 1804 3651 retributionem,
1829 3601 2059 3655 regnum

478 3687 685 3742 scilicet
711 3682 952 3739 caaleste.
989 3679 1157 3737 Valde
1202 3677 1430 3734 feliciter
1453 3686 1646 3750 regnat
1667 3677 1720 3732 in
1768 3685 1940 3743 terra,
1969 3677 2060 3747 qui

479 3778 547 3832 de
599 3785 818 3830 terreno
841 3788 1008 3843 regno
1063 3769 1360 3826 merebitur
1405 3770 1642 3825 caeleste.
1718 3769 2065 3825 Orationibus

478 3883 610 3922 vero
633 3874 690 3920 et
711 3863 912 3934 vigiliis
931 3878 997 3918 eo
1030 3861 1323 3916 instantius
1357 3860 1423 3914 ad
1470 3859 1642 3914 Deum
1691 3860 1940 3915 insistere
1973 3861 2066 3914 dc-

478 3960 591 4022 bet,
639 3972 747 4028 quo
791 3970 896 4010 non
926 3969 1026 4025 pro
1068 3969 1128 4008 se
1172 3951 1529 4016 solummodo,
1562 3951 1656 4006 sed
1702 3959 1758 4007 et
1776 3967 1875 4022 pro
1903 3952 2066 4006 totius

480 4048 656 4122 gentis
682 4045 1042 4118 prosperitate
1075 4043 1244 4098 Deum
1272 4043 1548 4112 deprecari
1578 4042 1756 4096 debet.
1807 4041 2068 4097 Similiter

480 4139 754 4212 principes
789 4145 846 4191 et
865 4135 1078 4208 judices
1105 4134 1306 4206 pepuli,
1346 4133 1451 4203 19
1475 4134 1528 4187 in
1553 4133 1761 4203 justitia
1789 4142 1843 4187 et
1866 4133 2067 4202 pietate

480 4231 677 4306 populo
699 4230 840 4302 (Dei)
867 4229 1111 4300 prmsint.
1146 4227 1355 4291 Viduis,
1388 4225 1604 4296 pupillis
1634 4235 1689 4279 et
1719 4225 1932 4281 miseris
1957 4227 2066 4281 sint

481 4324 638 4397 quasi
669 4329 866 4393 patres,
891 4319 1019 4391 quia
1039 4318 1264 4388 tequitas
1291 4317 1596 4387 principum
1619 4318 1796 4388 populi
1824 4325 1906 4372 cst
1925 4319 2070 4372 exal-

2165 1851 2318 1908 tates,
2344 1851 2610 1913 quatenus
2623 1843 2791 1898 Deum
2813 1844 3235 1914 omnipotentem
3261 1845 3315 1900 in
3347 1849 3598 1916 prmsenti
3627 1850 3742 1903 vita

2159 1933 2450 2004 propitium
2471 1934 2675 1989 habere
2695 1935 3007 1990 mereamini
3047 1944 3103 1990 et
3131 1937 3185 1991 in
3215 1935 3395 1992 futura
3416 1947 3743 1996 mternorum

2160 2023 2470 2094 largitorem
2497 2024 2784 2079 bonorum.
2811 2024 3006 2080 Pacem
3037 2027 3232 2082 habete
3265 2028 3406 2084 inter
3429 2045 3524 2084 vos
3557 2039 3612 2085 et
3643 2032 3744 2088 [3-

2159 2115 2475 2187 nignitatem
2496 2133 2512 2182 ;
2539 2116 2970 2172 misericordiam
2989 2126 3043 2172 et
3057 2115 3326 2186 justitiam
3343 2120 3413 2174 ad
3439 2135 3628 2177 omnes
3649 2123 3744 2177 ho-

2158 2205 2360 2271 mines,
2397 2213 2453 2260 et
2487 2206 2794 2262 castitatem
2840 2208 3083 2278 corporis
3125 2210 3396 2265 custodite
3441 2213 3636 2276 vestri,
3685 2222 3746 2268 ut

2159 2295 2394 2367 Spiritus
2415 2306 2634 2353 sanctus
2655 2298 2851 2353 vestris
2875 2298 3140 2354 inhabitet
3172 2300 3483 2370 pectoribus
3498 2341 3514 2367 ,
3541 2303 3632 2371 qui
3660 2317 3744 2358 sa—

2155 2388 2311 2459 piens
2339 2389 2492 2444 vobis
2525 2403 2740 2459 semper
2776 2397 3030 2460 suggerat
3077 2390 3396 2454 consilium,
3431 2405 3636 2462 vosque
3676 2395 3746 2448 ab

2155 2479 2304 2534 omni
2327 2478 2579 2535 defendat
2603 2480 2758 2536 hoste
2800 2481 2999 2536 visibiti
3035 2489 3092 2536 et
3131 2481 3410 2539 invisibili.
3446 2483 3748 2554 Vestroqne

2156 2571 2376 2627 domino
2411 2572 2598 2628 ﬁdeles
2640 2581 2845 2638 estote,
2883 2583 2945 2628 ut
2994 2589 3089 2644 per
3120 2584 3360 2631 vestram
3404 2576 3748 2632 conwrdiam

2155 2675 2381 2732 regnum
2403 2661 2660 2718 dilatetur
2682 2672 2944 2728 vestrum,
2969 2665 3111 2733 quod
3133 2681 3276 2736 saepe
3302 2681 3402 2736 per
3420 2666 3748 2722 discordiam

2157 2753 2325 2808 minui
2356 2751 2594 2819 solebat,
2625 2753 2838 2809 dicente
2863 2755 2980 2825 ipsa
3011 2757 3252 2812 Veritate
3277 2775 3290 2811 :
3321 2756 3492 2813 Omne
3521 2773 3748 2830 regnum

2157 2843 2211 2898 in
2229 2858 2290 2900 se
2312 2845 2544 2901 divisum
2571 2861 2680 2902 non
2698 2847 2863 2902 stabit
2882 2847 3096 2919 (Matth.
3125 2866 3222 2916 xu,
3248 2850 3362 2923 25).
3387 2851 3558 2906 Sicuti
3577 2850 3750 2906 maxi-

2155 2950 2244 2990 ma
2267 2935 2492 3006 imperia
2517 2949 2616 3006 per
2641 2937 3006 2994 dissensiones
3033 2940 3318 2996 intestinas
3342 2941 3546 3012 dilapsa
3565 2943 3752 2999 decre-

2159 3027 2412 3092 scebant,
2460 3033 2517 3080 et
2563 3040 2595 3080 e
2643 3029 2922 3083 contrario
2968 3029 3192 3084 minima
3241 3045 3468 3102 qumque
3513 3033 3752 3090 civitatis

2081 3087 2131 3152 ο
2159 3087 2466 3185 cujuslibet,
2497 3117 2583 3172 vel
2609 3120 2920 3188 provinciae,
2947 3133 3044 3190 per
3070 3087 3348 3190 pacificam
3379 3087 3748 3191 eoncordiam,

2162 3221 2388 3276 regnum
2432 3209 2712 3264 crescebat
2740 3218 2794 3264 et
2827 3210 3143 3280 proﬁciebat
3185 3219 3241 3268 et
3285 3211 3602 3272 fortioribus
3648 3219 3750 3273 sibi

2162 3298 2378 3354 tandem
2409 3299 2711 3370 imperabat
2741 3304 2944 3373 regnis.

2236 3391 2264 3431 δ
2292 3391 2502 3449 Timete
2519 3393 2791 3473 ﬂagellum
2814 3397 2962 3467 quod
2981 3397 3130 3452 venit
3147 3413 3310 3468 super
3330 3399 3616 3455 ecclesiam
3637 3415 3753 3455 saa-

2163 3484 2236 3539 cti
2250 3483 2528 3550 Cudberti,
2545 3485 2722 3540 locum
2742 3487 2950 3544 scilicet
2971 3490 3375 3546 sanctissimum
3389 3498 3444 3546 et
3463 3490 3748 3546 multarum

2165 3583 2476 3632 sanctorum
2491 3575 2760 3648 suﬂ'ragiis
2777 3579 3159 3644 divitissimum
3175 3581 3326 3654 [Λίδη
3343 3582 3750 3654 diutissimumj,

2164 3683 2310 3724 nunc
2355 3683 2483 3724 vero
2531 3671 2912 3726 miserabiliter
2945 3688 2974 3726 a
2999 3675 3225 3743 paganis
3260 3673 3616 3728 devastatum.
3649 3673 3754 3740 Qui

2165 3759 2268 3814 hoc
2314 3776 2423 3816 non
2473 3762 2628 3816 timet
2672 3769 2727 3816 et
2770 3763 3008 3833 seipsum
3038 3779 3145 3819 non
3171 3762 3395 3834 corrigit
3420 3773 3476 3818 et
3512 3779 3610 3834 pro
3643 3779 3756 3820 sua:

2166 3853 2356 3920 patriae
2399 3855 2760 3923 prosperitate
2802 3871 2910 3909 non
2947 3855 3154 3927 plangit
3181 3857 3249 3912 ad
3274 3858 3464 3923 Deum,
3495 3869 3755 3913 carneum

2167 3957 2275 3996 non
2302 3943 2464 3998 habet
2493 3960 2607 4009 cor,
2638 3946 2732 4000 sed
2765 3944 3054 4016 lapideum.
3092 3946 3483 4016 Episcoporum
3522 3955 3604 4002 est
3634 3962 3755 4002 mo-

2168 4033 2406 4088 nasteria
2447 4035 2751 4104 corrigere,
2792 4049 3072 4091 servorum
3103 4037 3200 4092 Dei
3225 4037 3391 4091 vitam
3436 4036 3755 4106 disponere,

2167 4125 2366 4194 populo
2395 4126 2488 4180 Dei
2517 4127 2739 4180 verbum
2780 4127 3106 4196 praedicare,
3135 4135 3189 4182 et
3227 4127 3510 4199 diligenter
3542 4125 3756 4198 plebem

2170 4217 2383 4272 erudire
2422 4215 2742 4285 subjectam.
2773 4216 3057 4273 Laicorum
3101 4227 3185 4274 est
3233 4218 3454 4274 obedire
3497 4219 3758 4290 praedica-

2171 4311 2336 4374 tioni,
2358 4307 2536 4377 iustos
2572 4323 2692 4364 esse
2732 4316 2788 4362 et
2832 4308 3242 4376 misericordes,
3274 4317 3542 4380 quatenus
3579 4309 3758 4365 divina

481 4417 635 4472 tatio.
676 4413 1038 4470 Ecclesiarum
1067 4410 1265 4468 Christi
1297 4410 1406 4466 sint
1425 4407 1736 4465 defensores
1765 4417 1818 4465 ct
1840 4420 2064 4473 tutores,
2102 4445 2148 4502 ι)
2171 4401 2476 4502 benedictio
2503 4415 2602 4470 per
2633 4415 2785 4502 suam
2835 4415 3086 4502 magnam
3128 4401 3558 4502 misericordiam
3603 4401 3760 4502 nobis

480 4517 546 4564 ut
569 4522 850 4566 servorum
879 4505 973 4560 Dei
998 4503 1334 4560 orationibus
1372 4501 1529 4570 longa
1559 4502 1744 4556 vivant
1790 4503 2064 4572 prosperi-

484 4607 612 4654 tate.
645 4596 883 4653 Ecclesia
931 4593 1118 4667 (enim)
1152 4609 1348 4663 sponsa
1371 4601 1456 4647 est
1481 4591 1704 4658 Christi,
1731 4603 1789 4648 et
1825 4593 1917 4664 qui
1947 4607 2067 4647 eam

482 4691 688 4748 violare
717 4689 926 4754 nititur,
953 4685 1038 4742 vel
1071 4699 1261 4754 rapere
1293 4699 1414 4754 qua:
1435 4699 1531 4738 sua
1571 4692 1714 4748 sunt,
1745 4684 1984 4738 vindicat
2016 4685 2067 4738 in

481 4798 606 4838 eum
641 4780 786 4836 Deus
821 4777 1088 4842 Christus,
1115 4790 1346 4846 sponsus
1373 4783 1575 4830 sanctae
1601 4790 1712 4830 sua:
1745 4774 2021 4831 Ecclesizr.

554 4887 582 4918 ι
610 4873 834 4932 Vidistis
875 4869 1144 4942 quomodo
1181 4867 1444 4939 perierint
1485 4874 1858 4922 antecessores
1898 4869 2066 4924 vestri

483 4979 641 5038 reges
667 4971 724 5020 et
762 4961 1034 5034 principes
1061 4966 1286 5030 propter
1331 4957 1624 5024 injustitias
1669 4964 1724 5012 et
1765 4959 1984 5028 rapinas
2019 4969 2074 5015 et

485 5055 853 5114 immunditias
883 5053 1040 5118 vitae,
1074 5066 1174 5108 nec
1203 5051 1272 5106 ab
1307 5047 1678 5118 hujuscemodi
1725 5065 1782 5104 se
1831 5054 2070 5121 peccatis

485 5147 774 5202 criminum
796 5141 1130 5215 capitalium,
1157 5141 1330 5196 Deum
1354 5139 1626 5204 timentes,
1659 5139 2066 5208 abstinuerunt;

488 5252 608 5303 nec,
635 5238 776 5308 quod
807 5235 960 5308 pejus
980 5243 1083 5299 est,
1116 5232 1507 5289 immanissima
1532 5231 1796 5295 scelerum
1819 5235 2038 5289 vulnera
2057 5275 2070 5297 ,

561 5391 589 5420 ι
638 5374 873 5442 Vidistis,
915 5378 1172 5448 quomodo
1221 5376 1466 5448 perierint
1510 5391 1659 5448 greges
1694 5384 1754 5448 _et
1793 5373 2071 5448 principes.

492 5448 684 5504 Clades
729 5442 1247 5516 regum'Britannia':
1277 5455 1331 5503 et
1371 5442 1935 5516 Northabimbrorum
1961 5442 2076 5516 fuse

493 5517 752 5593 tlescribit
775 5513 1249 5593 Malmesb.__lib._t.
1282 5517 1416 5593 Reg.
1446 5515 1604 5585 Angl.
1638 5531 1758 5584 cap.
1789 5513 2074 5593 δισῃιίηξιὶιἲ

494 5589 779 5658 plerosque
825 5603 1014 5658 regum
1047 5583 1590 5658 Northanimbroruin
1643 5583 1777 5654 pene
1822 5583 2077 5636 familiari

494 5655 662 5714 exitio
691 5657 854 5712 vitam
882 5655 1078 5712 exisse.
1121 5655 1299 5712 Caxts.

567 5729 595 5770 δ
639 5724 832 5782 Timete
862 5725 1146 5795 ﬂaqellum.
1182 5725 1314 5778 Vide
1354 5742 1472 5794 qua:
1502 5725 1566 5776 de
1597 5727 1698 5794 hoc
1729 5721 1936 5792 flagello
1975 5721 2072 5774 ad-

2171 4494 2480 4562 nostrisque
2515 4493 2806 4560 nepotibus
2846 4493 3081 4562 patriam
3127 4493 3183 4546 in
3221 4493 3362 4548 bona
3401 4491 3760 4562 prosperitate

2167 4599 2491 4641 conservare
2532 4586 2802 4654 dignetur,
2859 4602 3021 4656 quam
3072 4587 3274 4642 nostris
3315 4587 3628 4658 parentibus
3663 4599 3763 4656 per

2168 4679 2385 4752 pietatis
2411 4695 2522 4734 sum
2557 4679 2831 4734 dexteram
2860 4679 3162 4749 perdonare
3185 4679 3402 4751 dignata
3430 4687 3534 4736 est.

2674 4806 2697 4835 ο
2753 4794 3086 4852 EPISTOLA
3138 4795 3253 4850 XII.

2619 4881 2688 4920 AD
2727 4882 3046 4921 EDILBEDUM
3097 4881 3294 4922 πεπυ.

2737 4955 2915 5028 (Anno
2944 4955 3200 5028 incerto.)

2531 5045 2793 5100 Hortatur
2841 5045 2909 5100 ad
2958 5047 3129 5118 regia:
3167 5048 3402 5103 virtutes.

2245 5141 2472 5197 Domino
2495 5139 2851 5195 dilectissimo
2867 5137 3149 5196 Edilredo
3165 5139 3323 5212 [ϐοά.
3342 5139 3457 5197 Sal.
3482 5136 3762 5212 Edilrado]

2175 5238 2288 5310 regi
2315 5237 2577 5293 Alcuiuus
2599 5235 2859 5291 diaconus
2889 5235 3137 5291 salutem.

2176 5371 2482 5446 notavimus
2508 5369 2561 5422 in
2591 5367 2749 5446 epist.
2780 5371 2814 5426 8
2839 5369 2908 5424 ad
2937 5369 3427 5446 hindisfarnenses.
3452 5365 3594 5422 Data
3632 5378 3766 5446 erga

2177 5441 2266 5495 illa
2291 5439 2519 5511 cpistola
2549 5437 2768 5511 nondiu
2798 5448 2918 5511 post
2948 5439 3094 5496 illam
3124 5440 3354 5502 cladem,
3383 5453 3504 5510 quae
3531 5437 3764 5504 contigit

2179 5505 2468 5574 anno'795,
2485 5517 2546 5560 ut
2569 5505 2768 5560 ibidem
2792 5505 3049 5564 diximus.

2251 5589 2272 5617 ο
2316 5577 2458 5632 Edit.
2495 5575 2747 5642 Qucrcct.
2803 5578 2872 5634 '59
2903 5579 3156 5643 (Froben.
3192 5579 3278 5644 ll)
3321 5595 3387 5634 ex
3417 5593 3520 5634 ms.
3565 5575 3764 5630 collata

2181 5663 2302 5702 cum
2332 5647 2490 5702 codd.
2535 5661 2666 5702 mss.
2719 5645 2918 5704 Salisb.
2961 5658 3015 5705 ct
3064 5649 3123 5702 S.
3155 5648 3504 5704 Emmerami.
3538 5647 3764 5702 Videtur

2181 5718 2344 5772 missa
2372 5731 2494 5771 cum
2519 5717 2698 5787 priore
2729 5719 2794 5773 ad
2825 5734 3009 5790 regem
3033 5719 3224 5774 solum.
