4070 6196
256 343 355 398 [ﬁl

328 455 561 520 Propmr
597 445 1024 502 familiaritatem
1068 443 1373 499 dilectionis
1423 442 1719 495 familiares
1760 437 1857 492 tibi
1890 441 1935 496 Δ

258 541 362 600 sali
391 541 608 596 litteras
626 534 871 591 scribere
899 533 1107 588 curavi.
1136 531 1204 586 Et
1224 531 1349 601 quia
1384 542 1599 598 semper
1637 536 1692 582 te
1719 540 1869 579 ama-

260 637 355 698 bo,
381 643 600 699 semper
628 635 683 681 te
705 625 1003 680 admonere
1027 638 1139 678 non
1165 623 1410 686 cessabo,
1454 627 1514 674 ut
1539 619 1635 673 Dei
1675 617 1868 672 volun-

264 725 365 779 tati
409 718 697 781 subditus,
743 715 838 769 Dei
884 713 1225 783 protectione
1269 711 1463 780 dignus
1503 708 1787 772 etliciaris,
1816 712 1873 759 et

266 814 524 871 nobilitas
550 809 715 880 regia:
744 804 1094 862 sn‘..limitatis
1117 818 1311 873 magna
1339 817 1550 856 morum
1590 800 1871 855 nobilitate

266 901 684 961 bonoriticetur.
724 896 841 952 Non
871 903 956 950 est
984 895 1123 948 liber
1147 893 1232 946 vel
1260 892 1458 947 nobilis
1500 893 1589 961 qui
1635 891 1872 961 peccatis

266 995 478 1052 serviet
512 989 672 1061 [ϐοά.
711 986 854 1052 Sal.,
884 982 1185 1055 servierit],
1215 983 1429 1039 dicente
1447 982 1677 1037 Domino
1703 999 1715 1035 :
1745 980 1872 1035 0m-

268 1088 353 1143 nis
379 1085 471 1157 qui
501 1083 630 1153 facit
656 1089 926 1151 peccatum
944 1118 959 1143 ,
990 1092 1169 1131 servus
1204 1085 1282 1130 est
1309 1075 1506 1145 peccati
1534 1074 1714 1145 (Joan.
1740 1088 1835 1126 vin
1853 1112 1867 1137 ,

266 1177 385 1247 54).
425 1175 549 1231 Non
594 1173 752 1227 decet
781 1177 835 1225 te
865 1170 919 1223 in
950 1168 1086 1224 solio
1126 1168 1405 1222 sedentem
1451 1166 1603 1237 regni
1655 1165 1872 1219 rusticis

267 1273 457 1326 vivere
503 1267 770 1323 moribus.
815 1264 895 1318 Ira
941 1261 1039 1317 tibi
1087 1275 1194 1316 non
1236 1260 1562 1323 dominetur,
1601 1258 1694 1313 sed
1732 1257 1872 1312 ratio

271 1363 434 1435 μη,
477 1356 697 1431 gratia].
731 1354 1101 1410 Misericordia
1134 1361 1185 1407 te
1221 1351 1506 1407 amabilem
1544 1349 1733 1414 faciat,
1762 1364 1869 1404 non

269 1453 575 1511 crudelitas
617 1448 895 1505 odibilem.
926 1446 1141 1501 Veritas
1189 1443 1440 1498 audiatur
1480 1457 1542 1496 ex
1595 1454 1691 1495 ore
1743 1448 1867 1505 tuo,

273 1561 382 1601 non
406 1542 641 1598 falsitas.
670 1537 953 1594 Castitatis
980 1536 1078 1590 tibi
1103 1534 1356 1588 conscius
1380 1539 1498 1587 esto
1514 1572 1528 1597 ,
1562 1546 1670 1585 non
1692 1530 1872 1585 libidi-

273 1635 389 1698 nis;
410 1628 784 1690 eontinentize,
809 1641 917 1680 non
940 1623 1195 1687 luxuriae;
1220 1621 1548 1687 sobrietatis,
1569 1636 1678 1675 non
1699 1618 1872 1674 ebrie-

273 1724 427 1777 tatis.
458 1718 577 1776 Noli
604 1715 859 1771 notabilis
883 1727 1004 1767 esse
1031 1713 1085 1766 in
1114 1712 1295 1781 aliquo
1318 1719 1572 1780 peccato,
1618 1709 1713 1766 sed
1755 1709 1871 1764 lau-

274 1812 474 1868 dabilis
498 1811 555 1864 in
584 1806 734 1863 omni
754 1820 919 1875 opere
945 1805 1109 1858 bono.
1145 1802 1354 1870 Largus
1399 1808 1516 1856 esto
1560 1800 1616 1854 in
1657 1799 1864 1864 dando,
1899 1785 1945 1844 Β

274 1919 386 1958 non
414 1915 615 1957 avarus
637 1899 691 1953 in
718 1894 996 1965 rapiendo.
1028 1891 1246 1947 Justitia
1275 1906 1464 1946 omnes
1491 1899 1611 1945 tuos
1644 1896 1872 1945 exornet

272 2004 455 2049 actus.
484 1992 615 2046 Esto
639 1989 811 2044 forma
839 1984 992 2058 [Ms.,
1019 1981 1348 2055 exemplum]
1374 1982 1672 2037 honestatis
1702 1982 1873 2037 omni-

277 2087 381 2139 bus
407 2080 816 2137 tevidentibus.
867 2074 1030 2148 [Noli,
1079 2073 1189 2128 noli
1242 2087 1434 2143 rapere
1479 2073 1686 2138 aliena,
1714 2086 1784 2127 ne
1817 2079 1874 2126 et

278 2175 502 2248 propria
537 2169 781 2241 perdas.]
806 2170 976 2224 Deum
1003 2169 1152 2232 time,
1181 2166 1274 2235 qui
1301 2165 1438 2221 dixit
1465 2183 1479 2219 :
1512 2164 1579 2220 In
1606 2181 1707 2237 quo
1735 2165 1873 2219 enim

270 2265 483 2337 judicio
523 2259 866 2331 judicabitis,
892 2257 1224 2328 judicabitur
1249 2256 1313 2310 de
1350 2256 1488 2310 vobis
1530 2254 1747 2328 (Matth.
1774 2271 1869 2320 vit,

278 2358 356 2427 2).
379 2353 521 2408 Ama
549 2352 719 2406 Deum
754 2348 1030 2404 Christum
1072 2356 1127 2401 et
1171 2345 1288 2416 ejus
1321 2347 1542 2403 obedire
1575 2347 1872 2410 mandatis,

280 2455 550 2519 quatenus
580 2442 726 2498 illius
749 2439 1122 2496 misericordia
1146 2440 1240 2494 tibi
1269 2440 1483 2508 tuisque
1511 2438 1637 2493 ﬁliis
1657 2445 1712 2493 et
1740 2438 1877 2492 ami-

282 2542 364 2596 cis
384 2540 441 2594 in
460 2534 840 2594 benedictione
868 2539 1153 2587 conservet
1180 2528 1476 2602 [regnum],
1524 2531 1669 2600 quod
1704 2537 1757 2586 te
1780 2530 1877 2584 ha-

287 2632 415 2687 bere
435 2627 626 2692 voluit,
655 2633 712 2680 et
731 2624 958 2696 gloriam
991 2620 1186 2677 futura:
1212 2623 1562 2678 beatitudinis
1581 2623 1877 2678 concedere

290 2721 535 2793 dignetur
548 2715 708 2791 [Cod.
727 2713 871 2779 Sal.,
885 2711 1237 2784 dignabitur].
1256 2712 1399 2767 Deus
1419 2713 1760 2781 omnipotens
1791 2725 1879 2766 re-

289 2814 376 2885 gni
402 2811 690 2874 felicitate,
711 2821 924 2863 morum
952 2804 1232 2875 dignitate,
1248 2803 1488 2875 longa-va
1513 2801 1877 2873 prosperitate

286 2909 337 2956 te
365 2901 556 2958 ﬂorere
581 2900 772 2962 faciat,
803 2895 1153 2951 dilectissime
1180 2893 1275 2949 fili.

788 3028 814 3056 α
856 3010 1191 3068 EPISTOLA
1238 3011 1374 3067 XIII.

843 3126 1316 3203 Fragmentum.

762 3253 830 3291 AD
868 3248 1190 3289 ιεωωιιῐυωι
1227 3245 1422 3286 REGI-II.

892 3345 1070 3419 (Anno
1106 3344 1257 3417 795.)

283 3458 557 3517 [morat
592 3457 658 3511 de
683 3456 953 3526 afﬂictione
979 3454 1212 3537 ecclesiae
1244 3463 1292 3508 et
1329 3452 1552 3508 civitatis
1579 3450 1878 3520 Lindisfar-

988 3542 1182 3579 ηεηδιδ.

357 3641 502 3695 Ecce
535 3638 765 3694 ecclesia
812 3636 985 3691 sancti
1019 3633 1304 3690 Cuthberti
1347 3632 1689 3688 sacerdotum
1737 3630 1877 3705 (Dei)

288 3730 553 3802 sanguine
574 3741 816 3798 aspersa,
841 3727 1091 3781 omnibus
1115 3724 1344 3795 spoliata
1371 3724 1704 3780 ornamentis
1729 3722 1880 3779 locus

290 3820 503 3875 cunctis
548 3819 603 3873 in
643 3818 922 3872 Britannia
961 3816 1319 3871 venerabilior
1361 3814 1587 3885 paganis
1633 3814 1881 3885 gentibus

290 3913 452 3966 datur
493 3913 564 3966 ad
606 3911 1024 3982 deprzedandum
1063 3909 1195 3983 [Al.,
1226 3908 1650 3981 debellandum].
1689 3909 1755 3963 Et
1789 3907 1882 3963 ubi

290 4003 529 4069 primum
556 4009 681 4070 post
706 4001 1008 4056 discessum
1028 4001 1057 4040 δ
1076 4001 1250 4055 sancti
1285 3999 1495 4054 Paulini
1539 4000 1608 4054 ab
1638 3999 1883 4055 Eboraco

292 4089 599 4145 Christiana
627 4091 818 4161 religio
844 4090 900 4144 in
925 4099 1111 4145 nostra
1143 4088 1275 4161 [Αι.,
1315 4085 1882 4160 Northanimbrorum]

292 4193 455 4254 gente
491 4183 725 4252 sumpsit
757 4183 1037 4238 exordium
1064 4222 1078 4245 ,
1108 4182 1181 4237 ibi
1213 4181 1446 4236 miseriae
1479 4189 1534 4235 et
1560 4180 1885 4236 calamitatis

296 4274 463 4342 saepit
486 4273 722 4327 initium.
754 4273 895 4339 Quid
920 4273 1187 4342 signiﬁcat
1210 4271 1387 4340 pluvia
1421 4271 1701 4341 sanguinis
1724 4286 1886 4341 quam

294 4366 349 4420 in
373 4364 825 4434 quadragesimali
856 4372 1101 4433 tempore
1124 4363 1179 4416 in
1206 4362 1448 4417 Eboraca
1485 4361 1706 4417 civitate
1724 4401 1740 4427 ,
1767 4376 1888 4431 quae

290 4464 376 4512 est
399 4462 564 4525 caput
594 4455 760 4510 totius
785 4454 957 4525 regni,
983 4455 1037 4507 in
1070 4453 1298 4508 ecclesia
1332 4451 1477 4507 beati
1511 4451 1659 4506 Petri
1690 4452 1889 4522 princi-

291 4552 377 4621 pis
410 4549 778 4620 apostolorum
801 4549 1054 4613 vidimus,
1082 4549 1149 4603 de
1199 4547 1507 4603 borealibus
1544 4547 1753 4611 domus,
1796 4562 1887 4602 se-

292 4656 431 4695 reno
455 4653 604 4704 aere,
633 4640 699 4694 de
736 4653 948 4694 summo
976 4639 1102 4692 tecti
1132 4638 1419 4692 minaciter
1442 4636 1669 4691 cadere?
1697 4634 1887 4693 Nonne

291 4738 475 4800 potest
493 4729 675 4800 putari
712 4747 742 4785 a
769 4730 1079 4786 borealibus
1101 4729 1347 4799 partibus
1373 4728 1560 4784 venire
1585 4744 1747 4800 super
1774 4738 1886 4785 ter-

295 4834 417 4874 ram
445 4820 799 4889 sanguinem?

264 4957 298 5003 δ’
342 4985 393 5055 _-
432 4972 545 5055 Hoc
573 4972 1407 5055 tragmentumnnobis‘servavit
1452 4970 1732 5055 blalmesb.
1782 4972 1878 5027 lib.

292 5043 1084 5195 "testatas-saeta;
1111 5043 1368 5195 33:53:;-
1397 5041 1770 5195 t-sffza...
1816 5113 1882 5169 (ιθ

295 5198 406 5293 ¹¹¹¹ἳ
438 5183 925 5332 stetistis;
945 5183 1038 5306 ‘2‘:
1073 5181 1531 5332 ὲᾈξιξένιηῗιῑρῖξιῗις
1569 5249 1879 5332 Quae}...

297 5338 403 5379 nus
430 5337 533 5394 cpe
564 5321 928 5394 ms.‘_co!licis
952 5338 1077 5394 suae
1119 5322 1417 5394 integritati
1473 5321 1726 5394 restituit.
1761 5322 1879 5394 _Est

298 5394 442 5449 inter
466 5390 737 5449 editasab
761 5394 876 5462 ipso
904 5392 995 5455 49,
1026 5392 1168 5447 inter
1187 5390 1501 5446 Cdnisianas
1525 5391 1611 5451 Ξῖ).
1651 5390 1884 5462 Froben.

298 5462 387 5527 l3,
439 5463 528 5517 hic
570 5461 855 5531 emendata
896 5462 1099 5531 aliquot
1128 5463 1258 5517 locis
1295 5478 1361 5516 ex
1393 5462 1511 5517 cod.
1546 5477 1648 5516 ms.
1686 5461 1884 5515 Salisb.

365 5532 395 5572 δ
424 5532 687 5588 Wirensis
722 5542 771 5585 et
812 5530 1143 5603 Syracusis:
1171 5532 1437 5603 Wirense
1469 5546 1562 5586 seu
1611 5531 1888 5603 Wiremus

297 5605 489 5660 thense
512 5601 903 5658 monasterium
923 5604 1093 5657 sancti
1117 5601 1289 5667 Petri;
1325 5616 1377 5656 et
1407 5601 1685 5657 Girwense
1714 5602 1887 5656 sancti

295 5673 445 5745 Pauli
476 5671 734 5745 (Jarrovv)
752 5673 814 5745 in
840 5671 1031 5745 Anglia
1057 5673 1124 5745 ad
1149 5673 1345 5745 ostium
1369 5671 1541 5745 Win:
1562 5672 1756 5745 amnis,
1788 5686 1886 5745 c_u-

295 5688 445 5731 l'auu
476 5688 734 5745 (JaI'I‘OW)
762 5689 814 5727 ιη
840 5688 920 5727 An
962 5688 1031 5725 na
1057 5688 1124 5727 an
1149 5688 1345 5725 osuum
1384 5688 1541 5727 γνιηε
1562 5688 1756 5738 amnis,
1788 5688 1886 5726 Cll-

283 5743 378 5813 jus
415 5751 676 5817 utrasque
717 5744 865 5815 ripas
912 5688 1231 5799 genedictus
1259 5742 1476 5811 quidam
1515 5741 1758 5799 ecclesiis
1807 5741 1887 5795 in-

1728 326 2086 382 EPISTOLAC
2098 368 2111 380 .
2314 358 2399 376 ...ο

3445 326 3549 382 162

2389 449 2412 475 α
2454 437 2558 507 21
2601 435 2936 492 EPISTOLA
2985 436 3124 491 xw.

2040 541 2108 581 sb
2147 542 2387 582 sanans
2412 525 2439 565 ἀ
2470 541 2729 582 vnnsasm
2766 541 2836 581 ετ
2875 541 3160 583 crnvensns
3195 541 3480 586 ecetssw.

2575 619 2751 690 (Anno
2801 619 2950 692 795.)

1972 708 2233 763 Hortatur
2259 710 2328 762 ad
2377 710 2674 762 ordinatam
2707 710 3048 776 clmritatem;
3076 712 3144 765 ad
3175 712 3555 768 observantiam

2042 779 2298 850 regularis
2320 777 2395 832 vel
2413 780 2680 850 canonicw
2708 780 2848 850 tritta,
2877 789 2923 831 et
2944 780 3133 850 regula!
3178 784 3344 837 sancti
3391 783 3559 837 Bene-

2040 848 2186 901 dicti.
2219 847 2396 901 Terret
2436 847 2669 918 exemplo
2713 847 3259 918 Lindisfarnensium;
3286 854 3555 908 dissuadet

2040 919 2456 990 vestimentorum
2474 916 2707 990 cultum;
2736 916 3109 986 confessionem
3136 916 3464 990 peccatorum
3505 934 3555 977 et

2040 988 2393 1057 paenitentiam
2419 988 2767 1041 commendat.

2045 1077 2411 1132 Sanctissimis
2433 1078 2485 1131 in
2507 1076 2721 1133 Christo
2744 1077 3003 1134 fratribus
3014 1079 3282 1137 Wirensis
3304 1083 3558 1140 Ecclesia:

1971 1178 2028 1226 et
2045 1169 2358 1240 Gyrvensis,
2390 1170 2608 1224 humilis
2632 1170 2792 1225 levita
2820 1170 3081 1227 Alcuinus
3108 1172 3358 1228 salutem.

2044 1261 2269 1330 Semper
2298 1261 2517 1331 pietatis
2543 1271 2737 1318 vestrae
2766 1261 3104 1331 religionem,
3159 1280 3226 1318 ex
3277 1280 3384 1333 quo
3418 1265 3563 1320 scire

1971 1352 2142 1421 potui,
2194 1352 2394 1416 amavi,
2438 1367 2796 1423 magnamque
2846 1354 2900 1407 in
2948 1362 3143 1409 vestra:
3187 1355 3564 1411 unanimitatis

1971 1443 2310 1497 orationibus
2332 1440 2537 1497 habens
2566 1441 2815 1497 ﬁduciam
2845 1456 2859 1495 :
2889 1451 2942 1497 et
2977 1444 3152 1508 modo,
3183 1444 3310 1499 licet
3333 1457 3566 1514 corpore

1970 1533 2158 1603 procul
2182 1533 2407 1602 positus,
2453 1533 2636 1588 animo
2667 1540 2845 1588 tamen
2887 1534 3028 1589 inter
3072 1550 3171 1589 vos
3222 1550 3435 1605 semper
3474 1549 3563 1590 as-

1972 1624 2190 1687 sistens,
2221 1624 2350 1693 quia
2375 1623 2602 1679 latitudo
2631 1624 2915 1680 cbaritatis
2958 1624 3104 1679 nulla
3156 1624 3413 1680 dividitur
3444 1625 3562 1681 lon-

1970 1715 2293 1785 ginquitate,
2324 1713 2486 1769 nullis
2506 1714 2774 1770 clauditur
2814 1715 3062 1771 terminis
3093 1734 3104 1768 :
3138 1716 3230 1771 sed
3256 1731 3364 1785 quo
3390 1718 3562 1786 magis

1972 1808 2126 1862 ardet
2177 1807 2232 1860 in
2273 1805 2512 1875 pectoris
2535 1815 2712 1871 antro,
2753 1821 2819 1860 eo
2845 1807 3011 1862 latius
3050 1806 3320 1863 ﬂammam
3353 1809 3561 1863 suavis-

1972 1896 2095 1950 simi
2123 1897 2334 1952 ardoris
2353 1909 2608 1966 spargere
2626 1896 2910 1950 assuescit.
2935 1895 3087 1952 Sicut
3106 1895 3226 1951 fons
3249 1898 3559 1966 paradisum

1975 1986 2205 2056 irrigans
2234 1985 2535 2055 quadrifido
2567 1985 2783 2040 tramite
2825 1984 2994 2039 latum
3021 1983 3339 2041 diffunditur
3376 1987 3432 2041 in
3471 2002 3559 2042 or-

1974 2077 2118 2142 bem,
2150 2076 2231 2132 sic
2279 2076 2399 2132 fons
2444 2076 2726 2131 cbaritatis
2766 2084 2974 2146 peetus,
3023 2076 3285 2131 virtutum
3339 2074 3562 2131 floribus

1972 2167 2256 2239 pullulans,
2289 2168 2343 2221 in
2373 2174 2605 2237 quatuor
2643 2166 2844 2222 amoris
2877 2168 3023 2221 rivos
3064 2167 3361 2233 derivatur,
3394 2167 3562 2222 veluti

1975 2274 2196 2320 sanctus
2220 2263 2554 2334 Augustinus
2581 2263 2637 2316 in
2665 2262 2806 2317 libro
2824 2261 3001 2332 primo
3028 2261 3104 2315 De
3129 2261 3385 2316 Doctrina
3408 2260 3564 2316 Chri-

1975 2356 2149 2411 stiana
2171 2353 2324 2425 (Cap.
2341 2354 2413 2409 25
2428 2361 2482 2409 et
2496 2352 2674 2423 seqq.)
2696 2352 3034 2408 dixituCum
3054 2367 3186 2424 ergo
3205 2359 3438 2422 quatuor
3456 2352 3565 2407 sint

1976 2446 2274 2517 diligenda,
2305 2460 2472 2500 unum
2497 2444 2641 2514 quod
2678 2459 2839 2513 supra
2875 2458 2976 2498 nos
3012 2450 3130 2508 est,
3162 2441 3393 2497 alterum
3419 2441 3563 2511 quod

1975 2553 2076 2593 nos
2097 2551 2305 2601 smnus,
2329 2536 2548 2591 tertium
2571 2534 2715 2604 quod
2725 2532 2883 2601 juxta
2903 2548 3004 2588 nos
3022 2540 3124 2598 est,
3142 2540 3399 2602 quartum
3419 2531 3563 2600 quod

1977 2629 2117 2683 infra
2149 2644 2248 2684 nos
2283 2634 2390 2684 est.
2422 2627 2567 2680 Deus
2606 2639 2770 2694 supra
2809 2640 2909 2680 nos
2944 2633 3046 2680 est.
3092 2624 3377 2679 Proximus
3405 2622 3562 2692 juxta

1977 2734 2075 2776 nos
2097 2728 2199 2774 est.
2233 2717 2442 2787 Corpus
2463 2722 2709 2770 nostrum
2731 2713 2869 2769 infra
2892 2729 2991 2769 nos
3013 2721 3116 2769 est.
3146 2713 3223 2767 De
3247 2714 3486 2769 secundo
3507 2722 3566 2771 et

1977 2818 2172 2882 quarto
2199 2807 2342 2863 nulla
2368 2814 2634 2877 praecepta
2657 2804 2835 2861 danda
2858 2813 3016 2860 erant
3041 2803 3230 2876 [Codd.
3262 2820 3361 2860 ms.
3386 2801 3559 2877 sunt].

1978 2898 2383 2969 Quantumlibet
2403 2896 2549 2952 enim
2571 2897 2733 2952 homo
2757 2896 2973 2952 excidat
2993 2911 3023 2949 a
3045 2895 3294 2959 veritate,
3319 2904 3560 2950 remanet

1978 2993 2055 3049 illi
2082 2991 2297 3048 dilectio
2323 2989 2408 3045 sui
2432 2996 2487 3044 et
2512 2988 2729 3044 dilectio
2754 2988 3001 3059 corporis
3025 2985 3129 3043 sui.
3159 2987 3283 3042 ldeo
3306 2988 3564 3057 prmcepit

1979 3085 2267 3157 Scriptura
2314 3091 2376 3138 ut
2419 3083 2563 3138 Deus
2609 3082 2864 3153 diligatur
2907 3091 2962 3136 et
3007 3080 3306 3149 proximus.
3347 3077 3564 3135 Nullum

1978 3192 2162 3233 rerum
2187 3175 2578 3244 diligendarum
2602 3190 2776 3246 genus
2813 3175 2866 3229 in
2910 3174 2995 3229 his
3036 3172 3244 3229 duobus
3282 3183 3565 3242 prmccpus

1974 3266 2402 3337 prmtermissum
2427 3273 2530 3320 est.
2560 3263 2718 3320 Salus
2754 3279 2883 3318 vero
2920 3263 3163 3332 corporis
3195 3269 3418 3332 propter
3449 3277 3566 3319 ser-

1978 3358 2171 3413 vitium
2198 3356 2292 3411 Dei
2318 3356 2549 3411 amanda
2584 3364 2701 3420 est,
2738 3363 2793 3410 et
2834 3354 3115 3424 integritas
3147 3354 3342 3408 anima:
3374 3353 3428 3407 in
3453 3353 3566 3411 Deo

1976 3447 2244 3519 diligenda
2285 3456 2388 3503 est.
2430 3447 2748 3512 Proximus,
2793 3446 2845 3501 id
2881 3454 2996 3510 est,
3024 3446 3199 3501 omnis
3220 3445 3415 3513 homo,
3438 3459 3568 3514 pro-

1976 3549 2101 3611 pter
2141 3540 2351 3606 Deum;
2401 3550 2457 3594 et
2500 3554 2664 3609 super
2703 3539 2885 3594 omnia
2931 3538 3076 3593 Deus
3115 3537 3415 3606 diligendus
3457 3546 3561 3593 est.

1979 3633 2207 3705 Diliges,
2240 3633 2445 3702 inquit,
2471 3632 2755 3686 Dominum
2779 3630 2950 3684 Deum
2988 3640 3137 3683 tuum
3173 3645 3238 3683 ea:
3263 3637 3372 3683 toto
3409 3630 3563 3683 corde

1981 3736 2071 3781 tuo
2088 3767 2103 3792 ,
2132 3736 2180 3779 et
2207 3742 2270 3780 ea:
2297 3733 2406 3778 tota
2435 3724 2615 3777 anima
2642 3732 2733 3777 tua
2762 3732 2810 3775 ct
2839 3738 2903 3776 ea:
2931 3730 3040 3775 tota
3065 3730 3233 3776 mente
3254 3730 3346 3775 tua
3362 3736 3382 3786 ,'
3408 3730 3456 3774 et
3482 3721 3565 3775 di-

1981 3816 2109 3886 liges
2135 3815 2430 3886 proximum
2459 3824 2607 3867 tuum
2634 3814 2768 3867 sicut
2795 3823 2845 3867 te
2870 3814 3040 3884 ipsum
3068 3812 3285 3884 (Matth.
3308 3829 3442 3879 xxn,
3469 3814 3562 3879 37,

1981 3907 2107 3977 39).
2137 3904 2363 3961 Omnem
2388 3918 2516 3959 vero
2544 3904 2819 3958 hominem
2844 3904 3148 3972 proximum
3191 3918 3337 3970 esse,
3380 3919 3565 3959 exem-

1983 3995 2072 4066 plo
2096 3994 2361 4049 vulnerati
2387 4003 2444 4050 et
2474 3993 2803 4049 Samaritani
2829 3994 3120 4049 discamus.
3145 3994 3359 4048 Nullum
3386 4003 3565 4049 autem

1985 4094 2270 4156 exceptum
2308 4100 2429 4141 esse
2455 4085 2542 4140 cui
2568 4083 2953 4139 misericordia:
2978 4084 3273 4153 denegetur
3295 4082 3528 4138 ollicium
3546 4126 3560 4146 ,

1985 4178 2106 4248 quis
2151 4192 2258 4231 non
2301 4176 2524 4232 videat?
2549 4175 2763 4247 quando
2792 4173 2962 4246 [Cod.
2992 4173 3134 4241 Sal.,
3162 4171 3451 4244 quoniam]
3499 4175 3567 4228 ad

1989 4268 2235 4323 inimicos
2280 4268 2442 4322 etiam
2492 4275 2801 4338 porrectum
2843 4273 2952 4332 est,
2997 4266 3187 4321 eodem
3221 4264 3447 4320 Domino
3486 4265 3569 4319 di—

1989 4368 2147 4415 cente
2177 4376 2190 4412 :
2233 4356 2448 4430 Diligite
2484 4358 2723 4412 inimicos
2748 4367 2974 4422 uestros,
3011 4356 3292 4427 benefacite
3324 4355 3435 4421 his,
3475 4354 3566 4426 qui

1991 4452 2211 4506 oderunt
2237 4467 2323 4505 vos
2347 4449 2499 4521 (Luc.
2522 4465 2574 4503 γι
2596 4490 2611 4514 ,
2638 4448 2751 4519 27).
2778 4467 2797 4500 ι
2829 4446 2886 4502 Si
2912 4447 3115 4502 inimici
3137 4446 3393 4517 diligendi
3418 4453 3565 4512 sunt,

1992 4553 2195 4614 quanto
2219 4543 2391 4613 magis
2413 4550 2468 4597 et
2492 4541 2691 4596 fratres
2715 4539 2807 4609 qui
2832 4554 2940 4594 uno
2964 4538 3089 4593 ovili
3113 4538 3498 4593 continentur?

2064 4634 2170 4689 Vos
2195 4647 2356 4697 vero,
2383 4630 2581 4686 fratres
2615 4629 2974 4691 sanctissimi,
3010 4628 3199 4685 iisdem
3237 4627 3390 4700 [Cod.
3422 4628 3565 4695 Sal.,

1989 4739 2021 4778 a
2046 4721 2282 4793 sanctis]
2325 4721 2575 4778 Patribus
2613 4720 2838 4791 spiritali
2863 4720 3109 4775 doctrina
3137 4720 3405 4790 congeniti
3424 4760 3440 4786 ,
3466 4721 3568 4776 eis-

1989 4816 2109 4872 dem
2151 4811 2318 4886 [Cod.
2363 4812 2505 4880 Sal.,
2543 4821 2707 4883 atque
2741 4827 2774 4867 a
2810 4810 2996 4883 bonis]
3032 4812 3123 4866 diu
3146 4812 3451 4880 pastoribus
3472 4829 3570 4882 per

1986 4970 2226 5040 signivit,
2256 4978 2310 5024 et
2344 4967 2671 5023 monasteria
2705 4966 2900 5040 ibidem
2930 4968 3251 5040 construxit,
3285 4967 3569 5040 cbaritatis

1984 5036 2283 5109 et'regulaz
2320 5040 2518 5093 unione
2544 5053 2659 5109 non
2705 5038 3085 5109 discrepantia.
3143 5036 3324 5109 Cinis.
3347 5068 3420 5078 —
3442 5039 3564 5094 Vixi.

1984 5107 2262 5163 Malmesh.
2312 5109 2404 5163 lib.
2451 5124 2506 5162 1v
2542 5108 2700 5178 Pent.
2742 5107 2898 5177 Angl.
2930 5108 2983 5161 in
3010 5107 3136 5163 line.
3176 5108 3412 5164 Alterius
3452 5109 3566 5178 epi-

1981 5178 2132 5233 stolae
2165 5179 2231 5230 ad
2268 5178 2603 5233 Eadbaldum
2646 5176 3044 5232 Gerwicensem
3085 5178 3332 5233 abbatem
3383 5176 3570 5233 memi-

1979 5249 2060 5321 nit
2088 5248 2336 5321 Clemens
2369 5247 2650 5321 Reynerus
2673 5248 2813 5321 apud
2839 5245 3121 5321 Alfordum
3143 5247 3343 5321 Annal.
3371 5248 3571 5321 Angle-

1980 5261 2060 5303 nit
2088 5261 2336 5303 Clemens
2375 5261 2650 5372 negnerus
2673 5261 2813 5369 agam
2839 5261 3121 5301 Aliorsum
3147 5261 3343 5302 annal.
3371 5261 3569 5321 Angle-

1980 5319 2181 5374 Saxon.
2212 5318 2278 5387 agi
2309 5332 2399 5370 an.
2480 5317 2567 5379 04,
2610 5332 2663 5369 n.
2779 5357 2793 5379 ,
2837 5331 2983 5387 pag.
3011 5317 3099 5381 14,
3142 5317 3258 5373 haec
3302 5321 3462 5374 verba
3491 5321 3569 5376 ei-

1987 5397 2144 5443 tans:
2174 5406 2192 5438 ε
2216 5386 2331 5440 Non
2355 5387 2591 5457 ignotum
2621 5400 2740 5457 esse
2772 5395 2878 5441 tuae
2918 5386 3217 5457 dilectioni,
3260 5389 3569 5445 venerande

1984 5459 2173 5522 frater,
2217 5455 2398 5520 credo,
2443 5455 2587 5526 quod
2612 5456 2739 5526 olim
2768 5457 2938 5511 sancti
2972 5456 3162 5512 Patres
3199 5465 3569 5513 antecessores

1984 5529 2064 5583 tui
2094 5529 2224 5583 mihi
2274 5527 2398 5581 licet
2439 5524 2657 5598 indigno
2687 5524 3076 5598 familiaritatis
3113 5536 3307 5582 vestrae
3336 5529 3567 5598 gratiam

1981 5600 2435 5667 perdonavernnt,
2478 5604 2533 5651 et
2573 5597 2627 5650 in
2656 5595 2778 5651 albo
2818 5597 3165 5667 beatitudinis
3209 5595 3401 5653 vestra:
3432 5612 3569 5653 mea

1982 5664 2265 5739 parvitatis
2311 5664 3137 5739 nomeniconscribi‘jusserunt,
3185 5668 3282 5733 ita,
3324 5676 3383 5721 ut
3424 5680 3568 5722 unus

1984 5736 2157 5796 essem
2182 5753 2247 5794 ex
2276 5738 2448 5805 vobis,
2475 5738 2781 5810 ubicunque
2803 5736 2912 5795 Deo
2942 5738 3152 5795 volente
3177 5753 3370 5794 essem.
3394 5755 3417 5788 ι
