4078 6196
472 340 568 394 163
1320 331 1378 382 Β.
1422 329 1481 381 F.
1522 326 1747 382 ΛΙιὲεῆ
1791 326 1919 381 SEU
1960 326 2074 381 ΑΒ(

2175 326 2231 379 Nl
2271 327 2552 381 OPERUM
2593 326 2773 380 PARS
2814 327 2853 378 l.
3630 331 3731 383 {64

467 464 669 523 pascua
695 447 814 500 vita:
840 442 1077 502 deducti,
1109 439 1376 493 similibus
1414 436 1677 508 regularis
1716 435 1870 507 [ϐοά.
1903 435 2040 497 Sal.,
2080 442 2123 498 Α
2149 437 2318 506 gritas
2352 435 2516 491 efficit
2554 434 2717 508 [Cod.
2748 435 2897 499 Sat,
2925 435 3151 507 efﬁciet]
3196 444 3414 489 sanctos
3453 446 3509 493 et
3546 439 3739 510 dignos

467 533 762 607 canonicze]
789 534 913 587 vitae
936 528 1366 585 institutionibus
1394 526 1601 590 edocti,
1642 527 1793 596 pacis
1832 532 1887 580 et
1920 540 2048 579 cou—
2149 528 2481 594 protectione
2514 527 2715 581 divina.
2756 524 2889 592 Quis
2930 541 3034 579 non
3074 526 3233 580 timet
3268 534 3532 582 terrorem
3568 529 3621 596 ιι,
3645 531 3740 600 qui

468 630 665 687 cordia:
686 622 1095 680 unanimitatem
1118 619 1526 690 diligentissime
1550 619 1855 673 observate.
1900 616 2050 670 Beati
2151 621 2345 677 accidit
2370 622 2422 676 in
2449 620 2677 676 ecclesia
2704 621 2874 676 sancti
2901 619 3158 675 Cudberti
3186 618 3360 692 [ϐοά.
3389 618 3509 675 sal.
3528 660 3545 687 ,
3568 621 3740 678 cum-

471 719 673 788 paciﬁci
694 758 707 780 ,
738 714 986 787 quoniam
1013 711 1114 781 ﬁlii
1142 711 1236 764 Dei
1262 710 1588 764 vocabuntur
1617 708 1842 781 (Matth.
1870 723 1935 772 v,
1960 707 2048 778 9).
2150 711 2364 784 lzercti]
2391 713 2415 765 ?
2466 712 2732 783 Corrigite
2762 718 3093 782 quapropter
3139 726 3321 766 mores
3370 720 3583 769 vestros
3604 751 3621 779 ,
3671 729 3744 769 ne

470 810 586 864 Non
622 809 731 863 sint
766 806 1057 861 schismata
1084 801 1309 858 occultae
1339 800 1702 855 :nmulationis
1738 800 1881 855 inter
1924 815 2046 861 vos,
2151 811 2371 873 propter
2402 811 2623 872 peccata
2657 803 3039 858 sceleratorum
3076 810 3311 871 pereant
3357 810 3414 856 et
3454 802 3628 872 justi;
3673 821 3743 860 ne

470 902 597 972 quia
624 900 768 954 Deus
792 897 1058 960 Christus,
1098 894 1240 948 Deus
1272 900 1357 947 est
1392 893 1544 962 pacis
1568 900 1623 947 et
1655 892 1968 955 charitatis,
1998 898 2056 945 et
2153 893 2308 947 vinea
2347 893 2556 947 Domini
2596 894 2827 962 vulpinis
2865 893 3024 947 detur
3067 893 3319 948 dentibus
3368 894 3437 949 ad
3479 894 3743 952 deroden-

472 994 564 1063 qui
601 993 654 1046 in
692 990 953 1045 charitatc
988 995 1203 1051 manet,
1245 986 1300 1039 in
1330 984 1443 1040 Deo
1470 994 1654 1040 manet
1685 992 1703 1056 (
1729 983 1755 1037 I
1783 984 1941 1037 Jaan.
1976 999 2050 1046 tv,
2154 983 2320 1049 dum;
2350 996 2418 1035 ne
2453 983 2757 1037 sanctuaria
2784 983 2878 1036 Dei
2903 982 3070 1051 pedes
3099 997 3436 1053 paganorum
3464 993 3742 1052 pertranso

476 1085 598 1151 i6).
644 1082 869 1136 Dilectio
908 1094 1036 1134 vero
1063 1077 1297 1147 proximi
1327 1078 1384 1131 in
1422 1077 1597 1132 ofﬁcio
1632 1075 2051 1139 misericordite,
2146 1081 2304 1127 eant.
2353 1072 2467 1126 Hoc
2513 1072 2734 1141 impium
2790 1086 2910 1126 esse
2958 1073 3212 1139 videtur;
3253 1073 3350 1128 sed
3389 1073 3559 1129 multo
3590 1074 3744 1144 pejus

475 1175 529 1228 in
580 1173 823 1228 doctrina
864 1170 1055 1225 salutis
1113 1169 1437 1223 ostenditur.
1482 1166 1584 1233 Qui
1628 1167 1790 1221 habet
1832 1166 2057 1220 verbum
2155 1171 2274 1227 est,
2322 1164 2368 1217 si
2420 1162 2617 1217 diaboli
2671 1162 2928 1217 atrocitas
2979 1161 3252 1234 [propter
3300 1165 3505 1220 scelera
3558 1176 3742 1221 nostra

478 1266 572 1319 Dei
607 1265 661 1318 in
689 1263 852 1319 corde
880 1262 1072 1316 doceat
1096 1259 1435 1328 proximum;
1468 1257 1559 1325 qui
1587 1257 1747 1311 habet
1772 1255 1951 1310 saeculi
1978 1253 2059 1308 fa-

481 1356 711 1410 cultates
736 1393 751 1417 ,
804 1352 1023 1421 adjuvet
1058 1350 1404 1421 proximum;
1448 1347 1542 1416 qui
1582 1347 1745 1401 habet
1777 1345 2087 1416 eujuslihet‘

484 1445 768 1502 ministerii
798 1444 1082 1499 scientiam
1102 1484 1117 1507 ,
1149 1442 1441 1517 opituletur
1467 1440 1741 1508 proximo,
1774 1438 1889 1507 ipso
1924 1451 2063 1506 prte-

484 1538 716 1606 cipiente
743 1534 891 1590 Deo:
955 1532 1145 1588 Omnia
1182 1546 1502 1602 quiscunque
1540 1528 1727 1591 vultis,
1770 1537 1824 1580 ut
1863 1527 2061 1597 faciant

487 1630 625 1685 robis
653 1630 905 1691 homines,
936 1627 1046 1679 ha’c
1076 1626 1253 1679 cadent
1285 1634 1332 1677 et
1362 1640 1449 1678 vos
1487 1623 1644 1692 facite
1682 1621 1785 1674 illis
1824 1620 1842 1690 (
1868 1619 2058 1672 Matth.

2157 1255 2335 1309 cordis
2360 1254 2533 1309 nostri
2556 1254 2804 1308 devastat
2828 1252 3179 1324 penetralia].
3209 1252 3435 1323 Propter
3457 1255 3746 1310 interiores

2159 1349 2343 1402 hostes
2362 1388 2376 1411 ,
2404 1346 2703 1401 exteriores
2738 1353 3068 1414 potestatem
3095 1346 3316 1399 habent.

2236 1437 2296 1493 Si
2334 1438 2498 1507 igitur
2523 1436 2667 1491 Deus
2698 1451 2800 1505 pro
2824 1437 2963 1491 bona
2989 1437 3399 1491 conversatione
3421 1444 3478 1491 et
3497 1437 3745 1493 castitate

2162 1534 2286 1587 vitae
2311 1533 2582 1587 habitator
2604 1539 2689 1586 est
2721 1533 2900 1587 cordis
2940 1532 3141 1596 nostri,
3185 1547 3459 1601 nunquam
3501 1533 3746 1589 inimicos

2162 1640 2288 1679 suos
2312 1632 2528 1679 vastare
2556 1624 2781 1679 dimittit
2809 1639 2929 1694 quae
2958 1631 3142 1679 nostra
3178 1631 3322 1678 sunt.
3359 1623 3572 1705 Quanta
3603 1625 3744 1679 mul-

486 1738 560 1776 vu
584 1762 598 1786 ,
627 1720 695 1773 1‘2
717 1722 756 1790 ).
790 1716 1067 1788 Regularis
1100 1714 1218 1787 [vel
1247 1712 1555 1783 canonicae]
1587 1713 1708 1765 vita:
1735 1710 2065 1765 observatio-
2095 1779 2136 1790 _
2166 1718 2337 1773 titudo
2370 1718 2644 1773 exercitus
2675 1717 3023 1788 Assyriorum
3059 1726 3277 1787 propter
3300 1732 3459 1772 unam
3482 1715 3615 1785 justi
3655 1733 3744 1773 re-

486 1826 640 1873 ηθιῐιν
671 1823 831 1878 quam
858 1814 1160 1861 εῑθῑυετυηι
1180 1804 1331 1857 νοδίε
1352 1801 1677 1857 δθηεῑίεδίηιί
1705 1799 1892 1854 Patres
1917 1812 1941 1840 ⁸
1965 1798 2066 1854 Βθο
2095 1779 2138 1835 Β
2166 1811 2248 1880 gis
2277 1817 2331 1863 et
2356 1809 2465 1863 Deo
2493 1808 2674 1862 dilecti
2699 1808 3001 1862 orationem
3029 1808 3305 1877 perierat?
3330 1807 3568 1862 Aliorum
3590 1809 3749 1863 casti-

488 1902 733 1956 nedictus
759 1899 964 1954 scilicet
993 1906 1046 1951 et
1079 1894 1400 1958 Ceolfridus,
1439 1892 1847 1963 diligentissime
1886 1902 2066 1946 custo—
2166 1901 2312 1971 galia
2348 1907 2527 1954 vestra
2557 1899 2627 1955 sit
2653 1900 2982 1962 admonitio,
3018 1907 3073 1953 et
3100 1913 3399 1967 paucorum
3437 1898 3747 1961 tribulatio,

483 1994 594 2048 dite
617 2035 631 2059 ,
659 2000 924 2062 quatenus
951 2003 1074 2044 cum
1100 1987 1207 2042 illis
1232 1994 1490 2041 aeternam
1516 1985 1907 2039 benedictionis
1932 1988 2068 2038 mer:

2175 1992 2456 2046 multorum
2486 1992 2558 2045 sit
2584 1990 2828 2045 salvatio.
2861 1990 2965 2045 Vos
2992 1990 3263 2044 maritima
3291 1990 3580 2053 habitatis,
3607 1989 3749 2044 unde

486 2085 669 2140 cedem
699 2085 899 2139 habere
925 2080 1260 2136 mereamini.
1292 2078 1418 2133 Haec
1442 2084 1529 2133 est
1558 2078 1676 2132 laus
1711 2085 1920 2140 vestra,
1964 2077 2067 2131 iste
2169 2083 2337 2150 pestis
2382 2082 2558 2151 primo
2603 2081 2825 2151 ingruit.
2872 2081 2928 2134 In
2971 2079 3128 2134 nobis
3169 2079 3448 2149 impletum
3485 2087 3570 2134 est
3606 2079 3748 2148 quod

486 2180 660 2233 honor
679 2186 860 2232 vester
880 2161 1019 2245 apud
1042 2176 1306 2238 homines,
1331 2180 1387 2227 et
1405 2174 1689 2227 retributio
1711 2172 1852 2241 apud
1874 2171 2064 2226 Deum.
2166 2170 2294 2225 olim
2329 2185 2425 2239 per
2459 2170 2788 2239 PrOphetam
2829 2170 3175 2240 prtedicatum
3211 2176 3334 2223 est:
3384 2168 3460 2222 Ab
3498 2169 3751 2239 Aquilone

486 2265 660 2321 Nolite
682 2265 1019 2321 eonformare
1044 2277 1138 2316 vos
1164 2261 1345 2317 surculi
1373 2262 1677 2316 hominibus
1702 2262 1755 2314 in
1784 2268 2070 2314 vestimen-
2166 2263 2504 2316 inardescunt
2540 2260 2683 2315 mala
2722 2272 2770 2315 et
2812 2278 2843 2315 α
2871 2260 3094 2315 Domino
3135 2258 3477 2330 formidolosa
3515 2259 3750 2313 laudatio

494 2365 672 2410 torum
693 2355 951 2418 vanitate,
979 2354 1033 2407 in
1056 2353 1334 2408 ebrietatis
1361 2353 1594 2417 luxuria,
1624 2353 1675 2406 in
1694 2351 1803 2420 joci
1828 2352 2066 2417 lascivia,
2168 2353 2330 2406 veniet
2359 2352 2591 2422 (Jerem.
2625 2368 2677 2418 ι,
2710 2352 2777 2417 id
2803 2368 2816 2417 ;
2847 2352 2969 2405 Job.
3004 2366 3221 2414 xxxvii,
3254 2350 3325 2404 22
3345 2350 3386 2421 ).
3415 2350 3554 2405 Ecce
3589 2349 3748 2419 fugax

488 2448 542 2502 in
584 2446 877 2501 Otiositatis
906 2445 1201 2514 petulantia
1229 2463 1241 2498 :
1274 2445 1369 2499 sed
1398 2458 1521 2497 eum
1548 2443 1695 2498 omni
1725 2443 1986 2497 modestia
2014 2450 2070 2496 et

489 2541 691 2610 pietate
714 2538 1052 2594 conversatio
1080 2544 1252 2591 vestra
1278 2535 1391 2590 Deo
1416 2536 1486 2590 sit
1512 2534 1761 2589 amabilis
1800 2543 1855 2588 et
1893 2533 2070 2588 homi-

490 2630 647 2685 nibus
686 2628 1041 2693 venerabilis,
1086 2628 1226 2681 sicut
1263 2628 1415 2682 decet
1464 2625 1601 2681 filios
1641 2633 1843 2678 sanctae
1883 2623 2071 2677 matris

493 2721 791 2799 [Ecclesiae]
819 2729 873 2776 et
900 2720 1226 2774 monachica:
1254 2719 1375 2772 vitae
1399 2717 1662 2771 alumnos.

560 2814 669 2870 Vos
695 2826 850 2875 vero,
882 2810 971 2879 qui
999 2809 1130 2863 estis
1158 2807 1346 2861 Patres
1369 2814 1424 2861 et
1448 2814 1693 2876 pastores
1720 2814 1922 2860 sancta:
1946 2820 2075 2860 con-

490 2902 856 2975 gregationis,
908 2899 1095 2953 docete
1147 2897 1552 2967 diligentissime
1600 2894 1839 2950 fraterno
1888 2907 2075 2949 amore

490 2994 774 3054 familiam,
809 3004 971 3059 quam
1001 2988 1283 3056 accepistis
1312 2986 1597 3056 regendam
1620 3026 1634 3052 ,
1662 3000 1931 3056 omneque
1976 2986 2075 3040 bo-

494 3084 682 3139 nitatis
705 3080 1009 3149 exemplum
1029 3080 1084 3133 in
1108 3078 1505 3147 vobismetipsis
1521 3078 1803 3132 ostendite.
1822 3077 2074 3132 Seniores

493 3183 551 3228 ut
572 3181 755 3243 patres
776 3185 898 3225 cum
923 3171 1126 3226 honore
1141 3171 1246 3241 22
1261 3171 1567 3234 admonete,
1588 3168 1831 3237 juniores
1852 3178 1912 3223 ut
1935 3168 2074 3225 filios

494 3277 618 3317 cum
666 3260 811 3315 omni
865 3258 1146 3315 dilectione
1194 3261 1476 3328 castigate.
1530 3257 1732 3314 Omnes
1778 3259 1831 3312 in
1881 3259 2072 3329 spiritu

497 3351 924 3407 mansuetudinis
952 3358 1007 3404 et
1035 3351 1317 3404 verborum
1347 3351 1626 3404 honestate
1655 3349 1924 3404 instruite.
1969 3347 2077 3404 Ste-

498 3446 727 3516 piusque
755 3442 936 3515 regula
964 3442 1135 3497 sancti
1161 3441 1435 3496 Benedicti
1464 3442 1519 3495 in
1548 3450 1814 3497 conventu
1850 3440 2074 3496 fratrum

500 3536 774 3612 [legatur,
801 3533 902 3607 ut]
930 3534 1144 3605 prepria
1169 3541 1470 3602 exponatur
1505 3533 1713 3603 lingua,
1755 3541 1812 3588 ut
1851 3533 2075 3604 intelligi

498 3626 671 3697 possit
695 3626 764 3679 ab
791 3625 1059 3680 omnibus.
1087 3623 1169 3678 Ad
1196 3624 1346 3694 cujus
1372 3624 1761 3679 institutionem
1788 3626 2077 3694 unusquis—

501 3732 606 3786 que
629 3730 783 3771 suam
810 3715 1044 3784 corrigat
1068 3714 1255 3778 vitam,
1272 3722 1331 3767 ut
1354 3713 1496 3783 quod
1524 3712 1679 3785 [Deo]
1706 3714 1927 3769 vovistis
1951 3722 2077 3770 ante

499 3809 690 3872 altare,
713 3806 1088 3861 inviolabiliter
1107 3807 1439 3861 custodiatur
1459 3822 1490 3861 a
1511 3808 1695 3874 vobis;
1722 3808 1931 3863 dicente
1954 3807 2080 3862 Pro.

495 3901 661 3967 pheta
691 3916 704 3951 :
743 3895 927 3951 Vovete
949 3905 997 3951 et
1028 3896 1226 3951 reddite
1255 3896 1481 3951 Domino
1523 3897 1632 3951 Deo
1677 3908 1842 3953 vestro
1879 3897 2071 3970 (Paul.

498 4003 661 4053 uxr,
688 3987 796 4057 {2).
823 3985 1077 4055 Displicet
1096 3986 1240 4041 enim
1263 3986 1373 4041 Deo
1394 3986 1623 4042 infidelis
1642 3989 1929 4059 promissio
1952 3989 2079 4061 (Ec-

498 4078 586 4131 cli.
618 4094 665 4142 v,
696 4078 773 4150 5).
799 4076 1045 4148 Cogitate
1068 4093 1228 4148 quem
1258 4079 1502 4133 habeatis
1527 4078 1862 4135 defensorem
1889 4088 2075 4135 contra

496 4182 764 4237 paganos,
790 4168 882 4236 qui
920 4176 1286 4237 apparuerunt
1312 4168 1456 4222 circa
1501 4170 1757 4223 terminos
1798 4170 2079 4226 maritimae

497 4258 863 4313 habitationis.
909 4257 1082 4311 Nolite
1122 4258 1176 4311 in
1219 4259 1385 4312 armis
1427 4273 1577 4329 spem
1617 4275 1844 4328 ponere,
1888 4263 1981 4316 sed
2024 4264 2077 4317 in

498 4351 609 4407 Deo
640 4351 733 4420 qui
772 4365 1047 4419 nunquam
1088 4350 1288 4405 deserit
1326 4362 1606 4419 sperantes
1630 4352 1684 4405 in
1711 4368 1789 4406 se.
1820 4352 1995 4408 Nolite
2021 4353 2078 4408 in

2170 2442 2311 2496 latro
2343 2438 2586 2497 boreales
2613 2442 2802 2497 insula:
2831 2449 3031 2496 nostra:
3067 2448 3248 2511 partes
3286 2440 3542 2511 pervasit.
3586 2439 3749 2494 Plan-

2172 2548 2360 2604 gamus
2401 2533 2547 2602 quod
2586 2532 2783 2586 fratres
2811 2532 2980 2587 nostri
3009 2531 3248 2602 perpessi
3278 2538 3420 2586 sunt.
3450 2529 3753 2585 Careamus

2172 2642 2240 2680 ne
2285 2626 2443 2680 nobis
2477 2624 2681 2695 aliquid
2717 2625 2930 2680 accidat
2964 2624 3091 2679 tale.
3130 2624 3529 2679 Prteveniamus
3559 2622 3750 2678 faciem

2172 2716 2387 2771 Domini
2430 2715 2486 2769 in
2531 2714 2874 2770 confessione
2900 2723 2957 2768 et
2977 2714 3253 2783 ploremus
3280 2727 3462 2767 coram
3489 2713 3714 2769 Domino
3732 2753 3746 2773 .

2173 2809 2264 2876 qui
2300 2806 2427 2862 fecit
2464 2824 2564 2863 nos
2599 2807 2783 2880 (Psal.
2814 2823 2960 2874 χειν,
2983 2806 3052 2872 2,
3082 2806 3185 2878 6);
3220 2815 3280 2861 ut
3306 2807 3395 2862 ille
3422 2807 3512 2877 qui
3540 2815 3754 2863 creator

2174 2908 2259 2955 est
2293 2909 2348 2955 et
2386 2902 2710 2971 redemptor,
2752 2901 2823 2956 sit
2849 2901 3015 2954 etiam
3045 2906 3319 2970 protector
3345 2907 3400 2954 et
3427 2906 3622 2963 rector,
3654 2913 3753 2968 pro

2176 2991 2441 3061 bonisque
2468 2992 2593 3047 vitae
2623 2992 2848 3055 meritis,
2877 2998 2932 3047 et
2958 2990 3230 3060 religionis
3258 2990 3507 3044 castitate
3532 2990 3753 3044 dextera

2101 3116 2148 3178 ο
2176 3085 2429 3153 potentia:
2458 3099 2569 3139 suae
2595 3082 2849 3139 defendat
2877 3083 3018 3139 ovile
3042 3098 3216 3138 suum.

2248 3172 2624 3228 Recordamini
2646 3188 2811 3244 quam
2834 3173 3037 3229 nobiles
3055 3172 3318 3227 habuistis
3335 3170 3547 3235 Patres,
3571 3179 3627 3226 et
3647 3185 3756 3226 non

2175 3266 2296 3321 sitis
2334 3266 2499 3320 tantis
2526 3266 2961 3337 progenitoribus
2989 3265 3277 3336 degeneres
3305 3263 3420 3319 lilii.
3451 3263 3641 3319 Videte
3666 3261 3757 3318 Li-

2173 3358 2397 3412 brorum
2436 3356 2691 3413 thesaura
2722 3355 2894 3430 [Loco
2925 3356 3274 3428 thesauros],
3305 3356 3643 3411 considerate
3666 3370 3756 3412 ec-

2175 3447 2463 3503 clesiarum
2487 3448 2734 3503 decorem
2749 3488 2766 3512 ,
2788 3446 3135 3503 mdiliciorum
3156 3447 3629 3518 pulchritudinem.
3651 3445 3757 3501 Be-

2175 3536 2376 3607 gularis
2405 3538 2529 3593 vitae
2556 3538 2801 3593 ordinem
2831 3546 3206 3592 rememorate.
3247 3536 3419 3603 Quam
3454 3536 3648 3591 beatus
3673 3542 3757 3590 est

2176 3626 2338 3681 homo
2358 3628 2449 3696 qui
2473 3628 2540 3682 de
2561 3628 2648 3683 his
2672 3627 3051 3698 pulcherrimis
3075 3627 3399 3682 habitaculis
3423 3626 3490 3680 ad
3514 3624 3755 3680 ctelestis

2176 3719 2328 3791 regni
2375 3720 2568 3790 gaudia
2618 3722 2891 3775 transeat!
2941 3718 3272 3775 Assueseant
3315 3718 3465 3787 pueri
3510 3715 3757 3771 laudibus

2176 3819 2359 3866 astare
2387 3811 2606 3881 superni
2636 3811 2778 3879 regis
2796 3851 2810 3874 ,
2842 3825 2949 3864 non
2977 3808 3216 3880 vulpium
3248 3807 3434 3864 fodere
3463 3820 3752 3869 cavernas,

2179 3918 2284 3958 non
2324 3902 2567 3971 leporum
2617 3901 2837 3973 fugaces
2869 3901 3022 3970 sequi
3055 3915 3265 3955 cursus.
3314 3898 3485 3966 Quam
3532 3897 3756 3967 impium

2175 4002 2261 4048 est
2286 3991 2488 4047 Christi
2514 3991 2761 4045 amittere
2789 3991 3046 4060 obsequia
3072 3999 3128 4045 et
3153 3990 3389 4061 vulpium
3415 3987 3569 4059 sequi
3595 3987 3758 4043 vesti-

2178 4083 2299 4153 gia!
2334 4081 2553 4135 Discant
2580 4080 2733 4150 pueri
2762 4078 3070 4150 Scripturas
3099 4095 3312 4145 sacras,
3341 4085 3401 4133 ut
3438 4086 3599 4132 :etate
3633 4091 3758 4147 per-

2181 4170 2319 4227 fecta
2347 4171 2594 4225 veniente
2619 4169 2754 4225 alios
2777 4170 2971 4226 dooere
2993 4171 3218 4241 possint.
3246 4169 3347 4236 Qui
3376 4183 3482 4224 non
3512 4168 3676 4224 discit
3701 4167 3756 4222 in

2180 4261 2408 4333 pueritia
2425 4302 2440 4327 ,
2465 4276 2571 4318 non
2602 4262 2759 4316 docet
2784 4260 2839 4315 in
2864 4268 3158 4315 senectute.

2252 4353 2565 4423 Recogitate
2609 4352 2997 4408 nobilissimum
3036 4352 3207 4408 nostri
3250 4352 3508 4422 temporis
3536 4363 3560 4391 ο
3590 4351 3758 4423 magi-

498 4441 623 4513 fuga
649 4441 919 4497 conlidere
946 4441 1193 4512 (camali)
1210 4482 1225 4506 ,
1253 4442 1346 4498 sed
1372 4443 1425 4496 in
1452 4458 1610 4513 prece
1632 4443 1849 4498 Patrum
1871 4454 2079 4499 vestro-
2106 4452 2158 4513 υ
2185 4452 2357 4498 strum
2382 4443 2583 4498 Bedam
2603 4443 3174 4514 presbyterum,quale
3197 4443 3387 4499 habuit
3408 4444 3460 4498 in
3476 4442 3758 4512 juventute

500 4549 656 4599 rum;
699 4533 883 4601 sicque
925 4531 1139 4587 tandem
1175 4532 1272 4587 lilii
1303 4534 1488 4599 eritis,
1532 4534 1574 4588 si
1609 4550 1794 4588 eorum
1833 4537 2076 4606 vestigiis

504 4625 782 4678 adhmrere
833 4622 1111 4678 studeatis.
1167 4623 1286 4679 Non
1331 4628 1476 4679 enim
1522 4626 1622 4681 loci
1674 4627 2078 4684 malcfacientes

502 4718 718 4789 adjuvat
745 4719 1003 4773 sanctitas
1024 4759 1037 4783 ,
1067 4718 1161 4771 sed
1188 4717 1586 4776 benefacientes
1624 4721 1897 4792 religionis
1938 4724 2076 4776 inte-

572 4887 595 4913 ι·
632 4874 937 4945 Benedictus
958 4884 1004 4927 et
1026 4872 1339 4942 Ceolfridus.
1366 4875 1684 4945 Benedictus
1709 4876 1752 4928 is
1773 4884 1855 4930 est
1880 4892 2078 4945 cogno-

503 4952 697 5013 mento,
722 4944 992 5013 Biscopus,
1022 4944 1111 5010 qui
1146 4958 1247 5011 ope
1278 4944 1477 5011 ngridi
1513 4944 1653 5012 regis
1680 4944 2078 5003 Northumbria:

503 5029 645 5068 anno
674 5012 799 5079 674,
837 5012 1225 5068 monasterium
1259 5013 1502 5067 Wirense
1529 5029 1621 5068 seu
1658 5014 2077 5071 Wiriinuthense

505 5083 763 5140 Condidit.
815 5081 1114 5138 Ceollridus
1158 5083 1363 5151 primus
1409 5084 1575 5138 abbas
1617 5082 1719 5138 fuit
1762 5088 2075 5141 monasterii

504 5152 817 5222 Gyrvensis.
882 5152 1055 5208 «Nam
1105 5151 1355 5222 ngridus
1412 5168 1503 5206 res
1556 5153 1975 5218 Northumbria),
2018 5166 2076 5210 ut

505 5223 668 5295 habet
705 5222 1008 5295 Florentius
1053 5222 1482 5295 Wignorniensis
1509 5223 1578 5295 ad
1603 5240 1801 5278 annum
1828 5224 1951 5286 682,
1980 5242 2078 5294 pro

508 5293 873 5364 redemptione
916 5295 1109 5348 animae
1156 5293 1266 5348 Suae
1310 5294 1471 5364 etiam
1513 5294 1674 5348 aliam
1723 5293 2078 5364 quadraginta

507 5358 830 5415 familiarum
876 5370 1076 5417 terram
1122 5364 1300 5418 abbati
1356 5363 1642 5420 Benedicto
1688 5358 1958 5429 donavit:
1987 5367 2077 5420 ubi

508 5430 689 5503 missis
711 5432 989 5503 monachis
1012 5448 1238 5488 numero
1259 5434 1444 5502 viginti
1476 5434 1685 5489 duobus
1711 5444 1766 5489 et
1793 5436 2079 5503 praeposito

511 5500 704 5580 abbate
741 5499 1009 5580 Ceolfrido
1050 5503 1129 5557 sui
1156 5518 1253 5572 per
1276 5499 1454 5580 omnia
1480 5499 2078 5580 coadjutore'strenuis-

510 5571 650 5642 anno
666 5571 821 5636 jussu
850 5571 992 5642 regis
1022 5571 1405 5642 monasterium
1436 5574 1592 5629 beato
1615 5571 1794 5628 Paulo
1839 5574 2080 5642 apostolo

515 5654 567 5712 in
610 5636 746 5712 loco,
774 5636 1088 5712 quidicitur
1112 5639 1369 5712 Gyrvum,
1394 5644 1757 5712 construxit.)
1789 5636 2080 5712 Venerabi-

513 5706 579 5761 lis
611 5702 747 5762 l'leda
777 5702 845 5762 ab
871 5708 955 5761 his
981 5702 1261 5764 abbatibus
1290 5724 1347 5763 se
1375 5709 1657 5764 educatum
1702 5710 1867 5766 fuisse
1910 5710 2075 5783 proli-

2182 4535 2426 4590 discendi
2451 4535 2686 4589 studium
2711 4576 2726 4600 ,
2757 4535 2968 4605 qualem
2993 4535 3185 4607 [Edit.,
3211 4534 3397 4608 quam]
3423 4551 3566 4592 nunc
3592 4535 3756 4591 habet

2183 4626 2324 4680 inter
2351 4627 2595 4681 homines
2620 4626 2864 4692 laudem,
2897 4627 3070 4683 multo
3107 4627 3368 4697 majorem
3405 4628 3548 4699 apud
3588 4628 3754 4684 Deum

2184 4715 2633 4770 remunerationis
2664 4715 2910 4785 gloriam.
2962 4714 3109 4772 Illius
3154 4718 3320 4785 igitur
3353 4716 3600 4788 exemplo
3632 4716 3758 4772 dor-

2183 4876 2326 4920 tctur
2351 4867 2403 4936 in
2433 4866 2538 4920 line
2564 4866 2704 4923 Hist.
2735 4866 2891 4936 Angl.
2913 4868 2999 4923 his
3022 4870 3204 4926 verbis
3233 4888 3245 4922 :
3280 4888 3299 4920 ι
3322 4869 3489 4924 Natus
3516 4872 3569 4924 in
3595 4871 3759 4925 terri~

2181 4937 2319 4991 torio
2359 4935 2593 5003 ejusdem
2634 4935 2967 5019 monasterii,
3006 4955 3129 5019 cum
3153 4955 3328 4994 essem
3356 4948 3760 5019 septem_anno-

2182 5021 2318 5068 rum,
2366 5022 2496 5060 cura
2538 5009 2958 5078 propinquorum
2996 5009 3153 5063 datus
3187 5025 3308 5064 sum
3341 5010 3652 5065 educandus
3674 5024 3761 5065 re-

2181 5076 2567 5131 verendissimo
2592 5077 2768 5131 abbati
2799 5078 3086 5133 Benedicto
3110 5094 3175 5133 ac
3202 5079 3396 5134 deinde
3422 5077 3707 5135 Ceolfrido.
3732 5097 3750 5131 ι

2183 5146 2301 5219 yid.
2333 5143 2534 5219 Alford.
2566 5147 2759 5219 Annal.
2803 5148 3008 5219 Eecles.
3036 5147 3441 5219 Anglo-Saxon.
3467 5150 3533 5204 ad
3556 5164 3758 5204 annum

2180 5214 2304 5279 674,
2332 5232 2389 5269 n.
2414 5215 2468 5281 5,
2489 5224 2543 5269 et
2564 5215 2688 5279 682,
2721 5233 2776 5270 n.
2801 5217 2857 5269 2.

2251 5286 2279 5325 b
2319 5285 2606 5355 Terrorem,
2637 5285 2960 5355 quiaccidit,
3000 5294 3107 5355 etc.
3143 5286 3273 5342 Vide
3317 5303 3436 5355 quae
3480 5287 3759 5343 adnatavi-

2184 5370 2305 5409 mus
2333 5355 2389 5407 in
2413 5353 2693 5422 epistolam
2718 5353 2752 5407 8
2780 5356 2846 5408 ad
2870 5353 3357 5411 Lindisfarnenses.

2255 5434 2275 5461 ε
2297 5423 2507 5502 ostri
2521 5423 2780 5503 temporis
2816 5425 3150 5503 magistrum.
3178 5426 3255 5503 ΕΞ
3280 5427 3366 5503 his
3389 5425 3569 5503 verbis
3596 5423 3761 5503 infert

2181 5490 2462 5566 GaniSius,
2507 5490 3168 5566 Alcuinum__non_fuisse
3212 5496 3368 5552 Bothe
3412 5496 3756 5566 discipulum.

2186 5580 2205 5611 ι
2225 5560 2335 5615 Cur
2355 5565 2519 5621 enim,
2542 5560 2638 5624 ait,
2665 5561 2945 5618 invidisset
2969 5563 3126 5620 Betim
3150 5566 3290 5621 hanc
3317 5560 3627 5628 laudemfet
3649 5580 3760 5621 non

2180 5628 2723 5770 ppsttigjmgppellasset
2769 5646 2944 5696 suum,
2993 5650 3156 5703 quam
3204 5635 3284 5690 sui
3330 5636 3589 5704 temporis
3639 5651 3757 5689 ma.

2470 5718 2489 5751 Ι
