4070 6196
327 368 432 427 165

1779 348 2157 406 Εριετοιιιε.

330 491 564 544 mientes
591 481 829 540 excitate
858 476 1085 530 animos.
1118 470 1384 540 Magistris
1412 468 1675 529 assidete,
1705 463 1911 534 aperite
1938 467 1988 523 Α
2014 475 2110 515 vos
2133 469 2392 530 protegat,
2424 457 2520 528 (et)
2546 457 2746 527 ubique
2771 457 2825 510 in
2853 458 3000 510 omnl
3025 457 3165 510 bono
3191 456 3384 510 ﬂorere
3409 453 3598 521 faciat,

332 582 532 640 libros,
560 568 854 644 perspicite
878 566 1110 628 litteras,
1142 559 1424 630 intelligite
1452 571 1641 612 sensus
1666 554 1880 609 illarum
1900 593 1914 617 ,

335 680 393 725 ιιι
421 664 784 737 vosmetipsos
810 668 1065 730 pascere,
1095 661 1151 708 et
1177 651 1297 706 aliis
1324 648 1583 720 spiritalis
1610 647 1731 701 vitae
1757 645 1921 717 (epu-

334 760 444 833 las)
484 757 731 829 praebere
764 749 1012 806 valeatis.
1045 742 1404 800 Absconditas
1431 737 1773 833 [causam
1806 737 1920 833 ine-

334 825 504 924 ptasj
550 844 975 904 comessationes
1011 847 1067 894 et
1100 836 1352 924 furtivas,
1383 830 1549 924 (Cod.
1602 827 1760 924 Sal._,-
1781 825 1917 924 assi-

336 918 507 1013 duas}
533 938 826 994 ebrietates
851 931 1009 1002 quasi
1037 929 1245 983 foveam
1273 922 1468 979 inferni
1497 921 1682 1013 vitate,
1710 918 1920 972 dicente

336 1012 676 1089 Salomone:
713 1027 877 1098 Aqua:
916 1022 1122 1092 furtivae
1161 1016 1450 1089 (dulciores
1483 1012 1638 1082 sunt)
1677 1019 1919 1098 etpanes

339 1118 634 1178 absconditi
672 1097 958 1170 suauiores.
1000 1108 1106 1164 Sed
1147 1104 1239 1178 (et)
1287 1103 1426 1174 apud
1466 1101 1662 1170 inferos
1706 1097 1919 1151 illarum

337 1221 462 1266 sunt
490 1207 716 1264 convicta
746 1202 939 1274 (Prov.
966 1214 1054 1262 ix,
1090 1197 1176 1261 l7,
1208 1194 1307 1264 18)
1331 1209 1346 1258 ;
1373 1190 1560 1245 volens
1588 1186 1811 1256 intelligi
1842 1193 1921 1238 ta-

341 1305 483 1359 libus
517 1295 786 1372 (iniquis)
826 1292 1002 1363 epulis
1026 1290 1298 1345 daamones
1325 1298 1443 1338 esse
1469 1289 1778 1352 praesentes.
1813 1279 1921 1372 Vos

343 1370 536 1457 decet,
557 1398 619 1444 ut
656 1387 795 1441 filios
833 1383 962 1447 Dei,
996 1393 1206 1435 morum
1244 1374 1524 1437 nobilitas,
1557 1372 1680 1425 vita:
1716 1370 1920 1424 sancti-

341 1495 457 1549 tas,
494 1481 946 1535 vestimentorum
978 1468 1261 1526 modestia.
1300 1464 1459 1519 Risus
1491 1463 1716 1518 hominis
1743 1470 1790 1515 et
1827 1460 1920 1513 ha-

341 1577 478 1630 bitus
534 1571 711 1635 illius,
768 1577 819 1621 et
871 1567 1096 1619 incessus
1148 1561 1293 1631 ejus,
1338 1555 1494 1625 juxta
1543 1554 1917 1616 Salomonem,

341 1669 618 1723 enuntiarit
637 1666 701 1717 de
720 1680 780 1717 eo
804 1659 993 1732 (Eccli.
1020 1672 1110 1710 χιχ
1126 1696 1139 1719 ,
1165 1654 1279 1725 27).

417 1758 525 1829 23
563 1754 716 1822 Quod
742 1753 795 1805 in
818 1749 970 1804 laicis
993 1747 1112 1801 laus
1138 1759 1257 1800 esse
1279 1741 1507 1805 videtur,
1536 1740 1589 1794 id
1620 1738 1918 1829 est,gvesti-

2018 549 2216 604 intres
2240 547 2565 603 charissimi.

2556 654 2889 711 EPlSTOLA
2924 656 3039 710 XV.

2309 764 2374 801 AD
2414 761 2654 801 FRATRES
2690 760 2973 800 CYBOENSIS
3006 760 3296 800 ῑοςιεευε.

2020 836 2282 891 Hortatur
2332 836 2451 891 illos
2500 837 2569 889 ad
2619 837 2830 890 virtutes
2876 837 3146 889 monachis
3188 838 3404 907 dignas,
3444 847 3492 892 et
3528 838 3599 892 ad

2090 907 2336 961 sectanda
2354 916 2562 975 patrum
2584 923 2646 959 ac
2668 908 3036 972 magistrorum
3060 923 3273 960 suorum
3293 909 3525 977 vestigia.

2092 1014 2462 1070 Sanctissimis
2505 1014 2559 1068 in
2600 1014 2820 1069 Christo
2845 1027 2870 1054 ει
2902 1014 3163 1069 fratribus
3192 1014 3602 1085 GyroensEsEc-

2021 1105 2198 1161 clesiaz
2224 1105 2445 1160 humilis
2468 1104 2625 1158 levita
2656 1104 2915 1158 Alcuinus
2946 1104 3191 1159 salutem.

2092 1192 2296 1248 Memor
2334 1193 2551 1263 pietatis
2597 1201 2810 1255 vestrae,
2842 1208 2948 1261 qua
2978 1207 3065 1246 me
3090 1193 3294 1262 gremio
3321 1194 3606 1251 charitatis

2022 1285 2076 1338 in
2099 1286 2531 1339 communionem
2565 1290 2766 1338 sanctae
2792 1285 3053 1339 orationis
3092 1292 3286 1340 vestrae
3332 1287 3608 1357 suscipere

2022 1376 2227 1445 dignati
2275 1376 2427 1440 estis,
2471 1375 2671 1444 placuit
2700 1375 2954 1443 parvitati
2981 1389 3131 1439 mete,
3176 1377 3319 1432 hanc
3358 1378 3607 1433 veritatis

2020 1476 2215 1521 vestra:
2257 1466 2598 1534 sponsionem
2636 1464 2688 1517 in
2717 1465 3032 1519 memoriam
3060 1480 3316 1521 revocare
3347 1468 3432 1522 his
3458 1467 3606 1522 litte-

2022 1556 2173 1622 rulis,
2221 1565 2415 1626 optans
2444 1557 2598 1611 vobis
2633 1556 2773 1610 bona
2813 1554 3030 1611 Christo
3068 1558 3360 1612 miserante
3403 1568 3603 1614 aeterna

2022 1655 2075 1700 et
2096 1661 2192 1714 per
2239 1654 2433 1699 vestrae
2457 1645 2759 1700 dilectionis
2791 1646 3208 1701 intercessiones
3234 1663 3318 1701 me
3346 1649 3414 1702 ab
3442 1657 3601 1704 acter-

2024 1736 2108 1789 nis
2130 1736 2245 1790 erui
2268 1737 2567 1801 tormentis,
2594 1745 2654 1790 ut
2672 1737 2797 1791 dum
2822 1737 2976 1791 vobis
3001 1737 3054 1791 in
3085 1738 3171 1791 die
3194 1738 3406 1792 Domini
3432 1742 3607 1795 nostri

340 1807 879 1902 mezt‘dm‘m‘cultus,
924 1837 1026 1891 hoc
1066 1835 1121 1887 in
1156 1831 1365 1887 clericis
1389 1839 1441 1884 et
1465 1829 1699 1883 maxime
1727 1827 1781 1883 in
1810 1843 1924 1881 mo-
1955 1807 2000 1868 Β
2026 1816 2152 1881 Iesu
2191 1827 2391 1881 Christi
2436 1843 2635 1882 corona
2667 1827 2839 1883 laudis
2865 1828 3219 1896 reputabitur,
3265 1831 3397 1886 mihi
3427 1832 3494 1886 ab
3523 1848 3607 1888 eo-

344 1936 537 1992 nachis
584 1930 932 2004 reprehensio
980 1942 1100 1983 esse
1150 1923 1512 1995 cognoscitur.
1559 1920 1667 1975 Sed
1713 1927 1768 1973 et
1812 1920 1927 1988 ipse

341 2028 595 2098 princeps
633 2021 995 2092 aposmlorum
1028 2018 1189 2073 etiam
1237 2015 1463 2068 feminas
1489 2028 1520 2067 a
1547 2011 1798 2081 pretiosis
1838 2026 1928 2064 ve-

342 2117 617 2174 stimentis
634 2123 687 2169 et
702 2112 975 2169 circulatis
994 2108 1199 2178 capillis
1218 2106 1492 2176 prohibuit
1513 2104 1565 2175 (I
1581 2104 1727 2158 Petr.
1744 2119 1828 2168 in,
1846 2103 1923 2173 5).

341 2208 403 2265 Si
449 2208 553 2262 hoc
591 2212 873 2275 peccatum
921 2216 1031 2255 non
1069 2207 1233 2263 esset,
1278 2198 1408 2253 dicit
1446 2196 1737 2267 Gregorius
1766 2209 1925 2265 papa,

341 2311 622 2367 nunquam
648 2295 840 2349 Pastor
862 2291 1114 2346 Ecclesia:
1142 2306 1173 2344 a
1197 2287 1406 2343 deliciis
1442 2287 1668 2342 vestium
1699 2285 1928 2341 feminas

342 2387 725 2461 prohibuisset.
750 2382 941 2439 Omnia
965 2391 1145 2435 vestra
1163 2378 1391 2435 honeste
1415 2393 1538 2433 cum
1563 2376 1750 2432 ordine
1775 2375 1926 2441 ﬁant,

343 2488 406 2535 ut
423 2478 673 2533 laudetur
705 2475 848 2529 Deus
892 2474 946 2527 in
996 2480 1176 2527 vestra
1222 2472 1363 2526 bona
1404 2469 1835 2533 conversatione,
1875 2475 1930 2521 et

344 2574 523 2628 honor
556 2576 738 2624 vester
780 2566 921 2634 apud
963 2565 1208 2619 homines
1237 2571 1464 2627 crescat,
1495 2571 1551 2617 et
1578 2576 1788 2617 merces
1821 2575 1933 2615 me-

344 2662 575 2718 ritorum
622 2656 1012 2725 multiplicetur
1057 2653 1198 2724 apud
1240 2653 1428 2708 Deum.
1458 2653 1630 2707 Breve
1654 2658 1738 2706 est
1766 2650 1928 2722 (prte-

345 2751 537 2822 sentis)
563 2750 686 2805 vita:
705 2757 933 2817 tempus,
966 2752 1020 2800 et
1047 2746 1235 2800 ultima
1261 2744 1376 2799 dies
1395 2743 1682 2812 unicuique
1703 2742 1926 2806 incerta,

345 2848 403 2896 et
423 2842 530 2895 cito
560 2839 803 2909 rapimur
827 2837 894 2891 ad
924 2834 1211 2907 judicium.
1245 2832 1658 2903 Qualisquisque
1685 2842 1816 2887 tunc
1838 2848 1932 2887 cu-

343 2932 461 3004 piat
498 2947 637 2998 essc,
685 2930 847 2984 talem
878 2943 936 2983 se
972 2943 1117 2981 nunc
1154 2934 1265 2981 tota
1310 2926 1510 2980 virtute
1552 2926 1825 2981 exhibeat.
1869 2924 1927 2981 Sl

345 3022 477 3092 quid
530 3020 740 3090 peccati
800 3034 898 3088 pro
961 3016 1252 3089 fragilitate
1310 3017 1492 3072 carnis
1560 3017 1927 3082 commiserit,

347 3113 530 3169 abluat
572 3111 728 3184 (Cod.
763 3108 902 3175 Sal.,
948 3108 1297 3164 commissum
1340 3116 1442 3172 est,
1492 3105 1763 3179 abluatur]
1807 3119 2001 3205 con-c

346 3204 613 3267 fessione,
660 3201 835 3257 deleat
874 3199 1211 3270 poenitentia,
1254 3213 1322 3253 ne
1361 3198 1646 3253 damnetur
1669 3197 1722 3251 in
1747 3211 1927 3267 pmna,

347 3294 447 3349 sed
472 3300 758 3348 coronetur
784 3291 839 3345 in
867 3290 1056 3360 gloria.
1090 3289 1311 3343 Habetis
1350 3297 1567 3343 sanctos
1592 3286 1802 3353 Patres,
1839 3287 1931 3357 qui

348 3400 452 3440 vos
491 3392 803 3455 genuerunt,
851 3382 1142 3452 adjutores,
1191 3379 1236 3433 si
1279 3378 1495 3433 illorum
1538 3386 1933 3448 praeceptorum

351 3474 518 3530 eritis
536 3470 781 3527 factores.
807 3471 916 3529 Sed
934 3479 989 3525 et
1010 3469 1264 3539 angelicae
1288 3467 1596 3538 dignitates,
1621 3475 1675 3522 et
1692 3469 1933 3523 omnium

354 3570 667 3619 sanctorum
710 3561 923 3632 agmina
966 3558 1305 3630 congaudent
1334 3554 1493 3611 bonis
1517 3557 1736 3622 vestris,
1770 3556 1936 3631 (desi-

353 3656 549 3710 derant
587 3668 683 3707 vos
728 3654 903 3707 socios
945 3651 1144 3705 habere
1180 3664 1290 3704 suae
1313 3648 1716 3721 beatitudinis);
1748 3649 1857 3704 imo
1881 3657 1936 3704 et

353 3745 469 3815 ipse
513 3742 657 3798 Deus
681 3784 696 3809 ,
750 3742 845 3812 qui
892 3740 1007 3795 vult
1055 3755 1244 3796 omnes
1292 3740 1539 3796 homines
1587 3739 1763 3796 salvos
1817 3739 1935 3796 ﬁeri

355 3835 406 3909 (1
436 3833 573 3890 Tim.
606 3851 666 3902 ιι,
702 3832 777 3907 4),
824 3832 976 3889 vobis
1002 3831 1188 3888 teterni
1215 3833 1364 3904 regni
1392 3840 1750 3902 praeparatam
1772 3832 1938 3888 habet

356 3927 604 3998 gloriam.

427 4015 605 4071 Nolite
632 4032 725 4071 vos
749 4025 969 4087 propter
992 4014 1252 4070 desidiam
1274 4014 1439 4069 animi
1468 4012 1680 4087 [vestri]
1708 4013 1792 4069 vel
1818 4028 1939 4068 car-

356 4108 506 4163 nales
537 4106 921 4162 delectationes
953 4105 1169 4161 aeternis
1198 4104 1453 4159 fraudare
1479 4104 1672 4160 bonis:
1700 4104 1791 4159 sed
1818 4118 1937 4157 ma-

359 4200 442 4271 gis
476 4198 622 4253 omni
661 4198 838 4253 studio
883 4198 1144 4252 intendite
1167 4205 1227 4251 ut
1254 4196 1424 4252 Deum
1455 4196 1544 4251 hic
1572 4193 1818 4250 habeatis
1843 4194 1938 4249 de-

359 4288 648 4355 fensorem,
695 4288 804 4344 illic
860 4299 1344 4351 remuneratorem,
1388 4287 1479 4357 qui
1527 4301 1626 4341 vos
1673 4284 1939 4355 prolicere

362 4381 524 4435 faciat
564 4381 619 4435 in
659 4379 808 4434 omni
833 4380 1091 4444 bonitate,
1127 4379 1222 4451 (et)
1249 4379 1540 4433 constituat
1568 4378 1940 4435 immaculatos

360 4477 485 4523 ante
536 4477 885 4539 conspectum
938 4469 1119 4539 gloriae
1170 4484 1299 4523 suae.
1363 4467 1600 4523 Obsecro
1656 4477 1715 4524 ut
1768 4468 1940 4539 pietas

362 4570 540 4617 vestra
569 4561 777 4630 placide
802 4559 1063 4630 perlegat,
1102 4559 1245 4629 quod
1273 4560 1511 4614 charitas
1536 4567 1721 4616 nostra
1748 4561 1939 4616 devote

359 4652 703 4721 conscripsit,
737 4659 928 4719 optans
964 4663 1061 4704 vos
1096 4658 1417 4718 praesentem
1444 4650 1643 4705 habere
1669 4651 1940 4720 prosperi-

362 4752 533 4797 tatem
559 4749 613 4796 et
639 4739 871 4794 futuram
910 4739 1155 4809 accipere
1188 4738 1596 4796 beatitudinem.
1640 4740 1770 4794 Mea:
1807 4755 1941 4809 quo-

361 4850 470 4905 que
510 4832 791 4902 parvitatis
828 4838 887 4885 ut
918 4845 1186 4884 memores
1212 4831 1330 4885 sitis
1360 4832 1413 4885 in
1443 4832 1645 4887 sanctis
1682 4830 1942 4885 orationi-

362 4924 466 4979 bus
485 4925 681 4978 vestris
704 4938 798 4993 per
826 4920 1104 4976 charitatis
1144 4919 1438 4974 almitatem
1476 4923 1737 4987 obtestor,
1785 4928 1838 4975 et
1865 4920 1942 4975 fa-

362 5015 730 5070 miliaritatem
774 5028 933 5083 quam
967 5011 1306 5082 perdonastis
1344 5011 1475 5064 mihi
1506 5012 1797 5068 inviolabili
1838 5013 1943 5068 fide

364 5107 630 5161 custodite
670 5103 864 5177 [Edit.,
911 5103 1183 5159 custodire
1227 5100 1629 5175 rccordemini],
1678 5113 1945 5174 quatenus

360 5210 463 5266 per
506 5203 715 5249 vestras
769 5192 1184 5248 intercessiones
1227 5190 1437 5245 veniam
1486 5191 1685 5245 habere
1734 5208 1945 5248 merear

365 5302 612 5342 meorum
638 5286 978 5350 delictorum,
1008 5292 1065 5339 et
1094 5298 1190 5339 vos
1226 5282 1527 5337 mercedem
1568 5281 1821 5337 fraternm
1866 5284 1942 5339 di-

365 5376 611 5435 lectionis
658 5378 800 5449 apud
844 5376 1014 5432 Deum
1080 5376 1325 5431 habeatis
1379 5383 1658 5429 aeternam.
1710 5372 1939 5430 Dextera

366 5471 464 5527 Dei
494 5471 880 5541 omnipotentis
912 5470 981 5524 ab
1010 5468 1159 5523 omni
1191 5468 1348 5522 hoste
1371 5465 1569 5520 visibili
1598 5472 1655 5519 et
1689 5464 1945 5518 invisibili

440 5617 467 5644 ι
504 5601 790 5665 Fratribus
822 5601 1106 5672 Gyroensis
1135 5597 1405 5672 Ecclesia.
1433 5599 1757 5672 Videsupra
1785 5596 1943 5667 epist.

372 5671 438 5727 η
463 5674 531 5728 ad
554 5674 794 5737 eosdem,
825 5666 892 5727 et'
908 5670 1069 5726 simul
1097 5670 1165 5723 ad
1196 5666 1470 5722 Win-enses
1490 5666 1766 5737 scriptam.

442 5745 469 5784 δ
498 5743 653 5801 Hunc
678 5742 854 5797 locum
885 5742 941 5796 in
973 5755 1076 5795 ms.
1110 5745 1420 5805 corruptum
1446 5737 1520 5792 ita
1554 5738 1944 5793 restituendum

1968 4496 2020 4558 D

2028 1919 2151 1973 dem
2174 1916 2357 1986 judice
2400 1917 2486 1971 vel
2528 1918 2686 1971 venia
2732 1926 3077 1986 peccatorum
3120 1918 3407 1974 tribuatur.
3440 1921 3470 1960 δ
3502 1920 3613 1976 Nec

2027 2017 2111 2065 est
2155 2024 2340 2064 rarum
2376 2009 2771 2078 longinquitate
2800 2009 3084 2062 charitatis
3120 2009 3479 2067 munificentia
3526 2025 3613 2065 se-

2027 2100 2207 2168 parari
2231 2098 2410 2163 debet,
2435 2113 2557 2168 qua:
2584 2112 2798 2168 semper
2822 2113 3063 2169 praesens
3091 2099 3144 2152 in
3170 2099 3343 2154 servis
3370 2098 3469 2155 Dei
3493 2114 3614 2155 esse

2028 2189 2186 2243 debet
2215 2203 2313 2258 per
2339 2202 2486 2254 eum,
2530 2186 2623 2256 qui
2664 2188 2742 2241 ait
2768 2206 2780 2242 :
2813 2186 2915 2241 Ubi
2956 2198 3077 2242 sunt
3119 2190 3225 2242 duo
3252 2189 3329 2243 rel
3358 2198 3462 2244 tres
3491 2206 3618 2244 con-

2029 2277 2227 2347 gregali
2279 2277 2335 2330 in
2384 2276 2591 2330 nomine
2640 2293 2792 2340 meo,
2848 2276 2920 2331 ibi
2959 2293 3075 2331 sum
3116 2277 3171 2331 in
3216 2278 3386 2331 medio
3435 2294 3615 2333 eorum

2031 2365 2247 2438 (Matth.
2280 2381 2434 2431 xvm,
2466 2363 2579 2436 20).
2611 2364 2883 2434 Quidquid
2911 2366 2965 2419 in
2991 2366 3084 2421 illo
3109 2366 3473 2421 amicitiarum
3495 2382 3616 2422 esse

2030 2455 2213 2524 coepit,
2255 2454 2550 2510 inviolabili
2593 2452 2850 2510 firmitate
2896 2470 3215 2526 permanere
3255 2473 3476 2512 necesse
3509 2467 3617 2523 est,

2028 2548 2277 2616 quoniam
2309 2548 2400 2617 qui
2420 2548 2816 2617 perseveraverit
2846 2563 3008 2616 usque
3038 2548 3093 2601 in
3121 2548 3301 2616 ﬁnem,
3329 2548 3415 2601 hic
3441 2547 3617 2602 saltus

2030 2636 2127 2689 erit
2168 2634 2381 2705 (Matth.
2413 2651 2466 2699 χ,
2493 2634 2606 2706 22).
2645 2634 2771 2689 Ideo
2809 2650 3224 2704 permaneanius
3251 2638 3303 2690 in
3330 2638 3616 2693 charitatis

2032 2725 2287 2780 fraternze
2338 2725 2627 2789 soliditate,
2675 2725 2807 2779 nihil
2850 2725 2997 2779 aliud
3044 2726 3386 2781 attendentes
3431 2728 3483 2781 in
3530 2744 3616 2793 ea,

2033 2818 2140 2872 nisi
2196 2816 2555 2871 humilitatem
2604 2826 2659 2871 ct
2709 2816 3113 2885 obedientiam;
3172 2826 3228 2872 et
3274 2826 3334 2872 ut
3383 2819 3616 2875 invicem

2031 2916 2220 2964 sancto
2269 2906 2539 2977 adjutorio
2577 2907 2946 2976 unusquisque
2988 2906 3219 2962 alterum
3259 2908 3518 2978 adjuvet:
3563 2919 3620 2964 et

2033 2999 2161 3055 dum
2207 2998 2355 3053 omni
2404 3012 2652 3067 persona:
2693 3014 2963 3053 summum
3000 3007 3082 3052 est
3112 2998 3368 3065 cliaritas,
3418 3008 3619 3069 quanto

2032 3087 2206 3157 magis
2234 3086 2451 3141 famulis
2477 3086 2702 3151 Christi,
2739 3103 2972 3157 quorum
2999 3086 3125 3140 vitae
3160 3086 3408 3140 meritum
3444 3096 3616 3142 totum

2031 3177 2086 3232 in
2113 3176 2392 3234 charitatis
2418 3183 2473 3231 et
2499 3175 2818 3230 humilitatis
2843 3184 2898 3230 et
2920 3175 3240 3231 obedienttae
3268 3176 3466 3233 virtute
3491 3193 3620 3232 con-

2031 3279 2177 3327 stat:
2207 3271 2264 3325 in
2304 3270 2502 3341 quibus
2549 3280 2784 3324 vestram
2820 3269 3165 3323 sanctitatem
3191 3269 3431 3338 quotidie
3455 3268 3621 3340 protl-

2032 3374 2157 3415 cere
2202 3365 2489 3429 optamus,
2543 3358 2668 3428 quia
2714 3358 2913 3426 quibus
2964 3355 3099 3410 nihil
3150 3359 3447 3414 secundum
3490 3374 3619 3430 pro~

2031 3450 2266 3523 positum
2291 3449 2553 3521 regularis
2590 3450 2714 3505 vitae
2746 3465 2868 3504 cum
2906 3448 3259 3505 saecularibus
3292 3453 3526 3522 pompis,
3566 3462 3619 3507 ct

2031 3543 2363 3597 vanitatibus
2405 3543 2720 3598 deliciarum
2766 3558 3052 3598 commune
3089 3550 3194 3607 est,
3240 3551 3409 3599 totam
3455 3545 3622 3599 vitam

2034 3633 2266 3704 regulari
2292 3634 2674 3689 constrictione
2694 3633 2990 3703 perfectam
3021 3630 3141 3691 esse
3172 3636 3345 3691 decet.

2105 3712 2489 3782 Recordamini
2515 3767 2531 3791 ,
2596 3726 2906 3780 charissimi
2962 3725 3197 3784 fratres!
3261 3729 3627 3785 nobilissimos

2034 3818 2281 3890 principii
2305 3816 2470 3872 vestri
2490 3825 2672 3886 patres
2698 3825 2754 3870 et
2775 3825 3047 3886 parentes,
3084 3819 3175 3889 qui
3204 3834 3300 3877 vos
3326 3831 3627 3889 genuerunt

2036 3912 2092 3966 in
2136 3907 2392 3974 Christo;
2438 3918 2493 3963 et
2534 3906 2901 3962 nobilissimos
2944 3910 3235 3979 magistros
3261 3950 3276 3975 ,
3334 3925 3470 3981 quos
3527 3911 3625 3965 ha-

2035 3998 2231 4053 buistis
2253 3999 2308 4052 in
2334 4004 2528 4051 vestrm
2551 3992 2926 4065 germanitatis
2951 3996 3388 4064 congregatione.
3419 3995 3623 4051 Horum

2037 4090 2298 4145 doctrinis
2341 4089 2685 4152 inhmrentes,
2734 4092 2791 4140 et
2831 4085 3024 4139 horum
3067 4085 3329 4155 exemplis
3359 4086 3623 4152 viventes,

2038 4189 2094 4235 et
2136 4181 2330 4235 horum
2379 4184 2577 4233 statuta
2619 4182 2909 4245 sequentes
2935 4175 3148 4230 illorum
3174 4175 3477 4231 certissime
3500 4191 3628 4231 con-

2040 4272 2231 4326 sociati
2260 4268 2591 4326 beatitudine
2611 4268 2666 4321 in
2689 4265 2872 4321 futuro
2895 4267 3090 4321 saeculo
3109 4266 3279 4321 eritis.
3305 4266 3627 4321 Benedictus

2039 4362 2191 4419 locus
2220 4378 2251 4416 a
2281 4363 2414 4427 Deo,
2448 4359 2539 4431 qui
2579 4358 2716 4413 tales
2756 4359 2955 4412 meruit
2998 4358 3199 4412 habere
3242 4358 3525 4423 doctores;
3573 4368 3630 4412 et

2040 4454 2329 4518 benedicti,
2358 4444 2449 4522 qui
2474 4451 2532 4505 in
2557 4465 2622 4506 eo
2652 4449 2772 4505 loco
2801 4448 3014 4505 illorum
3046 4457 3313 4519 praecepta
3356 4450 3629 4504 custodire

2043 4552 2310 4615 satagunt.

2114 4635 2252 4702 Quid
2281 4633 2452 4688 servis
2477 4631 2595 4696 Dei,
2622 4630 2715 4700 qui
2741 4630 3072 4685 monachicae
3103 4631 3227 4684 vitae
3267 4638 3391 4685 voto
3419 4647 3475 4687 se
3501 4648 3629 4688 con-

2045 4728 2403 4786 strinxemnt,
2431 4722 2607 4778 inanis
2636 4722 3081 4777 vestimentorum
3119 4736 3332 4791 pompa,
3372 4738 3494 4794 qua:
3530 4739 3632 4778 nec

2045 4815 2391 4874 saecularibus
2442 4814 2690 4885 prodest,
2744 4820 2798 4866 et
2838 4811 3065 4866 multum
3116 4812 3225 4865 Deo
3271 4813 3633 4867 servientibus

2045 4907 2235 4964 obest?
2271 4905 2411 4973 Quid
2436 4902 2806 4962 conviviorum
2834 4899 3156 4971 frequentia,
3187 4915 3307 4970 quas
3339 4902 3575 4956 animam
3600 4919 3631 4956 a

2047 5000 2307 5072 religione
2353 4993 2592 5054 melioris
2619 4994 2745 5048 vitae
2773 5001 3020 5048 avertere
3047 4992 3217 5047 solet?
3251 4991 3462 5059 Quanta
3490 4993 3631 5048 mala

2047 5097 2267 5161 generet
2298 5089 2546 5150 ebrietas,
2586 5100 2748 5142 nemo
2776 5093 2861 5139 est
2899 5086 2991 5155 qui
3037 5084 3264 5148 nesciat,
3305 5083 3397 5152 qui
3444 5099 3631 5137 curam

2046 5197 2159 5236 sua:
2182 5180 2375 5233 anima:
2404 5178 2605 5232 habere
2638 5176 2936 5232 contendit.
2975 5173 3231 5228 Seniores
3261 5173 3633 5229 adolescentu-

2048 5274 2129 5329 los
2155 5272 2311 5327 bonis
2337 5270 2587 5323 erudiant
2610 5266 2908 5337 exemplis;
2949 5274 3004 5319 et
3039 5264 3203 5319 Pater
3234 5265 3325 5334 qui
3353 5273 3549 5333 praest
3575 5280 3634 5321 se

2040 5366 2183 5424 sciat
2227 5362 2494 5419 rationem
2540 5359 2875 5415 redditurum
2906 5355 2974 5411 de
3000 5356 3212 5419 ovibus,
3260 5371 3396 5427 quas
3441 5356 3631 5426 recipit

2046 5457 2333 5532 regendas.
2359 5453 2738 5522 Unusquisque
2768 5450 3005 5519 seipsum
3046 5449 3373 5515 consideret,
3415 5458 3469 5507 et
3499 5466 3630 5520 quu-

2046 5603 2195 5666 puto,
2220 5599 2280 5666 ut_
2299 5601 2491 5666 sensus
2527 5584 2751 5666 prodeat
2776 5600 2789 5634 :
2824 5580 2936 5666 illeo
2965 5580 3027 5635 ob
3052 5578 3634 5666 terrarumlonginqaic

2048 5650 2206 5720 tatem
2230 5656 2502 5716 charitatis
2528 5650 2894 5723 muniﬁcentia
2922 5651 3161 5722 separari
3185 5650 3353 5704 debet.
