4070 6196
432 324 531 396 ιϐῖ

1293 336 1353 391 Β.
1394 338 1454 391 F.
1491 337 1717 391 ALBINI
1756 336 1888 393 SEU
1927 334 2203 393 ALCUINI
2242 336 2523 392 OPERUM
2560 336 2738 391 PARS
2773 337 2819 392 I.

3591 346 3691 400 I68

430 456 590 511 modo
635 454 744 508 Deo
785 453 1021 523 placeat;
1070 448 1340 519 quomodo
1386 448 1616 504 salutem
1668 449 1862 504 animm
1898 464 2010 504 suae
2036 454 2086 514 Α
2111 447 2223 502 Deo
2269 446 2557 512 amabiles,
2604 456 2659 501 et
2704 446 3011 502 hominibus
3057 450 3404 519 honorabiles
3445 455 3694 515 institue-

431 554 685 615 opcretur
708 560 720 596 :
746 542 839 597 sed
869 555 961 593 vos
987 538 1313 609 specialiter,
1345 540 1652 595 charissimi
1684 537 1914 594 fratres!
1950 540 2007 593 in

430 635 653 691 servitio
689 633 783 687 Dei
827 644 1146 701 permanere
1185 629 1360 695 decet,
1405 639 1459 685 et
1488 632 1540 686 in
1571 631 1798 686 rationis
1826 629 2012 703 [Forte

429 722 712 795 orationis]
742 722 917 777 studio
940 720 1218 791 prolicere,
1254 729 1473 792 propter
1505 722 1736 792 optimos
1759 728 2012 791 parentes

430 822 486 867 et
532 828 725 882 paucos
762 810 966 885 [Forte,
1016 826 1123 866 non
1174 810 1397 883 paucos]
1444 812 1730 881 magistros
1776 819 2007 866 vestros.

430 904 568 971 Quid
593 918 724 958 vero
753 904 1012 957 librorum
1045 902 1199 970 copia
1227 902 1464 971 prodest,
1516 902 1562 956 si
1610 917 1716 956 non
1767 902 1909 956 crint
1938 901 2013 955 le-

429 1000 618 1064 gentes
656 992 711 1046 in
751 992 851 1056 eis,
883 999 939 1044 et
966 989 1322 1060 intelligentes
1341 990 1471 1045 eos?
1515 989 1655 1057 Quid
1676 990 1793 1044 laus
1819 1005 2014 1059 parcn-

431 1092 544 1137 tum
572 1081 801 1152 prolicit,
831 1080 876 1134 si
899 1087 1196 1136 sectatores
1229 1079 1442 1133 illorum
1470 1093 1577 1133 non
1611 1079 1751 1133 crint
1775 1093 2015 1149 praecep-

432 1180 606 1227 torum
633 1178 754 1239 post
781 1184 874 1224 eos
890 1169 913 1223 ?

500 1262 610 1317 Vos
636 1275 769 1316 vero
794 1260 890 1315 filii
921 1260 1053 1314 estis
1079 1267 1409 1323 sanctorum,
1444 1274 1539 1312 vos
1570 1257 1745 1312 nobile
1769 1272 1936 1326 genus
1961 1257 2015 1310 cl-

432 1351 611 1422 regale
649 1348 1033 1412 sacerdotium,
1062 1348 1117 1400 in
1149 1346 1390 1401 Ecclesia
1428 1346 1626 1401 Christi
1660 1345 1846 1399 nutriti
1878 1362 1891 1397 :
1918 1359 2015 1397 no-

431 1444 695 1497 bilitatem
728 1447 962 1494 vestram
985 1438 1141 1493 bonis
1165 1438 1408 1493 moribus
1430 1438 1716 1502 ostendite,
1744 1444 2014 1506 quatenus

430 1534 649 1603 plurimi
682 1531 880 1588 vestris
905 1530 1062 1585 bonis
1081 1530 1342 1600 exemplis
1365 1529 1699 1593 erudiantur,
1727 1536 1782 1583 et
1803 1528 1894 1598 qui
1921 1542 2014 1581 vos

431 1625 564 1680 foris
606 1624 805 1688 videat,
839 1639 870 1677 a
893 1622 1048 1677 vobis
1081 1621 1255 1676 discat
1284 1621 1551 1690 quomodo
1577 1619 1760 1673 vivere
1801 1619 2012 1672 debeat.

433 1716 566 1771 Nam
597 1730 665 1771 ex
698 1730 992 1785 paucorum
1032 1713 1440 1768 conversatione
1485 1713 1552 1766 ab
1608 1712 1694 1765 his
1741 1710 1833 1778 qui
1882 1708 2015 1764 foris

2112 545 2256 601 runt,
2300 538 2389 605 qui
2443 537 2605 605 primi
2641 536 2857 591 fuerunt
2900 536 3216 596 fundatores
3263 549 3696 615 congregationis

2110 634 2321 681 vestrm.
2353 624 2569 680 Certum
2602 634 2684 680 est
2713 626 2834 681 illos
2858 627 3054 697 saepius
3083 628 3306 686 visitare
3333 631 3451 688 loca
3485 635 3695 695 habita-

2110 717 2274 771 tionis
2317 725 2528 780 vestrm,
2577 726 2632 771 et
2673 732 3022 787 quoscunque
3064 718 3343 777 inveniant
3369 725 3595 783 honeste
3614 728 3693 785 vi-

2110 820 2237 860 vere
2283 814 2338 858 et
2381 820 2477 859 sua
2523 805 2795 860 custodire
2843 815 3065 872 statuta,
3105 811 3446 881 congaudent
3477 815 3600 881 illis,
3639 826 3696 875 et

2111 913 2210 966 pro
2254 898 2333 951 eis
2373 897 2705 951 intercedere
2746 897 2886 965 apud
2929 899 3077 967 pium
3106 898 3349 967 judicem
3391 905 3694 963 nullatenus

2111 990 2413 1054 desistunt;
2441 991 2535 1044 sed
2559 999 2613 1044 et
2647 990 2959 1059 angelorum
2997 993 3333 1049 visitationes
3364 996 3481 1052 loca
3507 1007 3692 1055 sancta

2111 1076 2454 1147 frequentare
2480 1094 2587 1132 non
2612 1079 2831 1133 dubium
2856 1087 2958 1133 est.
2984 1079 3180 1135 Fertur
3205 1083 3348 1137 enim
3375 1087 3695 1156 magistrum

2112 1179 2358 1223 nostrum
2401 1176 2455 1223 et
2496 1177 2733 1222 vestrum
2783 1179 3067 1238 patronum
3106 1172 3322 1227 beatum
3360 1175 3562 1231 dixisse
3600 1177 3697 1230 Bs-

2114 1274 2219 1313 nan
2243 1276 2256 1311 :
2296 1277 2314 1308 ι
2338 1257 2463 1312 Scio
2491 1259 2710 1328 angelos
2737 1259 2958 1313 visitare
2983 1263 3272 1316 canonicas
3295 1263 3454 1318 horas
3487 1273 3542 1317 et
3570 1280 3693 1319 cou-

2114 1347 2452 1418 grcgationes
2486 1346 2782 1413 fraternas;
2822 1349 2951 1416 quid
2987 1349 3032 1403 si
3063 1350 3135 1404 ibi
3165 1366 3250 1404 me
3277 1367 3383 1405 non
3413 1352 3695 1408 inveniunt

2115 1437 2256 1491 inter
2279 1436 2512 1490 fratres?
2558 1435 2747 1491 Nonne
2793 1438 2971 1492 dicere
3010 1440 3226 1504 habent,
3276 1440 3365 1494 ubi
3396 1450 3479 1495 cst
3516 1443 3694 1498 ΒεοΑἳ

2115 1528 2293 1594 Quare
2340 1543 2447 1581 non
2496 1526 2642 1581 venit
2672 1528 2738 1581 ad
2776 1528 3116 1584 adorationes
3157 1538 3388 1586 statutas
3424 1548 3547 1588 cum
3586 1532 3694 1589 fra-

2117 1618 2327 1673 tribus?
2346 1637 2365 1669 ι

2188 1709 2377 1778 Magna
2407 1717 2491 1763 est
2511 1708 2651 1779 apud
2678 1709 2847 1764 Deum
2873 1712 3175 1767 communis
3204 1716 3395 1779 oratio,
3424 1725 3479 1768 et
3501 1731 3697 1787 magna

433 1816 579 1870 sunt,
603 1820 744 1875 saepe
772 1805 984 1858 illorum
1016 1804 1145 1866 vita,
1186 1803 1278 1871 qui
1322 1802 1465 1855 intus
1504 1808 1648 1866 sunt,
1680 1800 2004 1854 nominatur.
2044 1808 2089 1866 Β
2114 1799 2395 1853 charitatis
2419 1800 2762 1864 communio;
2798 1811 2852 1855 et
2879 1801 3049 1855 multo
3085 1811 3168 1856 est
3205 1804 3395 1858 melius
3433 1820 3553 1859 cum
3591 1804 3697 1860 fra-

434 1896 573 1949 Dicit
600 1895 745 1948 enim
773 1892 1062 1962 Apostolus
1088 1909 1100 1944 :
1126 1891 1376 1957 Quandiu
1417 1907 1533 1945 sum
1561 1888 1838 1960 Apostolus
1882 1906 2011 1959 gen-

430 1986 581 2051 tium,
624 1984 967 2040 ministerium
1012 1999 1185 2036 meum
1231 1983 1520 2051 honoriﬁco
1560 1982 1738 2053 (Rom.
1780 1999 1861 2049 χι,
1898 1981 2007 2052 15).

433 2074 525 2130 Sic
567 2076 726 2131 debet
759 2076 1128 2146 unusquisque
1176 2091 1329 2130 suam
1379 2090 1684 2145 personam,
1737 2074 1821 2129 vel
1858 2090 2013 2129 suum

432 2166 765 2233 propositum
789 2165 1052 2235 religiosis
1072 2180 1268 2220 ornare
1288 2165 1552 2230 moribus,
1578 2172 1635 2220 ut
1656 2165 1865 2220 laudem
1891 2181 2014 2219 eum

436 2255 742 2310 hominibus
787 2256 1001 2321 habeat,
1050 2265 1104 2310 et
1143 2256 1310 2310 vitam
1348 2266 1606 2311 aeternam
1650 2274 1772 2313 cum
1814 2260 2015 2313 sanctis

436 2346 678 2415 accipere
722 2356 1012 2402 mereatur.
1063 2347 1168 2401 Pro
1223 2347 1378 2403 nobis
1432 2350 1853 2404 intercedentem
1889 2350 2016 2404 bea-

437 2435 717 2491 titudinem
783 2443 1018 2489 vestram
1086 2436 1227 2490 Deus
1300 2436 1640 2506 omnipotens
1701 2437 2009 2499 custodiat,

438 2533 493 2577 et
524 2526 579 2579 in
626 2527 772 2581 omni
809 2525 950 2581 bono
1000 2525 1264 2595 proﬁcere
1308 2525 1511 2591 faciat,
1560 2526 1757 2582 fratres
1805 2527 2012 2582 charis-

434 2614 558 2670 simi
582 2617 595 2669 !

964 2705 1294 2762 EPISTOLA
1334 2705 1471 2760 XVI.

666 2811 734 2849 ΑΙ)
772 2810 1011 2850 ιείιετιιεε
1046 2810 1308 2851 εεοιεειιιι
1362 2811 1550 2850 εΛΝοτι
1590 2811 1770 2851 PETRI.

435 2884 774 2941 Commendat
798 2902 854 2941 se
880 2886 1094 2940 illorum
1140 2887 1385 2940 amicitia:
1426 2886 1551 2940 olim
1577 2887 1830 2942 condicta
1852 2905 1871 2942 :
1898 2888 2016 2943 lau-

504 2958 594 3009 dat
622 2972 801 3010 eorum
837 2955 1125 3026 regularem
1169 2958 1630 3011 conversationem.
1662 2956 1922 3013 Hortatur
1945 2958 2014 3012 ad

503 3027 714 3080 virtutes
744 3026 1013 3080 monachis
1033 3026 1293 3098 proprias.

2119 1893 2291 1947 tribus
2334 1893 2693 1946 communiter
2741 1908 2929 1957 orare,
2976 1896 3302 1949 manducare
3343 1905 3396 1952 et
3438 1897 3694 1959 dormire.

2114 1997 2276 2052 quam
2322 1982 2376 2035 in
2427 1981 2647 2050 speciali
2696 1982 3028 2038 habitatione
3071 1984 3244 2039 solum
3293 2002 3415 2040 cum
3460 1987 3700 2056 periculo

2116 2089 2373 2139 manere,
2421 2075 2547 2144 quia
2595 2072 2807 2129 facilius
2860 2075 3103 2131 diabolus
3145 2091 3449 2147 expugnare
3503 2081 3702 2150 poterit

2123 2166 2275 2220 illum
2305 2165 2398 2234 qui
2429 2164 2575 2219 solus
2604 2172 2707 2229 est,
2736 2179 2898 2234 quam
2938 2180 3059 2220 eum
3100 2167 3189 2234 qui
3235 2165 3473 2223 fraterno
3501 2168 3701 2224 auxilio

2115 2255 2351 2324 undique
2401 2254 2654 2325 cingitur,
2708 2254 2921 2310 dicente
2962 2254 3280 2325 Scriptura:
3312 2256 3521 2323 Frater,
3550 2260 3699 2330 quia

2115 2346 2278 2414 fratre
2311 2345 2613 2414 adjuvatur,
2657 2346 2807 2416 quasi
2832 2345 2990 2414 ﬁrma
3017 2356 3091 2400 est
3118 2348 3300 2403 civitas
3331 2348 3513 2421 (Prov.
3543 2366 3696 2412 xvtn.

2117 2438 2224 2510 l9).
2260 2438 2449 2494 Vestra
2477 2439 2619 2493 enim
2652 2439 2769 2494 laus
2792 2447 2875 2495 est
2904 2441 3127 2496 honeste
3156 2442 3356 2506 vivere,
3385 2443 3697 2513 religionem

2114 2536 2360 2584 votorum
2385 2537 2689 2583 vestrorum
2726 2544 2963 2585 servare.
2997 2529 3137 2597 Quid
3162 2533 3315 2587 vobis
3344 2533 3698 2589 vestimento-

2116 2634 2234 2673 rum
2249 2618 2478 2688 pompa?
2493 2618 2664 2688 Major
2677 2619 2870 2674 exinde
2890 2620 2993 2674 erit
3013 2621 3363 2690 reprehensio
3376 2637 3536 2692 quam
3548 2622 3696 2687 laus;

2118 2708 2327 2763 vanitas
2355 2716 2437 2763 est
2466 2708 2610 2762 enim
2636 2717 2691 2762 et
2721 2709 2991 2778 superbia,
3033 2720 3089 2765 et
3125 2712 3261 2767 nihil
3284 2711 3464 2778 aliud;
3495 2719 3550 2767 et
3576 2728 3700 2783 per-

2116 2798 2251 2854 ditio
2289 2799 2414 2853 vitae
2454 2798 2736 2868 regularis.
2793 2798 2983 2855 Mtlius
3032 2810 3115 2855 est
3165 2802 3396 2855 animam
3426 2801 3584 2858 bonis
3606 2818 3695 2857 or-

2116 2903 2250 2943 nare
2290 2887 2551 2953 moribus,
2607 2887 2989 2956 perpetualiter
3040 2897 3479 2959 permanentem,
3536 2905 3700 2961 quam

2117 2992 2333 3049 corpus,
2375 2980 2520 3049 quod
2548 2980 2604 3035 in
2629 2979 2902 3049 pulverem
2930 2981 3204 3051 redigitur,
3255 2982 3581 3051 pompaticis
3608 2998 3700 3038 or.
3726 3004 3729 3007 ·

2117 3082 2248 3123 nare
2276 3068 2575 3135 coloribus;
2607 3068 2690 3124 vel
2722 3069 3011 3125 luxuriosis
3037 3071 3296 3125 conviviis
3320 3086 3539 3140 pascere
3570 3087 3695 3127 ver-

510 3138 883 3194 Sanetissimis
918 3151 943 3179 α
978 3140 1033 3192 in
1077 3139 1251 3194 sancti
1289 3139 1436 3194 Petri
1482 3140 1710 3196 ecclesia
1755 3139 2016 3197 fratribus
2041 3151 2088 3212 ο
2118 3155 2285 3211 mium
2313 3173 2514 3213 escam.

435 3230 547 3285 Deo
586 3230 967 3294 servientibus,
1016 3231 1232 3285 humilis
1272 3231 1571 3287 clientellus
1607 3231 1865 3287 Alcuinus
1895 3246 2016 3302 per-

438 3328 610 3391 petum
637 3320 822 3392 glorim
843 3322 1090 3376 salutem.
1776 3386 1781 3391 ε

509 3409 816 3480 Saepissime
861 3410 1156 3480 corporalis
1204 3411 1401 3480 speciei
1432 3412 1589 3467 amici
1616 3412 2013 3484 disjunguntur,

436 3500 528 3556 sed
558 3515 830 3571 nunquam
876 3499 1160 3555 charitatis
1199 3501 1481 3556 dulcedine
1511 3505 1750 3572 separari
1779 3504 2012 3571 debent;

434 3600 489 3647 et
531 3593 621 3648 ubi
666 3607 793 3647 vera
840 3600 924 3647 est
967 3590 1204 3659 dilectio,
1246 3593 1319 3647 ibi
1351 3592 1505 3648 firma
1535 3604 1618 3649 est
1647 3597 2016 3666 germanitatis

437 3684 732 3749 memoria;
785 3684 876 3737 ubi
925 3683 1078 3737 radix
1125 3683 1385 3738 condicta:
1425 3685 1676 3740 amicitim
1703 3687 1758 3741 in
1784 3688 2017 3757 pectoris

436 3773 693 3827 thesauro
734 3772 932 3841 ﬁgitur,
963 3772 1086 3827 inde
1122 3774 1257 3828 rami
1295 3772 1517 3831 ﬂoribus
1541 3775 1666 3832 ﬁdei
1695 3779 1871 3833 vestiti
1900 3780 2016 3848 pul-

436 3863 635 3918 lulasse
662 3863 1022 3917 certissimum
1044 3874 1147 3929 est,
1171 3880 1341 3934 usque
1363 3866 1489 3921 dum
1514 3866 1780 3925 fructibus
1800 3879 2015 3925 mternae

434 3953 786 4009 beatitudinis
811 3952 1098 4009 refecerint
1128 3970 1313 4010 veram
1345 3957 1603 4012 habentes
1629 3959 1773 4014 inter
1801 3975 1860 4015 se
1882 3961 2014 4015 cha-

435 4047 674 4113 ritatem,
718 4061 879 4116 quam
914 4062 1014 4116 ego
1057 4055 1185 4118 opto
1233 4048 1297 4102 de
1345 4063 1464 4103 mea
1511 4049 1773 4118 parvitate
1824 4051 2015 4106 vestris

434 4138 669 4193 firmiter
711 4138 974 4193 inhaerere
1008 4138 1295 4204 mentibus,
1350 4139 1492 4193 sicut
1534 4139 1665 4193 olim
1697 4140 1826 4195 mihi
1855 4150 2013 4195 ante-

434 4238 677 4284 ceSsores
700 4227 868 4282 vestri
894 4228 981 4298 pia
1008 4228 1282 4283 voluntate
1308 4228 1688 4299 promiserunt.

502 4317 682 4374 Locus
719 4332 847 4373 vero
882 4317 1234 4373 habitationis
1277 4326 1471 4374 vestrm
1510 4319 1642 4373 mihi
1686 4319 1840 4375 valde
1873 4320 2015 4375 desi-

436 4408 692 4464 derabilis
738 4406 862 4474 fuit,
904 4407 1031 4464 licet
1075 4424 1162 4463 me
1196 4409 1433 4464 conditio
1463 4411 1759 4481 pcregrinm
1789 4427 2014 4467 conver-

2189 3244 2315 3301 Hmc
2335 3248 2586 3317 cogitate,
2615 3249 2916 3304 charissimi
2954 3248 3176 3304 fratres!
3208 3258 3263 3305 et
3290 3250 3419 3321 quid
3449 3251 3601 3306 vobis
3626 3252 3695 3308 ad

2117 3342 2374 3389 aeternam
2401 3336 2649 3405 proficiat
2683 3338 3067 3394 beatitudinem
3101 3340 3408 3410 sequimini.
3442 3339 3697 3396 Patribus

2116 3425 2329 3481 obedite
2375 3428 2589 3493 vestris,
2639 3444 2796 3484 senes
2840 3431 3120 3495 honorate,
3172 3431 3413 3487 infirmos
3461 3431 3695 3496 visitate,

2117 3515 2543 3571 adolescentulos
2577 3518 2716 3573 bene
2766 3518 2970 3583 docete,
3017 3527 3076 3574 ut
3114 3520 3380 3586 habeatis,
3421 3521 3513 3591 qui
3539 3536 3701 3592 super

2117 3603 2361 3674 sepulcra
2392 3614 2572 3661 vestra
2605 3616 2751 3663 stare
2776 3608 3004 3679 possint,
3030 3616 3085 3663 et
3103 3609 3434 3664 intercedere
3453 3624 3553 3679 pro
3581 3608 3698 3663 ani-

2116 3697 2307 3752 tuabus
2328 3699 2545 3755 vestris.
2582 3698 2935 3755 Considerate
2969 3701 3238 3757 mentibus
3271 3702 3482 3766 vestris,
3511 3699 3699 3770 quales

2116 3788 2225 3842 sint
2266 3788 2360 3857 qui
2405 3792 2567 3845 modo
2615 3791 2669 3845 in
2722 3790 2985 3861 sepulcris
3020 3791 3224 3862 jacent,
3258 3801 3313 3847 et
3338 3807 3501 3862 quam
3524 3791 3698 3851 beata:

2115 3876 2224 3930 sint
2249 3879 2444 3932 animm
2470 3877 2683 3932 illorum
2710 3878 2801 3948 qui
2833 3880 2889 3933 in
2916 3880 3192 3950 religione,
3221 3888 3277 3935 et
3302 3878 3535 3948 regulari
3561 3879 3695 3945 vita,

2114 3974 2168 4021 et
2213 3968 2467 4022 castitate
2513 3969 2780 4038 corporis,
2816 3978 2871 4023 et
2902 3970 3184 4025 charitatis
3227 3969 3528 4024 obedientia
3579 3970 3697 4025 dies

2114 4073 2241 4112 suos
2266 4074 2434 4128 usque
2456 4058 2510 4112 in
2537 4059 2698 4114 finem
2718 4060 3104 4131 perduxerunt.
3136 4060 3339 4116 Horum
3362 4069 3446 4116 est
3468 4076 3693 4130 regnum

2115 4148 2395 4214 caelorum,
2442 4149 2586 4221 quod
2629 4149 2814 4205 labore
2857 4151 3242 4222 acquisierunt,
3295 4153 3388 4222 qui
3416 4166 3514 4222 pro
3538 4150 3695 4207 vobis

2115 4240 2453 4295 intercedant
2494 4240 2756 4310 quotidie,
2803 4250 3069 4312 quatenus
3111 4242 3179 4298 ad
3225 4243 3440 4298 illorum
3467 4241 3694 4299 societa-

2114 4339 2245 4396 tem,
2289 4331 2400 4388 Deo
2444 4334 2696 4399 donante,
2745 4333 3029 4404 pervenire
3076 4333 3411 4390 mereamini.
3441 4332 3695 4405 Omnipo-

2115 4429 2235 4475 tens
2260 4421 2403 4476 Deus
2428 4431 2624 4477 vestrm
2650 4423 3022 4479 unanimitatis
3045 4425 3386 4480 sanctitatem
3409 4424 3466 4479 in
3492 4431 3693 4480 mterna

436 4499 659 4554 sationis
684 4498 838 4568 longe
864 4497 1070 4553 tulisset
1099 4515 1129 4552 a
1157 4500 1343 4566 vobis;
1372 4501 1619 4569 quamvis
1639 4517 1881 4571 corpore,
1914 4503 2008 4558 sed
2043 4498 2092 4559 Ι)
2115 4511 2448 4567 beatitudine
2473 4513 2711 4567 adunare
2733 4513 3004 4585 dignetur,
3029 4514 3242 4571 Domini
3270 4515 3495 4572 fratres!

438 4587 744 4643 nullatenus
769 4587 1051 4652 eharitate,
1080 4588 1204 4657 quia
1230 4591 1409 4644 omnia
1444 4605 1563 4658 quae
1584 4593 1725 4662 apud
1752 4608 1848 4647 vos
1872 4592 2016 4647 vide-

437 4679 582 4743 bam,
613 4679 726 4734 sive
764 4678 818 4735 in
862 4679 1284 4736 habitationibus
1321 4683 1620 4747 domorum,
1668 4686 1781 4740 sive
1806 4686 1861 4739 in
1887 4702 2014 4741 con-

438 4768 744 4823 versatione
777 4769 900 4823 vitm
930 4768 1210 4840 regularis,
1242 4771 1395 4826 valde
1422 4772 1553 4827 mihi
1585 4773 1921 4843 placuerunt,
1961 4784 2016 4830 et

439 4858 645 4913 utinam
679 4866 738 4912 ut
766 4859 877 4915 Deo
912 4875 1125 4931 semper
1161 4861 1372 4931 placeat
1413 4863 1629 4932 pietatis
1665 4875 1860 4920 vestrm
1887 4866 2016 4921 obe-

438 4951 665 5017 dientia,
697 4959 751 5005 et
776 4952 1072 5018 humilitas,
1122 4960 1178 5007 et
1224 4954 1487 5022 regularis
1525 4955 1646 5009 vitae
1683 4957 2007 5013 observatio.

438 5043 566 5097 Hmc
610 5051 693 5097 est
730 5042 847 5099 laus
886 5052 1067 5097 vestra
1112 5059 1296 5099 coram
1338 5045 1666 5110 hominibus,
1712 5055 1772 5099 ut
1809 5046 1921 5102 sive
1956 5047 2011 5101 in

438 5124 801 5197 vestimentis,
839 5133 954 5189 sive
979 5134 1031 5187 in
1061 5134 1309 5189 omnibus
1348 5136 1676 5190 monachicm
1702 5136 1827 5191 vitm
1851 5137 2013 5193 disci-

435 5221 598 5293 plinis
637 5222 865 5278 firmiter
894 5224 1274 5300 permaneatis,
1301 5225 1440 5279 sicut
1465 5234 1648 5295 patres
1682 5227 1869 5293 vestri,
1909 5227 2012 5282 viri

509 5390 535 5418 ι
561 5376 630 5432 In
665 5379 834 5448 sancti
865 5377 1010 5432 Petri
1035 5378 1271 5434 ecclesia.
1301 5378 1491 5435 Plures
1516 5388 1641 5435 sunt
1669 5382 1928 5448 ecclesim,
1957 5391 2012 5437 et

440 5447 764 5520 monasteria
785 5447 941 5520 plura
978 5453 1151 5504 sancti
1181 5450 1325 5504 Petri
1355 5452 1579 5520 apostoli
1605 5453 1905 5520 patrocinio
1934 5453 2011 5506 di-

440 5526 560 5569 cata
584 5517 798 5580 ;'inter
834 5518 949 5572 hmo
972 5529 1282 5575 recensetur
1331 5517 1716 5576 monasterium
1764 5521 2012 5577 Wirense

440 5600 536 5658 seu
566 5584 998 5658 VViremuthense
1041 5587 1095 5641 in
1140 5590 1350 5658 Anglia,
1399 5592 1542 5658 quod
1570 5606 1602 5645 a
1637 5592 1796 5646 beato
1842 5592 2011 5647 Bene-

441 5648 586 5711 dicto
611 5653 854 5725 Biscopo,
895 5670 1000 5711 una
1040 5672 1162 5712 cum
1204 5648 1373 5715 a'l'ter'o
1402 5648 1666 5716 Girwensi
1695 5662 1760 5715 ad
1786 5661 2010 5716 alteram

445 5725 616 5795 ripam
656 5723 823 5780 Wirm
864 5726 1057 5791 amnis,
1105 5737 1292 5782 sancto
1338 5729 1503 5784 Paulo
1545 5731 1783 5799 apostolo
1822 5745 2011 5785 conse-

2530 4643 2640 4717 24
2677 4644 2705 4684 δ
2742 4643 3078 4700 EPISTOLA
3114 4646 3275 4702 XVII.

2590 4780 2655 4818 AD
2691 4779 2938 4820 CAROLUI
2976 4781 3215 4821 IAGNUI.

2609 4871 2787 4941 (Circa
2818 4888 3017 4927 annum
3050 4874 3199 4945 793.)

2114 4979 2322 5055 Laudat
2361 4980 2510 5055 illum
2538 5000 2569 5035 η
2593 4984 2827 5052 potentia
2868 4982 3113 5037 circulari
3138 4995 3186 5039 et
3212 4988 3582 5055 prtrdicationc
3610 4991 3700 5045 di.-

2184 5050 2500 5125 tn'melegis,
2556 5050 2803 5125 tanquam
2821 5124 2828 5125 ί
2848 5063 3098 5107 rectorem
3125 5050 3304 5125 populi
3330 5067 3380 5110 et
3408 5057 3694 5114 doctorem.

2184 5118 2363 5190 Carpit
2387 5118 2614 5174 errorem
2640 5118 3074 5192 Adoptianorum.

2186 5232 2447 5288 Veniente
2472 5234 2540 5289 ad
2570 5250 2670 5290 nos
2700 5234 2810 5291 ﬁlio
2850 5248 3039 5293 nostro
3083 5237 3345 5306 Candido,
3387 5252 3570 5298 vestro
3599 5260 3692 5299 an.

2110 5394 2282 5466 erato,
2315 5387 2635 5441 aedificatum
2665 5388 2786 5466 fuit.
2838 5390 2957 5466 Vid.
2988 5401 3145 5466 notas
3172 5400 3384 5466 nostras
3427 5397 3494 5450 ad
3532 5397 3690 5466 epist.

2112 5454 2198 5526 14.
2242 5455 2485 5526 Praesens
2527 5471 2657 5526 ergo
2702 5458 2929 5525 epistola
2973 5462 3039 5516 ad
3081 5464 3375 5520 monachos
3423 5454 3695 5521 Wirému—

2112 5525 2329 5605 thenscs
2368 5525 2710 5605 scriptag’est,
2761 5528 2903 5583 inter
2945 5547 3078 5600 quos
3129 5534 3261 5605 Ven.
3314 5534 3477 5605 Beda.
3530 5550 3691 5605 quem

2111 5604 2366 5670 tanquam
2400 5595 2720 5670 magistrum
2761 5614 2830 5670 ac
2864 5595 3149 5670 patronum
3184 5603 3326 5658 illius
3358 5603 3456 5659 loci
3487 5595 3686 5670 laudat,

2112 5665 2381 5720 enutritus
2400 5671 2457 5718 et
2481 5664 2737 5721 educatus
2762 5664 2882 5723 fuit:

2185 5733 2212 5773 ι’
2242 5732 2348 5804 25
2390 5733 2501 5791 Hoc
2536 5736 2774 5805 epistola:
2813 5738 3170 5811 fragmentum
3219 5744 3360 5813 apud
3399 5742 3687 5811 Quercen-
