4070 6196
340 300 448 356 169

1788 289 2145 348 ΕΡιὸΊῸιιιΕ
2157 336 2169 348 .

3516 305 3618 360 170

336 424 449 469 tem
480 410 628 469 ﬁdeli
667 409 902 476 servulo,
933 407 1165 464 multum
1195 423 1295 462 nos
1331 415 1523 462 vestra:
1551 406 1930 477 prosperitatis
1957 411 2002 468 Α
2034 407 2270 462 tionem?
2297 408 2510 464 dicente
2547 408 2803 479 Apostolo
2848 411 2914 466 de
2959 422 3158 468 nostra:
3206 410 3618 479 resurrectionis

335 502 756 560 annuntiatione
802 499 1135 566 lmtiﬁcabat,
1194 513 1294 553 nec
1337 513 1444 553 non
1490 512 1686 569 magna
1733 497 1933 552 saluta-

340 598 489 651 tione
538 602 737 648 vestrae
774 591 1078 647 dilectionis
1122 589 1357 644 dulciter
1390 586 1681 642 reﬁciebat.
1723 585 1935 640 Lauda-

338 688 467 742 hitis
506 698 723 756 quoque
765 684 893 737 doni
938 681 1191 735 allationc
1226 679 1430 733 intimae
1458 678 1656 732 mentis
1683 675 1932 731 allectum

339 777 688 834 fecundabat.
717 774 943 842 Insuper
982 771 1176 826 mentis
1212 768 1578 839 prohamentis
1617 775 1814 821 vestra:
1837 781 1935 819 au-

338 869 617 928 ctoritatis
663 883 761 938 pro
810 864 965 920 nobis
1012 862 1300 932 explicavit
1348 859 1686 914 devotionem
1710 899 1726 923 ,
1769 872 1931 927 quam

337 976 477 1032 pura
500 968 555 1013 et
579 965 767 1013 sancta
794 952 1143 1023 inquisitione
1167 948 1448 1005 catholicae
1487 944 1612 1002 ﬁdei
1648 946 1932 1001 veritatem

337 1051 657 1111 examinare
700 1045 1004 1108 studuistis,
1042 1049 1097 1097 et
1132 1054 1345 1109 semper
1365 1039 1509 1092 viam
1535 1036 1758 1105 regiam,
1799 1050 1933 1105 apo-

339 1142 534 1200 stolica
560 1138 898 1194 confortatus
917 1131 1317 1204 praedicatione,
1347 1130 1510 1200 plano
1538 1127 1789 1184 veritatis
1819 1142 1936 1182 ser-

341 1244 534 1293 mone,
584 1235 824 1281 vestram
868 1220 1101 1278 asseruit
1138 1219 1479 1290 prudentiam
1523 1225 1728 1271 tenere.
1769 1216 1934 1270 Beata

340 1341 477 1400 gens
513 1324 668 1394 cujus
704 1330 787 1376 est
822 1317 1083 1372 Dominus
1110 1315 1254 1370 Deus
1276 1328 1462 1368 eorum
1489 1330 1502 1366 :
1531 1320 1587 1368 et
1608 1313 1803 1367 beatus
1833 1325 1933 1382 po-

342 1416 503 1488 pulus
540 1414 639 1468 tali
671 1421 883 1467 rectore
911 1408 1201 1472 exaltatus,
1228 1410 1281 1460 et
1318 1404 1409 1458 tali
1445 1404 1797 1474 praedicatore
1819 1418 1935 1457 mu-

345 1510 531 1575 nitus;
577 1514 633 1561 et
662 1514 955 1576 utrumque
988 1509 1042 1556 et
1074 1497 1282 1571 gladius
1306 1497 1648 1567 triumphalis
1678 1495 1935 1567 potentiae

343 1600 524 1655 vibrat
548 1598 603 1655 in
626 1599 815 1652 dextra
836 1602 891 1648 et
915 1591 1191 1648 catholicae
1212 1588 1611 1661 praedicationis
1634 1586 1762 1641 tuba
1788 1601 1937 1641 reso-

344 1696 441 1743 nat
458 1687 513 1741 in
535 1685 733 1757 lingua.
758 1681 836 1738 Ita
859 1691 914 1736 et
932 1678 1099 1735 David
1119 1678 1249 1734 olim
1269 1676 1621 1746 praecedentis
1643 1673 1821 1745 populi
1838 1689 1936 1729 rex

2032 497 2241 567 gloria:
2271 498 2374 563 Qui
2429 500 2729 569 reforntabit
2781 519 2968 570 corpus
3021 503 3334 559 humilitatis
3389 519 3612 572 nostrae.

2033 587 2419 657 conﬁguratnm
2452 591 2658 659 corpori
2691 589 2947 646 claritatis
2974 608 3082 646 smn
3108 592 3363 665 (Philipp.
3388 610 3468 659 ιη,
3501 598 3615 669 2|).

2035 680 2211 735 Untnn
2260 680 2428 734 Deum
2469 696 2653 733 verum
2685 690 2741 735 et
2771 698 2936 736 unum
2967 683 3059 738 Dei
3093 684 3287 739 Filium
3319 687 3372 740 in
3409 688 3617 745 duabus

2032 774 2264 836 naturis,
2312 773 2491 826 divina
2539 772 2747 827 scilicet
2785 782 2839 827 et
2882 775 3137 839 humana,
3190 777 3477 833 Dominum
3515 795 3613 835 nn-

2032 871 2203 917 strum
2253 860 2435 915 Iesum
2487 862 2760 917 Christum
2810 874 3123 934 regnantem
3174 884 3296 922 cum
3344 867 3505 925 Patre
3558 879 3616 926 et

2035 953 2240 1024 Spiritu
2267 962 2453 1009 sancto
2487 954 2879 1024 prmdicamus,
2922 964 2973 1010 et
3017 957 3354 1023 conﬁtemur,
3398 976 3502 1014 non
3542 962 3618 1017 di-

2033 1046 2147 1100 visa
2189 1053 2498 1114 potestate,
2550 1058 2651 1099 nec
2692 1045 2912 1115 partita,
2968 1046 3123 1115 quasi
3169 1062 3276 1100 una
3324 1048 3395 1102 sit
3442 1051 3616 1120 major

2033 1144 2292 1205 potestas,
2346 1133 2518 1189 altera
2560 1132 2776 1202 minor,
2818 1134 2943 1203 quia
2988 1133 3306 1190 divisionem
3353 1146 3409 1191 et
3451 1137 3619 1206 parti-

2035 1225 2235 1279 tionem
2264 1239 2393 1279 vera
2422 1238 2527 1279 non
2551 1224 2743 1294 recip't
2763 1225 3059 1291 aeternitas,
3089 1225 3169 1281 vel
3193 1226 3463 1295 divinitas,
3497 1233 3629 1299 qua!

2035 1322 2115 1368 est
2143 1315 2195 1368 in
2219 1314 2437 1370 Christo
2456 1313 2582 1370 Iesu
2604 1315 2832 1371 Domino
2857 1325 3060 1380 nostro,
3090 1317 3350 1389 Apostolo
3373 1322 3614 1376 dicente:

2038 1403 2100 1460 Si
2138 1403 2403 1459 Christum
2440 1422 2746 1460 noveramus
2786 1406 3074 1461 secundum
3104 1425 3332 1473 cantem,
3358 1410 3448 1465 sed
3477 1429 3617 1466 nunc

2027 1495 2146 1565 jam
2189 1511 2293 1548 non
2334 1496 2569 1551 novimus
2617 1496 2706 1567 (II
2734 1496 2856 1551 Cor.
2884 1514 2935 1563 v,
2968 1498 3084 1569 16);
3115 1500 3167 1553 id
3197 1509 3299 1564 est,
3342 1501 3434 1571 qui
3479 1518 3617 1557 mor-

2039 1580 2163 1636 talis
2191 1581 2291 1637 fuit
2319 1582 2371 1636 in
2395 1584 2560 1640 terris
2588 1599 2652 1639 ea
2683 1594 2877 1640 natura
2908 1601 3028 1656 quae
3064 1587 3201 1642 mori
3237 1591 3430 1660 potuit,
3471 1608 3614 1646 nunc
3702 1579 3705 1582 ﬁ

2041 1677 2185 1726 totus
2199 1673 2457 1742 spiritalis
2471 1683 2659 1745 regnat
2679 1675 2732 1729 in
2752 1676 3049 1731 divinitatis
3062 1679 3340 1749 majestate
3356 1680 3414 1734 in
3437 1682 3611 1747 caelis,

343 1778 505 1835 abeo
520 1751 747 1842 electus,
770 1783 825 1831 et
842 1773 952 1829 Deo
976 1772 1219 1833 dilectus,
1238 1777 1293 1824 et
1309 1769 1556 1842 egregius
1568 1767 1854 1824 Psalmista
1866 1766 1937 1822 Is-
1968 1751 2011 1809 Β
2039 1762 2131 1830 qui
2159 1770 2279 1831 post
2316 1765 2761 1820 resurrectionem
2789 1767 2865 1820 ait
2893 1769 3098 1836 apostol
3124 1784 3150 1823 s
3176 1784 3191 1823 :
3224 1768 3361 1823 Data
3381 1780 3455 1825 est
3479 1774 3608 1826 mihi

345 1869 482 1926 raeli
503 1868 715 1924 victrici
746 1864 922 1938 gladio
961 1864 1196 1933 undique
1221 1867 1408 1933 gentes
1433 1859 1744 1931 subiiciens,
1770 1859 1933 1931 legis-

344 1977 455 2036 que
465 1962 559 2018 Dei
572 1960 801 2018 eximius
814 1959 1135 2032 pranlicator
1148 1958 1198 2010 in
1212 1953 1408 2026 populo
1419 1952 1937 2023 exstitit.Cujusexi-

347 2054 457 2108 mia
490 2051 722 2107 ﬁliorum
750 2049 1027 2105 nobilitate
1055 2047 1109 2101 in
1140 2046 1310 2101 salute
1342 2044 1548 2109 mundi,
1579 2044 1646 2099 de
1664 2044 1813 2115 virga
1840 2041 1937 2098 llos

347 2145 530 2215 campi
576 2152 630 2200 et
672 2141 997 2198 convallium
1048 2138 1228 2194 ﬁoruit
1267 2136 1515 2194 Christus
1558 2136 1736 2210 (Cant.
1766 2153 1829 2203 n,
1858 2134 1931 2207 l),

345 2237 442 2308 qui
465 2235 588 2291 istis
622 2234 780 2291 modo
807 2232 1140 2304 temporibus
1168 2247 1231 2288 ac
1271 2230 1510 2303 ejusdem
1549 2228 1804 2297 nominis,
1829 2230 1939 2284 vir-

350 2327 485 2383 tutis
514 2336 569 2382 et
588 2324 710 2382 ﬁdei
737 2324 903 2379 David
933 2338 1113 2395 regem
1133 2321 1330 2393 populo
1356 2337 1453 2376 suo
1475 2320 1742 2377 concessit
1765 2328 1938 2376 recto-

350 2435 468 2476 rem
491 2425 545 2473 et
566 2417 860 2473 doctorem.
894 2414 1007 2469 Sub
1032 2414 1185 2484 cujus
1210 2412 1399 2466 umbra
1425 2413 1701 2482 superiora
1726 2410 1934 2486 (Forte,

350 2508 612 2583 superna]
660 2510 841 2579 quiete
882 2506 1111 2580 populus
1156 2504 1446 2575 requiescit
1484 2504 1844 2570 Christianus,
1883 2512 1938 2557 et

352 2602 618 2662 terribilis
642 2601 881 2671 undique
906 2597 1155 2671 gentibus
1183 2604 1360 2653 exstat
1384 2597 1624 2668 paganis.
1657 2594 1822 2667 Cujus
1846 2596 1939 2651 de-

348 2695 503 2751 votio
551 2709 583 2748 a
622 2692 786 2748 sectis
828 2689 1067 2761 perversi
1105 2688 1370 2759 dogmatis
1412 2687 1572 2743 ﬁdem
1615 2686 1935 2742 catholicam

352 2785 664 2859 evangelica
712 2783 984 2838 :oliditate
1028 2780 1242 2836 munire
1284 2795 1390 2835 non
1439 2785 1650 2844 cessat,
1696 2792 1765 2833 ne
1809 2777 1939 2848 quid

355 2881 482 2935 novi
523 2888 578 2935 et
614 2874 928 2948 apostolicis
960 2873 1344 2930 inconveniens
1365 2869 1645 2937 doctrinis,
1668 2884 1767 2940 per
1789 2867 1938 2924 clan«

355 2970 597 3027 destinas
642 2964 1017 3035 subreptiones
1069 2962 1266 3017 alicubi
1321 2960 1522 3016 ohoriri
1571 2959 1782 3023 valeat,
1843 2958 1938 3013 sed

355 3062 596 3118 cmicstis
651 3061 841 3131 gratia:
896 3056 1097 3112 lumine
1155 3055 1286 3109 ﬁdes
1340 3053 1537 3123 ubique
1572 3042 1796 3123 ,fulgeat
1847 3063 1938 3107 ca-

361 3154 581 3209 tholica.

430 3243 595 3314 Cujus
626 3242 868 3307 luminis,
908 3241 1014 3296 heu
1042 3239 1177 3310 proh
1214 3238 1390 3293 dolor!
1427 3238 1645 3309 quidam
1671 3247 1938 3304 extorres,

356 3335 640 3391 Christum
679 3350 745 3389 ex
788 3333 1009 3404 Virgine
1054 3340 1238 3387 sancta
1278 3339 1483 3396 natum,
1526 3332 1688 3402 impia
1725 3331 1942 3386 temeri-

358 3436 479 3481 tate
505 3425 676 3478 Deum
703 3439 906 3490 verum,
953 3432 1007 3478 ct
1049 3423 1237 3478 Filium
1283 3423 1376 3476 Dei
1419 3423 1697 3495 proprium
1745 3437 1942 3494 negare

361 3531 480 3570 non
512 3514 716 3568 timent.
747 3513 843 3582 Qui
880 3529 1035 3570 error
1062 3528 1317 3585 eousque,
1358 3523 1418 3569 ut
1448 3515 1681 3581 videtur,
1710 3513 1943 3568 latenter

359 3602 717 3672 quorumdam
760 3603 924 3659 etiam
969 3601 1205 3657 ﬁdelium
1251 3605 1529 3658 doctorum
1577 3602 1773 3657 animis
1818 3602 1943 3657 sub-

362 3693 554 3763 repsit,
589 3701 646 3748 ut
672 3694 863 3748 durum
900 3694 1147 3749 videatur
1170 3693 1276 3749 illis
1299 3695 1546 3750 conﬁteri
1582 3694 1667 3750 vel
1697 3695 1940 3759 credere,

362 3782 533 3838 Deum
579 3796 699 3838 esse
739 3791 946 3838 tantum
987 3780 1170 3837 Iesum
1209 3785 1508 3849 Christum,
1549 3784 1642 3855 qui
1683 3784 1834 3839 sedet
1873 3783 1943 3837 ad

362 3871 639 3926 dexteram
684 3870 883 3935 Patris,
944 3882 1000 3926 et
1044 3873 1098 3926 in
1147 3872 1315 3943 gloria
1362 3882 1602 3944 paternae
1648 3871 1944 3941 majestatis

364 3972 624 4019 venturus
660 3970 742 4020 est
764 3964 1006 4035 iudicare
1041 3965 1192 4020 vivos
1216 3972 1272 4018 et
1293 3973 1555 4020 mortuos.
1601 3963 1712 4020 Nec
1747 3964 1800 4019 in
1836 3964 1944 4034 spi-

366 4053 577 4108 ritalem
603 4068 747 4108 nunc
785 4051 1012 4125 gloriam
1046 4068 1264 4109 carnem
1293 4052 1496 4109 Christi
1530 4053 1627 4108 Dei
1668 4067 1788 4108 esse
1826 4069 1944 4107 mu—

366 4150 552 4206 tatam,
584 4158 703 4213 qua:
723 4157 823 4213 pro
854 4143 1010 4200 nobis
1036 4144 1289 4214 pependit
1321 4144 1375 4198 in
1400 4144 1563 4215 ligno,
1594 4152 1783 4199 contra
1811 4143 1944 4200 illud

363 4230 605 4302 Apostoli
631 4230 853 4298 dictum,
893 4232 985 4303 qui
1014 4233 1080 4288 de
1105 4233 1276 4288 nostri
1302 4233 1545 4302 corporis
1572 4233 1944 4288 immutatione

364 4321 441 4375 ait
466 4337 483 4374 :
505 4319 811 4377 Seminatur
841 4338 1028 4393 corpus
1076 4322 1324 4387 animle,
1368 4333 1543 4393 surget
1568 4339 1755 4393 corpus
1788 4322 1946 4394 spiri-

364 4409 470 4463 tale
488 4409 543 4483 (I
567 4408 690 4465 Cor.
718 4427 804 4475 xv,
831 4410 944 4482 44).
977 4411 1088 4467 Nec
1121 4412 1266 4468 illam
1299 4414 1703 4469 considerantes
1728 4421 1942 4469 senten-

366 4502 519 4566 tiam,
555 4503 684 4573 quia
722 4502 863 4557 idem
900 4502 1014 4573 ipse
1039 4518 1070 4557 a
1100 4503 1211 4558 Deo
1242 4504 1446 4561 electus
1472 4503 1655 4559 mundi
1680 4502 1944 4574 praedica-

366 4602 475 4658 tor,
500 4593 769 4663 justorum
805 4596 1257 4651 resurrectionem
1295 4596 1610 4652 discernens
1647 4596 1716 4651 ab
1743 4596 1943 4665 impiis,

367 4683 546 4736 dixit:
574 4679 764 4738 Omnes
819 4683 1029 4753 quidem
1082 4700 1427 4754 resurgemus,
1474 4685 1567 4738 sed
1616 4701 1720 4739 non
1770 4700 1946 4739 omnes

366 4773 768 4827 immutabimur
806 4773 993 4847 (Ibid.,
1020 4790 1073 4840 v,
1099 4773 1211 4846 5i).
1255 4775 1315 4830 Si
1344 4777 1544 4832 nostris
1581 4775 1832 4846 operibus
1864 4790 1950 4831 se-

369 4863 607 4918 cundum
657 4864 875 4919 modum
924 4866 1240 4920 meritorum
1288 4866 1548 4935 spiritalis
1590 4866 1773 4937 gloria:
1821 4881 1951 4936 pro-

372 4954 605 5009 mittitur
637 4954 957 5019 immutatio,
999 4964 1203 5026 quanto
1239 4957 1413 5027 magis
1458 4957 1701 5026 corporis
1745 4956 1950 5013 Christi

373 5044 685 5100 clariﬁcatio
717 5045 951 5117 gloriosa
984 5062 1104 5102 esse
1129 5047 1397 5103 credenda
1420 5054 1503 5102 est
1529 5055 1650 5117 post
1675 5062 1949 5103 resurrec-

376 5172 498 5238 num
542 5157 830 5238 pag._lt_323
862 5157 961 5228 0p.
993 5157 1202 5238 sicuini
1233 5173 1536 5238 connexum
1566 5152 1792 5238 habetur
1823 5174 1949 5238 cum

373 5235 520 5300 parte
558 5227 799 5300 epistola:
824 5227 1277 5300 quantintegram
1307 5227 1603 5300 reperimus
1624 5238 1753 5282 tom.
1777 5228 1793 5282 l
1817 5228 1952 5284 Con-

374 5294 462 5368 cil.
487 5294 785 5368 Britannia}
799 5294 921 5368 pag.
943 5297 1042 5352 159
1066 5294 1404 5368 Athamanta,
1428 5297 1762 5368 inscriptam,
1785 5313 1949 5368 quam

374 5365 491 5438 vide
536 5366 730 5438 infra._
757 5365 1000 5438 Petraeus
1042 5383 1171 5438 vero
1204 5367 1561 5438 fragmentum
1596 5365 1671 5422 ad
1698 5365 1949 5422 Catulum

375 5433 643 5508 ilagnum,
662 5435 884 5508 Alcuini
910 5436 1161 5493 Daridem
1179 5479 1194 5499 .
1221 5433 1491 5508 pertinere
1516 5438 1629 5508 ipse
1666 5445 1951 5508 contextus

374 5502 625 5577 loquitur.
660 5504 873 5579 Novum
894 5520 1135 5579 errorem
1171 5502 1259 5564 hic
1277 5523 1499 5579 carpere
1526 5502 1738 5563 videtur
1764 5506 1950 5579 Alcuif

373 5576 491 5641 nus,
532 5578 706 5649 quodA
723 5576 1000 5649 nonnullis
1038 5577 1229 5649 durum
1272 5576 1546 5649 videretur
1594 5578 1838 5649 conﬁteri
1867 5577 1951 5632 vel

372 5644 627 5704 credere:
663 5644 895 5703 Garum
936 5646 1133 5703 Christi
1171 5647 1227 5700 in
1258 5646 1545 5718 spiritalem
1573 5647 1796 5718 gloriam
1835 5656 1950 5717 post

372 5720 807 5774 resurrectionem
867 5733 976 5771 esse
1022 5715 1297 5770 mutatam.
1355 5715 1471 5781 Quo
1519 5715 1658 5775 anno
1714 5715 1844 5772 data
1880 5718 1949 5773 sit

819 5809 1091 5870 Ρηιιοι.
1136 5808 1202 5871 C.

2039 1852 2209 1906 omnis
2231 1862 2458 1923 potestas
2486 1856 2538 1907 in
2561 1855 2685 1908 cae'o
2713 1866 2761 1909 et
2790 1857 2844 1910 in
2875 1867 3014 1912 terra
3043 1850 3257 1930 (Matth.
3287 1878 3476 1927 χιιι-ιιι,
3504 1864 3611 1934 l8).

2039 1941 2170 2010 Quae
2195 1952 2432 2013 potestas
2455 1946 2624 2002 multo
2644 1957 2768 2004 ante
2794 1948 2931 2006 Filio
2957 1951 3189 2008 hominis
3214 1953 3387 2009 danda
3415 1957 3615 2012 dicitur

2038 2049 2068 2088 a
2097 2034 2374 2105 prophetis
2396 2047 2446 2090 ι.

2524 2118 2551 2150 ιο
2579 2110 2909 2168 EPISTOLA
2941 2114 3124 2170 XVIII.

2464 2215 2532 2255 ΔΙ)
2585 2217 2859 2257 Αυιιλῑίωι
2907 2220 2925 2258 1
2983 2220 3175 2260 PAPAI.

2658 2290 2838 2361 (Anno
2858 2290 3005 2362 794.)

2040 2373 2380 2459 Commendat
2411 2395 2466 2433 se
2503 2379 2691 2462 gratim
2726 2381 3009 2462 pontiﬁcis,
3054 2381 3306 2462 illacatque
3346 2388 3621 2462 proﬁtetur

2117 2403 2379 2432 uummuus
2411 2403 2466 2433 ιε
2503 2403 2691 2449 gnum:
2726 2403 3009 2462 portu/tus,
3054 2403 3306 2456 tuumque
3385 2403 3618 2459 rapietur

2114 2448 2363 2533 vicarium
2393 2447 2758 2533 sancti‘Petrt,
2798 2461 2846 2503 et
2871 2451 2986 2533 ejus
3027 2456 3300 2533 potestatis
3337 2403 3618 2533 tendent,

2109 2515 2372 2601 simulque
2403 2527 2662 2601 precatur,
2703 2529 2760 2571 ut
2800 2515 3135 2601 petitionibus
3165 2526 3274 2578 suis
3301 2541 3397 2595 per
3441 2515 3621 2601 Angit;

2108 2585 2310 2639 bertam
2343 2585 2597 2654 faciendis
2621 2585 2845 2640 annuat.

2111 2673 2429 2728 Beatissimo
2457 2685 2512 2728 et
2540 2675 2687 2730 omni
2716 2676 2916 2731 honore
2941 2679 3258 2747 dignissimo
3277 2691 3333 2737 et
3372 2687 3616 2754 pontiﬁci

2039 2779 2235 2835 magno
2258 2776 2279 2802 ε
2317 2763 2552 2819 Adriano
2574 2779 2753 2835 papae,
2798 2767 3129 2826 humillimus
3152 2774 3390 2828 omnium
3412 2786 3616 2835 sanctae

2041 2854 2298 2910 Ecclesia:
2332 2854 2563 2909 ﬁliorum
2600 2856 2826 2914 Albinus
2874 2868 3090 2917 aeterna:
3133 2863 3479 2922 beatitudinis
3521 2883 3609 2923 sa-

2041 2945 2229 3001 lutem.

2114 3039 2448 3096 Venerabilis
2474 3050 2635 3113 atque
2662 3052 2775 3101 toto
2802 3048 2934 3103 orbe
2964 3047 3245 3106 laudabilis
3283 3059 3475 3108 vestra:
3515 3054 3619 3110 ho-‘

2043 3129 2249 3197 nitatis,
2297 3130 2459 3187 Pater
2490 3134 2722 3204 optime,
2769 3137 2943 3206 pietas
2995 3138 3127 3194 mihi
3174 3140 3363 3197 ultimo
3414 3153 3616 3200 sancte

2040 3222 2297 3279 Ecclesiae
2342 3225 2556 3281 servulo
2586 3229 3114 3301 quantulumcunque
3141 3232 3323 3287 attulit
3364 3233 3614 3291 ﬁduciam

2040 3326 2275 3371 vestram
2307 3318 2628 3387 deprecandi
2672 3321 3034 3391 clementiam,
3076 3333 3133 3379 ut
3179 3341 3286 3391 me,
3318 3325 3442 3383 licet
3471 3329 3616 3406 indi-

2040 3421 2223 3476 gnum,
2254 3416 2494 3476 paternae
2515 3409 2739 3479 pietatis
2764 3428 2950 3468 amore
2980 3414 3032 3467 in
3080 3417 3344 3484 gremium
3388 3421 3619 3474 sanctis-

2040 3498 2192 3553 sima:
2220 3498 2625 3556 intercessionis
2652 3511 2851 3559 vestrae
2873 3504 3126 3574 colligere
3148 3507 3460 3576 dignemini.
3492 3509 3620 3565 Scio

2040 3590 2341 3646 certissime
2363 3600 2559 3647 vestras
2585 3593 2922 3648 devotionem
2954 3595 3273 3651 Sanctitatis
3298 3612 3398 3667 pro
3425 3601 3622 3670 popqu

2033 3677 2239 3751 iugiter
2279 3682 2447 3736 totius
2484 3682 2633 3737 orbis
2674 3682 3012 3740 intercedere
3048 3685 3354 3743 Christiano
3385 3707 3398 3742 :
3442 3699 3620 3746 tamen

2042 3771 2329 3840 specialius
2352 3771 2553 3841 aliquid
2581 3786 2680 3841 pro
2705 3774 2790 3829 his
2812 3777 3006 3845 egisse,
3045 3779 3137 3847 qui
3166 3787 3359 3834 vestra:
3394 3780 3625 3839 almitati

2042 3862 2249 3931 seipsos
2268 3862 2467 3917 obnixa
2484 3861 2803 3920 humilitatis
2823 3868 3197 3924 obsecratione
3224 3874 3624 3942 commendant,

2041 3960 2097 4008 et
2121 3951 2328 4022 majore
2370 3955 2688 4011 credulitate
2733 3958 2803 4013 ad
2856 3969 3017 4014 tantae
3052 3963 3391 4017 auctoritatis
3435 3966 3629 4019 contu-

2041 4044 2195 4113 giunt
2234 4041 2510 4115 suffragia.
2561 4044 2687 4102 Scio
2725 4062 2810 4103 me
2833 4063 2932 4118 per
2957 4052 3098 4105 sacri
3150 4052 3493 4121 baptismatis
3532 4056 3628 4108 ad-

2043 4135 2355 4191 unationem
2386 4138 2452 4193 dc
2480 4136 2623 4194 illius
2650 4152 2771 4195 esse
2802 4140 2926 4195 ovili
2975 4143 3226 4211 pastoris,
3255 4143 3345 4213 qui
3371 4158 3469 4213 pro
3514 4146 3628 4200 suis

2042 4226 2236 4282 ovibus
2256 4228 2494 4282 animam
2518 4244 2721 4299 ponere
2752 4247 2858 4286 non
2891 4232 3157 4287 dubitavit
3194 4232 3375 4298 (Joan.
3407 4249 3460 4298 ι,
3492 4234 3619 4307 ll);

2044 4334 2181 4389 quas
2206 4319 2367 4373 etiam
2396 4335 2494 4389 per
2522 4323 2889 4377 acutissimam
2934 4339 3045 4378 sua:
3082 4326 3495 4380 resurrectionis
3519 4325 3626 4395 διον

1973 4442 2022 4502 D
2044 4410 2182 4464 riam
2213 4411 2525 4467 beatissimo
2566 4413 2723 4468 Petro
2747 4414 2975 4484 principi
3014 4414 3399 4483 apostolorum,
3430 4417 3499 4475 oh
3529 4416 3626 4473 tri—

2048 4521 2174 4560 nam
2209 4506 2506 4575 magniﬁca:
2543 4507 2845 4562 dilectionis
2887 4506 3307 4575 confessionem,
3328 4509 3628 4579 pascendas

2048 4597 2449 4652 commendavit
2472 4598 2654 4668 (Joan.
2691 4600 2844 4668 xxx);
2873 4600 2960 4654 cui
2994 4600 3156 4655 etiam
3186 4601 3325 4656 caelo
3354 4601 3623 4671 terrisque

2047 4694 2309 4742 acternam
2351 4686 2550 4758 ligandi
2602 4705 2666 4744 ac
2710 4688 2949 4745 solvendi
2991 4695 3314 4760 potestatem
3358 4690 3625 4764 delegavit

2050 4776 2265 4851 (Matth.
2292 4794 2413 4844 xvr,
2449 4779 2559 4852 l9).

2121 4866 2290 4938 Ilujus
2320 4879 2394 4936 te,
2419 4871 2874 4929 excellentissime
2917 4874 3099 4940 Pater,
3125 4885 3185 4930 ut
3208 4875 3473 4931 vicarium
3501 4891 3628 4946 san-

2049 4960 2305 5016 ctissimae
2344 4961 2490 5016 sedis
2537 4977 2803 5033 agnosco,
2844 4964 2919 5019 ita
2951 4972 3008 5020 et
3057 4964 3299 5020 miriﬁca:
3344 4964 3629 5034 potestatis

2050 5049 2320 5104 hmredem
2348 5064 2466 5105 esse
2502 5053 2782 5110 conﬁteor.
2813 5054 2952 5111 Ecce
2977 5069 3078 5126 ego
3120 5069 3226 5108 una
3266 5068 3383 5110 sum
3414 5054 3629 5124 regimi-

2051 5160 2383 5229 ignoramus,
2417 5163 2519 5217 nisi
2552 5162 2829 5218 referenda
2858 5167 2931 5219 sit
2961 5166 3028 5219 ad
3074 5165 3284 5219 initium
3323 5174 3513 5234 emptae.
3560 5168 3629 5221 ab

2051 5229 2276 5307 dlcuino
2305 5231 2700 5307 disputationis
2743 5235 3017 5307 adversus
3047 5233 3276 5290 Felicem
3313 5244 3369 5290 ct
3422 5236 3629 5307 l-Ilpan-

2052 5298 2215 5372 dum,
2237 5298 2543 5372 etiannum
2579 5303 2785 5372 scilicet
2813 5304 2918 5358 795
2938 5303 3021 5358 vel
3047 5313 3381 5372 sequentem.

2124 5381 2149 5408 ⁸
2177 5367 2284 5445 35
2305 5369 2563 5445 H_oc_loco
2591 5370 2893 5445 epistolam,
2926 5389 3046 5445 qua:
3068 5367 3207 5444 apud
3232 5375 3627 5439 Quereetattum

2051 5447 2137 5494 est
2173 5438 2262 5501 97,
2324 5438 2559 5514 Froben.
2604 5438 2691 5501 ll.
2721 5442 2792 5495 ad
2841 5438 3131 5507 animiam
3155 5484 3171 5510 ,
3205 5438 3630 5514 abrumpendatn

2051 5509 2404 5581 esseeensni.
2438 5509 2556 5564 Vid.
2584 5520 2766 5565 notam
2800 5514 3057 5581 priorem.

2126 5578 2327 5655 bVI-idit.
2356 5578 2609 5655 Quercet.
2639 5581 2730 5655 65,
2760 5578 2942 5655 Canis.
2967 5584 3057 5655 28,
3089 5582 3322 5641 Froben.
3356 5584 3443 5643 l5.

2126 5657 2149 5686 ο
2177 5647 2416 5725 Adriano
2441 5647 2592 5725 'pgpa:
2629 5653 2723 5722 qui
2761 5653 2883 5708 iniit
2914 5653 3285 5725 pontiﬁcatum
3333 5670 3474 5711 anno
3501 5653 3627 5715 πε.

2054 5726 2108 5775 et
2141 5718 2272 5787 obiit
2303 5735 2443 5777 anno
2474 5718 2597 5775 795.

3277 5819 3315 5875 6

3602 5896 3655 5906 ..ι-
