4070 6196
386 304 491 359 ’ΠΙ
1254 295 1325 349 ῘΒ.
1367 294 1427 348 F.
1466 292 1688 347 ALBINI
1729 292 1859 348 SEU
1899 293 2003 348 AIA

2105 293 2176 347 Nl
2210 292 2489 348 OPERUM
2524 292 2704 349 PARS
2738 293 2776 347 Ι.

400 423 482 473 nis
521 412 687 470 vestri
733 409 966 474 avicula,
1016 408 1109 463 sed
1156 405 1311 461 valde
1362 414 1709 475 peccatorum
1761 404 1988 462 maculis
2019 410 2063 466 Α

401 508 665 567 morbida.
698 504 1035 574 Quapropter
1077 514 1163 554 me
1197 506 1370 555 totum
1422 506 1525 559 tua:
1562 497 1730 554 oﬁ'ero
1773 497 1972 554 Sancti-

403 602 524 668 tati,
552 599 716 654 Pater
743 593 1003 667 piissime,
1033 592 1353 657 sanandum,
1386 600 1442 646 et
1468 592 1771 648 medicinali
1797 601 1987 662 poten-

405 692 508 754 tia,
550 702 669 759 qua:
696 684 791 740 tibi
836 690 961 753 post
1003 681 1193 753 longas
1225 688 1536 736 sanctorum
1566 680 1789 735 Palmm
1817 680 1990 736 series

402 773 743 833 haereditaria
793 771 1139 826 successione
1168 785 1199 824 a
1226 770 1336 824 Deo
1365 768 1582 824 Christo
1633 769 1830 824 tradita
1868 783 1988 824 esse

405 864 760 939 dignoscitur,
805 877 890 917 me
932 861 1126 931 jubeas
1174 859 1451 915 salutifero
1498 859 1718 928 pietatis
1762 858 1928 915 verbo
1958 874 1987 913 a

405 966 751 1030 peccatorum
793 953 1024 1010 vinculis
1052 968 1174 1008 esse
1216 952 1472 1008 solutum.
1502 950 1637 1006 Nam
1688 951 1821 1006 mihi
1867 968 1988 1007 cum

406 1047 731 1120 evangelicae
777 1043 1097 1099 humilitatis
1132 1042 1314 1112 regula
1340 1041 1423 1098 fas
1466 1056 1587 1097 esse
1631 1041 1788 1096 video
1817 1041 1991 1097 dicen-

409 1138 537 1192 dum
567 1155 581 1188 :
619 1135 856 1196 Domine,
882 1149 987 1187 non
1014 1149 1131 1186 sum
1169 1132 1380 1202 dignus,
1411 1140 1465 1186 ut
1485 1132 1647 1186 intres
1681 1130 1775 1184 sub
1801 1141 1990 1185 tectum

398 1243 617 1293 meum;
660 1226 744 1280 die
773 1225 959 1291 verba,
999 1234 1046 1279 et
1098 1224 1375 1278 sanabitur
1409 1239 1540 1294 puer
1591 1238 1733 1277 meus
1770 1220 1987 1293 (Matth.

412 1332 529 1381 vut,
568 1315 645 1387 8).
688 1315 791 1383 Qui
816 1330 959 1380 mox,
991 1322 1053 1368 ut
1094 1314 1353 1384 speravit,
1382 1312 1624 1379 invenit;
1655 1320 1717 1367 ut
1741 1311 1990 1378 credidit,

412 1408 641 1479 accepit.
676 1407 721 1463 Ο
767 1408 1082 1464 beatissima
1126 1408 1309 1479 lingua
1335 1407 1448 1463 oris
1472 1405 1660 1470 vestri,
1692 1406 1746 1460 in
1773 1420 1878 1475 qua
1910 1414 1994 1459 est

415 1510 632 1557 aeterna:
659 1500 924 1556 medicina
964 1499 1174 1566 salutis,
1214 1516 1313 1571 per
1339 1514 1501 1569 quam
1529 1498 1653 1555 caeli
1680 1498 1996 1567 aperiuntur

404 1589 789 1646 credentibus!
817 1590 1121 1661 Nunquam,
1151 1590 1397 1656 obsecro,
1422 1591 1539 1647 haec
1559 1590 1717 1646 sileat
1744 1606 1757 1645 :
1781 1605 1997 1659 semper

416 1680 706 1735 admoneat
743 1688 797 1735 et
828 1689 999 1742 sanet,
1031 1694 1244 1749 semper
1270 1679 1477 1749 aperiat
1504 1686 1778 1749 perpetua;
1824 1677 1997 1734 beati—

3574 298 3679 357 172

2595 405 2623 445 δ
2645 403 2981 461 EPISTOLA
3009 405 3145 461 XIX.

2642 511 2710 551 ΑΙ)
2750 508 3111 551 τηειιιιιιιιυιι.

2686 585 2866 651 (Anno
2892 584 3047 657 7st.)
3566 601 3575 609 -

2088 671 2295 727 Laudat
2324 674 2468 729 illius
2495 676 2691 743 scripta
2712 676 3012 757 apostolicae
3030 676 3178 745 ﬁdei,
3203 689 3253 733 et
3279 679 3344 732 ab
3370 680 3551 737 eodem
3572 684 3681 740 ins-

2707 747 2814 799 trui
2854 747 3016 815 cupit.

2169 834 2383 907 optimo
2413 846 2435 874 ο
2470 834 2768 905 Theophila
2796 837 2880 891 bis
2914 837 3054 892 bina:
3080 838 3408 907 evangelica:
3434 844 3683 903 veritatis

2090 930 2371 1003 discipulo,
2400 940 2455 985 et
2484 941 2792 988 sanctarum
2817 931 3094 1004 quadriga:
3120 936 3404 1001 virtutum,
3441 938 3682 997 ﬁdelium

2091 1023 2352 1095 quadriga
2391 1022 2686 1079 amicorum
2726 1023 2884 1093 plena
2930 1024 3210 1079 charitatis
3244 1042 3382 1081 nave
3413 1036 3564 1085 trans
3589 1029 3685 1086 Al-

2090 1117 2248 1187 pinas
2284 1126 2453 1182 aquas
2475 1112 2660 1185 dirigit
2701 1112 2950 1168 salutem.

2160 1214 2483 1284 Accepimus
2536 1208 2815 1279 dignitatis
2872 1216 3065 1264 vestrae
3106 1208 3351 1265 chartam
3374 1249 3387 1273 ,
3433 1225 3586 1277 vere,
3621 1220 3682 1267 ut

2094 1302 2430 1372 agnovimus,
2455 1297 2740 1356 charitatis
2772 1295 2993 1353 ﬁoribus
3016 1297 3305 1367 depictam,
3328 1314 3394 1355 ac
3420 1299 3683 1357 melliﬁuo

2093 1394 2357 1465 spiritalis
2374 1390 2728 1463 iucunditatis
2761 1402 2953 1459 sapore
2997 1388 3275 1445 refertam.
3310 1390 3461 1447 Unde
3489 1402 3545 1446 et
3585 1407 3683 1448 nos

2094 1484 2341 1555 discipuli
2391 1481 2697 1539 sanctitatis
2744 1488 2941 1536 vestrae
2995 1480 3048 1534 in
3096 1480 3429 1536 abundantia
3479 1480 3682 1538 roriﬁui

2094 1575 2350 1641 nectaris,
2378 1573 2519 1644 quod
2545 1585 2611 1627 ex
2647 1569 2764 1639 ejus
2787 1569 2993 1642 gremio
3012 1569 3244 1641 pleniter
3272 1570 3572 1637 hausimus,
3598 1586 3682 1627 re-

2096 1664 2243 1733 fecti,
2286 1664 2489 1727 satiati,
2520 1663 2675 1718 valde
2719 1661 2884 1717 laetati
2933 1676 3121 1716 sumus
3145 1674 3162 1713 :
3189 1671 3546 1731 agnoscentes
3574 1676 3681 1718 cce-

417 1768 619 1824 tudinis
658 1769 728 1824 ad
768 1784 826 1825 se
857 1748 1541 1837 confugientibus’poms.
1576 1765 1619 1822 0
1652 1766 1876 1821 nomine
1913 1764 1998 1821 ιε-
2029 1765 2073 1823 Β
2099 1756 2287 1811 testem
2328 1751 2614 1809 charitatis
2654 1753 2969 1808 thesaurum
3007 1758 3189 1806 vestro
3225 1748 3549 1806 sutﬁcientcr
3593 1765 3682 1808 re-

417 1874 513 1924 su,
562 1859 647 1915 fac
675 1873 796 1914 eum
829 1859 1068 1924 longaeva
1100 1858 1278 1913 valere
1306 1867 1362 1914 et
1395 1858 1574 1913 vivere
1595 1858 1992 1927 prosperitate;

414 1960 470 2007 et
500 1952 591 2022 qui
616 1950 775 2006 talem
800 1950 999 2021 populo
1031 1958 1123 2005 tuo
1151 1948 1351 2005 dedisti
1376 1958 1673 2020 pastorem,
1715 1949 1857 2004 hunc
1884 1949 1998 2019 pie-

417 2043 546 2099 tatis
592 2051 696 2098 tuac
723 2043 944 2097 dextera
984 2041 1168 2095 multis
1194 2041 1528 2109 temporibus
1555 2055 1877 2097 conservare
1911 2040 1995 2095 di-

417 2135 619 2206 gneris,
645 2143 911 2204 quatenus
931 2148 1053 2189 cum
1081 2132 1362 2203 multiplici
1403 2131 1604 2187 laboris
1638 2131 1720 2186 sui
1750 2130 1998 2185 mercede

419 2234 546 2280 ante
571 2226 824 2279 thronum
860 2232 966 2278 tua:
988 2223 1213 2276 veniens
1245 2220 1428 2291 gloriae
1451 2221 1640 2276 audire
1681 2229 1953 2275 mereatur
1979 2238 1992 2273 :

419 2315 590 2385 Euge,
618 2330 761 2369 serve
797 2313 925 2367 bone
966 2322 1014 2367 et
1051 2311 1245 2382 fidelis,
1271 2313 1397 2383 quia
1438 2329 1595 2383 super
1637 2329 1808 2383 pauca
1851 2311 1997 2382 fuisti

421 2404 613 2475 ﬁdelis,
637 2418 797 2474 supra
831 2400 999 2456 multa
1044 2410 1093 2456 te
1130 2402 1461 2468 constituam,
1489 2402 1630 2456 intra
1654 2401 1712 2454 in
1746 2400 1998 2471 gaudium

422 2493 633 2547 Domini
655 2492 730 2545 tui
768 2489 985 2564 (Matth.
1013 2505 1137 2557 xxv,
1164 2489 1275 2562 2|).

492 2599 614 2655 Jam
649 2599 856 2669 aliquas
879 2598 1169 2667 petitiones
1204 2596 1437 2667 propria:
1490 2597 1828 2653 necessitatis
1866 2612 2001 2652 meae

424 2691 509 2749 his
531 2705 743 2764 quoque
767 2688 963 2747 litteris
986 2688 1304 2744 insererem.
1341 2685 1449 2742 Sed
1476 2686 1606 2756 quia
1640 2686 2003 2743 electissimus

425 2781 606 2843 danai
635 2780 741 2836 mei
773 2779 918 2849 regis
947 2778 1164 2843 missus,
1196 2775 1338 2832 ﬁlius
1355 2775 1606 2848 equidem
1618 2791 1773 2833 meus
1799 2776 2004 2832 charis-

424 2872 640 2929 simusI
661 2869 1011 2943 Angilhertus
1038 2869 1109 2924 ad
1145 2868 1518 2929 beatissimam
1548 2883 1774 2924 summa;
1813 2875 2006 2923 aucto-

424 2962 604 3020 ritatis
633 2969 826 3018 vestrae
870 2959 1121 3030 dirigitur
1148 2958 1260 3030 26
1300 2959 1706 3029 paternitatem,
1748 2974 1854 3014 non
1882 2974 2003 3014 esse

426 3068 650 3112 necesse
672 3051 855 3124 putavi
885 3049 1080 3106 litteris
1105 3065 1362 3117 exarare,
1388 3050 1534 3121 quod
1575 3051 1664 3107 ille
1708 3052 1792 3107 vir
1827 3051 2003 3107 ﬁdelis

2095 1846 2253 1903 condi
2278 1854 2517 1913 pectore,
2555 1849 2609 1898 et
2644 1841 2925 1897 aﬂluenter
2952 1842 3076 1896 inde
3120 1856 3220 1911 per
3259 1841 3366 1896 lata
3408 1851 3678 1898 terrarum

2097 1936 2301 2007 spatia,
2333 1934 2550 1991 ﬁumina
2601 1931 2892 1989 salutiferae
2921 1932 3180 1987 doctrinae
3224 1932 3473 1987 emittere
3524 1931 3679 2005 [ΑΙ.⁹

2097 2022 2404 2096 emanare],
2440 2031 2497 2077 et
2540 2022 2691 2077 arida
2726 2021 2951 2092 iustitia:
2993 2018 3142 2076 fonte
3189 2020 3488 2075 sitientium
3522 2020 3685 2076 corda

2098 2118 2323 2188 irrigare
2353 2131 2367 2171 :
2392 2130 2498 2170 non
2524 2116 2802 2186 septigeno
2831 2113 3021 2169 Niliaci
3050 2112 3288 2167 ﬂuminis
3331 2114 3562 2184 gurgite,
3591 2113 3685 2168 sed

2098 2208 2396 2279 scptiformi
2428 2208 2599 2262 sancti
2630 2205 2864 2277 Spiritus
2907 2204 3220 2259 inundantia
3263 2204 3489 2258 viventis
3534 2217 3686 2272 aqua:

2099 2301 2295 2356 ﬂuenta
2319 2301 2375 2355 in
2396 2299 2559 2352 vitam
2589 2296 2838 2351 salientia
2861 2294 3241 2364 sempiternam
3258 2293 3443 2365 (Joan.
3469 2308 3540 2357 tv,
3571 2291 3683 2365 ﬂ).

2102 2392 2254 2447 Unde
2281 2400 2340 2445 et
2384 2387 2715 2445 lucidissima
2765 2384 3075 2455 apostolica:
3117 2383 3239 2438 ﬁdei
3285 2382 3475 2454 pocula
3532 2381 3688 2436 nobis

2098 2485 2388 2555 propinare
2437 2483 2582 2551 larga
2630 2480 2832 2551 pietate
2871 2476 3145 2540 studuisti,
3197 2491 3318 2546 quae
3364 2490 3487 2530 cum
3539 2474 3686 2529 omni

2102 2574 2384 2632 charitatis
2411 2573 2665 2627 aviditate
2692 2568 3015 2637 accepimus,
3044 2575 3097 2620 et
3128 2581 3249 2620 cum
3276 2580 3467 2635 magna
3487 2564 3687 2634 gratia-

2102 2681 2221 2720 rum
2244 2664 2455 2719 actione
2480 2661 2802 2732 potavimus.
2837 2658 2947 2712 Nec
2982 2657 3140 2711 unius
3180 2656 3483 2726 parvissimi
3511 2664 3566 2710 et
3591 2672 3683 2710 va-

2104 2757 2205 2812 riis
2224 2755 2457 2810 motibus
2475 2751 2743 2807 vibrantis
2773 2749 2828 2804 in
2852 2749 2967 2804 sole
2987 2747 3302 2817 spurcitiam
3330 2747 3493 2802 atomi
3520 2744 3688 2801 offen-

2103 2849 2281 2905 dimus
2300 2847 2352 2900 in
2379 2845 2480 2909 eis,
2504 2843 2598 2899 sed
2618 2840 2928 2913 crystallina
2958 2840 3190 2909 puritate
3220 2839 3505 2893 micantia:
3531 2837 3604 2892 ita
3627 2846 3688 2891 ut

2105 2939 2325 3010 superni
2350 2937 2480 2993 solis
2505 2935 2670 2990 radiis
2704 2933 2874 2989 nostri
2897 2932 3075 2987 cordis
3105 2930 3330 3001 lychnos
3366 2931 3688 2984 mirabiliter

2108 3031 2511 3092 illutuinaverit.

426 3155 483 3202 οι
503 3112 741 3217 “nde-ns
769 3141 960 3198 melius
982 3141 1105 3195 viva
1148 3156 1311 3207 νοω,
1346 3112 1660 3198 ’δέοηιηωω
1686 3142 2001 3198 ωεηάιιυηι
2025 3123 2072 3186 C
2175 3124 2280 3195 27
2317 3121 2442 3177 Haec
2466 3121 2925 3175 consideravimus
2970 3116 3302 3187 diligentius,
3332 3123 3387 3167 et
3414 3112 3688 3169 desidera-

428 3231 612 3289 damni
640 3231 805 3301 regis,
832 3230 1052 3286 auribus
1068 3229 1413 3286 Excellentiaa
1439 3237 1635 3286 vestra:
1652 3232 1852 3301 poterit
1878 3231 2005 3286 inti-

431 3337 603 3381 mare.
645 3320 781 3376 Nam
839 3321 981 3375 inter
1039 3328 1264 3375 caeteras
1308 3319 1635 3376 ﬁdelissimae
1688 3320 2004 3377 directionis

430 3428 594 3484 quam
618 3412 687 3467 ad
707 3425 805 3467 vos
833 3410 993 3466 habet
1019 3409 1336 3479 legationes,
1362 3425 1497 3466 meae
1528 3425 1742 3481 quoque
1771 3413 2005 3468 necessi-

430 3503 559 3562 tatis
595 3501 984 3575 postulationes
1032 3500 1207 3555 eidem
1254 3498 1480 3569 praefato
1510 3501 1671 3572 regiae
1713 3501 2005 3559 voluntatis

431 3593 725 3651 secretario
748 3591 1174 3649 commendavit:
1192 3605 1350 3661 quem
1372 3592 1623 3649 omnibus
1643 3594 1833 3649 amicis
1851 3595 2006 3651 valde

432 3685 645 3742 ﬁdelem
667 3699 787 3741 esse
817 3682 1180 3753 probavimus,
1212 3682 1447 3739 maxime
1469 3683 1641 3749 vobis,
1664 3691 1725 3739 ut
1764 3700 1892 3741 vere
1919 3687 2004 3741 di-

435 3789 600 3848 gnum
635 3780 737 3837 est,
770 3772 1110 3827 sanctissime
1136 3770 1318 3839 Pater,
1364 3772 1458 3843 qui
1489 3781 1723 3829 vestram
1751 3774 2004 3831 laudabili

434 3877 566 3919 voce
598 3861 893 3919 bonitatem
933 3860 1227 3930 smpissime
1260 3862 1456 3918 domno
1494 3864 1606 3933 regi
1632 3866 1731 3920 sub
1773 3880 2008 3935 praesen-

435 3953 513 4009 tia
561 3952 850 4008 multorum
888 3951 1103 4007 testium
1138 3967 1362 4008 narrare
1407 3952 1630 4018 solebat,
1678 3962 1735 4009 et
1780 3957 2008 4027 egregiae

435 4045 652 4117 pietatis
694 4058 793 4115 per
827 4058 923 4099 vos
966 4051 1137 4114 gesta,
1171 4059 1321 4115 pura:
1362 4044 1486 4100 ﬁdei
1532 4047 1727 4111 verbis,
1762 4047 1829 4103 de
1856 4049 2010 4104 vobis

436 4135 677 4211 proferre
696 4135 921 4200 studuit,
937 4142 1203 4205 quatenus
1216 4135 1319 4205 piae
1334 4135 1633 4191 dilectionis
1655 4136 1814 4193 ﬁdem
1827 4146 2011 4193 osten-

437 4228 611 4294 deret,
633 4234 689 4283 et
714 4232 909 4281 vestra:
941 4222 1197 4278 almitatis
1218 4237 1455 4279 amorem
1484 4224 1837 4294 plurimorum
1863 4242 2014 4283 men-

438 4319 581 4375 tibus
610 4318 898 4390 ingereret.

2105 3215 2280 3268 vimus
2308 3211 2624 3277 ardentius;
2665 3209 2893 3279 legimus
2937 3208 3135 3276 sapius
3164 3214 3218 3260 et
3261 3205 3522 3275 elegimus
3547 3218 3689 3258 sem-

2105 3321 2223 3374 per,
2248 3313 2301 3359 et
2324 3301 2579 3357 lictiﬁcati
2611 3299 2945 3354 laudavimus
2970 3298 3160 3362 Deum,
3189 3296 3278 3366 qui
3304 3295 3461 3351 solita
3488 3295 3690 3365 pietate

2106 3397 2213 3450 tale
2242 3394 2421 3449 lumen
2454 3393 2653 3447 nostris
2677 3390 2944 3447 concessit
2973 3388 3304 3459 temporibus
3325 3385 3459 3459 [Αι.,
3490 3385 3691 3441 labori-

2106 3484 2249 3557 bus].
2278 3483 2615 3553 Quapropter
2645 3480 2905 3535 intentius
2939 3494 3242 3550 precamur,
3276 3477 3451 3532 luceat
3476 3476 3564 3530 qu
3596 3476 3689 3531 tibi

2106 3592 2136 3631 a
2167 3577 2276 3630 Deo
2302 3575 2439 3629 data:
2481 3573 2756 3642 sapientiae
2781 3586 2845 3625 ex
2876 3569 3035 3625 corde
3060 3568 3341 3624 charitatis
3380 3576 3483 3622 tua:
3509 3583 3605 3637 per
3630 3582 3692 3621 os

2107 3665 2355 3722 veritatis
2380 3673 2507 3728 tum,
2538 3672 2597 3717 ut
2637 3662 2814 3717 omnis
2855 3661 3068 3715 auditor
3111 3659 3426 3722 aediﬁcetur,
3462 3665 3518 3711 et
3542 3655 3691 3711 solus

2106 3758 2348 3815 omnium
2377 3757 2532 3812 dator
2569 3757 2834 3811 bonorum
2873 3751 3203 3823 gloriﬁcatur
3241 3751 3295 3804 in
3322 3758 3375 3805 te
3408 3758 3462 3803 et
3489 3764 3587 3818 per
3615 3757 3687 3803 te.

2110 3849 2316 3921 Smpius
2344 3848 2410 3903 ad
2438 3863 2537 3903 nos
2563 3853 2745 3900 currat
2788 3844 2975 3898 charta
3023 3839 3415 3896 exhortationis
3442 3848 3569 3905 tum,
3593 3854 3694 3894 nec

2108 3959 2226 3998 eam
2264 3940 2514 4010 Alpinum
2542 3937 2708 4007 frigus
2752 3935 2834 3991 vel
2861 3936 3068 3990 viarum
3114 3933 3378 4003 asperitas
3405 3930 3489 3987 vel
3527 3946 3694 3986 exun-

2110 4034 2255 4090 datio
2286 4030 2561 4086 iluminum
2607 4028 2876 4082 ullatenus
2915 4023 3188 4094 impediat.
3230 4021 3479 4078 Charitas
3512 4020 3691 4075 omnia

2111 4128 2347 4194 superat,
2393 4120 2459 4175 de
2506 4134 2612 4188 qua
2661 4116 2970 4171 dulcisonus
3010 4113 3316 4169 decantavit
3358 4109 3640 4166 Psalmista
3676 4123 3692 4164 :

2112 4213 2273 4285 Aqua:
2284 4208 2463 4264 multa:
2490 4224 2593 4261 non
2614 4213 2890 4279 potuerunt
2909 4204 3232 4275 exstinguere
3251 4201 3578 4264 eharitatem,
3603 4215 3694 4252 nec

2112 4306 2334 4377 [lumina
2379 4304 2597 4358 obruent
2643 4299 2791 4355 illam
2836 4296 3011 4366 (Cant.
3044 4313 3165 4363 vm,
3192 4295 3267 4368 7).
3314 4293 3405 4349 Illa
3434 4308 3498 4345 ex
3527 4292 3695 4347 abun-

2114 4395 2295 4451 dantia
2336 4391 2515 4448 cordis
2555 4388 2802 4447 dictando
2844 4386 3065 4451 scribat,
3092 4394 3154 4440 ut
3194 4399 3292 4440 nos
3329 4398 3396 4439 ex
3423 4379 3693 4451 diligentia

510 4506 535 4569 ξ
571 4491 762 4546 Domni
782 4489 1049 4569 _tnei_regis
1098 4489 1306 4543 missus.
1326 4527 1373 4543 ..
1408 4488 1758 4569 zingilpertus.
1789 4489 1878 4569 Bis
1902 4490 2003 4545 An-

2119 4523 2137 4556 ι
2184 4503 2395 4558 Recitat
2425 4502 2567 4558 hanc
2589 4498 3158 4569 epistolamllaronins
3194 4496 3247 4550 in
3293 4494 3586 4563 appendice
3626 4492 3691 4569 ad

474 4563 698 4617 iibertus
730 4560 798 4615 ad
826 4557 1119 4629 Adrianum
1146 4573 1337 4629 papam
1366 4574 1396 4612 a
1408 4557 1612 4629 garolo
1642 4558 1880 4615 directus
1903 4569 2005 4616 est.

475 4580 698 4617 tlnertus
730 4580 798 4615 au
826 4580 1119 4613 nummum
1147 4580 1337 4629 papam
1366 4580 1396 4612 a
1418 4580 1612 4614 ueruto
1642 4580 1880 4615 (lll'CClllS
1903 4580 2005 4616 CSI.

438 4580 621 4687 grimo
647 4645 787 4701 anno
814 4628 918 4701 792
951 4637 1075 4697 post
1096 4629 1357 4701 sy_nodum
1407 4628 1875 4701 Ratisbonensem,
1904 4646 2011 4701 quo

439 4698 1087 4771 Felicem_Urgelitanum
1142 4699 1366 4771 Romam
1417 4700 1656 4771 adduxit.
1705 4698 2013 4771 lterumque

441 4784 585 4826 anno
612 4768 734 4835 794,
772 4766 894 4839 post
912 4767 1182 4839 synodum
1198 4766 1772 4839 ‘Franwiordiensem,
1799 4766 2013 4839 quando

441 4840 696 4919 nimirum
736 4836 801 4893 ad
847 4836 1140 4892 Adrianum
1181 4836 1373 4919 detulit
1418 4836 1720 4919 Capituiare
1767 4836 2013 4919 adversus

439 4909 717 4980 synodum,
743 4922 863 4979 qua
899 4922 994 4977 pro
1033 4921 1303 4980 sacrarum
1346 4907 1635 4980 imaginum
1667 4909 1926 4980 erectione
1957 4911 2014 4965 in

498 4982 626 5053 iam
673 4975 792 5053 nega
826 4975 924 5053 est,
949 4983 1010 5030 ut
1035 4976 1234 5053 habent
1261 4980 1425 5031 verba
1448 4975 1762 5053 Adrianijn
1788 4992 2016 5053 respon-

442 5046 597 5106 sione
634 5048 702 5105 ad
726 5045 998 5116 Carolum.
1041 5043 1213 5116 Hujus
1260 5047 1525 5116 secundm
1549 5045 1832 5116 legationis
1859 5043 2016 5104 occa-

444 5118 893 5204 sioneoscriptam
945 5114 1294 5198 fuissehanc
1336 5114 1621 5196 epistolam
1645 5126 1866 5173 censent
1907 5118 2018 5175 Ma-

444 5188 691 5245 lnlioutus
714 5198 844 5244 tom.
881 5186 944 5257 li,
967 5184 1061 5257 lib.
1093 5201 1219 5241 xxvi
1259 5184 1572 5257 Annalium,
1600 5201 1723 5257 pag.
1748 5186 1873 5257 515.
1909 5189 2014 5243 Pa-

447 5260 568 5326 gius
593 5258 661 5313 ad
690 5273 887 5315 annum
909 5255 1220 5329 Ατθμυυω.
1248 5254 1337 5321 19.,
1360 5264 1490 5319 etc.,
1517 5266 1577 5329 et
1600 5254 1731 5329 alii.
1752 5256 2017 5329 Tempore

449 5340 678 5395 namque
697 5328 884 5396 prima:
909 5326 1207 5396 legationis,
1233 5339 1327 5381 seu
1353 5341 1495 5381 anno
1522 5326 1646 5392 792,
1670 5326 1929 5382 Aletrinas
1947 5344 2014 5383 ex

445 5396 725 5453 Britannia
768 5396 1003 5452 nondum
1048 5397 1102 5451 in
1153 5396 1436 5451 Franciam
1482 5411 1731 5454 reversus
1773 5405 1909 5452 erat.
1947 5398 2016 5453 Et

448 5466 562 5545 ipse
573 5464 831 5523 Alcuinus
856 5465 911 5545 in
935 5465 1037 5521 hac
1049 5466 1272 5545 epistola
1289 5468 1688 5545 haud_obscure
1716 5466 1891 5545 innuit
1906 5467 2015 5545 A_n-

448 5534 757 5606 gilbertuin,
793 5534 1218 5606 antequamihac
1257 5536 1376 5592 vice
1422 5536 1648 5591 Romam
1696 5537 1892 5606 abiret,
1939 5537 2014 5591 le-

450 5601 719 5687 gationem
746 5601 1104 5687 apud
1130 5604 1445 5687 Adrianum,
1486 5607 1641 5687 cujus
1683 5605 1809 5662 inde
1834 5601 2015 5687 rever-

451 5673 543 5728 sus
571 5673 847 5729 bonitatem
894 5673 1174 5733 sapissime
1196 5676 1386 5730 domno
1413 5677 1519 5745 regi
1551 5673 1777 5730 narrare
1799 5673 2017 5729 solebat.

2113 4588 2316 4628 annum
2339 4570 2445 4626 772
2460 4610 2478 4638 ,
2500 4563 3095 4641 puta—tqueab‘Alcuino
3121 4567 3300 4641 datam
3326 4578 3466 4641 esse,
3482 4563 3695 4641 quando

2114 4641 2338 4699 Carolus
2373 4631 2593 4712 accepto
2615 4631 2896 4712 electionis
2918 4636 3142 4712 Adriani
3166 4636 3219 4689 in
3247 4631 3557 4712 pontiﬁcem
3588 4631 3695 4712 Ro-

2115 4726 2398 4768 manorum
2437 4700 2626 4765 nu’ntio
2652 4706 3025 4776 Angilbertum
3056 4700 3315 4777 legatum
3334 4702 3560 4777 Romani
3594 4700 3693 4754 mi-

2115 4784 2208 4840 sit.
2257 4782 2458 4838 Vcrum
2510 4780 2628 4837 dum
2666 4771 2878 4848 (tantum
2928 4771 3222 4848 legationes
3268 4773 3336 4828 ab
3379 4771 3699 4842 Angilherto

2116 4853 2311 4917 obita,
2359 4860 2419 4906 ut
2460 4864 2583 4905 mox
2626 4847 2896 4917 diximus,
2934 4846 3001 4917 iet
3045 4846 3307 4917 Alcuinus
3341 4850 3466 4896 ante
3494 4854 3697 4917 annum

2119 4922 2217 4978 781
2266 4912 2360 4990 aut
2396 4920 2788 4990 insequentem,
2834 4916 2889 4969 in
2930 4915 3156 4990 Francia
3202 4928 3404 4990 moram
3434 4925 3560 4990 _non
3618 4912 3697 4962 fe-

2256 5010 2275 5042 ›
2306 4988 2503 5113 Ρεῖεἰιιε
2531 4979 2654 5043 Ἱοε.
2683 4987 2802 5052 cit.,
2831 5000 2990 5056 quem
3038 4985 3202 5040 etiam
3236 4982 3355 5037 vide
3384 4979 3447 5034 ad
3492 4992 3697 5032 annum

2240 5075 2335 5115 .n.
2401 5099 2416 5113 .
3086 5092 3091 5098 .

2118 5063 2335 5125 773,n.
2364 5063 2416 5113 ι.
3064 5092 3091 5125 Α.

2188 5131 2218 5171 δ
2244 5117 2384 5185 Edit.
2421 5128 2674 5197 Quercet.
2703 5125 2792 5197 82,
2823 5124 3028 5197 Canisii
3053 5122 3141 5189 66,
3172 5121 3420 5197 Erohenii
3453 5117 3534 5172 16.

2191 5211 2213 5239 ε
2243 5191 2549 5270 Theophila.
2577 5194 2977 5270 Theophylacto
3004 5192 3268 5270 I'qrtassis,
3307 5191 3559 5270 episcopo

2118 5269 2347 5335 dertino,
2377 5258 2470 5339 qui
2499 5281 2639 5339 anno
2678 5258 2784 5320 794
2803 5258 3265 5339 'Francol'ortensi
3305 5258 3535 5339 concilio
3562 5270 3699 5339 prae-

2119 5340 2258 5394 sedit
2299 5327 2553 5403 tanquam
2580 5335 2785 5403 legatus
2822 5333 2965 5388 sedis
2991 5332 3315 5403 apostolica,
3340 5344 3450 5400 quo
3487 5327 3541 5403 in
3564 5327 3701 5403 1990

2117 5393 2374 5463 Alcuinus
2402 5393 2557 5459 facile
2596 5393 2717 5471 dim
2745 5415 2810 5471 eo
2852 5393 3147 5457 amicitiam
3189 5393 3331 5471 inire
3357 5393 3557 5471 potuit.
3600 5393 3701 5451 ilic

2120 5475 2549 5546 Theophylaistus
2588 5487 2619 5525 a
2644 5470 2922 5546 Reginone
2947 5486 3160 5546 quoque
3185 5479 3241 5527 et
3284 5469 3507 5546 hietensi
3534 5481 3703 5522 anna-

2119 5546 2240 5600 lista
2269 5540 2600 5613 Theophilus
2645 5540 2979 5613 appellatur;
3008 5540 3151 5613 quod
3195 5540 3560 5610 conjecturam
3606 5552 3703 5593 ut»

2119 5623 2286 5670 stram
2315 5618 2613 5667 conﬁrmat.

3590 5185 3700 5239 Tu-
