4070 6196
421 305 533 360 175

1873 307 2230 363 ΕΡῘΞΤΟΙΑΞ

3595 322 3689 372 1η

411 416 628 488 legendi
679 415 1024 471 :edilioemur.
1079 414 1137 469 1n
1181 414 1329 469 calce
1376 429 1502 468 vero
1551 415 1806 469 chartulae
1855 416 2014 484 hujus
2043 419 2091 475 Α
2119 415 2298 469 divina
2327 417 2559 472 donante
2581 419 2773 488 gratia,
2807 426 3174 486 transportare
3203 422 3494 490 dignemini
3522 441 3534 476 :
3559 433 3618 477 ut
3647 434 3700 477 et

411 522 784 569 onsecramus,
813 507 957 576 quod
1003 506 1056 559 in
1102 506 1276 574 capite
1309 515 1576 576 optamus,
1617 515 1884 574 quatenus
1916 523 2012 560 no-

414 610 546 658 stra
599 598 873 669 navigium
917 598 1043 650 vitae
1093 597 1397 652 sanctitatis
1442 604 1633 651 vestra:
1680 598 2012 652 orationibus

418 693 725 762 gubernare
750 688 1011 760 digneris.

941 788 965 816 ι
1007 774 1337 830 EPISTOLA
1364 775 1485 829 XX.

999 883 1066 919 AD
1110 881 1406 920 USUALDUI.

1033 954 1212 1024 (Anno
1243 954 1391 1024 794.)

419 1046 706 1102 lonacltos
727 1047 970 1127 hortatur
987 1045 1055 1127 ad
1076 1045 1284 1127 uirtutes
1301 1061 1318 1108 ;
1338 1044 1550 1097 illorum
1569 1054 1840 1127 petitiones
1863 1045 2002 1114 apud

487 1134 657 1240 τεθῇ
677 1133 738 1239 ἴε
769 1116 970 1185 juuisse
991 1115 1119 1168 dicit
1139 1131 1160 1174 ς
1195 1113 1407 1167 illarum
1430 1131 1485 1168 se
1513 1113 1834 1168 orationibus
1861 1113 2004 1167 cont-

487 1204 572 1240 me
643 1205 675 1239 a
703 1225 716 1240 .

484 1277 700 1332 Domini
725 1275 819 1331 Dei
855 1275 1152 1330 Salvatoris
1181 1274 1364 1328 mundi
1394 1275 1749 1330 sanctissima:
1774 1291 2002 1346 congre-

412 1368 621 1438 gationi
647 1377 703 1422 et
730 1368 818 1438 pio
845 1367 995 1420 Patri
1024 1367 1050 1405 ι’
1091 1364 1327 1420 Usualdo
1355 1365 1571 1418 humilis
1596 1365 1754 1420 levita
1783 1367 2009 1422 Albinus

411 1457 677 1512 salutem.

483 1545 831 1602 Laudabilem
861 1554 1054 1600 vestra:
1097 1546 1440 1600 beatitudinis
1467 1549 1929 1603 conversationem
1949 1557 2008 1602 et

408 1636 736 1706 condignam
764 1643 942 1691 vestro
982 1635 1183 1689 nomini
1210 1637 1373 1690 vitam
1406 1637 1705 1701 laudamus,
1731 1646 1785 1692 et
1819 1638 2003 1691 Domi-

2113 521 2214 572 θέο
2241 506 2431 560 animae
2463 523 2595 562 mea:
2643 507 2868 563 salutem
2898 508 3150 565 fraterna:
3195 511 3597 569 intercessionis
3615 514 3700 582 ju-

2115 595 2326 648 vamine
2363 596 2560 650 habere
2602 611 2832 661 merear,
2862 606 2916 652 et
2945 614 3037 653 vos
3077 608 3294 654 :eternac
3332 603 3701 657 retributionis

2115 688 2412 740 mercedem
2445 704 2474 739 a
2509 689 2617 742 Deo
2647 704 2745 756 pro
2773 691 3054 744 charitatis
3075 691 3250 746 ofIicio
3274 693 3432 762 digne
3455 696 3701 764 accipere

2115 776 2446 829 mercamini.
2492 776 2842 844 Omnipotens
2874 778 3015 832 Deus
3058 783 3310 836 exaudiat
3355 784 3574 854 picta-tis
3609 800 3698 838 se

2113 873 2238 918 Sll‘iU
2267 880 2474 933 preces,
2519 876 2572 919 et
2603 868 2784 920 multis
2828 869 3082 937 prodesse
3109 873 3389 939 concedat,
3439 876 3699 944 vobisque

2113 963 2381 1023 perpetuae
2427 957 2647 1024 praemia
2693 958 2876 1026 gloria:
2927 959 3126 1016 donare
3175 963 3447 1032 dignetur,
3493 967 3698 1021 charis-

2111 1043 2234 1096 simi
2260 1053 2313 1098 et
2337 1045 2813 1100 desiderantissimi
2843 1046 3055 1103 fratres.
3159 1120 3166 1124 _

2615 1168 2637 1194 ο
2682 1155 3016 1211 EPISTOLA
3057 1159 3192 1214 XXI.

2725 1243 2791 1280 AD
2816 1242 3076 1288 QUOSDAI.

2606 1314 2785 1384 (Circa
2814 1331 3012 1370 annum
3045 1317 3190 1386 794.)

2111 1405 2262 1472 Apud
2302 1403 2650 1459 Eboracenses
2674 1405 2926 1458 Alcuinus
2952 1424 3102 1460 suam
3133 1421 3344 1463 excusat
3386 1413 3694 1472 absentiam.

2180 1473 2385 1527 eosdem
2434 1474 2674 1527 hortatur
2725 1474 2792 1527 ad
2855 1477 3186 1531 concordiam
3241 1497 3358 1532 cum
3419 1481 3696 1535 Eanbaldo

2177 1553 2324 1612 patre
2353 1559 2468 1596 suo.

2182 1635 2547 1690 Sanctissimis
2577 1637 2628 1690 in
2667 1636 2886 1692 Christo
2928 1646 3088 1706 atque
3132 1639 3544 1696 diiectissimisf
3586 1643 3697 1696 fra—

411 1744 544 1782 num
572 1728 625 1782 in
658 1729 828 1793 vobis,
859 1727 950 1798 qui
978 1727 1115 1781 tales
1151 1728 1232 1781 sui
1277 1730 1447 1782 sancti
1478 1731 1712 1784 nominis
1753 1730 2004 1800 dignatus
2037 1756 2081 1814 8
2111 1725 2284 1780 tribus
2308 1736 2361 1779 et
2387 1726 2510 1780 ﬁliis
2532 1728 2582 1779 in
2612 1726 2825 1781 Christo
2852 1728 3101 1783 salutem.

408 1825 500 1872 est
539 1818 738 1872 habere
775 1817 1132 1884 confessores.
1188 1817 1299 1873 Nec
1341 1820 1484 1875 enim
1539 1820 1738 1874 frustra
1786 1821 2004 1889 speciali

411 1914 699 1978 vocabulo,
750 1913 994 1968 Monachi
1037 1914 1204 1968 sancti
1249 1912 1539 1969 Saluatoris
1584 1916 1872 1979 vocamini,
1902 1916 2004 1970 nisi

409 2008 541 2076 quia
563 2007 694 2062 estis
733 2007 940 2061 meritis
964 2007 1108 2076 quod
1146 2007 1362 2061 nomine
1385 2007 1644 2062 dicimini.
1671 2007 1784 2062 imo
1807 2016 1862 2063 et
1892 2016 2002 2062 tam

409 2096 614 2152 nobilis
638 2111 727 2150 rex
763 2095 968 2151 nobiles
1001 2095 1162 2151 debet
1190 2097 1390 2151 habere
1425 2097 1721 2162 ministros,
1758 2098 2003 2153 moribus

408 2187 682 2258 egregios,
726 2186 783 2240 in
827 2201 958 2255 pace
1001 2187 1315 2249 concordes,
1363 2187 1417 2240 in
1461 2202 1685 2256 corpore
1720 2194 1916 2252 castos,
1947 2188 2003 2242 in

412 2279 598 2333 animo
645 2277 878 2342 sobrios,
930 2277 1076 2331 omni
1123 2278 1362 2332 bonitate
1405 2278 1649 2342 eximios,
1690 2279 2003 2335 clarissimis

411 2375 664 2422 assuetos
693 2367 1018 2436 triumphis;
1071 2381 1177 2421 non
1221 2366 1344 2439 fuga
1374 2368 1539 2422 vitam
1573 2367 1874 2432 defendere,
1907 2371 2004 2425 sed

413 2457 470 2511 in
496 2456 615 2511 acie
640 2456 866 2510 firmiter
890 2463 1055 2522 stare,
1080 2456 1308 2512 viriliter
1347 2472 1608 2526 pugnare,
1638 2457 1853 2514 fortiter
1881 2461 2002 2515 vin-

411 2559 559 2610 cere,
585 2553 851 2613 quatenus
878 2559 1000 2598 cum
1052 2544 1283 2616 gloriosa
1329 2546 1567 2603 victoria:
1597 2548 1768 2616 palma
1811 2551 2001 2612 aeterni

412 2634 558 2705 regis
612 2633 885 2688 civitatem
942 2633 1146 2690 intrare
1197 2637 1532 2692 mercamini.
1589 2638 1701 2693 Hoc
1755 2639 2001 2694 conside-

412 2732 617 2790 rantes,
646 2723 862 2789 fratres,
890 2723 1246 2780 adhortamini
1269 2727 1621 2796 vosmetipsos
1639 2741 1734 2796 per
1760 2727 2001 2797 singulos

411 2815 550 2879 dies,
600 2814 771 2870 donec
799 2815 1206 2884 cognominetur
1239 2815 1486 2872 Christus
1532 2817 1585 2871 in
1632 2818 1800 2872 vobis.
1839 2818 1908 2872 Et
1932 2819 2001 2874 ad

413 2905 578 2961 finem
634 2905 848 2961 firmum
902 2915 1140 2975 coeptum
1193 2908 1297 2962 iter
1353 2909 1522 2963 beata:
1578 2909 2002 2964 conversationis

413 2997 678 3066 peragite,
723 3004 784 3050 ut
817 2996 1183 3066 unusquisque
1225 3013 1347 3053 cum
1393 2998 1648 3068 Apostolo
1689 2999 1867 3054 dicere
1911 3001 1998 3054 di-

2181 1813 2386 1866 Vestris
2422 1814 2472 1866 in
2527 1814 2753 1868 Domino
2793 1815 3124 1884 profectibus
3165 1821 3316 1874 valde
3360 1822 3695 1891 congaudeo,

2108 1903 2421 1957 desiderans
2456 1918 2550 1957 vos
2579 1905 2832 1972 praesenti
2863 1904 3056 1960 florere
3085 1907 3339 1963 felicitate
3365 1920 3418 1963 et
3438 1921 3695 1979 perpetua

2107 1993 2288 2048 futura
2337 1995 2686 2049 beatitudine.
2749 1995 2982 2065 ideoque
3043 1999 3240 2068 smpius
3292 2001 3358 2055 de
3407 2003 3692 2058 concordia

2107 2083 2276 2151 pacis,
2306 2091 2360 2137 et
2404 2085 2468 2138 de
2512 2083 2736 2139 consilio
2766 2085 2954 2140 salutis
2995 2087 3286 2142 admonere
3333 2105 3435 2144 non
3468 2091 3690 2155 desisto,

2107 2172 2232 2228 licet
2257 2187 2422 2242 parvo
2449 2173 2686 2242 ingenio,
2715 2189 2820 2228 non
2856 2182 3039 2231 tamen
3071 2191 3233 2244 parva
3260 2179 3541 2233 charitate.
3583 2180 3693 2236 Nec

2106 2265 2236 2319 mihi
2269 2272 2377 2319 tam
2423 2266 2532 2320 cito
2575 2265 2820 2320 veniendi
2852 2267 3087 2320 occurrit
3123 2265 3369 2332 facultas,
3415 2285 3573 2338 quam
3604 2285 3695 2324 ve-

2107 2365 2217 2411 stra
2246 2355 2522 2427 flagitabat
2547 2359 2828 2421 sanctitas,
2873 2367 3096 2427 propter
3134 2360 3394 2428 quasdam
3441 2360 3695 2415 Ecclesia:

2105 2449 2476 2503 necessitates.
2527 2446 2646 2502 Jam
2689 2456 2834 2502 totus
2875 2441 3152 2503 vobiscum
3199 2464 3317 2503 sum
3345 2449 3400 2504 in
3426 2449 3696 2506 desiderio

2100 2539 2478 2608 proSperitatis
2511 2547 2725 2602 vestrm,
2751 2539 2854 2592 etsi
2892 2553 3116 2607 cor-pore
3143 2542 3359 2609 absens,
3385 2559 3491 2598 non
3516 2553 3692 2599 tamen

2103 2629 2412 2684 dilectione.
2463 2627 2577 2682 Hoc
2614 2627 2845 2681 maxime
2887 2629 3114 2683 obsecro
3141 2638 3200 2682 ut
3233 2634 3530 2687 concordes
3574 2634 3694 2688 sitis

2105 2735 2225 2773 eum
2273 2717 2516 2787 piissimo
2546 2719 2572 2758 ⁸
2608 2715 2768 2769 Patre
2820 2725 3024 2782 nostro,
3071 2726 3128 2772 et
3181 2718 3429 2773 timorem
3479 2722 3691 2778 Domini

2105 2818 2230 2864 ante
2270 2809 2454 2863 oculos
2488 2808 2748 2871 habeatis,
2781 2815 2835 2862 et
2880 2810 3021 2877 quod
3054 2809 3102 2864 ei
3140 2810 3395 2879 placitum
3439 2815 3689 2882 speratis,

2105 2901 2445 2954 concorditer
2489 2898 2789 2967 loquimini,
2838 2898 3068 2953 viriliter
3115 2900 3428 2968 perficiatis,
3462 2902 3694 2957 firmiter

2106 2991 2405 3044 retineatis.
2452 2989 2562 3044 Nec
2603 2990 2798 3059 aliquis
2844 2998 3037 3045 vestra:
3078 2993 3450 3048 unanimitatis
3482 2995 3689 3048 viscera

416 3105 553 3159 gnus
575 3087 836 3144 efficiatur
858 3103 874 3142 :
899 3088 1107 3144 Bonum
1131 3099 1388 3144 certamen
1416 3090 1626 3152 certavi,
1651 3105 1859 3142 cursum
1880 3107 2001 3143 cou-

2107 3079 2444 3149 disrumpere
2488 3079 2682 3133 valeat.
2731 3078 3056 3134 Constanter
3099 3089 3238 3135 state
3272 3081 3324 3135 in
3351 3081 3447 3138 Dei
3477 3084 3689 3149 timore,

412 3180 687 3243 summavi,
712 3179 876 3248 ﬁdem
913 3179 1108 3233 seruaui
1132 3194 1151 3231 :
1193 3179 1256 3232 de
1288 3177 1482 3250 reliquo
1523 3180 1744 3249 reposita
1771 3189 1846 3232 est
1875 3181 2002 3234 mihi

414 3285 610 3321 corona
625 3269 874 3338 justitire,
899 3285 1056 3339 quam
1079 3268 1252 3322 reddet
1273 3270 1397 3322 mihi
1427 3267 1678 3325 Dominus
1706 3270 1758 3322 in
1780 3269 1872 3324 illa
1894 3271 1998 3338 die,

418 3357 784 3426 iastusjudea:
804 3355 897 3428 (11
929 3356 1067 3414 Tim.
1098 3372 1170 3421 tv,
1200 3357 1256 3422 7,
1291 3355 1368 3427 8).

493 3446 692 3501 Vestrae
717 3446 995 3516 petitionis
1021 3454 1074 3500 et
1103 3445 1392 3501 voluntatis
1417 3447 1485 3500 ad
1499 3447 1774 3502 dominum
1798 3464 1998 3519 regem,

418 3546 678 3604 quantum
720 3536 882 3602 valui,
935 3535 1011 3591 fni
1067 3536 1295 3606 adjutor,
1347 3538 1640 3592 secundum
1689 3539 1829 3608 quod
1871 3539 2000 3593 mihi

421 3624 773 3680 fraternitatis
807 3634 1001 3681 vestrae
1042 3627 1240 3682 missus
1273 3629 1581 3698 suggessit;
1630 3630 1866 3698 mihique
1910 3630 2003 3683 ad-

411 3715 670 3784 jutricem
697 3726 719 3753 ε
758 3714 1101 3784 Liutgardam
1149 3715 1444 3783 piissimam
1495 3717 1546 3769 in
1595 3715 1706 3770 Deo
1748 3715 2002 3770 feminam

418 3805 637 3860 adduxi.
667 3804 771 3858 Sed
797 3806 1155 3866 obsecramus,
1184 3815 1242 3858 ut
1274 3806 1625 3860 sanctissimis
1669 3807 2002 3861 orationibus

420 3895 618 3950 vestris
651 3904 892 3949 nostrum
935 3910 1033 3963 pro
1065 3894 1212 3948 vobis
1260 3895 1495 3949 laborem
1541 3910 1886 3949 remunerare
1923 3897 2002 3949 di-

421 3985 680 4055 gnemini.
728 3985 860 4039 Nam
890 3986 1016 4040 olim
1041 4000 1136 4054 per
1162 3984 1186 4024 δ
1217 3983 1620 4054 Angilramnum
1664 3986 1794 4056 ML,
1824 3986 2005 4056 Engil-

422 4076 710 4149 nmmum]
753 4076 1211 4146 archiepiscopum
1239 4085 1290 4130 et
1331 4085 1526 4132 sancta:
1568 4076 1784 4147 capellm
1820 4077 2002 4147 primi-

420 4167 626 4222 cerium
655 4169 914 4238 meipsum
957 4175 1145 4222 vestra:
1172 4169 1536 4222 commendavi
1565 4168 1855 4223 sanctitati.
1897 4168 2002 4223 Sed

422 4258 582 4314 modo
619 4259 774 4328 quasi
815 4257 1140 4328 singulorum
1169 4259 1396 4327 genibus
1425 4255 1555 4328 [Al.,
1593 4258 1840 4330 pedibus]
1871 4273 1998 4327 pro-

427 4349 637 4403 volutus
661 4349 906 4412 obsecro,
935 4356 994 4401 ut
1015 4363 1100 4401 me
1126 4347 1180 4401 in
1217 4347 1374 4416 hujus
1423 4348 1545 4402 vita:
1596 4348 1710 4404 salo
1741 4347 2002 4404 fluctuan—

2104 3169 2231 3224 dum
2261 3168 2350 3222 ille
2390 3167 2812 3223 misericorditer
2841 3177 3076 3223 vestrum
3117 3171 3365 3239 prtevidit
3409 3174 3686 3238 honorem,

2101 3260 2195 3330 qui
2243 3275 2516 3328 nunquam
2571 3259 2792 3315 dimittit
2839 3268 3117 3328 sperantes
3165 3261 3218 3314 in
3263 3277 3340 3316 se.
3399 3262 3455 3317 Si
3491 3279 3593 3332 qua
3635 3264 3689 3318 in

2102 3351 2341 3407 moribus
2367 3352 2616 3404 humanae
2635 3350 3060 3406 conversationis
3082 3351 3222 3405 inter
3249 3368 3344 3408 vos
3369 3355 3688 3425 corrigenda

2103 3450 2245 3508 sunt,
2277 3442 2438 3498 citius
2463 3457 2586 3497 cum
2608 3443 2755 3501 omni
2782 3443 3035 3496 instantia
3061 3444 3336 3512 corrigite,
3370 3454 3428 3498 ut
3459 3446 3691 3516 Spiritus

2103 3535 2314 3590 Domini
2357 3543 2574 3589 sanctus
2619 3535 2897 3589 vobiscum
2948 3549 3168 3589 manere
3211 3537 3480 3603 d’gnetur.
3530 3538 3595 3590 Et
3643 3541 3687 3592 si

2105 3627 2265 3690 Deus,
2297 3627 2387 3694 qui
2415 3627 2584 3680 dixit:
2635 3625 2735 3678 Ubi
2757 3635 2876 3678 sunt
2917 3626 3020 3677 duo
3063 3625 3143 3678 uel
3182 3634 3284 3678 tres
3314 3630 3610 3698 congregati
3635 3631 3691 3682 in

2103 3717 2307 3768 nomine
2346 3732 2478 3777 meo,
2511 3714 2580 3766 ibi
2607 3713 2801 3766 suntin
2828 3715 2996 3766 medio
3033 3713 3246 3786 (Matth.
3281 3732 3435 3780 xvm,
3467 3717 3558 3788 20)
3585 3735 3598 3782 ;
3639 3721 3686 3772 si

2101 3806 2207 3866 ille,
2237 3807 2472 3873 inquam,
2500 3804 2553 3856 in
2578 3802 2729 3856 vobis
2749 3811 2851 3867 est,
2875 3804 2996 3872 quis
3017 3813 3207 3860 contra
3229 3807 3360 3860 vos?
3389 3806 3456 3860 Et
3475 3808 3516 3861 si
3538 3823 3693 3862 amor

2102 3893 2244 3946 illius
2261 3894 2314 3946 in
2339 3892 2502 3946 corde
2525 3899 2705 3944 vestro
2728 3892 2898 3956 ardet,
2926 3894 3049 3961 quis
3075 3895 3228 3949 vobis
3247 3911 3440 3951 nocere
3456 3897 3690 3966 poterit?

2104 3978 2324 4033 Habetis
2367 3989 2582 4034 sanctos
2623 3978 2716 4033 Dei
2758 3980 2811 4032 in
2839 3981 2985 4033 omni
3029 3983 3170 4036 bono
3197 3997 3358 4051 opere
3386 3983 3682 4052 adjutores,

2103 4073 2148 4127 si
2191 4081 2498 4127 sanctorum
2529 4072 2754 4142 vestigia
2793 4071 2944 4139 sequi
2994 4079 3107 4125 tota
3152 4056 3354 4128 virtute
3400 4076 3684 4128 studentis.

2105 4165 2446 4229 Mementote,
2485 4164 2671 4234 quales
2697 4163 2981 4218 habuimus
3013 4164 3221 4229 Patres,
3255 4163 3345 4233 qui
3374 4178 3472 4218 nos
3493 4180 3689 4235 genuc-

2104 4265 2231 4312 runt
2272 4256 2324 4309 in
2368 4255 2616 4311 Domino.
2652 4256 2866 4311 Illorum
2903 4257 3228 4312 mmulamini
3267 4257 3454 4322 vitam,
3481 4266 3539 4311 ut
3563 4273 3686 4312 cum

2103 4348 2208 4402 illis
2233 4355 2448 4403 :cterna:
2475 4349 2821 4403 beatitudinis
2863 4349 3155 4418 participes
3179 4363 3298 4403 esse
3328 4349 3640 4403 mereamini
3667 4367 3682 4412 ;

427 4447 531 4491 tem
567 4438 782 4507 pietatis
825 4438 1072 4507 precibus
1108 4437 1174 4493 ad
1219 4445 1433 4507 portum
1471 4445 1740 4508 perpetua:
1777 4437 1992 4506 quietis,
2022 4440 2073 4500 D
2101 4441 2312 4509 meique
2336 4453 2602 4494 memores
2639 4439 2692 4492 in
2737 4439 2939 4492 sanctis
2965 4440 3298 4494 orationibus
3324 4440 3514 4493 vestris
3545 4440 3682 4504 sitis,

495 4549 608 4619 28,
631 4562 654 4588 ι
683 4548 823 4602 Edit.
851 4547 1099 4619 Queroet.
1125 4547 1212 4610 79,
1248 4547 1428 4604 Canis.
1457 4548 1546 4612 25,
1571 4548 1803 4604 Froben.
1835 4548 1919 4602 i7.

498 4617 825 4673 D’Usuatdo.
877 4617 987 4672 Hoc
1039 4619 1254 4672 nomine
1301 4633 1422 4673 cum
1469 4629 1678 4674 careret
1722 4619 1840 4674 cod.
1891 4635 1992 4674 ms.

427 4688 930 4760 Sanct-Gallensis,
962 4687 1544 4760 Canisius__dubitabat
1598 4705 1723 4745 num
1768 4705 1996 4760 congre-

461 4759 569 4812 atio
619 4759 788 4813 sancti
846 4757 1156 4829 Salvatoris
1190 4757 1320 4812 illud
1352 4759 1438 4829 sit
1489 4760 1801 4825 oratorium,
1853 4757 1995 4829 quod

448 4830 924 4911 tiutprandquex,
957 4836 1099 4911 teste
1137 4828 1304 4911 [Petro
1338 4827 1568 4911 Qidrado
1597 4827 1997 4911 archiepiscopo

428 4895 825 4969 Mediolanensii
852 4898 904 4951 in
947 4898 1192 4969 epistola
1238 4898 1306 4952 ad
1351 4895 1598 4969 Qarolum
1645 4895 1891 4969 Magnum
1928 4895 1992 4954 in

426 4967 622 5036 palatio
648 4983 745 5024 suo
789 4968 958 5023 Ticini
987 4968 1042 5023 in
1073 4969 1329 5023 honorem
1371 4966 1664 5024 Salvatoris
1692 4966 1873 5024 nfundi
1901 4985 1994 5023 ex-

427 5039 640 5094 struxit.
671 5037 1004 5094 Mabillonius
1030 5046 1204 5092 tamen
1232 5036 1324 5091 lib.
1356 5051 1481 5090 nm
1513 5038 1702 5094 Annal.
1745 5057 1797 5094 n.
1825 5039 1859 5093 8
1884 5040 1999 5094 nul-

428 5109 506 5162 ius
534 5108 760 5180 dubitat,
782 5109 910 5180 quin
951 5109 1038 5180 hic
1081 5105 1449 5180 Usualdus_sit
1489 5108 1656 5164 abbas
1683 5109 1994 5180 monasterii

425 5178 602 5258 sancti.
641 5176 1014 5258 Salvatoris‘in
1038 5187 1220 5258 monte
1259 5176 1474 5258 Axniato
1513 5193 1678 5258 prope
1711 5177 1995 5258 _C_lusinum

427 5249 655 5303 Etruriae
679 5249 889 5304 urbem.
921 5247 1040 5302 Alia
1087 5257 1263 5302 tamen
1311 5247 1439 5303 olim
1483 5247 1620 5300 viro’
1647 5248 1998 5302 celeberrimo

425 5320 580 5388 stetit
597 5319 886 5388 sententia,
915 5319 1039 5388 dum
1065 5317 1184 5372 Act.
1230 5316 1330 5372 SS.
1362 5317 1658 5388 Ben.Saee.
1690 5334 1761 5378 tv,
1789 5327 1931 5388 part.
1961 5335 2004 5383 ι,

424 5401 546 5458 pag.
570 5386 697 5454 575,
729 5387 1021 5458 Usualdum
1048 5396 1288 5458 nostrum
1312 5387 1542 5458 credidit
1566 5387 1730 5442 fuisse
1757 5386 2003 5444 abbatem

427 5457 740 5518 monasterii
770 5459 941 5514 sancti
982 5457 1367 5526 Naborisapud
1390 5457 1676 5520 Metcnses,
1698 5461 1839 5525 quod
1863 5459 2002 5514 anti-

425 5529 607 5597 quitus
642 5527 943 5584 Cella-nova
983 5527 1151 5580 sancti
1193 5524 1480 5581 salvatoris
1521 5524 1832 5597 dicebatur;
1881 5543 2000 5597 qum

426 5596 607 5666 Opinio
635 5599 800 5653 robur
827 5597 1022 5664 accipit
1047 5612 1109 5650 ex
1138 5597 1390 5666 memoria
1421 5596 1732 5666 Angilrami.
1763 5598 1850 5664 qui
1892 5596 1996 5652 Me-

431 5665 598 5722 teusis
619 5667 862 5723 ecclesia-
890 5666 1321 5733 archiepiscopus
1350 5665 1541 5718 fuerat.

2170 4563 2192 4590 ι
2223 4550 2588 4620 Liutgardam,
2620 4557 2887 4620 quartam,
2922 4558 3041 4620 post
3067 4551 3271 4605 obitum
3295 4550 3570 4606 Fastradzc
3599 4568 3683 4608 re—

2097 4622 2254 4691 ginze,
2285 4619 2466 4691 Caroli
2497 4621 2626 4691 imp_.
2676 4619 2975 4690 conjugetn,
3021 4636 3140 4690 quae
3178 4621 3409 4675 Turonis
3432 4622 3566 4688 obiit
3589 4637 3687 4676 an-

2098 4689 2169 4746 no
2200 4690 2306 4746 800
2335 4689 2548 4758 (Annal.
2581 4689 2823 4758 Frena).

2167 4760 2190 4798 ἀ
2235 4759 2650 4830 Angilramnum,
2700 4761 3008 4830 episcopum
3058 4760 3368 4825 Metensem,
3419 4762 3509 4830 qui
3551 4762 3686 4816 obiit

2097 4845 2238 4885 anno
2267 4828 2358 4885 79l
2375 4868 2388 4881 .
2419 4828 2571 4883 PAGI.

2176 4912 2198 4938 ε
2225 4899 2361 4953 Edit.
2385 4899 2634 4966 Quercet.
2673 4900 2738 4955 87
2771 4916 2834 4953 ex
2865 4915 2993 4965 ms.,
3029 4899 3258 4953 Froben.
3292 4900 3375 4953 18.

2178 4970 2197 5009 ί
2233 4968 2510 5024 Fratribus
2535 4980 2584 5024 et
2614 4968 2662 5022 F
2665 4969 2790 5033 iliis,
2844 4969 3272 5040 Eboracensibus
3299 4984 3513 5040 nempe,
3540 4973 3683 5039 quod

2100 5040 2369 5110 colligitur
2393 5054 2457 5110 ex
2481 5040 2586 5094 illis
2619 5041 2798 5095 verbis
2828 5059 2841 5092 :
2873 5039 3179 5094 Mementote
3199 5039 3378 5110 quales
3401 5039 3679 5096 [tabuimus

2102 5108 2309 5183 Patres,
2335 5109 2424 5178 qui
2465 5126 2556 5163 nos
2580 5120 2868 5183 genuerunt
2895 5111 2948 5162 in
2991 5108 3237 5183 Domino.
3288 5108 3367 5163 Ad
3403 5110 3518 5165 illos
3552 5125 3680 5183 ergo

2101 5179 2309 5241 scribit,
2341 5193 2570 5248 quorum
2598 5179 2952 5250 profitebatur
2968 5180 3431 5250 communitatem,
3461 5189 3515 5234 et
3535 5179 3686 5235 com-

2105 5263 2319 5302 munem
2343 5249 2667 5316 agnoscebat
2696 5249 2928 5309 Patren,
2966 5249 3068 5303 hoc
3087 5258 3189 5311 est,
3223 5249 3608 5305 Eboracenses.

2185 5320 2208 5357 ³
2251 5317 2411 5391 Patre
2438 5329 2633 5391 nostra,
2683 5318 2977 5391 Eanbaldo,
3001 5329 3156 5389 puto,
3195 5319 3424 5391 seniore.
3455 5318 3684 5391 Scripsit

2105 5388 2270 5458 igitur
2305 5386 2749 5458 Alcuiuusﬂhanc
2791 5386 3090 5458 epistolam,
3124 5391 3250 5442 dum
3287 5389 3397 5458 jam
3447 5386 3682 5445 secundo

2104 5456 2158 5529 in
2179 5457 2466 5511 Franciam
2486 5456 2660 5529 rediit,
2683 5457 2869 5529 ibique,
2881 5457 2946 5529 ob
2965 5459 3221 5529 quasdam
3245 5456 3491 5529 hcciesite
3511 5476 3682 5515 neces-

2099 5528 2297 5590 sitates,
2344 5526 2753 5596 oppugnandam
2799 5526 3003 5583 scilicet
3047 5529 3276 5584 ἣξει-θείη
3332 5527 3678 5590 Felicianam,

2101 5600 2349 5668 detentus
2383 5596 2521 5658 fuit;
2557 5604 2693 5650 ante
2740 5611 2938 5650 annum
2971 5598 3073 5653 796
3107 5615 3213 5668 quo
3255 5597 3559 5654 Eauhaldus
3592 5597 3678 5659 itte

2098 5667 2250 5723 Oltiil.
