4070 6196
387 277 487 334 I75

1260 274 1313 329 Β.
1352 273 1413 327 F.
1454 271 1676 327 ALBINI
1714 270 1844 328 SEU
1883 271 2157 328 ALCUINI
2191 270 2472 329 OPERUM
2509 272 2685 329 PARS
2719 272 2759 327 I.

3550 278 3655 334 {7b

378 403 722 462 vestramque
745 387 1147 443 unanimitatem
1179 383 1232 436 in
1256 383 1402 436 omni
1431 396 1593 450 opere
1615 381 1759 437 bono
1778 383 1952 436 omni-
1981 389 2026 446 Α
2056 384 2107 438 in
2134 383 2336 451 capella
2365 392 2548 438 nostra
2576 395 2634 437 ιιι
2659 383 2891 447 vidistis,
2937 382 3256 439 obliviscere
3283 384 3412 439 noli.
3460 385 3653 447 Senio-

377 491 568 550 potens
597 481 736 535 Deus
759 476 1020 548 prolicere
1045 471 1325 533 concedat,
1371 471 1703 525 dilectissimi
1745 469 1960 524 fratres.

909 582 1242 638 EPISTOLA
1281 581 1442 635 XXII.

989 670 1055 707 ΑΙ)
1091 668 1361 715 ΟυΕΜῡΛΜ.

379 749 577 802 Filium
611 755 657 799 et
678 741 1106 818 peregrinationis
1130 741 1324 818 socium
1364 738 1431 818 ad
1473 739 1682 818 virtutes
1705 736 1956 818 stimulat.

448 806 703 870 Memorat
727 822 774 866 et
798 806 1137 864 'commendut
1164 809 1432 878 sapientia:
1472 808 1734 871 studium;
1767 806 1962 858 doctri-

446 903 540 939 nas
576 884 696 938 olim
724 883 876 934 datas
901 881 956 933 in
977 879 1279 932 memoriam
1311 886 1530 930 revocat.

443 975 604 1030 Pater
626 973 752 1037 filio,
781 970 1040 1041 pacificus
1061 968 1368 1038 peregrino,
1391 966 1649 1037 magister
1674 963 1954 1034 discipulo,

374 1066 555 1121 socius
585 1064 732 1119 socio
751 1058 1200 1131 peregrinationis
1227 1058 1608 1125 sempiternam
1635 1054 1882 1109 salutem.

445 1156 693 1224 Magnum
745 1151 898 1215 mihi,
949 1149 1026 1202 ﬁli
1064 1147 1404 1209 eharissime,
1456 1146 1521 1200 de
1569 1154 1747 1198 vestra
1785 1143 1957 1198 salute

371 1257 427 1301 et
453 1244 811 1315 prosperitate
836 1239 1161 1295 desiderium
1193 1247 1294 1292 est.
1344 1237 1466 1291 Ideo
1511 1237 1722 1292 litteras
1761 1237 1956 1291 exhor-

373 1337 588 1392 tationis
615 1350 746 1388 mese
786 1333 903 1386 vice
949 1330 1239 1384 verborum
1275 1335 1512 1398 paterna:
1541 1329 1756 1396 pietatis
1801 1329 1954 1382 vobis

369 1428 603 1498 dirigere
653 1421 856 1487 studui,
907 1421 1200 1474 obsecrans
1252 1427 1526 1487 perpetua:
1579 1417 1775 1472 mentis
1823 1416 1955 1472 dile-

365 1517 565 1581 ctione,
606 1522 660 1569 et
690 1522 802 1570 tota
831 1511 1049 1567 virtutis
1079 1511 1375 1564 intentione
1402 1502 1571 1564 Deum
1599 1510 1876 1564 tehabere
1897 1510 1952 1563 in

365 1606 554 1671 oculis,
581 1613 635 1659 et
657 1605 710 1658 in
734 1602 1011 1666 memoria,
1037 1609 1302 1670 quatenus
1322 1601 1464 1656 illius
1484 1601 1727 1670 piissima
1748 1601 1953 1655 miseri-

365 1699 549 1754 cordia
581 1705 633 1752 te
657 1697 932 1752 custodire
979 1695 1229 1763 dignetur
1274 1693 1416 1748 inter
1464 1691 1688 1746 adversa
1729 1700 1785 1746 et
1812 1692 1951 1746 inter

363 1805 642 1862 prospera,
670 1799 729 1844 ut
767 1789 852 1842 via
882 1787 1026 1857 regia
1041 1758 1290 1856 pergens
1319 1786 1386 1839 ad
1413 1792 1688 1854 perpetua:
1715 1783 1950 1838 civitatis
1984 1758 2026 1816 Β

360 1890 572 1949 portam
613 1879 896 1950 pervenire
939 1876 1218 1930 merearis.
1251 1874 1333 1928 Sit
1371 1875 1466 1928 tibi
1506 1873 1754 1929 Christus
1775 1873 1828 1926 in
1854 1887 1949 1927 ore

361 1978 417 2023 et
437 1969 618 2032 corde,
651 1975 707 2020 et
730 1965 910 2035 operis
937 1964 1262 2019 constantia.
1298 1962 1418 2016 Noli
1462 1963 1744 2032 pueriliter
1767 1975 1948 2032 agere,

359 2070 416 2115 et
443 2059 708 2116 desideria
745 2056 1002 2129 juvenilia
1041 2055 1240 2111 sectari
1269 2071 1284 2119 ;
1317 2053 1410 2109 sed
1453 2051 1726 2122 perfectus
1751 2061 1868 2106 esto
1894 2052 1950 2106 in

358 2151 504 2206 omni
531 2151 831 2213 honestate,
857 2146 1188 2203 continentia
1215 2151 1270 2199 et
1309 2143 1591 2207 modestia,
1620 2151 1679 2196 ut
1705 2142 1952 2196 laudetur

359 2240 502 2293 Deus
527 2239 581 2292 iu
611 2251 774 2307 Opere
817 2245 929 2299 tuo,
960 2243 1014 2290 et
1053 2250 1161 2289 non
1195 2233 1620 2303 reprehendatur
1665 2241 1817 2301 pater
1855 2231 1948 2302 qui

359 2337 415 2383 te
443 2327 646 2399 genuit.
699 2327 828 2381 Esto
874 2325 1085 2381 sobrius
1114 2324 1170 2378 in
1199 2324 1320 2378 cibo
1359 2338 1422 2378 ac
1447 2331 1598 2392 potu,
1649 2322 1806 2376 saluti
1843 2329 1948 2376 tua:

359 2420 531 2490 magis
556 2417 839 2488 providens
854 2431 1025 2486 quam
1068 2415 1423 2471 delectatione
1464 2415 1692 2479 carnali,
1740 2414 1822 2470 vel
1851 2431 1947 2468 va-

359 2510 580 2566 nissima
626 2508 908 2564 hominum
949 2505 1128 2571 laude,
1171 2521 1290 2574 quae
1334 2521 1439 2559 non
1479 2505 1711 2575 proficit,
1745 2507 1791 2560 si
1835 2505 1946 2560 Deo

358 2601 678 2671 displiceant
712 2608 866 2655 actus
908 2599 1004 2653 tui.
1055 2597 1242 2653 Melius
1269 2606 1351 2652 est
1383 2597 1493 2653 Deo
1539 2598 1751 2669 placere
1783 2615 1945 2669 quam

359 2703 384 2730 ιι
420 2690 733 2754 strionibus,
778 2703 1071 2759 pauperum
1122 2688 1320 2743 habere
1339 2703 1532 2742 curam
1557 2703 1724 2757 quam
1755 2689 1946 2744 mimo-

357 2796 496 2835 rum.
529 2780 649 2835 Sint
675 2779 769 2834 tibi
798 2780 1024 2834 honesta
1048 2779 1313 2842 convivia,
1341 2786 1396 2831 et
1423 2778 1662 2833 con-vivas
1685 2777 1939 2848 religiosi.

356 2870 485 2926 Esto
526 2871 708 2926 senior
738 2871 790 2924 in
833 2870 1093 2933 moribus,
1145 2869 1394 2939 quamvis
1431 2869 1615 2940 junior
1659 2870 1714 2925 in
1762 2871 1938 2926 anuis.

355 2958 532 3013 Nimia
561 2973 788 3028 quaeque
816 2966 1034 3012 nocent.

425 3049 454 3090 ιι
482 3050 632 3104 Italia
665 3049 877 3103 infirma
904 3057 986 3104 est
1010 3049 1202 3118 patria,
1227 3057 1281 3104 et
1309 3063 1462 3106 escas
1485 3049 1932 3121 generatnoxias.

353 3139 558 3196 Idcirco
583 3139 894 3194 cautissima
919 3139 1347 3196 consideratione
1373 3141 1578 3206 videas,
1596 3141 1744 3210 quid,
1768 3156 1938 3210 quan-

355 3231 443 3294 do,
475 3231 557 3284 vel
586 3227 834 3298 qualiter,
867 3227 948 3283 vel
977 3229 1172 3299 quibus
1199 3230 1367 3284 utaris
1400 3230 1581 3295 cibis;
1620 3237 1674 3282 et
1709 3229 1940 3284 maxime

353 3319 630 3374 ebrietatis
675 3319 1043 3374 assiduitatem
1092 3319 1294 3384 devita,
1340 3320 1465 3389 quia
1510 3336 1576 3375 ex
1625 3320 1732 3374 vini
1762 3320 1940 3375 calore

353 3409 584 3467 febrium
613 3411 774 3466 ardor
805 3411 1057 3482 ingruere
1079 3411 1215 3467 solet
1244 3426 1403 3482 super
1435 3413 1697 3468 incautos.

425 3503 608 3559 Taedet
635 3503 846 3559 animus
886 3519 1039 3559 meus
1085 3503 1310 3558 multum
1347 3520 1445 3576 pro
1487 3506 1732 3560 absentia
1766 3508 1862 3561 tui.
1895 3507 1940 3562 0

354 3612 515 3666 quam
547 3595 720 3652 dulcis
746 3595 857 3650 vita
903 3594 1023 3660 fuit,
1055 3595 1181 3651 dum
1225 3596 1543 3652 sedebamus
1588 3597 1753 3666 quieti
1801 3598 1942 3652 inter

353 3686 611 3756 sapientis
636 3685 883 3749 scrinias,
913 3685 1053 3740 inter
1073 3684 1330 3740 librorum
1370 3686 1570 3755 copias,
1610 3686 1750 3741 inter
1775 3701 1937 3740 vene-

355 3777 552 3833 randos
577 3775 798 3830 Patrum
823 3790 1051 3841 sensus;
1080 3776 1274 3843 quibus
1301 3777 1435 3831 nihil
1459 3777 1629 3832 defuit
1652 3779 1794 3848 quod
1816 3778 1940 3832 reli-

353 3869 517 3938 giosae
560 3868 685 3922 vitae
731 3874 786 3922 et
835 3867 1010 3922 studio
1057 3867 1293 3923 scientize
1326 3869 1664 3940 deposcebat.
1713 3870 1940 3925 Utamur

353 3971 534 4016 tamen
563 3968 705 4015 sorte
747 3959 997 4028 praesenti
1024 3959 1312 4015 secundum
1359 3961 1609 4015 virtutem
1639 3961 1849 4024 animae,
1884 3962 1934 4016 in

352 4051 524 4122 gratia
570 4049 901 4106 confidentes
944 4049 1143 4115 divina,
1189 4065 1308 4120 quae
1352 4067 1450 4104 nos
1479 4066 1754 4120 nunquam
1785 4052 1938 4106 dere-

352 4141 564 4211 linquit,
597 4139 642 4194 si
674 4147 840 4193 totam
868 4153 1018 4208 spem
1061 4155 1322 4208 ponamus
1366 4140 1418 4194 in
1463 4141 1627 4194 illam.
1671 4141 1782 4211 Ego
1810 4157 1939 4198 vero

352 4233 608 4288 tmdiosus
634 4240 688 4286 et
733 4230 904 4286 tristis
941 4230 1344 4287 desiderabilem
1386 4240 1581 4286 vestrm
1620 4229 1776 4286 faciei
1803 4248 1941 4301 prze-

351 4323 589 4378 stolabor
615 4329 911 4392 aspectum,
960 4322 1213 4392 ignorans
1257 4322 1301 4378 si
1332 4330 1385 4377 te
1413 4324 1713 4378 venientem
1754 4325 1937 4380 videre

351 4427 563 4469 merear
588 4429 603 4477 ;
633 4412 716 4467 vel
739 4411 786 4466 si
815 4421 869 4466 tu
897 4427 984 4466 me
1003 4411 1222 4467 veniens
1251 4412 1490 4468 invenire
1519 4413 1816 4479 merearis;
1849 4431 1935 4468 oc-

349 4502 489 4557 culta
516 4511 637 4558 sunt
660 4501 795 4556 enim
814 4500 1024 4571 judicia
1060 4499 1196 4555 Dei:
1226 4510 1491 4571 praeparet
1517 4501 1617 4557 sibi
1647 4503 1936 4573 unusquis-

350 4608 455 4662 que
479 4591 753 4662 lampades
798 4591 1070 4654 ardentes,
1115 4599 1175 4644 ut
1214 4605 1532 4660 quacunque
1573 4590 1705 4646 hora
1736 4607 1933 4661 sponso

348 4697 638 4739 occurrere
659 4681 930 4751 jubeatur,
961 4697 1082 4737 cum
1117 4680 1234 4737 luce
1275 4683 1538 4737 bonorum
1567 4696 1790 4752 operum
1815 4685 1933 4738 tha-

351 4775 552 4829 lamum
577 4775 764 4829 aeterni
790 4775 933 4844 regis
961 4774 1164 4828 intrare
1191 4785 1478 4829 mereatur.

423 4864 627 4935 Siquid
666 4865 719 4919 in
759 4865 913 4919 nobis
933 4864 1087 4919 boum
1132 4864 1535 4920 consuetudinis
1562 4864 1761 4929 vidisti,
1795 4865 1933 4918 hanc

349 4971 594 5026 sequere,
624 4965 682 5010 ut
707 4954 1129 5011 benedictionem
1160 4953 1254 5007 Dei
1282 4968 1346 5008 ex
1375 4952 1464 5007 illa
1507 4953 1707 5008 habere
1725 4967 1933 5007 merea-

350 5049 466 5113 ris;
505 5047 552 5103 si
604 5045 731 5118 quid
773 5059 902 5100 vero
949 5044 1151 5100 erroris
1198 5052 1254 5098 et
1298 5043 1444 5112 impii
1491 5043 1740 5107 tramitis,
1789 5045 1933 5100 hunc

351 5142 600 5200 horresce
630 5146 682 5196 et
709 5136 880 5207 fugias
920 5136 988 5190 ab
1015 5149 1100 5199 eo,
1134 5148 1203 5188 ne
1245 5133 1444 5188 nostris
1485 5134 1721 5203 peccatis
1748 5136 1929 5191 nobis-

345 5245 471 5287 cum
496 5228 802 5287 involvaris.
830 5225 1032 5282 Cursus
1053 5222 1353 5296 quotidiani
1374 5235 1638 5294 synaxeos
1657 5239 1782 5279 cum
1805 5227 1932 5281 mis-

347 5337 528 5378 sarum
549 5321 826 5378 solemniis
845 5328 899 5374 et
917 5317 1114 5390 vigiliis
1137 5325 1447 5373 sanctorum
1471 5315 1784 5386 quotidiano
1804 5332 1927 5386 usu,

416 5451 786 5520 Iistrionibus.
817 5449 1125 5520 Legendum
1145 5448 1392 5520 fortassis
1411 5449 1783 5516 histrionibus,
1813 5453 1928 5520 qui-

347 5523 448 5577 bus
459 5519 751 5574 Homerum
769 5534 926 5590 suum
941 5519 1232 5590 admodum
1248 5519 1504 5575 delectari
1518 5535 1677 5588 supra
1695 5522 1747 5574 iu
1763 5519 1922 5590 epist.

347 5590 452 5644 215
481 5590 644 5660 (nunc
671 5589 794 5660 191)
820 5588 990 5660 dixit;
1015 5587 1141 5660 hinc
1162 5591 1396 5658 suspicio
1419 5590 1547 5645 oriri
1572 5587 1760 5658 possit,
1787 5587 1925 5648 hanc

347 5656 622 5731 epistolam
677 5659 741 5712 ad
776 5656 1028 5712 eumdem
1074 5656 1358 5717 llmncrum
1403 5675 1493 5719 seu
1555 5656 1921 5730 Angilbertum

2064 472 2213 526 ribus
2252 480 2307 527 et
2355 473 2686 542 sapientibus
2737 482 2890 527 utere
2943 474 3288 528 consiliariis.
3349 475 3654 538 Recordare

2063 561 2297 618 Boboam
2330 564 2496 619 filium
2543 565 2864 621 Salomonis.
2915 564 3104 622 Omnis
3131 567 3352 624 lascivia
3382 569 3540 641 longe
3581 574 3654 629 sit

2061 668 2090 705 a
2115 653 2498 709 consuetudine
2539 663 2648 708 tua.
2684 654 2804 709 Sint
2835 657 2932 710 tibi
2963 658 3124 712 verba
3165 658 3219 712 in
3253 661 3502 728 veritate,
3535 680 3652 718 mo-

2061 758 2148 798 res
2177 743 2228 797 in
2258 745 2558 809 honestate,
2591 761 2786 816 corpus
2824 748 2878 801 in
2902 749 3170 814 castitate,
3200 751 3415 807 habitus
3442 753 3495 808 in
3527 756 3652 810 reli-

2060 830 2234 899 gione,
2261 832 2412 887 cibus
2433 841 2487 886 et
2514 842 2674 902 potus
2694 834 2748 888 in
2777 834 3058 901 modestia,
3089 847 3144 891 et
3179 845 3421 908 tempora
3449 850 3649 898 statuta

2060 919 2112 973 id
2140 921 2192 973 in
2225 936 2333 990 quo
2376 937 2536 992 agere
2565 923 2783 979 debeas.
2821 915 3244 995 ~Indisciplinata:
3289 929 3516 999 loquela:
3542 947 3647 988 non

2058 1021 2337 1067 assuescat
2380 1028 2444 1068 os
2483 1022 2656 1068 tuum.
2710 1014 2832 1069 Sint
2879 1016 2977 1071 tibi
3032 1018 3196 1073 verba
3241 1020 3505 1089 simplicia
3531 1023 3649 1078 sine

2049 1099 2379 1170 juramento,
2429 1107 2657 1162 verita-te
2701 1108 2880 1177 plena,
2932 1110 3210 1178 sapientia:
3256 1113 3368 1167 sale
3409 1115 3645 1170 condita.

2057 1191 2164 1247 Cor
2183 1193 2407 1262 judicet,
2438 1205 2726 1268 antequam
2766 1201 2946 1270 lingua
2987 1203 3257 1273 loquatur.
3307 1205 3484 1262 Multae
3519 1218 3646 1263 sunt

2058 1285 2269 1341 invidiae
2298 1296 2351 1342 ct
2381 1289 2619 1358 perfidia:
2644 1292 2958 1360 hominum;
3001 1296 3220 1364 plurimi
3249 1306 3373 1353 sunt
3399 1300 3558 1354 amici
3589 1301 3643 1355 in

2057 1390 2263 1441 mensa,
2290 1384 2346 1431 et
2374 1379 2482 1432 rari
2514 1380 2566 1433 in
2596 1380 2938 1438 necessitate.

2125 1467 2264 1533 Quid
2289 1484 2423 1538 opus
2465 1480 2548 1525 est
2591 1472 2742 1541 plura
2773 1476 3031 1539 scribere,
3073 1477 3200 1532 dum
3246 1480 3448 1548 optime
3476 1481 3645 1536 nostis

2054 1558 2183 1627 quid
2211 1559 2404 1629 saepius
2427 1560 2480 1615 in
2503 1577 2597 1616 cor
2616 1564 2898 1620 charitatis
2917 1576 3110 1623 vestrae
3137 1570 3363 1626 suadere
3383 1572 3642 1628 solebam.

2055 1645 2132 1700 Ex
2183 1648 2391 1702 meritis
2431 1650 2749 1708 obedientize
2795 1663 3017 1724 paterna
3065 1657 3369 1713 benedictio
3407 1660 3553 1726 filiis,
3585 1671 3646 1716 ut

2053 1752 2195 1801 reor,
2236 1740 2468 1794 eveniet.
2513 1741 2805 1800 Considera
2849 1745 3061 1813 Ruben,
3111 1759 3380 1805 memento
3421 1749 3638 1819 Judam,

2051 1831 2118 1885 de
2160 1845 2269 1886 uno
2313 1839 2465 1901 patre
2489 1841 2546 1887 et
2590 1842 2766 1890 matre
2795 1839 3023 1906 genitos,
3071 1855 3137 1895 ex
3175 1840 3401 1897 diversis
3433 1844 3642 1899 meritis

2050 1920 2291 1976 diversas
2338 1921 2598 1977 habentes
2651 1924 3071 1983 benedictiones.
3129 1928 3324 1986 Petrus
3371 1938 3426 1984 et
3475 1931 3642 1987 Judas

2050 2011 2208 2066 ambo
2233 2011 2287 2064 in
2315 2011 2669 2082 apostolatum
2713 2023 2839 2069 sunt
2862 2015 3040 2082 electi,
3075 2019 3168 2073 sed
3205 2035 3312 2075 non
3340 2021 3497 2076 ambo
3521 2023 3638 2091 pari

2049 2101 2333 2156 devotione
2359 2102 2528 2157 secuti
2573 2104 2700 2158 Sunt
2740 2103 3066 2173 Dominum;
3109 2108 3231 2164 ideo
3262 2109 3366 2166 iste
3403 2110 3640 2166 elevatus

2047 2200 2132 2248 est
2157 2193 2210 2247 in
2235 2193 2594 2262 principatum
2620 2197 2948 2264 apostolatus
2973 2215 2989 2264 ;
3034 2199 3149 2268 ipse
3175 2201 3407 2270 principi
3439 2203 3640 2257 datmo-

2047 2284 2261 2339 niorum
2285 2285 2531 2340 traditus.
2580 2286 2887 2357 Stephanus
2929 2299 2984 2345 et
3016 2289 3269 2347 Nieolaus
3296 2293 3349 2346 in
3397 2293 3640 2349 ministe-

2047 2375 2186 2430 rium
2210 2376 2392 2431 altaris
2417 2379 2698 2446 aequaliter
2723 2380 2901 2447 electi,
2935 2381 3029 2436 sed
3065 2390 3290 2452 propter
3323 2383 3636 2439 dissimilem

2046 2465 2203 2520 ﬁdem
2233 2466 2509 2522 dissimilis
2549 2483 2643 2522 eos
2669 2479 2988 2526 consecutus
3008 2480 3094 2527 est
3120 2471 3260 2528 ﬁnis.
3308 2472 3486 2530 Plena:
3509 2483 3638 2530 sunt

2047 2556 2338 2627 Scriptura:
2381 2557 2716 2613 documentis
2741 2560 3101 2628 obedientim;
3143 2563 3331 2632 plenus
3357 2571 3442 2618 est
3483 2580 3638 2618 mun-

2045 2647 2143 2702 dus
2167 2647 2449 2716 exemplis,
2475 2649 2604 2718 quid
2634 2651 2720 2704 cui
2750 2665 2817 2704 ex
2843 2651 3147 2707 humilitate
3171 2655 3487 2710 obedientia:
3511 2670 3637 2710 eve—

2044 2736 2230 2800 nisset,
2260 2751 2488 2805 quorum
2513 2737 2786 2807 copiosam
2814 2739 3214 2795 multitudinem
3239 2750 3499 2812 exuperat
3524 2742 3632 2798 Re-

2042 2827 2336 2897 demptoris
2362 2829 2531 2883 nostri
2571 2829 2818 2884 mirabile
2842 2830 3168 2901 exemplum,
3210 2833 3276 2887 de
3301 2849 3409 2902 quo
3438 2834 3638 2888 Doctor

2039 2917 2283 2987 gentium
2309 2917 2383 2971 ait
2408 2935 2420 2970 :
2459 2915 2574 2971 Hoc
2610 2921 2794 2973 sentite
2813 2921 2870 2975 in
2896 2920 3053 2983 vobis,
3092 2923 3232 2991 quod
3252 2933 3302 2976 et
3329 2924 3386 2977 in
3425 2923 3633 2978 Christo

2037 3006 2188 3072 Jesu,
2217 3009 2306 3078 qui
2331 3024 2448 3060 cum
2471 3009 2524 3061 in
2555 3007 2724 3077 forma
2763 3007 2860 3063 Dei
2899 3020 3047 3076 esset,
3080 3029 3183 3066 non
3213 3014 3452 3082 rapinam
3491 3014 3632 3068 arbi-

1962 3097 2011 3163 C
2039 3107 2208 3153 tratus
2231 3107 2308 3152 est
2330 3115 2440 3152 esse
2459 3115 2513 3152 se
2538 3099 2787 3169 (aqualem
2811 3100 2939 3166 Deo,
2969 3102 3060 3154 sed
3091 3104 3420 3173 semetipsum
3447 3105 3630 3158 emina-

2041 3191 2183 3253 nivit,
2210 3190 2434 3258 formam
2459 3191 2590 3244 servi
2611 3193 2866 3262 accipiens
2889 3209 2907 3257 ;
2931 3193 3169 3248 obediens
3195 3193 3345 3248 Patri
3375 3212 3536 3267 usque
3557 3197 3629 3251 ad

2039 3289 2274 3339 mortem,
2312 3289 2528 3333 mortem
2554 3291 2728 3334 autem
2756 3282 2924 3336 crucis
2948 3300 2967 3347 ;
2993 3293 3202 3354 propter
3226 3284 3366 3355 quod
3392 3296 3438 3340 et
3485 3285 3625 3341 Deus

2039 3367 2285 3422 exultavit
2331 3368 2501 3434 illum,
2533 3380 2580 3423 et
2627 3372 2766 3424 dedit
2795 3371 2874 3424 illi
2923 3389 3130 3437 nomen,
3175 3375 3313 3445 quod
3354 3387 3427 3429 est
3472 3394 3628 3449 super

2041 3476 2189 3512 omne
2215 3477 2421 3526 nomen,
2449 3463 2583 3516 utin
2624 3465 2830 3518 nomine
2868 3465 2995 3519 ἔρδει
3036 3483 3187 3520 ontne
3223 3484 3356 3537 genu
3386 3470 3629 3538 ﬂectatur

2041 3547 2340 3614 antestium,
2383 3555 2724 3618 terrestrium,
2754 3565 2801 3608 et
2830 3555 3138 3625 inferorum,
3167 3567 3214 3612 et
3249 3561 3420 3612 omnis
3445 3558 3627 3630 lingua

2039 3642 2366 3709 conﬁteatur,
2420 3646 2544 3715 quia
2597 3646 2750 3701 Jcsus
2799 3659 2872 3702 est
2921 3650 3158 3706 Christus
3206 3653 3260 3706 in
3303 3652 3474 3723 gloria
3526 3654 3625 3710 Dei

2047 3728 2219 3783 Patris
2249 3729 2467 3802 (Philip.
2502 3751 2558 3797 ιι,
2590 3736 2763 3805 6-11.)

2447 3857 2467 3882 ε
2494 3846 2603 3916 29
2629 3847 2958 3903 EPISTOLA
2995 3850 3177 3906 XXIII.

2090 3974 2155 4013 AD
2195 3976 2434 4018 FRATRES
2470 3980 2655 4019 SANCTI
2697 3982 2918 4022 MARTISI
2963 3986 3242 4025 TUBONICI‘.
3282 3989 3569 4029 CIVI'I'ATIS.

2535 4056 2710 4126 (Circa
2742 4074 2942 4113 annum
2971 4060 3119 4132 795.)

2040 4142 2170 4194 Cum
2205 4144 2310 4195 illis
2331 4160 2439 4197 esse
2458 4146 2615 4218 cupit,
2633 4163 2818 4218 eosque
2842 4149 3085 4204 hortatur
3107 4153 3175 4205 ad
3204 4155 3408 4209 virtutes
3433 4173 3618 4212 mona-

2565 4217 2674 4270 chis
2722 4217 3095 4276 convenientes.

2111 4318 2482 4378 Sanctissimis
2509 4325 2564 4379 in
2608 4325 2823 4382 Christo
2860 4328 3150 4397 fratribus,
3191 4343 3245 4388 et
3282 4335 3440 4390 beato
3475 4336 3614 4390 Mar-

1964 4447 2012 4508 D
2040 4408 2154 4508 tino
2176 4411 2470 4508 confessori
2492 4413 2694 4470 Christi
2715 4418 3093 4477 servientibus.
3120 4423 3338 4479 humilis
3354 4424 3512 4480 levita
3527 4427 3614 4479 Al-

2038 4498 2231 4554 cuinus
2259 4501 2508 4558 salutent.

2107 4589 2186 4644 Ex
2207 4607 2315 4661 quo
2349 4602 2584 4650 vestram
2619 4597 3002 4654 beatitudinem
3033 4602 3172 4657 scire
3205 4605 3375 4672 potui,
3404 4620 3616 4675 semper

2037 4697 2221 4736 amare
2243 4683 2408 4750 volui,
2457 4686 2584 4754 quia
2631 4689 2893 4743 sanctitas
2923 4699 3100 4746 vestra
3135 4694 3284 4748 cordi
3315 4711 3436 4750 meo
3470 4713 3614 4750 amo-

2039 4785 2150 4825 rem
2187 4770 2420 4828 infundit
2461 4776 2658 4839 vestri,
2708 4786 2903 4847 optans
2929 4796 3067 4836 unus
3096 4797 3216 4837 esse
3243 4799 3309 4838 ex
3335 4786 3507 4840 vobis.
3545 4787 3614 4842 Ut

2035 4863 2079 4916 si
2096 4865 2304 4920 meritis
2329 4879 2448 4920 esse
2463 4869 2842 4937 nequivissent,
2871 4873 3134 4928 cbaritate
3159 4886 3339 4930 tamen
3361 4877 3613 4933 fraternzc

2033 4956 2338 5013 dilectionis
2359 4958 2680 5028 eoujunctus
2701 4979 2899 5029 essem,
2923 4975 3187 5034 quatenus
3217 4967 3271 5021 in
3300 4968 3389 5022 die
3417 4984 3610 5039 magno

2034 5048 2443 5103 resurrectionis
2468 5052 2707 5105 omnium
2737 5054 3008 5125 particeps
3029 5071 3204 5111 essem
3231 5072 3442 5123 eorum,
3477 5073 3613 5128 quos

2031 5146 2214 5194 tantus
2246 5148 2431 5210 pastor
2476 5158 2574 5198 suo
2606 5143 2718 5211 regi
2748 5146 3114 5212 prmsentabit.
3151 5146 3196 5202 Ο
3230 5146 3359 5202 felix
3385 5148 3609 5206 familia.

2029 5231 2121 5290 tali
2156 5233 2396 5304 gaudens
2438 5242 2683 5303 pastore,
2720 5234 2881 5289 talem
2910 5235 3113 5293 habens
3154 5239 3210 5293 in
3255 5237 3344 5294 die
3397 5238 3614 5294 Domini

2029 5321 2306 5378 doctorem
2330 5321 2499 5395 [Edit.
2530 5323 2864 5396 ductorem]!
2894 5323 3020 5380 felix
3042 5329 3132 5397 qui
3153 5326 3272 5396 ejus
3295 5336 3410 5384 tcta
3426 5329 3613 5384 volun-

2027 5454 2284 5542 Sctirlz‘e
2322 5452 2510 5542 ίμίξὲεἱί
2528 5453 2974 5542 ςὸξαξιξςοδεξη·
2997 5461 3166 5542 ,εῖρξειο
3193 5461 3346 5535 25οι)

2100 5521 2552 5603 Vitellia-inﬁnita
2568 5532 2642 5575 est
2661 5527 2854 5592 patria,
2870 5537 2975 5583 etc.
2997 5521 3146 5596 Vide,
3170 5548 3291 5603 quin
3306 5521 3611 5590 notavimus

2027 5593 2091 5646 ad
2121 5593 2275 5661 epist.
2304 5590 2404 5661 15³1
2431 5590 2570 5646 inter
2592 5590 2764 5647 notas.
2843 5590 2848 5591 ⁷
3135 5590 3144 5596 ’
3187 5590 3204 5603 ⁸
3359 5631 3362 5633 λ

2099 5676 2118 5699 ο
2155 5660 2302 5716 Edit.
2333 5660 2581 5728 Quercct.
2610 5661 2693 5728 51,
2726 5664 2902 5722 Canis.
2936 5670 3020 5737 l5,
3053 5671 3280 5729 Froben.
3307 5675 3395 5728 19.
