4070 6196
408 376 508 434 I77

1841 369 2216 426 EPISTOE/E.

3553 373 3659 431 l78

405 501 516 549 tate
540 492 786 558 sequitur
809 487 1031 558 vestigia
1050 528 1064 552 ,
1117 499 1177 541 ut
1201 487 1344 541 illius
1387 487 1654 541 inhaarens
1699 483 1983 554 praeceptis
2011 488 2058 545 Α
2087 482 2224 548 Quia
2247 484 2338 551 qui
2368 486 2616 538 arborem
2646 485 2872 553 plantat,
2904 485 3201 538 mercedem
3228 485 3294 539 de
3310 483 3487 539 fructu
3513 483 3661 544 illius

406 581 576 651 ipsius
603 584 875 633 mereatur
894 576 1195 631 consociari
1225 575 1428 646 gloria.
1481 574 1552 631 Ut
1598 575 1703 629 hoc
1743 573 1859 628 ﬁeri
1887 589 1975 626 va-

406 677 534 735 leat,
559 665 703 721 nulla
733 680 830 720 vos
860 664 1042 719 saeculi
1063 665 1518 733 concupiscentia,
1540 663 1743 718 nullum
1763 663 1980 718 carnale

407 757 736 815 desiderium
751 755 1063 820 abstrahat;
1085 770 1184 810 nec
1203 764 1396 809 vestra:
1417 755 1604 810 salutis
1627 756 1983 823 vosmetipsos

409 845 739 916 negligentes
784 857 904 898 esse
942 843 1130 907 decet,
1167 857 1269 898 nec
1328 851 1573 912 paratam
1607 843 1762 899 vobis
1790 844 1842 897 in
1874 843 1984 897 Deo

408 936 636 1007 gloriam
647 933 1058 1004 parvipendere.
1075 932 1297 988 Habetis
1312 933 1456 986 enim
1472 931 1566 985 Dei
1582 933 1814 1002 gratiam
1830 933 1987 986 auxi-

409 1024 630 1078 liantem
659 1021 834 1085 vobis,
880 1028 936 1076 et
960 1035 1214 1091 magnum
1257 1022 1694 1086 intercessorem,
1738 1030 1984 1076 sanctum

409 1113 618 1168 scilicet
643 1112 953 1176 Martinum,
985 1111 1365 1180 deprecantem
1398 1113 1636 1180 quotidie
1657 1127 1756 1182 pro
1784 1112 1936 1166 vobis
1969 1129 1982 1165 :

409 1204 539 1272 quia
598 1203 654 1258 in
713 1201 869 1272 cujus
927 1202 1150 1256 servitio
1201 1202 1438 1270 quotidie
1499 1203 1656 1256 statis
1719 1201 1775 1254 in
1825 1201 1987 1256 domo

411 1309 508 1347 sua
532 1334 546 1357 ,
588 1292 735 1346 illum
771 1292 980 1347 habetis
1009 1291 1064 1345 in
1092 1291 1244 1346 caelis
1277 1293 1423 1346 omni
1470 1291 1604 1345 hora
1658 1290 1986 1361 suffragato—

416 1399 553 1438 rem.

485 1471 821 1542 Quapropter
845 1512 859 1534 ,
912 1471 1246 1526 dilect’ssimi
1305 1470 1498 1526 fratres
1523 1512 1539 1538 ,
1580 1472 1987 1542 diligentissime

413 1561 744 1622 contendite,
772 1568 830 1613 ut
855 1561 1049 1630 saepius
1079 1575 1174 1614 vos
1200 1560 1437 1614 inveniat
1467 1559 1705 1614 visitatio
1737 1561 1817 1615 sui
1857 1577 1986 1614 san-

415 1650 640 1705 ctissimi
673 1648 906 1717 Spiritus
952 1666 1004 1704 ιη
1046 1649 1292 1705 laudibus
1337 1650 1533 1705 divinis
1577 1651 1877 1720 vigilantes.
1934 1651 1991 1704 In

415 1737 532 1792 loco
558 1738 612 1792 in
637 1752 744 1808 quo
773 1736 933 1806 elegit
953 1738 1052 1792 sibi
1083 1739 1321 1808 requiem
1361 1739 1747 1805 dulcissimam,
1774 1741 1851 1794 sic
1874 1740 1992 1794 fun-

2085 574 2328 642 accipere
2359 575 2578 645 cogitat.
2628 575 2832 631 Habete
2877 576 3248 631 adolescentes
3292 577 3446 646 quasi
3494 575 3658 644 ﬁlios,

2084 673 2347 733 quatenus
2368 665 2440 720 illi
2469 683 2563 721 vos
2601 667 2834 722 habeant
2861 675 2920 721 ut
2963 677 3159 737 patres.
3209 669 3479 738 Exemplis
3505 670 3662 724 bonis

2085 755 2205 810 illos
2229 755 2498 819 instruite,
2530 756 2812 812 admonete
2831 764 2890 809 ut
2918 758 3285 821 charissimos,
3316 759 3577 829 castigate
3602 765 3663 812 ut

2085 859 2410 908 conservos;
2443 845 2568 912 quia
2613 846 2721 914 30
2750 846 2866 899 haec
2902 853 2986 898 est
3032 845 3268 900 fraterna
3297 846 3556 912 charitas,
3603 855 3665 900 ut

2084 949 2273 988 omnes
2299 933 2452 1002 quasi
2475 934 2831 1002 vosmetipsos
2859 934 2925 987 ad
2949 949 3202 988 coronam
3224 949 3469 1004 supernae
3489 936 3663 990 beati-

2088 1023 2287 1077 tudinis
2324 1023 2617 1092 perducere
2645 1023 2928 1076 studeatis.
3093 1011 3114 1031 ‘

2155 1111 2533 1165 Adolescentes
2561 1124 2691 1164 vero
2716 1110 3029 1163 'senioribus
3077 1111 3229 1178 quasi
3258 1112 3500 1179 patribus
3542 1117 3654 1169 sub

2088 1199 2186 1254 diti
2209 1205 2382 1253 estote
2409 1197 2458 1267 (Ι
2496 1197 2638 1250 Petr.
2667 1213 2718 1260 v,
2746 1195 2821 1268 5),
2848 1197 2988 1251 sicut
3009 1197 3075 1251 de
3101 1197 3212 1252 Deo
3233 1197 3452 1253 Christo
3472 1200 3668 1267 legitur

2091 1289 2142 1342 in
2182 1287 2505 1356 Evangelia,
2543 1287 2683 1355 quod
2727 1286 2974 1340 subditus
3002 1295 3147 1340 esset
3191 1287 3304 1341 suis
3352 1290 3670 1356 parentibus

2091 1379 2240 1450 (Luc.
2264 1396 2324 1444 ιι,
2352 1379 2462 1450 5-1).
2491 1378 2547 1433 Si
2576 1393 2704 1433 vero
2727 1378 2870 1433 Deus
2891 1380 3051 1432 homo
3069 1386 3125 1432 et
3146 1379 3405 1433 Dominus
3428 1379 3669 1432 omnium

2091 1471 2338 1526 subditus
2359 1486 2476 1525 esse
2493 1487 2599 1524 non
2620 1471 2942 1540 dedignatur
2968 1471 3304 1534 hominibus,
3335 1477 3534 1538 quanto
3558 1484 3671 1522 ma—

2091 1561 2172 1631 gis
2196 1571 2249 1616 et
2275 1577 2388 1625 vos,
2414 1561 2567 1630 pueri
2589 1569 2644 1615 et
2671 1561 3058 1622 adolescentes,
3092 1560 3288 1615 subditi
3319 1572 3438 1614 esse
3461 1557 3672 1613 debetis

2092 1650 2364 1720 magistris
2394 1651 2610 1715 vestris,
2641 1659 2700 1704 ut
2736 1665 2832 1719 per
2863 1650 3074 1704 illorum
3123 1652 3320 1704 bonam
3368 1649 3672 1704 doctrinam

2092 1739 2353 1809 prolicere
2373 1747 2426 1793 et
2456 1738 2678 1804 florere,
2719 1745 2772 1792 et
2811 1739 3036 1793 exaltari
3076 1739 3129 1792 in
3174 1738 3412 1792 Ecclesia
3448 1737 3669 1801 Christi,

415 1827 526 1883 dite
554 1841 742 1897 preces
763 1835 990 1892 vestras,
1017 1828 1167 1896 quasi
1190 1837 1453 1897 praesente
1495 1829 1606 1884 Deo
1635 1831 1914 1899 loquentes
1939 1839 1993 1884 et
2027 1811 2070 1868 Β
2095 1838 2149 1886 et
2184 1831 2252 1884 ad
2280 1831 2444 1883 vitam
2472 1838 2728 1882 mternam
2751 1843 2871 1881 cum
2895 1827 3030 1892 illis,
3064 1828 3172 1883 Deo
3197 1827 3446 1890 donante,
3480 1841 3672 1896 perve-

417 1917 624 1971 sanclis
643 1915 778 1984 ejus.
813 1915 924 1972 Nec
964 1918 1033 1972 sit
1066 1917 1210 1972 aliud
1251 1919 1305 1972 in
1350 1919 1547 1984 corde,
1588 1920 1732 1974 aliud
1778 1921 1832 1973 in
1867 1935 1990 1984 ore;

421 2007 552 2076 quia
576 2007 736 2060 homo
762 2006 912 2059 audit
931 2007 1073 2074 quod
1091 2021 1154 2060 os
1172 2006 1430 2078 loquitur,
1462 2007 1604 2062 Deus
1619 2007 1832 2077 inspicit
1853 2009 1995 2078 quod

423 2111 523 2152 eor
556 2096 784 2165 cogitat;
816 2096 944 2164 quia
971 2112 1068 2150 cor
1088 2099 1378 2151 contritum
1399 2109 1453 2153 et
1485 2099 1827 2153 humiliatum
1852 2097 1996 2154 Deus

422 2203 530 2243 non
559 2188 763 2256 spernit
799 2187 970 2260 (Paal.
1005 2204 1056 2253 ι,
1097 2188 1206 2258 l9).
1239 2189 1307 2243 Et
1352 2193 1530 2245 omnis
1577 2192 1668 2260 qui
1717 2207 1776 2246 se
1818 2192 1996 2246 humi-

421 2276 546 2340 liat,
577 2276 901 2331 exaltabitur
944 2275 1095 2348 (Luc.
1137 2293 1267 2343 xrv,
1322 2279 1432 2349 ll).
1487 2279 1592 2335 Per
1636 2281 1994 2336 humilitatem

419 2381 579 2432 vero,
606 2367 974 2423 oledientiam»
992 2375 1047 2422 et
1092 2368 1412 2424 charitatem
1458 2374 1754 2428 monachus
1797 2374 1994 2429 corium

419 2458 692 2512 ascendit.

496 2548 610 2602 Non
646 2557 729 2602 est
767 2549 931 2620 igitur
968 2549 1235 2606 laudabile
1268 2552 1322 2606 in
1373 2554 1708 2609 vestimentis
1755 2554 1995 2608 habitum

421 2639 623 2692 imitari
649 2638 888 2703 Patrum,
921 2640 1039 2695 sine
1064 2641 1443 2696 observatione
1477 2644 1849 2697 mandatorum
1878 2659 1999 2712 qua:

424 2727 498 2780 illi
527 2735 832 2781 statuerunt
858 2728 967 2783 Deo
1009 2731 1388 2786 servientibus.
1420 2731 1521 2798 Qui
1567 2732 1699 2787 foris
1747 2733 1798 2786 in
1826 2733 1996 2788 oculis

423 2817 698 2871 hominum
729 2818 845 2871 ovis
868 2818 919 2873 in
947 2820 1283 2875 vestimentis
1305 2822 1471 2877 videri
1515 2825 1679 2892 cupit,
1707 2824 1850 2879 intus
1873 2833 1997 2879 ante

424 2914 771 2974 conspectum
796 2906 890 2960 Dei
917 2923 1013 2977 per
1040 2911 1221 2965 cordis
1272 2921 1479 2966 secreta
1511 2928 1631 2967 esse
1687 2915 1996 2979 contendat,

424 2995 569 3062 quod
596 2993 728 3050 foris
753 3004 877 3052 ante
900 2997 1144 3054 homines
1171 3001 1346 3070 putari
1370 3003 1535 3072 cupit.

498 3085 748 3141 Charitas
776 3088 938 3157 igitur
957 3105 1116 3157 quam
1164 3092 1304 3147 Deus
1341 3094 1594 3163 prtecepit
1641 3092 1832 3164 duplex
1880 3109 1997 3149 esse

428 3176 624 3240 debet,
667 3178 719 3232 id
764 3186 847 3232 est
927 3179 1016 3234 Dei
1045 3188 1093 3234 et
1125 3182 1374 3250 proximi.
1420 3184 1534 3239 Una
1564 3199 1686 3253 quae
1714 3194 1873 3254 supra
1903 3201 2000 3242 nos

429 3273 536 3330 est,
566 3267 618 3320 id
647 3275 732 3321 cst
774 3267 943 3332 Deus;
977 3269 1146 3323 altera
1182 3286 1302 3340 quae
1346 3271 1500 3339 juxta
1529 3291 1629 3330 nos
1655 3284 1774 3341 est,
1824 3276 1875 3330 id
1919 3285 2003 3332 est

433 3356 614 3411 homo.
640 3357 778 3412 Deus
804 3373 870 3411 ex
894 3367 1006 3414 toto
1028 3361 1188 3415 corde
1216 3369 1270 3416 et
1291 3378 1359 3417 ex
1375 3370 1492 3419 tota
1511 3365 1693 3419 anima
1717 3375 1770 3420 et
1795 3381 1861 3421 ex
1890 3375 2002 3422 tota

431 3446 683 3516 diligatur
714 3449 930 3504 virtute.
962 3450 1243 3506 Proximos
1284 3469 1413 3510 vero
1467 3457 1606 3512 sicut
1649 3459 2004 3527 nosmetipsos

433 3535 716 3606 diligamus
735 3535 947 3607 (Matth.
982 3555 1115 3604 xxu,
1157 3541 1246 3607 37,
1272 3542 1385 3614 59).
1412 3545 1470 3599 Si
1497 3554 1705 3614 quaerat
1729 3547 2002 3615 quislibet,

434 3625 524 3694 qui
563 3627 633 3679 sit
670 3628 985 3696 proximus?
1047 3645 1258 3686 omnem
1308 3633 1672 3690 Christianum
1710 3636 2005 3705 intelligere

433 3714 614 3779 debet,
646 3715 809 3769 veluti
857 3717 1232 3788 inEvangelio
1279 3722 1522 3792 legimus
1547 3723 1616 3779 de
1643 3723 1999 3785 Samaritano,

429 3801 524 3868 qui
563 3802 900 3860 vulneratum
936 3804 1138 3874 adjuvit
1181 3809 1330 3879 (Luc.
1382 3812 1470 3881 x).
1524 3811 1672 3871 Item,
1700 3812 2004 3868 obedientia

433 3891 628 3960 duplex
657 3906 776 3948 esse
798 3894 955 3949 debet
976 3935 1003 3960 ,.
1035 3896 1086 3950 id
1121 3907 1204 3952 est
1225 3939 1246 3964 ,.
1276 3910 1330 3955 et
1371 3903 1507 3958 mala
1553 3920 1656 3958 non
1685 3903 1862 3959 facere
1887 3921 2006 3974 qua:

436 3983 808 4052 prohibentur,
851 3988 1067 4044 etbona
1095 3989 1274 4048 facere
1299 4009 1418 4064 qua:
1454 3995 1732 4064 iubentur.
1797 3999 1864 4052 Et
1892 4000 2006 4054 lucc

436 4075 570 4139 duo,
608 4076 662 4132 id
710 4087 791 4134 est
855 4080 1093 4136 charitas
1141 4091 1204 4137 et.
1245 4085 1579 4153 obedientia,
1636 4103 1758 4144 cum
1795 4105 2004 4145 summa

428 4164 685 4233 iubentur
703 4169 1008 4225 humilitate
1028 4171 1256 4240 impleri.
1299 4174 1428 4231 limo
1459 4187 1584 4232 sunt
1610 4179 1714 4233 tria
1737 4187 2004 4248 praecepta

435 4271 555 4325 qua:
572 4259 816 4327 aperient
837 4262 1114 4317 monachis
1137 4271 1324 4331 portas
1345 4266 1488 4320 coeli.

506 4347 600 4404 llis
623 4349 804 4419 itaque
829 4352 982 4420 quasi
1021 4354 1290 4412 radicibus
1316 4357 1434 4412 aliae
1459 4370 1808 4416 succrescunt
1841 4363 2008 4417 virtu-

438 4446 518 4493 tes
540 4479 554 4502 ,
613 4443 768 4510 quasi
803 4459 1076 4499 ramorum
1102 4445 1384 4515 fertilitas,
1413 4452 1608 4520 quibus
1650 4452 1858 4510 fructus
1885 4455 2008 4511 vitm

435 4531 674 4586 nascitur
708 4541 940 4588 aeternae.
975 4535 1084 4591 Nec
1127 4553 1244 4605 me,
1271 4556 1421 4616 rogo,
1448 4545 1775 4600 sanctissimi
1818 4546 2007 4603 Patres

435 4624 490 4670 et
520 4616 716 4674 fratres
737 4660 750 4684 ,
779 4635 1265 4694 praesumptuosum
1286 4632 1571 4699 aestimate,
1591 4650 1687 4689 cur
1714 4637 1866 4691 vobis
1894 4638 2010 4692 hmo

435 4705 748 4762 scriberem.
777 4710 1025 4769 Charitas
1047 4731 1166 4771 mea
1207 4733 1294 4773 me
1318 4723 1574 4792 compulit
1617 4736 1642 4764 δ
1676 4724 1730 4778 in
1760 4726 1857 4781 has
1883 4741 2008 4795 pro-

437 4811 685 4866 rumpere
735 4797 970 4869 }itteras;
1027 4814 1218 4875 optans
1267 4810 1419 4865 vobis
1455 4813 1635 4867 omnia
1669 4815 1808 4870 bona
1833 4832 1863 4870 a
1898 4815 2008 4872 Deo

433 4886 550 4938 uari
581 4885 758 4957 [Catt.,
791 4890 1023 4966 donari],
1053 4905 1113 4951 ut
1140 4897 1194 4951 in
1220 4899 1417 4954 saeculo
1466 4901 1722 4959 honorem
1766 4906 2007 4962 habeatis

435 4991 556 5030 cum
605 4979 910 5036 hominibus
944 4992 999 5038 et
1032 4985 1086 5040 in
1115 4986 1297 5043 futuro
1323 4991 1520 5047 secqu
1549 4993 1713 5049 vitam
1749 5005 2006 5051 aeternam

435 5081 557 5121 cum
594 5072 794 5125 sanctis
820 5071 936 5127 Dei.
970 5075 1072 5130 Vos
1097 5093 1226 5134 vero
1262 5080 1502 5136 seniores
1551 5083 1606 5136 in
1646 5085 1836 5154 spiritu
1861 5101 2009 5141 man-

436 5158 751 5226 suetudinis,
782 5161 923 5218 sicut
941 5163 1230 5235 Apostolus
1244 5171 1517 5240 pratcepit,
1537 5170 1779 5240 iuniores
1799 5184 2008 5232 vestros

438 5245 737 5314 admonete,
767 5253 902 5322 quia.
935 5255 1146 5312 illorum
1203 5260 1346 5315 salus
1376 5270 1556 5317 vestra
1593 5273 1677 5318 est
1720 5280 1925 5321 merces
1952 5265 2006 5335 (1

439 5335 556 5392 Cor.
604 5343 699 5409 ιν),
735 5343 947 5400 illorum
983 5351 1214 5407 eruditio
1266 5363 1446 5408 vestra
1489 5363 1574 5409 cst
1622 5361 2003 5412 remuneratio.

504 5487 528 5512 ιι
569 5475 810 5560 Charitas
855 5498 934 5536 me
964 5485 1239 5560 compulit.
1267 5486 1392 5546 Haac
1415 5489 1576 5544 verba
1605 5491 1736 5546 satis
1778 5492 2006 5548 innunnt

437 5542 901 5633 hanlctepi‘stolun
931 5542 1089 5633 “ante
1137 5542 1393 5633 scriptam
1452 5542 2006 5633 fuisse

654 5614 1176 5744 Vitlisnprmficcretur
1203 5614 1475 5684 Alcuinus.
1519 5614 1844 5687 Malunt—lib.
1879 5614 2004 5688 iiii

507 5754 533 5792 ι’
567 5755 813 5821 Qucrcc'.
851 5762 934 5827 72,
966 5763 1144 5817 Canis.
1175 5766 1263 5831 27,
1299 5769 1549 5837 (Froben
1580 5771 1688 5841 20).

2095 1920 2214 1974 nire
2240 1917 2574 1972 mereamini.
2613 1915 2716 1970 Pro
2737 1931 2825 1970 me
2875 1929 3087 1983 semper
3118 1914 3450 1968 intercedere
3482 1914 3671 1984 digne-

2098 2009 2261 2072 mini,
2308 2016 2572 2078 quatenus
2624 2005 2820 2062 vestris
2866 2005 3116 2075 precibus
3162 2004 3372 2060 veniam
3430 2019 3672 2060 meorum

2097 2116 2312 2158 merear
2330 2101 2575 2170 accipere
2595 2105 2961 2169 peccatorum,
2986 2104 3041 2152 et
3069 2096 3358 2152 amabilem
3395 2096 3673 2152 vobiscum

2095 2193 2152 2248 in
2175 2193 2261 2246 die
2282 2191 2575 2246 novissimo
2610 2188 2821 2244 Domini
2874 2188 3044 2243 nostri
3074 2185 3200 2241 Jesn
3243 2185 3445 2241 Christi
3487 2187 3674 2242 audire

2095 2280 2421 2338 sententiam
2457 2298 2469 2332 :
2506 2277 2705 2342 Venite,
2746 2277 2998 2331 benedicti
3033 2275 3209 2330 Putris
3258 2276 3380 2340 mei,
3427 2277 3674 2346 percipite

2097 2385 2311 2440 regnum
2365 2368 2503 2438 quod
2552 2366 2691 2422 vobis
2736 2373 2976 2436 paratum
3031 2373 3106 2419 est
3157 2363 3220 2418 ab
3269 2364 3466 2422 oriaine
3494 2363 3675 2417 munda

2098 2457 2313 2531 (Matth.
2339 2474 2464 2521 xxv,
2493 2455 2605 2528 54).

2238 2550 2346 2605 Vos
2365 2557 2565 2603 aeterna
2589 2547 2684 2602 Dei
2703 2556 2985 2603 conservet
3014 2547 3213 2618 gratia,
3245 2546 3462 2611 fratres,

2239 2636 2480 2691 Nominis
2502 2645 2663 2705 atque
2692 2636 2796 2690 mei
2819 2650 3086 2690 memores
3113 2637 3229 2690 sine
3258 2635 3364 2690 fine
3389 2636 3596 2691 valete-

2571 2729 2600 2768 ι)
2637 2727 2968 2783 EPISTOLA
3007 2727 3195 2784 XXIV.

2535 2814 2600 2853 AD
2660 2813 2868 2853 LEONEI
2937 2814 2996 2852 Ill
3058 2813 3263 2857 ΡΛΡΑΜ..

2713 2889 2890 2961 (Anno
2915 2887 3098 2960 795.),

2099 2981 2438 3064 Commendat
2473 2983 2742 3064 δελπηιηεὶ
2769 2982 3050 3064 pontificis,
3077 2991 3322 3064 tanquam
3347 2984 3674 3064 tvicatit_apo-

2168 3051 2418 3122 stolarum
2431 3063 2486 3109 et
2519 3051 2766 3122 Ecclesiae
2790 3051 3059 3122 principis,
3091 3051 3385 3121 opastolicw
3421 3051 3672 3107 sollicitu-

2173 3121 2285 3175 dini
2313 3121 2806 3193 perﬁngilbertum.

2173 3211 2400 3266 Domino
2422 3212 2755 3278 beatissimo,
2797 3221 2958 3284 atque
2981 3213 3126 3268 omni
3147 3214 3352 3268 honore
3398 3215 3668 3269 nominan.

2101 3301 2170 3355 do
2208 3311 2229 3338 ο
2260 3299 2620 3370 Leoni'papze,
2651 3301 2868 3357 humilis
2919 3302 3078 3358 levita
3109 3300 3334 3357 Albinus
3381 3311 3594 3358 mternzc
3624 3303 3676 3359 in

2101 3393 2318 3448 Christo
2338 3393 2522 3464 gloriae
2553 3392 2802 3449 salutem.

2176 3482 2465 3552 Suscipiat,
2495 3484 2740 3548 obsecro,
2773 3485 3110 3539 sanctissima
3137 3486 3308 3555 pietas
3338 3493 3535 3548 vestra,
3580 3486 3675 3540 Pa-

2105 3580 2186 3626 ter
2211 3571 2529 3627 charissime
2572 3572 2703 3644 [Al.,
2735 3572 3179 3644 gloriosissime],
3223 3573 3457 3644 benigno
3501 3574 3678 3630 animo

2105 3671 2305 3717 nostra:
2329 3662 2614 3731 parvitatis
2638 3662 2920 3724 litterulas,
2981 3671 3037 3717 et
3082 3679 3168 3718 me
3207 3663 3458 3719 devotum
3488 3672 3678 3719 vestrae

2103 3753 2407 3806 dilectionis
2434 3751 2692 3806 famulum
2720 3767 2968 3822 agnosce.
2995 3753 3219 3829 Semper
3249 3764 3448 3810 sanctae
3476 3754 3678 3809 Itoma-

2105 3856 2187 3893 naa
2221 3839 2364 3894 sedis
2396 3839 2772 3903 beatissimos,
2825 3851 3085 3910 quantum
3135 3843 3301 3908 valui,
3336 3845 3604 3914 principes
3627 3852 3676 3898 et

2105 3940 2350 4000 pastores
2372 3930 2567 3993 amavi,
2596 3931 2817 4000 cupiens
2856 3932 3070 3986 illorum
3100 3935 3458 3989 sanctissimis
3506 3936 3679 3989 inter-

2105 4020 2436 4075 cessionibus
2475 4019 2616 4076 inter
2639 4035 2766 4075 oves
2791 4019 2991 4075 Christi
3020 4023 3322 4087 numerari,
3376 4038 3510 4090 quas
3539 4025 3680 4079 Deus

2106 4113 2352 4170 Christus
2379 4122 2500 4184 post
2520 4113 2928 4171 resurrectionis
2953 4128 3062 4169 sua:
3083 4114 3307 4184 gloriam
3331 4115 3488 4172 beato
3520 4115 3680 4172 Petro

2106 4205 2334 4280 principi
2366 4206 2728 4274 apostolorum
2756 4207 3052 4276 pascendas
3085 4208 3500 4263 commendavit.
3529 4208 3678 4274 ρ..οά

2107 4309 2236 4348 vere
2261 4295 2478 4366 dignum
2506 4311 2624 4352 esse
2650 4295 2841 4362 fateor,
2868 4312 3082 4353 omnem
3116 4298 3259 4353 illius
3283 4298 3460 4370 gregis
3500 4297 3679 4352 multi-

2110 4385 2346 4439 tudinem
2363 4401 2459 4442 suo
2470 4387 2691 4455 pastori,
2713 4386 2836 4441 licet
2856 4387 2910 4440 in
2933 4388 3160 4443 diversis
3176 4396 3440 4442 terrarum
3465 4388 3680 4459 pascuis

2041 4505 2082 4560 ο
2110 4483 2549 4540 commorantem,
2582 4490 2687 4529 una
2711 4475 2990 4531 charitatis
3019 4475 3122 4532 ﬁde
3146 4475 3438 4547 subjectam
3462 4491 3601 4542 esse,
3625 4486 3680 4531 et

2110 4563 2248 4617 sicut
2270 4563 2356 4633 pio
2379 4568 2578 4632 pastori
2627 4564 2911 4630 condecet,
2954 4581 3201 4636 magnam
3250 4567 3523 4622 commissi
3573 4567 3679 4622 sibi

2108 4655 2282 4726 gregis
2311 4671 2495 4709 curam
2559 4655 2795 4721 habere,
2854 4664 2908 4711 et
2963 4657 3145 4712 sedula
3187 4657 3404 4722 pietatis
3431 4658 3677 4713 admoni-

2108 4745 2253 4799 tione
2290 4753 2345 4799 et
2382 4745 2684 4800 sanctitatis
2747 4746 3135 4803 intercessione
3180 4749 3476 4818 praevidere
3534 4747 3676 4821 [Al.,

2106 4835 2449 4908 providere],
2507 4851 2576 4891 ne
2613 4837 2778 4907 aliqui
2806 4852 2872 4891 ex
2912 4838 3020 4894 illis
3065 4852 3163 4906 per
3192 4837 3486 4908 praecipitia
3530 4853 3680 4892 erro-

2109 4941 2227 4979 rum
2268 4941 2298 4979 a
2318 4926 2401 4980 via
2430 4927 2678 4982 veritatis
2722 4935 2779 4981 et
2812 4935 3084 5001 perpetua:
3110 4927 3323 4997 pascuis
3357 4927 3483 4982 vitae
3521 4942 3680 4998 exor-

2107 5018 2280 5073 bitare
2336 5017 2615 5088 incipiant.
2683 5018 2875 5091 Gregis
2921 5019 3124 5074 sanitas
3171 5019 3340 5090 gloria
3377 5026 3462 5074 est
3498 5029 3680 5090 pasto-

2109 5108 2183 5160 ris
2206 5147 2220 5168 .
2261 5116 2316 5161 et
2351 5109 2723 5177 multiplicatio
2760 5110 2905 5164 illius
2931 5122 3141 5164 merces
3163 5116 3385 5164 :eterna.

2177 5197 2314 5252 Ecce
2337 5205 2413 5262 tu,
2443 5199 2782 5253 sanctissime
2802 5199 2983 5264 Pater,
3007 5198 3242 5268 pontifex
3264 5215 3294 5255 a
3317 5201 3427 5258 Deo
3451 5201 3674 5269 electus,

2107 5284 2340 5340 vicarius
2363 5286 2749 5356 apostolorum,
2769 5287 2941 5341 haeres
2961 5286 3202 5353 Patrum,
3226 5290 3475 5361 princeps
3496 5291 3679 5348 Eccle-

2105 5374 2225 5438 δίκε,
2251 5374 2410 5430 unius
2435 5375 2790 5431 immaculata:
2810 5376 3072 5433 columbae
3099 5381 3353 5448 nutritor.
3386 5382 3445 5436 In
3471 5392 3522 5439 te
3544 5384 3678 5441 fides

2178 5519 2199 5588 ἷ⁵
2220 5506 2392 5588 ,ιερηε
2416 5524 2582 5578 Papa.
2607 5509 2702 5588 Est
2721 5509 2810 5565 hic
2831 5511 2937 5588 Leo
2957 5527 3094 5588 papa
3114 5515 3199 5581 ΙΙΙ,
3211 5516 3306 5588 qui
3329 5526 3448 5588 post
3469 5519 3675 5576 obitum

2105 5574 2326 5660 gdriani
2347 5574 2506 5660 papaég
2517 5579 2899 5660 pontificatum,
2913 5574 3197 5660 in'iit'anno
3209 5574 3481 5660 f95,'festc
3503 5574 3672 5660 sancti

2107 5645 2362 5729 Stephani
2385 5645 2820 5729 protomartyris,
2849 5653 3101 5729 utrefert
3127 5645 3442 5713 Anastasius
3469 5658 3521 5712 in
3552 5656 3670 5710 Vita

2106 5714 2346 5772 Adriani.
2381 5714 2526 5774 Obiit
2551 5734 2678 5775 vero
2691 5714 2842 5776 anno
2869 5723 2991 5779 816.
