4070 6196
322 370 446 456 ’ὰῑο

338 508 698 582 resplendeat,
726 504 937 560 devotio
965 501 1191 570 fulgeat,
1231 497 1471 554 cbaritas
1498 491 1737 550 abundet
1773 486 1903 582 [alia
1940 485 1987 544 Α

338 578 705 673 resplendeat,
746 595 965 665 fulgeat,
1014 587 1294 660 abundet].
1320 587 1597 657 Congrega
1634 596 1737 637 nos
1778 578 1921 633 ﬁlios

338 670 539 749 sanctm
586 685 681 741 Dei
731 682 983 739 Ecclesiae
1031 687 1268 750 paterna:
1297 674 1661 733 miserationis
1694 670 1908 734 affectu,

340 781 447 835 tuis
472 772 830 833 sanctissimis
849 770 1186 826 orationibus
1211 776 1265 823 et
1291 764 1617 822 dulc'ssimis
1641 772 1925 815 sacrarum

341 873 640 925 litterarum
665 861 1146 922 exhortationibus,
1174 860 1314 913 intra
1343 855 1712 912 ﬁrmissimum
1742 849 1925 904 Eccle

343 964 437 1016 sine
460 957 749 1016 soliditatis
777 954 916 1010 ovile
932 994 946 1017 ,
988 966 1056 1006 ne
1082 950 1293 1027 aliquis~
1319 963 1387 1002 ex
1407 946 1560 1002 nobis
1587 941 1925 997 errabundus

342 1052 524 1122 lupina
559 1047 854 1117 rapacitate
889 1043 1021 1098 loris
1060 1040 1365 1095 inveniatur
1396 1034 1755 1092 devorandus.
1787 1031 1923 1084 Nam

342 1121 680 1211 splendentia
698 1135 937 1192 caelestis
959 1131 1165 1187 militia
1191 1130 1426 1199 agmina,
1470 1122 1770 1180 nativitatis
1816 1121 1922 1175 Do-

345 1229 476 1284 mini
505 1227 674 1281 nostri
718 1223 848 1279 Jesu
874 1221 1077 1277 Christi
1117 1218 1311 1289 gaudia
1360 1217 1536 1287 primo
1583 1212 1925 1283 pastoribus,

347 1322 440 1393 qui
491 1333 653 1389 supra
697 1332 825 1372 suos
873 1315 1065 1369 devote
1088 1312 1378 1382 vigilarunt
1402 1325 1593 1381 greges
1618 1349 1634 1374 ,
1674 1307 1924 1362 nuntiare

346 1419 629 1467 venerunt.
668 1410 809 1463 Ecce
835 1407 942 1461 tuis
969 1404 1324 1461 sanctissimis
1360 1402 1560 1473 vigiliis
1587 1402 1654 1455 ad
1680 1409 1931 1470 pastora-

346 1505 453 1559 lem
472 1499 911 1562 sollicitudinem,
947 1494 1322 1565 pmbatissime
1360 1492 1800 1557 archimandrita,
1828 1506 1928 1543 an-

344 1591 548 1665 gelicas
571 1604 602 1643 a
629 1586 877 1658 supernis
897 1586 1116 1641 sedibus
1132 1583 1473 1639 visitationes
1485 1589 1667 1636 astare
1696 1596 1805 1635 non
1830 1579 1928 1632 du-

346 1682 605 1743 bitamus,
629 1691 859 1747 quorum
884 1674 1083 1729 auxilio
1117 1686 1451 1742 quacunque
1470 1670 1707 1724 divinam
1756 1682 1928 1737 popo-

347 1770 519 1826 sceris
539 1768 817 1838 pietatem,
867 1764 1156 1833 impetrare
1180 1770 1233 1816 te
1272 1775 1432 1830 posse
1455 1759 1745 1814 credimus.
1776 1755 1928 1810 Unde

349 1878 449 1933 ego
468 1861 689 1915 ultimus
715 1855 1069 1913 sacratissimi
1114 1854 1274 1909 ovilia
1322 1851 1668 1914 vernaculus,
1698 1857 1752 1903 et
1779 1860 1927 1902 mor-
1956 1830 2003 1890 Β

349 1952 476 2006 bida
497 1949 734 2020 peccatis
756 1946 964 2002 oricula
987 1986 1000 2008 ,
1030 1960 1124 2014 spe
1149 1945 1431 2014 praecipua:
1451 1942 1711 1997 bonitatis
1736 1950 1931 1994 vestra:

348 2040 452 2111 31
495 2039 795 2100 animatus,
855 2044 979 2091 ante
1025 2034 1398 2089 sanctissimos
1450 2029 1788 2101 paternitatis
1829 2036 1932 2081 tua:

347 2134 513 2199 pedes
538 2129 718 2183 animo
763 2135 1068 2196 prostratus
1109 2123 1425 2194 suppliciter
1469 2124 1719 2191 deposco,
1748 2126 1935 2190 quate-

351 2237 457 2276 nus
485 2220 758 2275 dirissima
799 2217 908 2289 [ΔΙ.
962 2213 1275 2286 durissima]
1305 2223 1651 2284 peccatorum
1693 2224 1933 2265 meorum

353 2310 568 2367 vincula
623 2324 721 2379 per
778 2307 1201 2363 ecclesiasticam
1237 2303 1547 2373 apostolicae
1598 2300 1937 2355 auctoritatis

354 2410 680 2474 potestatem
695 2399 903 2454 solvere
923 2397 1183 2469 digneris,
1202 2403 1258 2452 et
1269 2404 1509 2466 paternae
1528 2393 1748 2464 pietatis
1764 2391 1940 2461 preci-

355 2497 459 2550 bus
485 2507 701 2549 cursum
724 2490 852 2545 vitaa
873 2504 1006 2544 meae
1033 2489 1123 2559 qui
1151 2496 1321 2543 restat
1355 2487 1422 2541 ad
1451 2494 1721 2556 perpetuae
1753 2491 1940 2554 portas

356 2585 593 2642 civitatis
622 2582 854 2653 dirigere
873 2580 1113 2635 studeas.

428 2675 662 2731 Grandia
684 2687 850 2742 posco
877 2670 1115 2740 quidem,
1148 2676 1241 2724 sed
1266 2668 1506 2723 cbaritas
1537 2667 1757 2738 grandia
1793 2667 1942 2721 novit

360 2769 508 2823 dare.
536 2764 854 2819 Poscentem
875 2775 974 2831 pro
1000 2760 1107 2815 lilia
1131 2772 1155 2801 ι
1183 2759 1395 2814 viduam
1427 2758 1630 2813 Christi
1659 2755 1938 2811 clementia

358 2874 466 2913 non
489 2856 712 2927 spernit,
746 2855 844 2909 sed
870 2854 944 2907 ait
969 2867 987 2907 :
1028 2851 1072 2907 0
1099 2851 1309 2916 mulier,
1336 2867 1527 2920 magna
1556 2861 1627 2903 es:
1652 2850 1783 2919 ﬁdes
1813 2858 1940 2912 tua;

358 2947 455 3017 [ἰαί
480 2947 594 3009 tibi,
623 2945 754 2999 sicut
778 2944 851 2997 vis
877 2941 1094 3015 (Matth.
1122 2957 1208 3002 xv,
1237 2940 1353 3013 28).
1388 2939 1549 2994 Fides
1573 2955 1658 2994 me
1696 2939 1945 2994 bortatur

362 3041 480 3094 hinc
517 3051 770 3107 poscere,
817 3049 939 3105 spes
977 3033 1262 3088 conlirmat
1304 3032 1633 3102 impetrare;
1674 3030 1941 3093 charitas,

362 3131 544 3193 credo,
570 3142 767 3198 negare
788 3141 891 3180 non
913 3123 1213 3195 praesumit.
1238 3122 1485 3178 Christus
1505 3136 1601 3193 pro
1622 3120 1795 3184 nobis,
1820 3134 1942 3174 cum

363 3218 573 3274 inimici
596 3230 859 3281 essemus,
882 3215 1020 3271 mori
1050 3229 1161 3270 non
1193 3214 1497 3269 dubitavit:
1538 3219 1739 3281 quanto
1773 3210 1944 3280 magis

368 3319 440 3373 te,
473 3307 636 3363 Pater
662 3314 879 3371 sancte,
908 3319 1009 3375 pro
1036 3303 1227 3358 amicis
1263 3318 1420 3358 orare
1450 3302 1586 3356 velle
1620 3298 1945 3355 credendum

366 3399 496 3454 est?
535 3396 649 3452 Sub
675 3403 729 3450 te
751 3404 972 3467 pastore
1005 3404 1267 3464 augeatur
1291 3410 1422 3464 grex
1460 3392 1682 3450 Christi.
1715 3391 1794 3446 Tu
1820 3407 1948 3445 con-

369 3488 573 3545 solator
615 3485 986 3548 mmrentium,
1039 3482 1253 3553 adiutor
1291 3483 1682 3545 laborantium,
1729 3496 1853 3550 spes
1882 3481 1950 3533 ad

371 3591 424 3633 te
450 3576 820 3641 clamantium,
854 3574 945 3632 lux
964 3576 1120 3640 vitaz,
1158 3573 1437 3644 religionis
1475 3574 1657 3628 decus.
1685 3572 1858 3626 Locus
1895 3571 1949 3625 in

371 3687 480 3742 quo
505 3679 638 3737 stas,
668 3667 917 3725 omnibus
952 3674 1005 3722 te
1045 3663 1414 3721 lionorabilem
1460 3661 1620 3727 facit,
1662 3671 1718 3717 et
1743 3677 1950 3717 morum

374 3761 631 3818 nobilitas
672 3757 996 3814 laudabilem
1036 3765 1091 3811 et
1134 3756 1354 3825 pietatis
1396 3754 1608 3809 devotio
1645 3752 1951 3808 amabilem.

379 3851 446 3903 Et
473 3848 565 3918 qui
587 3847 767 3902 sedem
791 3855 1099 3902 sanctorum
1127 3852 1276 3900 tenes
1298 3844 1541 3908 Patrum,
1565 3858 1750 3898 eorum
1776 3857 1955 3896 exem-

372 3941 486 4013 plis
518 3938 785 3994 inhaereas
808 3951 1036 4006 semper,
1068 3944 1130 3989 ut
1159 3950 1281 3991 eum
1308 3934 1415 3988 illis
1439 3933 1718 4003 multiplici
1756 3931 1957 3987 laboris

382 4029 628 4087 mercede
652 4029 709 4083 in
737 4027 948 4083 Domini
989 4026 1083 4081 Dei
1115 4026 1188 4080 tui
1214 4025 1407 4097 gaudia
1437 4025 1638 4079 intrare
1678 4022 1954 4079 merearis.

378 4122 485 4176 lste
510 4118 654 4174 illius
678 4131 830 4172 meus
850 4115 1202 4173 charissimus
1225 4115 1252 4154 ι)
1267 4112 1761 4186 Angilbertus[Al.,
1777 4111 1958 4182 Engil-

379 4205 594 4280 hortus]
619 4206 770 4262 vobis
795 4204 1095 4275 patefacere
1123 4203 1266 4259 valet
1297 4212 1498 4259 nostra:
1526 4202 1807 4272 parvitatis
1831 4216 1959 4271 erga

382 4298 736 4371 apostolicam
771 4295 951 4352 sedem
986 4294 1345 4359 devotionem,
1389 4294 1552 4351 etiam
1589 4301 1645 4347 et
1669 4292 1963 4347 voluntatis

384 4401 587 4448 nostra:
611 4388 946 4461 petitionem,
966 4400 1125 4458 quem
1152 4394 1345 4442 vestrae
1364 4385 1553 4456 pietati
1576 4384 1729 4440 valde
1747 4384 1958 4440 ﬁdelem

1189 390 1248 443 Β.
1288 388 1351 441 F.
1389 383 1614 440 ALBLN'I
1649 380 1780 437 SEU
1818 372 2092 433 ALCUINI
2126 366 2407 427 OPERUM
2450 365 2628 422 PARS
2658 364 2698 418 I.

3496 354 3602 411 180

2510 487 2530 514 ε
2561 470 2895 528 EPISTOLA
2934 468 3098 524 XXV.

2092 630 2158 668 AD
2193 623 2539 667 anteissmuu
2574 619 2753 660 runca
2781 613 3037 657 unusnon
3068 597 3527 670 (Ακςὲιβεκτυιι).

2619 734 2808 807 (Anno
2840 730 2997 801 796.)

2023 872 2360 930 Commendat
2385 870 2467 924 sui
2503 865 2807 920 "tentorium
2847 861 2929 914 ad.
2955 857 3251 930 patrocinia
3276 865 3605 930 sciretque,

2091 925 2177 1006 et,"
2201 925 2262 996 ut
2295 957 2373 994 res
2408 934 2771 993 ecclesiasticis
2802 925 3211 1001 pulchritudinis
3245 926 3347 980 sibi
3391 925 3605 993 cierat,

2094 1021 2266 1091 monet
2275 1050 2290 1063 .

2097 1160 2415 1218 Dulcissimo
2441 1158 2553 1211 lilio
2581 1157 2662 1209 vir
2695 1150 3012 1217 ﬂuctivagus
3038 1147 3290 1202 salutem.

2096 1251 2172 1305 'I‘e
2197 1251 2427 1305 abeunte
2457 1245 2656 1301 tentavi
2700 1242 2896 1311 saepius
2936 1239 3003 1293 ad
3039 1246 3254 1309 portum
3298 1236 3611 1291 stabilitatis

2026 1342 2254 1407 venire;
2289 1340 2384 1395 sed
2418 1345 2598 1393 rector
2624 1349 2805 1389 rerum
2844 1339 2898 1385 et
2943 1330 3283 1398 dispensator
3307 1327 3605 1381 animarum

2028 1432 2256 1489 necdum
2284 1428 2549 1485 concessit
2576 1439 2733 1495 posse
2757 1423 2897 1492 quod
2921 1421 3050 1475 olim
3089 1419 3219 1473 fecit
3239 1418 3396 1473 velle.
3420 1417 3611 1471 Adhuc

2027 1539 2095 1578 ex
2121 1522 2301 1577 radice
2328 1520 2507 1575 cordis
2534 1523 2816 1571 nascentes
2851 1512 3237 1583 cogitationum
3273 1510 3613 1565 ramusculos

2030 1619 2225 1669 ventus
2248 1609 2602 1664 tentationum
2634 1603 2896 1675 ﬂagellat,
2938 1611 2998 1657 ut
3023 1601 3406 1657 consolationis
3452 1598 3612 1655 ﬂores

2029 1712 2084 1759 et
2113 1700 2422 1758 refectionis
2448 1698 2656 1754 fructus
2684 1695 2879 1750 nutriri
2904 1692 3259 1762 nequiverint.
3289 1690 3423 1744 Tota
3455 1699 3612 1744 nocte

2031 1792 2340 1849 laborantes
2384 1789 2521 1845 nihil
2569 1788 2810 1858 cepimus
2848 1785 2998 1859 (Luc.
3034 1786 3113 1855 v),
3137 1784 3261 1854 quia
3290 1783 3518 1838 necdum
3555 1783 3611 1835 in

2033 1883 2214 1938 littore
2249 1880 2403 1937 Jesus
2437 1880 2610 1943 stetit,
2631 1876 2949 1948 praecipiens
2996 1873 3050 1928 in
3097 1874 3372 1928 dexteram
3418 1871 3613 1940 navigii

2035 1984 2148 2032 rete
2174 1974 2335 2029 mitti.

2103 2084 2409 2141 Patrocinia
2434 2091 2745 2138 sanctorum
2783 2096 2891 2135 non
2925 2079 3267 2134 obliviscere.
3308 2077 3417 2132 Res
3444 2078 3618 2132 eccle-

2036 2183 2268 2240 siasticae
2289 2179 2704 2251 pulchritudinis
2728 2176 2902 2233 oculis
2924 2181 3274 2230 occurrentes
3309 2173 3418 2227 noli
3443 2172 3616 2242 neg'i-

2036 2290 2164 2346 gere
2183 2282 2243 2329 ut
2267 2272 2537 2341 acquiras.
2564 2269 2757 2325 Nostra
2786 2267 3060 2323 rusticitas
3087 2280 3251 2321 avara
3282 2272 3367 2319 est
3396 2266 3462 2318 de
3493 2263 3617 2318 tali-

2037 2368 2170 2422 bus:
2202 2374 2379 2421 vestra
2410 2363 2661 2418 nobilitas
2688 2360 2837 2429 larga
2865 2366 2951 2415 est
2998 2360 3064 2413 de
3106 2357 3380 2415 omnibus.
3417 2353 3619 2410 Memor

2037 2464 2155 2510 esto
2183 2454 2375 2524 poetici
2401 2450 2649 2522 praesagii
2675 2468 2687 2502 :

2221 2606 2273 2654 Si
2298 2601 2417 2652 nihil
2440 2601 2678 2662 attuleris,
2706 2601 2817 2654 ibis,
2840 2597 3077 2654 Homere,
3097 2596 3239 2646 foras.

2041 2729 2155 2784 lIoc
2182 2729 2247 2783 de
2274 2735 2325 2781 te
2354 2734 2552 2794 tuoque
2577 2724 2770 2778 itinere
2799 2721 3179 2790 prepbetatum
3213 2733 3352 2782 esse,
3377 2718 3500 2787 quis
3523 2717 3626 2772 (ιυα

2040 2820 2218 2875 bitat?
2247 2818 2304 2871 Si
2326 2816 2600 2872 Christum
2630 2812 2855 2882 Sibylla,
2883 2809 3110 2879 ejusque
3136 2808 3350 2863 labores
3375 2806 3626 2876 praedixit

2042 2918 2362 2972 venturum,
2405 2923 2503 2963 cur
2536 2921 2645 2961 non
2672 2902 2814 2958 Naso
2859 2902 3150 2956 Homerum
3177 2898 3402 2968 ejusque
3429 2898 3623 2953 itinera

2042 2997 2392 3069 praececinit?
2440 2993 2724 3049 Paululum
2782 2999 3002 3061 propter
3059 2988 3411 3043 refectionem
3456 2987 3623 3041 animi

2045 3088 2315 3146 rhetorica
2340 3086 2443 3140 lusi
2467 3084 2762 3154 lepiditate.

1968 3164 2019 3229 ς’
2117 3197 2225 3268 32
2256 3195 2363 3251 Sed
2391 3202 2450 3249 ut
2474 3193 2674 3248 iterum
2707 3190 2776 3247 ad
2799 3190 2995 3245 seriem
3025 3199 3216 3256 rugosa
3240 3183 3415 3238 fronte
3444 3197 3626 3236 rever-

2048 3297 2154 3356 tar,
2181 3297 2235 3344 te
2254 3302 2384 3342 vero
2407 3284 2717 3339 unanimem
2743 3283 3041 3353 deposcens
3065 3278 3324 3341 amicum,
3360 3285 3413 3330 te
3450 3284 3630 3331 custo-

2051 3381 2170 3436 dem
2199 3378 2365 3434 animi
2384 3377 2698 3440 obsecrans,
2720 3383 2782 3428 ut
2805 3371 3089 3428 consilium
3111 3368 3299 3424 salutis
3326 3362 3631 3421 animarum

2053 3481 2382 3533 nostrarum,
2413 3483 2535 3523 cum
2565 3465 2837 3533 suffragiis
2862 3470 3173 3518 sanctorum
3211 3457 3574 3527 apostolorum
3600 3470 3631 3509 a

2053 3562 2165 3616 Deo
2209 3557 2533 3629 depreceris.
2567 3554 2701 3608 Nam
2753 3568 2852 3607 nos
2903 3552 3092 3606 ambos
3113 3590 3128 3614 ,
3173 3555 3233 3602 ut
3264 3559 3629 3615 recognosco,

2053 3654 2297 3723 qundam
2346 3648 2687 3707 necessitatis
2731 3652 2920 3700 catena
2968 3640 3322 3710 constringit,
3363 3646 3418 3692 et
3466 3637 3636 3690 libero

2055 3760 2217 3801 cursu
2245 3742 2536 3797 voluntatis
2583 3746 2760 3795 castra
2797 3736 3000 3790 intrare
3041 3747 3150 3787 non
3194 3728 3496 3800 permittit:
3535 3740 3636 3778 nec

2055 3845 2169 3901 est,
2203 3835 2292 3904 qui
2323 3832 2608 3901 compedes
2647 3841 2897 3896 rumpere
2935 3824 3136 3886 valeat,
3169 3821 3273 3876 nisi
3304 3819 3397 3889 qui
3442 3815 3634 3871 inferni

2058 3925 2231 3981 ferrea
2257 3925 2493 3979 claustra
2516 3916 2791 3980 contrivit,
2816 3915 2907 3985 qui
2933 3920 3017 3970 est
3041 3913 3128 3967 via
3151 3919 3207 3966 et
3229 3910 3431 3964 veritas
3454 3914 3508 3960 et
3530 3905 3636 3959 vita

2060 4017 2379 4085 (Joan.x1v,
2399 4008 2478 4082 6).
2506 4010 2604 4065 Via
2633 4003 2981 4078 pergentibus
3009 4018 3105 4072 per
3133 4000 3299 4063 illum,
3324 3999 3526 4085 veritas
3546 4008 3639 4085 ve.

2059 4083 2331 4161 aientibus
2356 4100 2423 4155 ad
2455 4099 2625 4161 illum,
2654 4095 2765 4150 vita
2787 4092 3131 4148 manentibus
3164 4091 3217 4144 in
3241 4088 3353 4143 illo.
3380 4084 3519 4152 Quid
3543 4083 3641 4137 ha-

2058 4198 2163 4251 beo
2180 4194 2301 4265 plus
2323 4190 2581 4253 scribere,
2603 4187 2728 4257 quia
2748 4183 2929 4240 omnia
2950 4179 3254 4237 necessaria
3278 4174 3457 4231 nosti?
3479 4171 3640 4228 Juxta

2061 4286 2516 4360 opportunitatem
2541 4277 2808 4352 portantis
2831 4288 3044 4343 semper
3065 4272 3236 4342 dirige
3257 4268 3391 4324 mihi
3411 4267 3639 4327 litteras,

2064 4353 2324 4431 u-t—sciam
2349 4372 2415 4427 de
2446 4367 2803 4440 prosperitate
2823 4373 2915 4418 tua
2943 4370 2999 4417 et
3024 4361 3220 4416 itinere
3242 4366 3338 4413 tuo
3355 4355 3403 4419 «ι,
3430 4353 3647 4425 quando

385 4496 507 4537 esse
548 4454 739 4551 agnovi
765 4494 781 4533 :
820 4486 875 4534 et
909 4454 1029 4535 ideo
1061 4486 1258 4534 nostra:
1288 4454 1623 4533 necessitatis
1658 4490 1852 4530 causas
1884 4474 1962 4530 illi
1987 4507 2042 4569 ο
2067 4465 2152 4520 νει
2178 4478 2284 4533 quo
2313 4461 2497 4515 venias
2522 4458 2814 4513 miserante
2844 4454 2973 4508 Deo-

387 4573 740 4668 mjuflﬁmuf’
762 4578 822 4628 ut
853 4587 951 4668 ιῖίῗτ
973 4586 1036 4626 os
1056 4570 1199 4668 ίίξίυε
1220 4568 1438 4640 pietatis
1461 4576 1654 4624 "csum
1676 4582 1835 4623 aures
1858 4566 1966 4621 mei
1990 4566 2022 4569 i
2062 4596 2329 4668 Prospera
2351 4600 2565 4657 cuncta,
2580 4605 2792 4661 precor,
2810 4586 2975 4643 faciat
2994 4585 3090 4640 tibi
3105 4580 3370 4643 Christus,
3392 4579 3642 4635 Homere!

389 4665 571 4719 cordis
595 4664 817 4718 audiant
840 4655 1264 4719 obsecrationes.

468 5021 493 5049 ι
521 5010 825 5091 Posce-nteit:
857 5026 953 5091 pro
979 5008 1094 5091 ﬁlio
1133 5008 1363 5091 viduam.
1395 5028 1414 5060 ι
1439 5009 1526 5091 _lta
1558 5022 1625 5062 ex
1659 5005 1969 5074 conjectura

395 5079 623 5148 corrigo,
653 5081 730 5134 ait
758 5078 1024 5143 Canisius,
1055 5078 1183 5134 licet
1211 5078 1395 5134 malim
1438 5079 1649 5148 legere:
1681 5086 1971 5148 poscentem

395 5164 491 5218 pro
522 5148 636 5217 ﬁlia
662 5149 1037 5204 Chananmam.
1065 5148 1195 5216 Quae
1220 5164 1288 5203 an
1317 5149 1470 5202 vidua
1495 5148 1672 5210 fuerit,
1702 5162 1807 5202 non
1845 5163 1974 5202 con-

399 5225 527 5300 stat.
556 5218 737 5300 Cede}
766 5235 886 5300 ins.
906 5220 979 5274 ita
1001 5220 1162 5300 habet
1173 5237 1194 5300 _:
1216 5228 1506 5300 poscentem
1529 5218 1971 5300 proﬂio'viduw.

401 5285 505 5369 Ubi
539 5285 646 5369 duo
662 5285 1226 5369 distinctanmiracula
1251 5285 1574 5369 conjungere
1596 5285 1824 5369 videtur.
1858 5306 1878 5340 ι

474 5354 503 5396 ι)
525 5355 888 5440 ᾐᾼηεζίιὸεηιιε.
919 5359 1230 5440 Hzee_tertia
1270 5354 1566 5440 Angillierti
1606 5357 1830 5440 Romam
1859 5365 1978 5440 erat

403 5425 755 5510 legatioz'peo
783 5442 918 5510 papa
948 5430 1130 5510 statim
1170 5446 1199 5485 a
1244 5444 1343 5510 sua
1360 5425 1645 5510 'electione
1675 5425 1898 5510 Carolo,
1917 5436 1978 5481 ut

404 5509 543 5576 etim.
555 5496 657 5550 sibi
690 5495 1006 5576 όεγῖ-ιξὸίιηςι,
1051 5514 1147 5567 per
1175 5515 1302 5576 suos
1328 5499 1531 5576 legatos
1559 5495 1978 5576 clavesconfes-

406 5563 578 5646 signis
610 5568 780 5646 sancti
812 5566 958 5646 Petri
993 5563 1068 5646 ac
1082 5568 1333 5646 vexillum
1377 5563 1633 5646 Romanae
1670 5567 1819 5621 urbis
1856 5582 1977 5646 cum

409 5634 530 5718 aliis
552 5637 864 5718 inut-Ieribp‘s
886 5635 1072 5704 misit;
1108 5639 1418 5718 rogavitque
1441 5647 1502 5718 ut
1526 5635 1849 5718 aliquem-cx
1868 5636 1980 5716 suis

409 5704 756 5783 optimatibus
798 5705 1029 5783 Romam.
1069 5704 1348 5783 mitteret,
1386 5708 1477 5775 qui
1521 5705 1703 5783 populi
1747 5704 1976 5783 Romani

411 5773 547 5832 nova
574 5775 695 5831 ﬁdei
725 5783 781 5831 ct
808 5773 1154 5841 subiectionis
1174 5773 1510 5830 sacramenta
1531 5774 1822 5834 exciperet.
1851 5773 1976 5828 Mis-

2136 4688 2238 4758 Qui
2268 4695 2320 4743 te
2355 4690 2638 4742 conservet
2660 4695 2893 4751 semper,
2917 4677 3116 4750 ubique
3144 4674 3294 4729 vale!

2070 5034 2167 5076 sus
2207 5026 2293 5074 est
2311 5015 2776 5088 eoAngilbertus,
2816 5020 2922 5088 etc.
2944 5050 2961 5077 ,
2991 5000 3654 5088 nimiriimcirca_initi£ni

2070 5070 2687 5145 Ξῖιὶιίῆθθζωίιῖιίδκ.
2715 5070 2784 5126 -ἑ
2817 5070 3221 5152 γεάίερῆεεοιεε
3251 5073 3432 5131 Caroli
3464 5072 3530 5126 ad
3553 5070 3658 5152 ηρ-

2073 5155 2835 5237 ωρωφνξςεε-ᾼῃὶεξιὺςηιξω,
2884 5162 2942 5207 et
2987 5151 3055 5205 ad
3084 5148 3319 5202 Leonem
3364 5156 3559 5215 papam
3603 5148 3655 5193 in

2074 5239 2221 5284 tomo
2249 5226 2453 5282 XCVIII
2482 5225 2825 5292 Patrologiae.

2148 5310 2170 5337 ε
2204 5298 2346 5351 Edit.
2375 5295 2623 5362 Quercet.
2651 5293 2739 5353 92,
2760 5290 2993 5346 Froben.
3026 5286 3321 5362 ZILCanis.
3347 5283 3439 5362 Mi,
3467 5281 3659 5337 collata

2077 5383 2198 5422 cum
2222 5355 2545 5421 coddfmss.
2575 5362 2772 5417 Salisb.
2804 5369 2860 5417 et
2892 5359 3063 5415 sancti
3097 5355 3441 5412 Emmerami.

2147 5436 2171 5474 ἀ
2204 5420 2396 5488 Itinere
2421 5446 2529 5492 tuo,
2575 5432 2817 5485 Romano
2856 5429 3079 5485 scilicet.
3117 5425 3497 5495 Angilbertns,
3536 5420 3661 5475 dum

2075 5504 2334 5560 Alcuinus
2357 5499 2984 5581 inﬁalnlianllrledi‘itzlt‘er
3005 5492 3231 5552 Romam
3260 5492 3534 5581 prolectus
3556 5499 3664 5552 est,

2079 5587 2272 5654 nempe
2308 5570 2465 5625 annis
2489 5568 2612 5632 794,
2643 5568 2747 5650 796
2767 5577 2822 5624 et
2852 5568 2977 5628 800.
3001 5577 3062 5621 nt
3087 5581 3249 5690 supra
3280 5566 3535 5626 diximus,
3559 5574 3668 5629 quo

2080 5659 2145 5723 es
2170 5657 2257 5723 _ns_
2275 5655 2416 5722 anno
2447 5639 2578 5723 data
2620 5646 2691 5694 sit
2718 5652 2961 5707 praesens
2986 5637 3161 5723 θρὲδίξε)³
3182 5652 3211 5689 a
3259 5635 3525 5691 incertum
3561 5637 3666 5684 est.

2084 5710 2420 5766 Mabillonins
2447 5708 2590 5765 illam
2617 5706 2863 5765 recenset
2892 5722 3034 5761 anno
3058 5706 3181 5761 796.
