4070 6182
380 318 484 395 is;

1217 329 1277 384 Β.
1318 328 1381 383 F.
1422 325 1646 382 ALBINI
1684 325 1814 383 SEU
1855 324 2133 381 ALCUINI
2171 324 2454 383 OPEHUM
2486 326 2666 383 PARS
2705 325 2746 382 Ι.

3548 330 3649 385 ικι

380 451 689 507 Ιδιίμυίειηιιε
720 446 851 501 vult.
882 443 989 500 Sed
1016 442 1159 497 inter
1178 440 1244 496 de
1268 449 1324 495 et
1347 440 1430 496 dis
1460 448 1670 496 tantum
1706 446 1955 495 versatur
1985 468 1995 500 ε

2084 441 2108 503 ξ
2155 436 2373 512 οθρανοῡ
2423 439 2668 510 luminis
2718 441 2898 514 κύριος
2945 438 3282 512 [ιτελτεψω.
3338 442 3366 497 ὁ
3422 444 3645 520 Infirm].

380 537 677 609 inquisitio.
720 530 1181 589 Considerandum
1228 543 1349 584 esse
1386 528 1620 594 videtur,
1652 543 1760 598 quo
1801 527 1960 583 modo

380 632 573 686 haheat
597 629 651 683 in
672 626 880 684 Graeco.
907 639 1029 693 quae
1051 622 1123 677 ibi
1150 622 1462 693 prmpositio
1492 622 1816 686 inveniatur,
1848 622 1963 676 sive

376 737 496 791 qua:
529 719 611 773 dis
639 714 927 789 signiﬁcet,
954 714 1068 770 sive
1094 728 1213 783 qna:
1238 712 1303 769 de
1329 711 1621 783 signiﬁcet.
1652 711 1794 768 Dicit
1816 712 1961 767 enim

375 811 686 866 Priscianus
731 807 795 863 de
822 806 1022 861 habere
1063 805 1249 874 plures
1293 803 1717 875 signiﬁcationes
1754 812 1812 859 et
1852 818 1962 857 non

376 917 475 970 pro
518 914 624 953 una
653 897 839 953 Grteca
872 894 1254 965 przepositione
1291 894 1440 963 poni,
1486 893 1581 948 sed
1623 907 1723 962 pro
1764 892 1958 953 tribus,

383 993 466 1048 vel
495 991 677 1047 forsan
720 989 986 1060 pluribus,
1037 988 1110 1042 ita
1153 987 1376 1042 dicens:
1415 1004 1434 1037 ι
1463 985 1527 1040 de
1555 1000 1664 1040 non
1695 984 1870 1039 solum
1906 984 1964 1038 τὸ

379 1086 485 1141 ἀπὸ
524 1081 818 1153 signiﬁcat,
867 1080 963 1135 sed
1000 1079 1161 1133 etiam
1188 1081 1248 1134 τὸ
1277 1080 1361 1132 ini
1396 1076 1826 1138 memorativum,
1858 1083 1918 1129 ut
1948 1092 1962 1128 :

378 1177 443 1229 de
470 1174 715 1244 partibus
737 1170 1020 1227 orationis.
1051 1168 1328 1239 Accipitur
1348 1166 1512 1223 etiam
1533 1180 1631 1237 pro
1658 1166 1785 1222 κατά
1807 1164 1966 1219 locali

382 1266 438 1321 in
465 1248 874 1333 compositione,
903 1267 964 1315 ut
992 1275 1005 1314 :
1035 1259 1255 1322 deduco,
1285 1257 1570 1321 descendo,
1601 1255 1846 1321 detraho,
1877 1254 1968 1308 de-

379 1355 524 1424 iicio,
564 1353 820 1425 despicio,
866 1349 1102 1405 derideo.
1142 1349 1239 1403 Bst
1284 1348 1447 1404 etiam
1490 1346 1829 1412 intentivum,
1867 1353 1963 1400 ut:

379 1445 755 1517 deprehendo,
814 1441 979 1508 dedo,
1030 1441 1293 1512 depravo,
1348 1439 1626 1509 deprimo,
1682 1439 1964 1505 deminuo,

381 1540 581 1606 deisco,
613 1537 885 1601 deterreo,
912 1534 1106 1607 deligo,
1147 1534 1395 1589 decurro.
1425 1533 1520 1588 Est
1546 1534 1710 1588 etiam
1747 1533 1971 1602 privati-

380 1643 529 1694 vum,
558 1636 619 1683 ut
646 1645 660 1681 :
690 1626 1024 1697 desperatur,
1053 1624 1295 1689 demens,
1327 1623 1534 1693 desum,
1561 1620 1783 1691 deierat.
1816 1640 1835 1674 ι
1864 1621 1971 1677 Νο-

380 1730 459 1786 ta,
500 1718 645 1790 quod
684 1716 922 1789 despicio
952 1716 1108 1781 dixit,
1134 1716 1278 1770 unde
1318 1715 1426 1770 erit
1463 1714 1793 1785 despexeris.
1833 1713 1968 1768 Nam

2063 530 2115 595 ἐξ
2153 568 2170 585 .
2212 568 2227 583 .
2274 568 2292 584 .
2332 568 2349 582 .
2388 568 2406 583 .
2443 530 2611 586 etiam
2640 546 2737 599 pro
2766 530 2831 587 de
2858 531 3112 601 positum.
3148 532 3418 597 ltem,ubi
3445 552 3550 592 nos
3568 536 3652 592 di.

2062 622 2236 678 cimus
2261 639 2275 676 :
2306 622 2431 677 Non
2453 622 2629 692 deﬁcit
2657 623 2722 678 de
2744 622 2934 695 plateis
2963 625 3078 694 ejus
3107 625 3282 696 (Psal.
3311 644 3421 693 uv,
3456 629 3658 700 l2),,in

2062 709 2252 766 ϐιωοο
2278 711 2476 781 legitur
2500 730 2513 766 :
2550 715 2655 768 Οὐκ
2694 715 2913 780 ialm"
2944 718 2998 770 ἐκ
3023 723 3123 771 τῶν
3166 722 3418 774 πλατειῶν
3447 723 3606 785 αὐτῆς
3632 740 3648 790 ;

2062 806 2118 858 ix
2159 842 2175 856 .
2218 841 2233 856 .
2278 842 2293 857 .
2331 818 2431 873 pro
2463 804 2528 857 de
2554 804 2809 873 positum.
2834 804 2902 859 Di
2925 806 3141 875 quidem
3164 816 3220 863 et
3242 808 3325 863 dis
3354 814 3652 869 secundum

2065 892 2403 949 Priscianum
2429 895 2676 950 eamdem
2706 894 3155 967 significationem
3186 900 3391 957 habent
3415 920 3480 958 ac
3504 905 3569 961 ab
3598 914 3657 962 et

2064 985 2178 1039 abs.
2203 985 2342 1040 Sunt
2360 994 2541 1041 autem
2564 988 2899 1056 separativte,
2920 996 2980 1044 ut
2997 1006 3010 1043 :
3026 990 3231 1056 divido,
3251 992 3430 1058 dirno,
3457 996 3655 1052 distra-

2066 1076 2155 1141 ho,
2202 1076 2450 1134 discurro
2478 1093 2493 1131 :
2524 1078 2668 1148 quod
2695 1079 2837 1149 apud
2864 1077 3085 1136 Graecos
3110 1080 3195 1138 διὰ
3238 1086 3551 1154 praepositio
3575 1086 3656 1141 fa-

2066 1169 2141 1224 cit
2158 1182 2206 1222 α.
2224 1168 2357 1223 Nam
2386 1170 2482 1225 ubi
2503 1185 2605 1226 nos
2629 1170 2889 1226 dicimus:
2910 1169 3312 1243 Disrsmpamas
3338 1176 3543 1231 vincuta
3565 1194 3655 1232 eo-

2067 1277 2184 1314 rum
2208 1260 2379 1333 (Ptol.
2414 1279 2473 1325 ll,
2501 1261 2580 1335 5),
2608 1262 2771 1318 habet
2814 1262 2869 1317 in
2906 1262 3096 1319 Graeco
3132 1282 3145 1317 :
3170 1267 3501 1341 Διαρῥᾶοω
3529 1274 3657 1331 τοὺς

2066 1352 2288 1427 δεσμοὺς
2333 1351 2494 1410 αὐτοῦ
2554 1353 2772 1426 [αὐτῶν]
2809 1394 2823 1406 .
2865 1393 2879 1407 .
2924 1393 2943 1408 .
2981 1354 3113 1411 Item
3162 1358 3307 1426 quod
3349 1374 3449 1413 nos
3490 1359 3656 1413 habe-

2069 1457 2189 1497 mus
2215 1461 2228 1495 :
2258 1442 2499 1509 Domine,
2523 1460 2555 1497 a
2579 1443 2760 1514 paucis
2782 1442 2845 1497 de
2872 1452 3011 1498 terra
3036 1444 3208 1499 divide
3224 1462 3312 1499 eos
3338 1445 3512 1514 (Psal.
3540 1464 3659 1513 xvi,

2071 1532 2182 1604 ﬂ),
2214 1532 2267 1586 in
2311 1530 2500 1588 Gnaeo
2533 1533 2732 1603 legitur
2779 1536 2993 1610 ιιίύριι,
3035 1535 3141 1590 διπό
3187 1536 3363 1608 ὀλίγων
3407 1538 3511 1594 ἀπὸ
3565 1545 3657 1609 7i;

2072 1625 2329 1699 [ἀπολύων
2360 1627 2460 1682 ἀπὸ
2487 1625 2604 1701 γῆς]
2629 1624 3148 1704 διαμὶρισον·αὐτούς.

2143 1718 2238 1773 His
2263 1717 2427 1772 etiam
2466 1716 2844 1780 consideratis,
2872 1716 3050 1772 videte
3068 1718 3151 1773 vel
3177 1734 3242 1773 ex
3286 1719 3660 1776 antecedentis

380 1810 545 1881 spicio
578 1809 778 1864 multas
811 1807 865 1862 in
900 1805 1290 1874 compositione
1330 1804 1522 1875 recipit
1562 1803 1970 1875 praepositiones
2000 1798 2048 1860 Β
2073 1811 2269 1883 linguae
2305 1810 2516 1874 notitia,
2568 1809 2653 1865 vel
2683 1819 3008 1867 constructae
3042 1812 3304 1867 orationis
3348 1813 3511 1873 serie,
3536 1830 3659 1883 quae

382 1913 437 1957 et
469 1902 671 1957 nullam
701 1900 756 1954 in
786 1897 1139 1969 appositione,
1171 1896 1298 1966 quia
1326 1896 1487 1967 spicio
1515 1896 1569 1950 in
1600 1912 1701 1951 usu
1729 1912 1833 1952 non
1862 1904 1966 1962 est,

382 1994 660 2053 Invenitur
679 1992 823 2048 enim
855 2008 870 2047 :
900 1990 1118 2060 aspicio,
1158 1989 1399 2059 respicio,
1443 1989 1692 2060 suspicio,
1720 1988 1968 2058 despicio,

384 2087 671 2158 conspicio,
686 2084 971 2156 prospicio.
998 2082 1372 2153 Etutrumque
1399 2080 1672 2136 invenitur
1698 2098 1711 2134 :
1740 2080 1971 2152 despicio

384 2189 441 2236 et
477 2178 719 2250 dispicio.
761 2177 886 2231 Ideo
919 2174 1175 2244 superius
1211 2172 1321 2228 dixi
1356 2171 1808 2227 considerandum
1853 2186 1975 2227 esse

387 2286 509 2341 quae
540 2266 855 2340 praepositio
877 2266 931 2320 in
958 2263 1149 2319 Gneco
1170 2271 1317 2318 esset
1340 2263 1548 2332 posita;
1577 2271 1632 2317 et
1658 2263 1782 2318 inde
1809 2278 1974 2334 agno-

387 2365 468 2421 sci
495 2378 616 2434 quae
639 2362 694 2416 in
717 2359 911 2415 Latino
942 2355 1107 2413 scribi
1142 2355 1365 2419 debeat;
1393 2354 1518 2423 quia
1551 2354 1673 2409 talis
1710 2354 1976 2409 dubitatio

389 2473 456 2511 ex
487 2450 863 2510 antecedentis
887 2450 1084 2521 lingua:
1125 2446 1557 2503 consideratione
1591 2445 1726 2501 solvi
1753 2444 1973 2515 poterit.

392 2547 566 2602 Habet
590 2543 734 2600 enim
755 2542 811 2598 in
832 2541 1027 2597 Grznco
1042 2539 1132 2594 ille
1152 2553 1340 2593 versus
1366 2554 1379 2591 :
1406 2536 1643 2601 Exaudi,
1675 2535 1831 2598 Deus,
1856 2552 1979 2590 ora-

389 2642 584 2693 tionem
622 2650 793 2689 meam
824 2642 876 2688 et
903 2648 969 2687 ne
995 2629 1292 2702 despexeris
1334 2627 1745 2699 deprecationem
1785 2642 1975 2691 meam,

389 2729 673 2795 'Eséiewau,
699 2726 890 2790 ὁΘεός,
919 2729 1010 2785 τήν
1045 2724 1352 2799 προσευχήν
1375 2739 1496 2791 μου,
1520 2721 1604 2774 καὶ
1632 2722 1703 2791 μὴ
1732 2715 1979 2791 {impiam

390 2831 481 2886 τήν
508 2822 681 2883 δέησίν
712 2843 808 2893 μου
840 2817 1013 2889 (Psal.
1037 2833 1149 2884 Liv,
1171 2814 1251 2888 ε).

461 2915 595 2971 Item
635 2914 690 2969 in
733 2911 948 2967 Psatmo
973 2925 1069 2964 xxx
1100 2908 1188 2964 ille
1214 2921 1443 2963 versus:
1467 2904 1542 2961 De
1583 2913 1754 2961 ventre
1795 2904 1980 2958 matris

391 3022 523 3061 mea:
555 3005 697 3059 Deus
727 3018 873 3057 meus
896 3017 950 3056 es
973 3010 1052 3066 tu,
1083 2998 1244 3053 habet
1270 2997 1326 3051 in
1356 2994 1581 3052 Gnaeo:
1608 2994 1730 3051 Ἀπὸ
1756 2994 1986 3069 γαστρὸς

393 3095 500 3169 [Ἐκ
521 3092 727 3164 κοιλίας]
748 3091 939 3166 μητρὸς
967 3111 1063 3162 μου
1092 3089 1214 3151 Θιός
1248 3109 1347 3159 μου
1379 3083 1428 3143 εἷ
1456 3109 1545 3144 συ.
1573 3084 1678 3142 Ubi
1715 3099 1815 3140 nos
1844 3084 1979 3140 dici—

393 3156 518 3243 inus
541 3185 627 3251 de,
658 3156 864 3239 ἰὺῖἁπέ
889 3156 1107 3252 legitur.
1133 3156 1265 3235 Item
1295 3180 1387 3234 ubi
1417 3194 1515 3235 nos
1544 3178 1806 3233 habemus
1830 3194 1843 3231 :
1874 3175 1977 3231 De-
2006 3156 2054 3218 ε

393 3276 593 3333 scendit
613 3276 747 3330 sicut
771 3272 946 3344 pluria
967 3272 1029 3326 in
1049 3270 1209 3327 cellas
1231 3269 1405 3342 (Psal.
1431 3285 1576 3332 Lxxt,
1611 3268 1687 3340 6),
1718 3268 1774 3323 in
1792 3266 1983 3323 (ivi-aco

398 3371 671 3428 habetur:
703 3366 1059 3425 καταϐήσεται
1085 3363 1325 3425 «cura;
1363 3362 1449 3417 ini
1487 3360 1649 3416 istim
1681 3399 1696 3413 .
1739 3398 1753 3411 .
1794 3398 1809 3412 .
1843 3358 1985 3414 sicut

399 3460 649 3533 superius
682 3461 807 3534 τιῳί
841 3457 896 3511 in
925 3470 993 3511 eo
1019 3469 1199 3517 versu,
1236 3449 1378 3506 unde
1406 3452 1522 3507 haec
1550 3448 1827 3520 inquisitio
1863 3456 1982 3503 orta

395 3562 501 3611 est.
534 3550 669 3607 Nam
693 3557 749 3605 et
778 3549 976 3603 beatus
994 3545 1351 3615 Hieronymus
1376 3542 1430 3597 in
1454 3540 1709 3597 Tractatu
1732 3539 1984 3610 Epistula:

398 3643 470 3699 ad
506 3642 689 3699 Titum
732 3640 836 3696 has
876 3634 1303 3708 praepositiones,
1341 3633 1396 3688 id
1424 3640 1529 3698 est,
1573 3635 1698 3707 περὶ
1735 3639 1790 3687 et
1832 3633 1987 3697 κατὰ,

397 3736 520 3792 sine
552 3732 718 3790 dubio
755 3729 824 3785 ad
850 3734 1218 3797 contemptum
1261 3725 1535 3797 pertinere
1562 3724 1719 3780 dixit.
1750 3723 1817 3778 Et
1842 3722 1986 3779 idem

400 3826 558 3898 ponit
583 3838 724 3888 esse,
754 3819 1034 3875 contemnit
1069 3825 1127 3875 et
1172 3818 1422 3889 despexit.
1454 3816 1562 3873 Sed
1597 3825 1655 3873 et
1686 3817 1893 3873 bonum
1932 3826 1988 3872 et

403 3915 610 3972 malum
638 3926 760 3970 esse
789 3917 1191 3982 contemptum;
1227 3909 1450 3974 bonum,
1479 3907 1698 3978 quando
1723 3908 1848 3980 quis
1875 3916 1990 3961 tor-

330 4072 335 4076 _
406 4020 588 4066 menta
632 4006 713 4064 vel
764 4003 1054 4076 opprobria
1096 4002 1298 4059 Christi
1343 4001 1561 4057 nomine
1603 3999 1901 4056 contemnit
1933 4009 1990 4055 et

407 4100 654 4173 despicit.
682 4098 751 4155 Et
774 4099 875 4155 has
893 4095 1271 4152 distinctiones
1296 4094 1349 4148 in
1376 4094 1844 4164 praepositionibus
1870 4099 1995 4147 tan-

403 4193 684 4251 tummodo
711 4205 830 4247 esse
856 4190 944 4245 his
967 4188 1150 4246 verbis
1173 4187 1350 4251 docet,
1378 4185 1470 4240 ubi
1499 4185 1554 4239 in
1580 4184 1771 4239 Graeco
1793 4183 1990 4254 legitur

405 4288 477 4343 ad
505 4287 687 4343 'I‘itum
712 4283 916 4340 dicunt!
945 4281 1328 4355 περιφρονείτω,
1367 4283 1425 4333 et
1464 4275 1595 4331 illud
1619 4275 1765 4344 quod
1804 4275 1872 4329 ad
1899 4274 1991 4330 Ti-

409 4379 684 4433 mothenm
710 4372 908 4444 legitur
928 4371 1320 4446 καταφρονείτω,
1357 4375 1414 4424 et
1442 4366 1740 4438 apostolum
1766 4366 1996 4421 Paulum

403 4482 507 4537 pro
536 4464 802 4521 varietate
826 4475 1117 4518 causarum
1128 4458 1295 4514 variis
1311 4457 1388 4513 uti
1407 4455 1882 4528 praepositionibus
1905 4471 1993 4511 asp

408 4557 599 4613 seruit.
627 4555 751 4611 Tito
782 4553 945 4624 igitur
966 4550 1186 4621 scripsit
1207 4591 1220 4604 .
1258 4549 1429 4605 Nemo
1458 4558 1507 4604 te
1534 4558 1827 4604 contemnat
1857 4547 1982 4620 (Tit.

408 4667 471 4711 ιι.
524 4646 634 4717 15).
679 4646 747 4700 Et
793 4642 1079 4701 Timotheo
1119 4659 1132 4694 :
1174 4640 1342 4695 Nemo
1392 4639 1792 4695 adolescentiam
1840 4648 1987 4693 tuum

410 4745 706 4794 contemnat
737 4734 788 4806 (ι
822 4734 957 4788 Tim.
986 4748 1059 4797 tv,
1093 4730 1203 4803 12).
1232 4731 1299 4786 Et
1339 4731 1408 4786 ad
1445 4738 1735 4800 utrumque
1769 4738 1990 4799 pr0pter

407 4833 529 4906 περὶ
557 4828 641 4884 vel
669 4828 802 4885 κατά
826 4823 1045 4880 Gneeas
1083 4822 1514 4895 pra‘positiones,
1549 4820 1785 4890 despicit,
1816 4819 1989 4889 ponit.

410 4922 714 4978 Stoicorum
746 4929 980 4989 quoque,
1013 4915 1105 4986 qui
1128 4913 1398 4969 subtiliter
1434 4913 1573 4966 inter
1595 4911 1757 4965 verba
1792 4909 1995 4964 discer-

413 5021 568 5076 nunt,
614 5007 864 5080 exempIo
902 5007 1005 5062 hoc
1034 5005 1207 5075 ipsum
1250 5001 1553 5057 conﬁrmat.
1587 4999 1760 5054 Habet
1783 5013 1996 5067 quoque

410 5102 477 5157 de
526 5101 661 5157 alias
699 5096 1121 5169 signiﬁcationes
1164 5093 1219 5148 in
1253 5092 1462 5155 Gneco,
1507 5099 1564 5145 ut
1607 5088 1831 5144 cst:De
1871 5086 2000 5141 cado

416 5194 636 5264 respexit
663 5190 921 5245 Dominus
952 5185 1124 5262 (Psal.
1152 5200 1324 5250 xxxii,
1350 5183 1468 5255 I5);
1497 5182 1551 5237 in
1580 5181 1770 5236 Grch
1794 5180 1994 5235 habet:

489 5379 514 5407 ι
548 5365 681 5421 Vide
702 5365 863 5430 infra,
898 5375 1031 5421 tom.
1053 5366 1114 5429 Il,
1154 5365 1349 5421 librnnt
1383 5363 1450 5418 de
1473 5361 1887 5432 Orthographia,
1911 5376 2003 5415 vo-

417 5453 480 5493 cc
500 5437 584 5501 de,
611 5438 734 5491 dict
751 5437 853 5492 dis.
880 5436 1082 5491 Prarter
1094 5438 1191 5490 ista
1202 5435 1513 5499 notandum,
1533 5431 1738 5487 textum
1753 5431 1999 5486 Graecum

420 5508 510 5562 hic
532 5507 775 5563 exhiberi
804 5523 867 5562 ex
893 5506 1128 5561 editione
1157 5506 1227 5560 cl.
1262 5504 1583 5571 Quercctani
1610 5518 1624 5566 ;
1669 5502 1722 5555 in
1761 5501 2005 5571 margine

419 5593 550 5630 vero
574 5578 919 5645 opposuimus
950 5574 1231 5645 lectionem
1273 5575 1609 5645 septuaginta
1646 5572 2001 5641 interpretum

383 5660 387 5664 ‘
421 5665 486 5700 vx
511 5644 746 5699 editione
771 5645 1007 5713 Waltoni
1036 5646 1091 5700 in
1116 5644 1446 5713 Poiyglo’ttis.

498 5718 522 5756 ι’
572 5713 817 5767 "ornem.
852 5712 1002 5765 Ilaud
1039 5728 1177 5779 opus
1212 5705 1300 5765 est
1343 5713 1432 5765 hic
1466 5711 1743 5772 adnotare,
1784 5705 2001 5779 Ilotncri

428 5787 643 5841 nomine
683 5784 750 5838 ab
783 5781 1007 5835 Alcuino
1041 5777 1309 5848 designari
1353 5780 1757 5847 Angilbertnm;
1790 5777 1854 5831 de
1896 5791 2001 5843 qun

2073 1902 2246 1974 magis
2281 1900 2335 1956 in
2363 1915 2427 1956 eo
2459 1916 2619 1957 versu
2648 1901 2957 1972 praepositio
2980 1902 3107 1972 poni
3132 1902 3346 1958 debeat.
3374 1901 3509 1957 Nam
3543 1902 3661 1959 haac

2074 1994 2180 2050 duo
2209 1993 2441 2048 maxime
2462 1992 2853 2048 dubitationem
2890 1992 3099 2049 solvere
3136 1993 3332 2060 solent,
3359 2001 3416 2048 et
3441 1994 3509 2049 ad
3541 2009 3663 2050 cer-

2073 2091 2189 2142 tum
2243 2084 2496 2139 lectorem
2549 2083 2850 2153 perducere
2895 2099 3134 2152 sensum,
3187 2093 3244 2140 et
3297 2085 3663 2142 contentiosas

2075 2174 2521 2230 scholasticorum
2562 2174 2855 2230 terminare
2884 2176 3233 2245 quaestiones.
3274 2176 3401 2232 Ideo
3433 2177 3500 2231 de
3534 2176 3663 2230 rubo

2074 2271 2231 2338 posui
2254 2276 2499 2324 veterum
2524 2269 2827 2325 sententias
2866 2277 3172 2335 auctorum,
3202 2276 3260 2324 et
3299 2269 3354 2324 in
3401 2267 3664 2339 praeposi-

2078 2360 2314 2416 tionibus
2338 2358 2539 2416 σηοω
2562 2358 2671 2431 35
2701 2359 2900 2433 linguas
2941 2360 3340 2421 auctoritatem,
3389 2374 3458 2414 ne
3488 2374 3669 2415 means

2077 2452 2200 2522 quis
2228 2450 2515 2506 calumniis
2550 2458 2764 2507 notaret
2791 2451 3136 2517 sententiam,
3175 2459 3231 2507 et
3272 2457 3668 2521 praesumptuo-

2078 2562 2194 2601 sam
2245 2545 2684 2616 reprehenderet,
2734 2545 2787 2601 si
2826 2545 2993 2600 nnllis
3038 2546 3342 2616 priscorum
3389 2543 3667 2599 fulciretur

2078 2640 2361 2695 doctorum
2410 2637 2671 2707 exemplis
2714 2638 2885 2708 :quia
2925 2637 3200 2692 multoties
3234 2636 3289 2690 in
3316 2635 3407 2691 vili
3435 2648 3663 2703 persona

2078 2730 2281 2786 veritas
2310 2729 2622 2799 despicitur,
2657 2744 2784 2784 cum
2816 2727 3030 2801 [Forte,
3084 2726 3195 2801 cui]
3247 2728 3383 2783 nihil
3422 2726 3664 2797 pmferri

2079 2822 2285 2888 debuit,
2335 2821 2382 2877 si
2415 2828 2619 2876 tantum
2660 2821 2715 2876 in
2740 2821 3130 2890 quaestionibus
3158 2820 3304 2876 illius
3327 2826 3670 2889 exspectaret

2075 2912 2337 2984 judicium
2365 2920 2421 2967 et
2442 2927 2550 2967 non
2574 2912 2806 2983 propriae
2829 2911 3108 2966 sententia:
3136 2909 3513 2966 defenderetur
3532 2922 3669 2978 pra:-

2083 3002 2340 3073 sumptio.

2571 3090 2908 3149 EPIS'I'OLA
2939 3091 3168 3148 XXVIII.

2576 3202 2641 3240 ΑΙ)
2674 3198 2925 3241 ιιοιιειιυιι
2959 3197 3163 3239 Πιιυι.

2152 3273 2512 3331 Dilectissimo
2540 3274 2652 3331 ﬁlio
2681 3275 2711 3317 ι)
2740 3275 2971 3331 Homero
3008 3272 3232 3329 Albinus
3268 3271 3676 3327 matricularius

2082 3381 2111 3422 s
2128 3365 2333 3422 tltttem.

2151 3458 2261 3518 Per
2301 3460 2401 3516 Dei
2437 3460 2666 3531 gratiam
2707 3459 2983 3530 aliquanto
3019 3458 3212 3513 melius
3253 3458 3555 3523 habemus;
3593 3463 3673 3511 ta-

2083 3572 2207 3612 men
2246 3554 2483 3610 febrium
2524 3551 2808 3622 castigatio
2842 3550 3171 3622 quotidianis
3208 3550 3399 3604 diebus
3432 3564 3530 3603 nos
3566 3562 3670 3603 non

2086 3648 2363 3718 relinquit.
2404 3646 2601 3701 Beatus
2621 3644 2714 3714 qui
2749 3644 2803 3697 in
2837 3642 2941 3699 hoc
2980 3641 3176 3698 seculo
3212 3640 3424 3696 labores
3458 3638 3669 3709 recipit,

2085 3748 2141 3796 et
2168 3741 2222 3795 in
2252 3738 2435 3793 futuro
2465 3736 2706 3805 requiem
2734 3734 2971 3790 habebit.
3009 3732 3118 3789 Sed
3138 3740 3193 3787 et
3215 3733 3282 3787 de
3309 3730 3674 3786 admonitione

2085 3840 2391 3887 vestrarum
2416 3826 2725 3881 dulcissima
2756 3824 3059 3879 litterarum
3090 3823 3294 3895 gratias
3317 3829 3513 3876 vestrm
3541 3836 3676 3890 prn-

2086 3921 2285 3978 dentia:
2310 3919 2539 3991 agimus.
2585 3915 2808 3971 Multum
2835 3914 3204 3971 desideramus
3235 3921 3289 3967 et
3326 3912 3558 3982 benigne
3586 3927 3675 3965 ξιιμ

2089 4014 2363 4085 scepimus
2382 4007 2792 4066 exhortationes
2815 4016 3010 4062 vestra:
3034 4006 3338 4062 dilectionis
3354 4046 3367 4067 ,
3401 4004 3523 4074 quia
3552 4016 3675 4071 per-

2088 4105 2229 4162 fecta
2269 4101 2537 4165 charitas,
2577 4099 2721 4169 quod
2758 4097 2859 4153 sibi
2886 4097 3149 4167 optimum
3173 4095 3439 4165 intelligit,
3483 4093 3587 4147 hoc
3621 4099 3677 4146 et

2089 4196 2211 4252 aliis
2232 4193 2459 4257 suadere
2504 4205 2611 4245 non
2642 4188 2893 4245 desistit:
2917 4202 2971 4243 et
2999 4187 3116 4243 haec
3150 4196 3235 4242 est
3268 4184 3423 4256 plena
3462 4198 3517 4237 et
3553 4198 3681 4253 per-

2092 4288 2230 4343 fecta
2258 4284 2495 4346 dilectio,
2537 4289 2597 4337 ut
2641 4296 2745 4335 non
2794 4278 2967 4335 solum
3013 4278 3117 4333 sibi
3157 4277 3387 4347 quisque
3421 4287 3679 4345 prospera

2091 4378 2293 4449 cupiat,
2322 4374 2416 4431 sed
2441 4382 2499 4429 et
2522 4371 2747 4427 fratrmn
2776 4369 2965 4425 salutis
2983 4384 3207 4433 memor,
3235 4367 3317 4422 vel
3345 4366 3526 4421 verbis
3545 4380 3683 4434 prm-

2094 4483 2239 4532 scns,
2268 4465 2352 4520 vel
2391 4463 2587 4518 litteris
2614 4463 2810 4518 absens
2837 4460 3126 4514 admonere
3153 4474 3248 4513 eos
3275 4473 3384 4512 non
3414 4463 3610 4511 cesset.

2169 4567 2191 4596 ε
2230 4553 2466 4609 Antonio
2489 4552 2671 4622 itaque
2694 4549 2805 4604 ﬁlio
2827 4564 2968 4611 meo,
2997 4546 3151 4602 fratri
3178 4555 3379 4608 vestro,
3413 4547 3512 4601 has
3542 4544 3683 4598 litte-

2097 4665 2187 4705 ras
2213 4646 2368 4709 alias,
2405 4643 2669 4714 deprecor
2696 4650 2757 4696 nt
2781 4656 2943 4711 quam
2973 4639 3305 4701 cautissime,
3329 4637 3511 4693 clausa
3528 4636 3685 4690 char-

2100 4738 2210 4793 tula
2252 4736 2393 4791 sicut
2425 4742 2528 4799 est,
2558 4732 2817 4804 deprecor
2843 4740 2903 4785 nt
2928 4730 3161 4799 dirigas;
3191 4728 3316 4797 quia
3350 4726 3396 4782 si
3426 4726 3682 4781 discincta

2099 4830 2282 4885 veniat
2310 4828 2364 4883 in
2394 4825 2737 4896 praesentiam
2765 4822 2927 4884 illius,
2960 4820 3185 4875 vilescat
3218 4819 3359 4888 apud
3391 4833 3536 4871 eum.
3584 4815 3685 4869 Ta-

2101 4937 2225 4977 men
2250 4920 2427 4989 plaect
2448 4917 2577 4972 mihi
2604 4924 2662 4971 ut
2690 4930 2759 4969 eo
2782 4915 3048 4983 dirigente
3071 4913 3263 4967 iterum
3294 4911 3478 4964 videas
3502 4907 3645 4961 illam
3668 4924 3683 4969 ;

2099 5009 2195 5064 sed
2234 5006 2367 5060 ﬁdes
2403 5013 2669 5069 servetur,
2718 5014 2778 5059 ut
2825 5002 2875 5058 ei
2921 5001 3100 5071 primo
3148 5000 3412 5071 dirigatur
3453 4996 3538 5051 cui
3586 4995 3687 5050 soli

2102 5098 2364 5153 mittetur.

2175 5186 2231 5241 Si
2272 5186 2472 5241 habeas
2495 5183 2521 5223 ιι
2548 5183 2799 5238 Iordanis
2836 5182 3148 5246 Historiam,
3186 5179 3357 5251 dirige
3394 5178 3525 5233 mihi
3568 5193 3691 5246 pro-

2106 5359 2301 5428 sacpius
2329 5358 2475 5413 alibi.
2505 5355 2949 5428 (Ftobcnrepist.
2977 5354 3130 5428 215.)

2181 5421 2202 5467 ἒ
2236 5429 2477 5481 Antonio.
2508 5421 2842 5497 Adalhardo;
2857 5425 2943 5479 cui
2976 5424 3027 5479 in
3052 5421 3275 5497 epistola
3313 5422 3411 5497 liii)
3440 5421 3608 5497 suasit
3636 5427 3688 5473 ut

2107 5514 2227 5553 cum
2264 5498 2499 5551 Homero
2519 5495 2804 5566 consilium
2832 5495 2995 5558 ineat,
3021 5492 3157 5566 quid
3187 5492 3574 5566 consulendum
3609 5507 3694 5543 es—

2110 5578 2189 5626 Set
2217 5567 2472 5621 Bernario
2502 5565 2652 5620 fratri
2674 5564 2991 5632 Adalbardi,
3019 5562 3203 5620 L'irino
3225 5564 3292 5619 ad
3318 5562 3693 5632 palatiumm-

2107 5647 2245 5691 rato.
2288 5636 2416 5703 Quze
2453 5635 2638 5690 eadem
2677 5636 2924 5692 fortassis
2953 5629 3180 5706 cpistola
3213 5629 3334 5697 est;
3352 5646 3514 5704 quam
3549 5629 3695 5683 clau-

2110 5722 2224 5761 sam
2250 5707 2335 5760 hic
2359 5706 2588 5761 ﬁdeliter
2611 5706 2747 5761 tradi
2779 5707 2965 5761 voluit.

2177 5777 2201 5814 «ι
2230 5776 2481 5831 Iordanis
2536 5775 2842 5832 Historiam.
2887 5775 3010 5831 Ilzcc
3048 5784 3129 5829 est
3172 5772 3398 5828 historia
3442 5766 3694 5826 Iordanis
