4054 6182
434 385 532 437 l3?

1267 377 1327 429 Β.
1371 375 1432 428 ιτ.
1470 367 1690 427 ALBINI
1732 369 1864 425 SEU
1902 361 2176 422 ALCUl-Nl
2214 359 2496 417 OPEHUM
2525 355 2704 412 PARS
2744 356 2782 409 l.

3582 353 3704 409 «δε

428 492 605 546 tiones
630 503 726 560 pm
759 489 910 542 vobis
933 496 1179 557 aguntur.
1225 483 1413 537 Divina
1459 491 1508 537 te
1547 481 1744 550 ubique
1780 480 2002 534 comite-
2029 483 2072 537 Α
2105 471 2313 540 lateque
2334 467 2651 560 populosa!)
2672 466 2954 560 erroribus
2962 463 3266 560 impietatis
3297 463 3348 518 in
3374 465 3520 560 viam
3549 465 3691 560 veri-

429 589 519 635 tur
539 577 858 639 benedictio,
888 574 1222 630 sanctissime
1249 572 1424 626 Pater.

889 679 915 706 ι
955 662 1283 718 EPISTOLA
1322 661 1535 715 XXXII.

1019 773 1083 808 AD
1125 769 1405 810 ιτιιειιιωί.

1035 843 1210 912 (Anno
1248 839 1396 909 796.)

431 928 743 997 Consolatur
759 939 1045 1006 inﬁrmum,
1065 946 1115 1016 et
1135 945 1189 988 ut
1209 951 1262 987 se
1283 933 1351 1055 ag
1372 930 1706 984 aeternitatem
1729 936 2004 998 prtrparet,

1011 1021 1175 1055 amice
1213 1019 1308 1055 sua
1351 1012 1420 1055 et.

1011 1012 1175 1059 amice
1213 1012 1420 1056 suadet.

500 1099 859 1154 Dilectissimo
886 1097 1033 1152 Patri
1068 1097 1094 1135 ιι
1123 1095 1318 1148 ltlierio
1345 1093 1569 1147 Albinus
1592 1091 1838 1146 salutem.

497 1190 712 1244 Gratias
745 1203 967 1258 agamus
1001 1187 1107 1239 Deo
1135 1182 1283 1247 Jesu,
1321 1181 1623 1236 vulneranti
1659 1187 1714 1234 et
1751 1176 2007 1240 medenti,

429 1279 716 1351 llagellanti
767 1287 820 1333 et
859 1274 1177 1332 consolanti.
1235 1273 1394 1327 Dolor
1443 1272 1686 1341 corporis
1731 1270 1877 1324 salus
1929 1276 2012 1320 est

431 1371 645 1432 animze,
690 1375 742 1421 et
781 1365 1066 1420 infirmitas
1101 1361 1449 1432 temporalis,
1488 1362 1692 1415 sanitas
1729 1366 2006 1427 perpetua.

433 1456 686 1510 Libenter
713 1454 1062 1523 accipiamus,
1103 1452 1368 1520 patienter
1411 1449 1646 1504 feramus
1683 1448 2010 1501 voluntatem

434 1545 732 1600 Salvatoris
765 1543 953 1598 nostri.
1002 1542 1108 1598 Sed
1142 1557 1288 1596 nunc
1313 1541 1418 1594 noli
1452 1542 1682 1594 tardare.
1729 1538 1836 1591 Fac
1873 1537 2013 1604 quod

434 1638 672 1692 facturus
694 1652 772 1691 es.
820 1635 989 1690 Curre
1013 1635 1138 1687 dum
1162 1631 1336 1686 lucem
1362 1632 1529 1686 habes
1554 1629 1734 1700 (Joan.
1773 1644 1868 1690 χιι.
1899 1625 2010 1694 55).

434 1724 647 1779 Festina
675 1725 741 1778 ad
765 1738 887 1778 eum
922 1723 1011 1791 qui
1042 1729 1200 1775 vocat
1230 1727 1300 1773 te.
1351 1718 1502 1783 Quod
1533 1717 1824 1771 necessitas
1849 1715 2013 1783 cogit,

2103 562 2230 616 ta;is
2280 559 2517 614 deduxit.
2555 555 2740 622 Qualis
2788 554 2892 608 erit
2921 553 3012 607 tibi
3052 552 3220 622 gloria
3245 593 3258 617 ,
3303 569 3334 606 ο
3382 553 3691 611 beatissime

2108 666 2222 714 rex,
2253 651 2306 702 in
2352 648 2439 701 die
2480 656 2694 700 teternae
2737 643 3132 707 retributionis,
3175 643 3393 710 quando
3420 643 3472 694 l.-i
3500 657 3692 699 omnes

2102 744 2192 813 qui
2230 758 2327 812 per
2371 750 2516 794 tuam
2556 738 2797 809 (bonam)
2829 733 3240 789 sollicitudinem
3279 733 3348 786 ab
3377 732 3690 788 idololatria

2105 833 2314 886 cultura
2368 831 2433 884 ad
2497 826 2920 896 cognoscendum
2982 838 3168 878 verum
3217 821 3384 876 Deum
3444 836 3696 895 convers-l

2106 931 2251 986 sunt,
2284 932 2335 976 te
2375 930 2500 973 ante
2530 917 2763 973 tribunal
2805 917 3014 970 Domini
3060 915 3229 969 nostri
3255 913 3380 968 Jesu
3405 913 3606 968 Christi
3637 918 3688 968 in

2107 1013 2264 1066 beata
2306 1019 2450 1066 sorte
2483 1017 2712 1063 stantem
2752 1005 3085 1075 sequentur?
3119 1005 3187 1058 Et
3219 1020 3286 1059 ex
3327 1004 3411 1059 his
3445 1006 3695 1060 omnibus

2109 1111 2378 1172 perpetua:
2422 1099 2765 1155 beatitudinis
2795 1113 3007 1152 merces
3040 1107 3288 1166 augetur.
3325 1097 3462 1152 Ecce
3491 1106 3692 1167 quanta

2109 1193 2393 1247 devotione
2457 1199 2511 1245 et
2561 1189 2890 1258 benignitate
2936 1203 3035 1256 pro
3093 1187 3404 1241 dilatatione
3456 1189 3694 1242 nominis

2109 1281 2335 1346 Christi,
2364 1280 2617 1334 duritiam
2661 1278 2888 1331 infelicis
2911 1276 3087 1344 populi
3117 1275 3388 1330 Saxonum
3425 1290 3523 1344 per
3551 1290 3696 1330 verae

2113 1372 2304 1426 salutis
2333 1370 2615 1426 consilium
2654 1367 2874 1434 emolire
2908 1367 3182 1420 laborasti.
3213 1365 3319 1421 Sed
3349 1368 3472 1434 quia
3503 1366 3696 1420 electio

2114 1459 2342 1514 necdum
2385 1459 2438 1511 in
2467 1457 2572 1512 illis
2596 1455 2776 1509 divina
2803 1453 2968 1509 fuisse
3011 1455 3245 1518 videtur,
3279 1461 3561 1508 remanent
3591 1453 3694 1506 hu--

2115 1565 2316 1618 cusque
2347 1547 2500 1602 multi
2531 1563 2597 1602 ex
2637 1546 2741 1600 illis
2769 1561 2890 1600 cum
2927 1545 3138 1599 diabolo
3171 1545 3458 1599 damnandi
3495 1546 3550 1600 in
3576 1560 3696 1600 sor-

2118 1641 2274 1696 dibus
2317 1639 2718 1695 consuctndinis
2752 1640 3016 1707 pessimte.
3060 1638 3227 1692 Tuam
3257 1646 3453 1702 tamen,
3483 1654 3516 1693 ο
3557 1640 3699 1694 veri-

2119 1732 2247 1786 tatis
2291 1739 2344 1784 et
2373 1730 2562 1784 salutis
2585 1731 2878 1782 multorum
2904 1737 3132 1790 amator,
3165 1727 3420 1797 optimam
3455 1728 3701 1782 volunta-

435 1814 682 1868 voluntas
717 1811 1026 1881 prazveniat.
1070 1809 1200 1862 Esto
1237 1807 1412 1860 scriba
1449 1805 1676 1873 sapiens,
1720 1802 2018 1872 negotiator
2051 1827 2092 1886 Β
2125 1834 2230 1878 tem
2288 1821 2492 1889 majore
2549 1821 2717 1891 gloria
2766 1829 2823 1874 et
2872 1819 3028 1874 laude
3079 1819 3294 1874 Christo
3355 1835 3714 1876 remunerare-

437 1902 629 1957 ﬁdelis.
675 1901 852 1956 Vende
873 1909 1110 1962 terrena,
1137 1910 1256 1950 eme
1284 1895 1543 1950 calestia.
1581 1891 1718 1960 Quid
1745 1901 2019 1962 spectatur

437 1991 541 2046 diei
585 1991 808 2045 crastini
855 1987 1217 2042 incertitudo?
1251 1985 1366 2040 Non
1413 1987 1483 2040 sit
1531 1985 1717 2040 dilatio
1753 1986 1803 2036 in
1849 1983 2022 2037 salute

437 2084 651 2137 animae.
704 2080 856 2147 Quod
905 2080 1085 2134 animo
1135 2079 1437 2148 cogitatur,
1481 2089 1642 2144 opere
1686 2074 2019 2142 perﬁciatur.

438 2174 593 2239 Quod
630 2172 914 2226 infirmitas
953 2170 1179 2239 optavit,
1218 2169 1422 2222 sanitas
1460 2175 1699 2236 peragat.
1740 2166 1917 2220 Testis
1942 2173 2025 2220 est

441 2265 534 2333 qui
553 2264 733 2318 omnia
756 2263 904 2316 novit
930 2261 1032 2315 mei
1056 2261 1256 2324 cordis,
1287 2261 1390 2313 hoc
1413 2259 1566 2327 plena
1596 2258 1860 2313 charitate
1887 2265 1940 2311 et
1966 2257 2025 2310 ﬁ-

442 2352 548 2407 deli
577 2353 681 2423 37
703 2352 925 2407 consilio
938 2367 1024 2406 me
1038 2350 1284 2406 suadere.
1310 2349 1434 2404 Scio
1449 2365 1534 2403 me
1545 2358 1662 2419 post
1675 2358 1728 2404 te
1740 2350 1792 2403 in
1808 2350 1923 2404 loco
1938 2359 2030 2404 tuo

445 2443 607 2499 talem
639 2459 743 2497 non
779 2443 974 2496 habere
998 2441 1248 2496 amicum.
1286 2439 1390 2495 Sed
1423 2441 1592 2509 magis
1627 2447 1678 2494 te
1704 2441 1860 2495 velim
1893 2441 2027 2496 ami-

445 2545 571 2586 cum
599 2530 799 2585 habere
829 2529 882 2582 in
922 2528 1126 2582 honore
1162 2538 1566 2597 permanentem
1606 2545 1766 2599 quam
1796 2545 2025 2598 pereun-

446 2627 576 2682 tem,
607 2625 662 2671 et
691 2617 1101 2671 intercessorem
1128 2617 1266 2685 apud
1289 2617 1457 2671 Deum
1481 2619 1712 2688 gaudere
1733 2635 1894 2687 quam
1920 2619 2027 2673 lar-

444 2712 673 2782 gitorem
698 2709 750 2762 in
771 2708 993 2763 saeculo.
1025 2707 1246 2762 Petatur
1263 2723 1294 2762 a
1316 2707 1427 2764 Deo
1448 2710 1724 2775 auxilium,
1751 2717 1808 2764 ut
1828 2711 2028 2765 amico-

445 2813 567 2853 rum
588 2797 869 2852 conﬁrmet
891 2797 1197 2862 consilium,
1218 2805 1272 2852 et
1295 2799 1407 2852 suis
1426 2799 1530 2854 iter
1547 2799 1733 2854 salutis
1761 2799 2025 2863 ostendat,

446 2897 504 2944 et
526 2889 722 2960 dirigat
752 2889 804 2942 in
840 2889 980 2941 viam
1019 2888 1188 2957 pacis,
1231 2904 1366 2956 quos
1395 2890 1611 2959 proprio
1643 2890 1868 2945 redemit
1905 2905 2030 2945 san-

449 2979 630 3050 guine.
671 2978 809 3032 Ecce
831 2977 973 3047 quali
1001 2978 1177 3046 pretio
1198 2979 1362 3048 empti
1385 2981 1607 3035 sumus!
1648 2979 1765 3035 Non
1786 2995 2029 3034 amemus

449 3087 514 3128 ea
541 3087 662 3141 quae
687 3086 786 3126 nos
816 3077 1067 3138 separant
1091 3070 1158 3124 ab
1185 3085 1249 3124 eo
1277 3071 1368 3140 qui
1395 3087 1492 3126 nos
1518 3085 1689 3140 usque
1710 3071 1776 3126 ad
1797 3081 2025 3125 mortem

2123 1911 2340 1981 placuit.
2365 1909 2562 1965 Gentes
2583 1909 2911 1978 populosque
2939 1908 3214 1962 Hunorum
3237 1908 3457 1977 antiqua
3484 1908 3700 1964 feritate

2122 2013 2177 2058 et
2205 2001 2520 2056 fortitudine
2559 2000 2945 2064 formidabiles,
2977 1999 3083 2053 tuis
3111 2014 3208 2052 suo
3249 1996 3464 2069 [honori
3504 1999 3699 2071 (Edit.,

2124 2095 2350 2165 honore)
2375 2092 2394 2165 ]
2423 2093 2778 2146 militantibus
2807 2091 3041 2146 subdidit
3067 2091 3294 2160 sceptris
3323 2105 3338 2144 :
3369 2091 3702 2160 praevenien-

2125 2196 2284 2256 teqne
2315 2185 2487 2255 gratia
2517 2185 2653 2238 colla
2690 2184 2780 2238 diu
2807 2183 3187 2254 superbissima
3223 2199 3390 2238 sacrae
3424 2183 3544 2238 ﬁdei
3573 2183 3702 2254 jugo

2125 2277 2393 2340 devinxit,
2429 2285 2483 2330 et
2510 2275 2668 2328 crocis
2703 2275 2769 2328 ab
2805 2274 3024 2343 antiquo
3053 2281 3294 2344 tempore
3323 2275 3592 2330 mentibus
3624 2275 3702 2329 lu-

2127 2383 2248 2421 men
2280 2367 2526 2420 veritatis
2551 2363 2760 2420 infuzlit.

2195 2465 2219 2505 ἀ
2255 2467 2359 2520 Sed
2402 2482 2540 2519 nunc
2582 2465 2875 2534 prtevidcat
2909 2465 3307 2535 sapientissima
3350 2474 3404 2519 et
3446 2465 3553 2520 Deo
3591 2465 3703 2534 pla-

2127 2559 2316 2613 cabilis
2343 2559 2556 2612 devotio
2594 2567 2771 2611 vestra
2811 2558 2930 2626 pios
2961 2558 3155 2628 populo
3199 2557 3408 2612 novello
3455 2557 3710 2628 prardica-

2134 2658 2299 2710 tores,
2333 2647 2574 2701 moribus
2595 2648 2866 2708 honestos,
2893 2648 3116 2702 scientia
3140 2663 3306 2703 saera:
3333 2648 3452 2702 ﬁdei
3484 2648 3700 2704 edoctos

2129 2745 2183 2791 et
2206 2736 2528 2806 evangelicis
2557 2735 2839 2806 prteccptis
2868 2736 3100 2791 imbutos
3126 2758 3136 2789 ι
3165 2745 3472 2792 sanctorum
3497 2752 3706 2806 quoque

2128 2825 2493 2898 apostolorum
2534 2834 2587 2880 et
2619 2825 3000 2895 praedicatione
3027 2826 3174 2880 verbi
3213 2825 3307 2880 Dei
3336 2825 3593 2896 exemplis
3623 2827 3704 2880 in-

2129 2924 2328 2980 tentos,
2372 2915 2463 2985 qui
2495 2914 2598 2979 lae,
2625 2915 2679 2969 id
2699 2922 2782 2968 est
2821 2915 3003 2970 suavia
3032 2925 3317 2986 praecepta,
3350 2917 3460 2970 suis
3503 2917 3710 2972 audito-

2130 3005 2280 3060 ribus
2304 3006 2358 3059 in
2395 3006 2550 3059 initio
2581 3004 2702 3059 ﬁdei
2726 3004 3033 3060 ministrare
3055 3005 3317 3070 solebant,
3347 3006 3557 3060 dicente
3579 3022 3708 3076 apo-

2130 3093 2267 3149 stolo
2298 3094 2466 3149 Paulo
2505 3109 2518 3147 :
2558 3091 2625 3145 Et
2655 3109 2770 3164 ego,
2799 3092 3016 3162 fratres,
3057 3110 3158 3146 non
3196 3094 3341 3163 potui
3386 3094 3524 3148 vobis
3564 3093 3711 3168 loqu;

451 3175 563 3256 89a
588 3159 771 3256 “amis.
795 3158 1001 3212 (ωειλ
1044 3158 1308 3256 “Primos
1334 3161 1448 3256 die?
1476 3160 1834 3256 δπθυιθ-δίίιίδ
1857 3160 2027 3215 δετνί³
2054 3173 2101 3236 C
2128 3183 2278 3253 quasi
2306 3182 2646 3253 spiritalibus,
2673 3158 2762 3236 sed
2786 3158 3106 3253 quasicarna
3131 3158 3264 3236 ibus.
3295 3181 3564 3253 Tanquam
3586 3158 3710 3256 par:

452 3249 665 3304 vimus:
691 3248 773 3304 vel
802 3264 999 3318 paucos
1024 3249 1115 3319 qui
1143 3259 1349 3305 restant
1387 3251 1630 3306 vivamus
1667 3251 1780 3306 Deo
1818 3260 2028 3316 nostro,

453 3345 514 3392 ut
555 3337 701 3408 digni
737 3334 1030 3392 efﬁciamur
1075 3337 1267 3393 faciem
1316 3339 1459 3394 illius
1496 3340 1678 3395 videre
1715 3341 1806 3410 qui
1849 3338 2028 3395 dixit:

454 3427 604 3481 Beati
652 3426 846 3480 mundo
896 3427 1072 3491 corde,
1127 3429 1373 3497 quoniam
1425 3429 1524 3499 ipsi
1575 3428 1739 3482 Deum
1793 3430 2033 3485 videbunt

454 3517 670 3588 (Matth.
699 3534 752 3584 v,
781 3518 857 3588 8).
892 3517 1072 3574 Laetus
1101 3519 1235 3590 lege,
1263 3528 1317 3574 et
1347 3528 1658 3576 constanter
1680 3521 1890 3591 incipe;
1919 3519 2034 3577 feli-

453 3611 590 3665 citer
612 3609 828 3680 perﬁce,
855 3620 908 3665 et
937 3611 1006 3665 sit
1032 3609 1290 3666 Dominus
1316 3619 1494 3666 tecum
1528 3612 1582 3666 in
1610 3619 1889 3667 aeternum.

913 3715 934 3742 ε
978 3702 1311 3759 EPISTOLA
1350 3702 1584 3758 XXXIII.

984 3812 1050 3849 AD
1075 3811 1290 3851 DOHNUI
1323 3811 1517 3851 BEGBI.

1077 3884 1253 3958 (Anno
1276 3885 1424 3956 796.)

459 3973 773 4048 Gratulatur
791 3977 855 4030 de
895 3977 1210 4048 subjectione
1241 3975 1554 4031 Hunnorum
1573 4017 1588 4041 ,
1611 3987 1660 4030 et
1685 3976 1914 4048 qualiter
1939 3977 2037 4048 do-

527 4046 820 4169 cendidsint
876 4048 932 4101 in
979 4045 1104 4116 ﬁde,
1153 4057 1220 4112 et,
1270 4048 1385 4118 quis
1441 4047 1568 4100 ordo
1614 4045 2033 4109 sit'servandus,

531 4126 675 4169 osten
713 4127 774 4168 it.

531 4126 774 4170 ostendit.

531 4209 758 4263 Domino
776 4208 1223 4262 excellentissimo
1256 4215 1310 4261 et
1345 4208 1570 4262 intomni
1599 4207 1798 4263 Christi
1832 4209 2038 4263 honore

461 4298 804 4353 devotissimo
823 4297 1020 4351 Camlo
1042 4297 1152 4368 regi
1179 4295 1503 4362 Germanias,
1538 4295 1724 4352 Gallite
1746 4307 1906 4367 atque
1933 4297 2036 4352 ita-

462 4389 566 4452 ηπ,
595 4396 649 4442 et
687 4387 888 4442 sanctis
918 4387 1066 4442 verbi
1095 4386 1556 4458 praedicatoribus,
1584 4387 1800 4443 humilis
1834 4397 2036 4443 sancta:

463 4479 653 4534 matris
695 4478 950 4534 Ecclesiae
995 4478 1191 4534 filiolus
1236 4477 1462 4534 Albinus
1510 4487 1726 4533 aeterna:
1763 4477 1947 4548 gloria:
1981 4478 2034 4531 in

457 4571 678 4629 Christo
705 4573 954 4628 salutem.

535 4660 718 4714 Gloria
747 4671 802 4716 et
844 4661 961 4715 laus
988 4661 1097 4715 Deo
1134 4661 1278 4716 Patri
1321 4670 1374 4716 et
1423 4663 1647 4718 Domino
1687 4671 1870 4718 nostro
1913 4660 2040 4719 Jcsu

459 4746 706 4812 Christo;
746 4749 870 4817 quia
898 4749 951 4803 in
975 4749 1146 4818 gratia
1185 4749 1354 4804 sancti
1387 4747 1641 4820 Spiritus,
1672 4768 1770 4822 per
1797 4753 2040 4808 devotio-

465 4855 589 4894 nem
617 4849 671 4894 et
698 4841 1056 4895 ministerium
1091 4851 1289 4896 sancta;
1314 4843 1436 4898 ﬁdei
1471 4853 1525 4899 et
1551 4846 1703 4900 bona:
1729 4845 2044 4912 voluntatis,

463 4936 658 4983 vestra:
683 4928 1108 4985 Christianitatis
1138 4947 1360 5002 regnum
1387 4941 1547 5002 atque
1578 4933 1903 5002 agnitionem
1931 4934 2045 4988 veri

466 5017 620 5090 (Cod.
655 5016 790 5082 Sal.,
837 5019 1011 5092 verbi]
1045 5020 1136 5075 Dei
1187 5021 1461 5087 dilatavit,
1490 5032 1544 5079 et
1587 5022 1850 5094 plurimos
1886 5023 2047 5094 longe

535 5209 562 5272 ξ
603 5197 1022 5272 ξῖτμίι-,ρυει-οει.
1067 5197 1154 5272 75.
1181 5197 1360 5272 canis.
1390 5200 1460 5254 to
1489 5200 1745 5272 (Froben.
1775 5199 1891 5272 27).

539 5266 566 5304 δ
603 5265 820 5321 Itlterio.
846 5268 1155 5324 Monasterii
1179 5265 1508 5326 Turonensis
1529 5271 1730 5334 abbati,
1757 5265 1916 5339 quem
1941 5272 2042 5327 hac

537 5335 690 5389 istola
725 5337 780 5390 in
823 5347 1066 5394 extremo
1105 5355 1276 5396 agone
1320 5341 1630 5396 consolatur
1671 5348 1724 5394 et
1775 5341 2041 5396 accendit.

463 5342 690 5401 epistola
725 5342 780 5390 in
823 5347 1066 5394 extremo
1105 5355 1276 5411 agone
1320 5342 1630 5396 consolatur
1671 5348 1724 5394 et
1775 5342 2041 5396 accendit.

463 5401 612 5488 Obiit
637 5421 776 5488 anno
803 5405 923 5471 796,
945 5425 1052 5488 quo
1073 5409 1428 5488 Aleninnsilli
1457 5412 1793 5488 ilregimine
1809 5407 2047 5478 ejusdem

470 5479 780 5600 ggopas'tegii
797 5480 1296 5600 ‘sgfcessitlblabill.
1313 5482 1428 5535 Act.
1457 5479 1563 5537 SS.
1585 5479 1797 5543 Bened.,
1820 5494 1947 5535 stec.
1971 5495 2046 5546 tv,

467 5552 1024 5700 ΡῗίιῘέᾴίῖἆιῖέὲαῑε-
1041 5617 1110 5700 .7:
1137 5633 1202 5698 εξκ
1228 5633 1330 5672 πλεο
1367 5619 1659 5700 cremata.
1685 5618 2049 5700 aliquOcis

470 5698 535 5754 ex
580 5683 698 5736 cod.
747 5699 847 5754 ms.
898 5684 1118 5748 Salisb.,
1153 5687 1205 5740 in
1252 5702 1360 5754 quo
1406 5688 1550 5742 hunc
1575 5689 1735 5745 habet
1775 5683 2042 5742 titulum:

476 5752 716 5812 Dictatns
758 5751 930 5806 Albini
961 5756 1238 5820 magistri;
1272 5751 1438 5823 ‘qnem
1476 5757 1547 5809 ibi
1577 5757 1884 5810 immediate
1908 5774 2046 5826 pra:-

2131 3273 2262 3330 vulis
2304 3273 2359 3327 in
2406 3271 2612 3328 Christo
2647 3271 2728 3326 lac
2761 3273 2897 3328 vobis
2943 3283 3120 3344 potum
3165 3274 3304 3340 dedi,
3358 3292 3461 3328 non
3513 3292 3708 3332 escam.

2136 3363 2383 3418 Nondum
2405 3365 2541 3419 enim
2564 3365 2838 3435 poteratis,
2872 3364 2964 3418 sed
3011 3365 3231 3418 necdum
3269 3367 3478 3436 potestis
3505 3365 3556 3438 (1
3585 3364 3706 3421 Cor.

2133 3471 2219 3523 nt,
2245 3457 2293 3521 l,
2322 3456 2400 3528 2).
2428 3456 2542 3513 Hoc
2568 3457 2711 3513 enim
2734 3461 2898 3524 totius
2925 3458 3108 3512 mundi
3135 3458 3476 3530 praedicator,
3501 3459 3713 3520 ChriSto

2135 3545 2274 3604 inse
2316 3546 2590 3618 loquente,
2617 3547 2973 3618 signiﬁcavit,
3016 3557 3076 3604 ut
3124 3565 3259 3604 nova
3297 3549 3615 3621 populorum
3645 3552 3710 3605 ad

2137 3637 2297 3692 ﬁdem
2325 3638 2607 3693 conversio
2637 3637 2970 3694 mollioribus
3006 3637 3326 3711 (praeceptis)
3360 3639 3512 3709 quasi
3543 3639 3716 3695 infan-

2136 3729 2244 3785 tilis
2279 3738 2412 3785 tetas
2454 3729 2595 3786 laete
2633 3739 2779 3785 esset
2824 3728 3108 3785 nutrienda
3143 3745 3157 3783 :
3186 3745 3253 3786 ne
3287 3745 3381 3801 per
3417 3733 3720 3785 austerior-.1

2134 3822 2246 3893 38
2276 3831 2542 3893 praecepta
2569 3821 2774 3892 fragilis
2795 3836 2947 3876 mens
2972 3830 3186 3876 evomat
3213 3821 3356 3891 quod
3382 3822 3535 3896 bibit.
3565 3821 3718 3878 Unde

2135 3919 2189 3967 et
2221 3915 2334 3983 ipse
2364 3911 2622 3966 Dominus
2645 3910 2893 3966 Christus
2915 3911 2969 3965 in
3004 3911 3293 3981 Evangelio
3324 3913 3598 3981 respondit
3638 3912 3716 3967 in-

2137 4004 2532 4075 terrogantibus
2551 4019 2630 4068 se,
2652 4019 2820 4073 quare
2842 4003 3088 4074 discipuli
3105 4003 3246 4058 illius
3267 4017 3370 4058 non
3387 4002 3715 4073 jejunarent,

2137 4096 2322 4150 dicens
2358 4113 2372 4148 :
2408 4093 2576 4148 Nemo
2605 4095 2764 4147 mittit
2803 4093 2977 4148 vinum
3007 4110 3193 4147 novum
3223 4094 3280 4146 in
3308 4103 3446 4146 utres
3488 4103 3716 4158 veteres;

2137 4185 2370 4256 alioquin
2398 4191 2538 4238 utres
2575 4192 2888 4252 rumpuntur
2913 4191 2960 4235 et
2991 4183 3164 4236 vinum
3187 4181 3485 4251 e/fundetur
3507 4191 3552 4235 et
3578 4192 3722 4244 utre;

2137 4275 2375 4344 peribunt
2419 4272 2633 4345 (Matth.
2669 4288 2721 4327 lx
2744 4313 2758 4337 ,
2802 4270 2909 4341 l7).
2937 4270 3053 4325 Alia
3085 4279 3166 4326 est
3195 4272 3338 4326 enim
3359 4312 3374 4336 ,
3423 4280 3481 4325 ut
3531 4271 3718 4327 beatus

2139 4365 2496 4435 Hieronymus
2533 4364 2684 4427 dicit,
2710 4363 2919 4432 paritas
2953 4361 3229 4432 virginalis
3257 4364 3450 4417 animte
3490 4372 3544 4418 et
3575 4362 3715 4417 nulla

2141 4455 2336 4526 prioris
2364 4454 2478 4508 vitii
2505 4454 2823 4522 contagione
2854 4453 3080 4523 polluta,
3119 4461 3174 4508 et
3195 4452 3300 4508 alia
3327 4469 3447 4522 quae
3471 4453 3720 4508 sordibus

2075 4521 2121 4581 D
2143 4521 2198 4602 et
2226 4547 2514 4602 multorum
2546 4521 2752 4601 libidini
2777 4521 3123 4616 subjacuerit.

2211 4638 2306 4694 His
2330 4639 2405 4693 ita
2435 4639 2820 4704 consideratis,
2851 4646 3026 4695 vestra
3062 4639 3397 4694 sanctissima
3431 4639 3604 4708 pietas
3639 4651 3723 4691 sa-

2141 4730 2306 4802 pienti
2327 4731 2550 4785 consilio
2571 4731 2885 4800 prtevideat,
2917 4731 2960 4784 si
2990 4729 3181 4784 melius
3210 4730 3280 4783 sit
3309 4729 3530 4783 rudibus
3550 4743 3722 4797 popu-

2143 4823 2212 4879 lis
2251 4824 2304 4877 in
2327 4823 2590 4894 principio
2619 4823 2740 4878 ﬁdei
2769 4823 2958 4894 jugum
2983 4824 3258 4893 imponere
3286 4823 3640 4885 decimarum,
3666 4833 3725 4874 ut

2142 4913 2300 4984 plena
2343 4913 2438 4968 ﬁat
2475 4927 2570 4986 per
2597 4913 2834 4985 singulas
2880 4916 3070 4968 domus
3115 4915 3323 4970 exactio
3370 4912 3622 4966 illarum:
3653 4927 3722 4966 an

2150 5003 2376 5076 apostoli
2404 5019 2615 5076 quoque
2638 5005 2704 5060 ab
2725 5005 2841 5075 ipso
2863 5003 2974 5059 Deo
2993 5003 3207 5060 Christo
3227 5002 3400 5059 edocti
3423 5010 3477 5056 et
3496 5000 3563 5057 ad
3587 5017 3725 5071 pra:-

2147 5199 2287 5254 cedit
2300 5199 2538 5269 ejusdem
2561 5199 2886 5271 argumenti,
2909 5196 3148 5271 Dictatus
3161 5197 3378 5271 Paulini
3391 5199 3721 5271 patriarchae,

2330 5266 2796 5394 editnég‘reperics
2825 5269 2964 5322 inter
2989 5267 3227 5322 Concilia
3266 5266 3328 5321 D.
3361 5266 3562 5327 Mansi.
3593 5276 3722 5322 tom.

2273 5380 2288 5394 .
2320 5356 2444 5394 nae.
2582 5378 2592 5390 .

2249 5340 2288 5396 ι.
2320 5356 2444 5396 nae.
2472 5340 2592 5394 92L

2625 5407 2826 5477 Nempe
2861 5415 3144 5477 postquam
3179 5423 3198 5457 ς
3242 5405 3385 5462 Deus
3412 5408 3723 5462 Hunnorum

2221 5477 2373 5546 pulos
2397 5477 2574 5532 Caroli
2602 5479 2830 5546 sceptris
2880 5477 3118 5531 subdidit
3162 5484 3216 5530 et
3261 5479 3417 5532 ctecis
3457 5478 3728 5533 mentibus

2170 5562 2328 5601 nmen
2368 5547 2608 5601 veritatis
2658 5547 2881 5611 infudit,
2920 5567 2938 5599 ι
2983 5547 3086 5602 hoc
3114 5557 3216 5615 est,
3256 5562 3395 5602 llllllO
3422 5546 3544 5602 796.
3593 5547 3728 5602 Data

2151 5617 2456 5687 igitur_h:ec
2483 5616 2707 5686 epistola
2743 5619 3132 5687 annogeodem;
3163 5628 3265 5672 nec
3295 5617 3539 5687 ratioest
3583 5617 3724 5687 illam

2151 5685 2272 5742 eum
2304 5685 2470 5757 Paglo
2497 5685 2552 5741 et
2577 5689 2790 5743 Cointio
2817 5685 3096 5742 differendi
3121 5687 3186 5757 ad
3218 5701 3415 5740 annum
3441 5685 3562 5740 799.
3600 5685 3720 5740 Viti.

2151 5757 2310 5810 etiam
2342 5755 2474 5811 infra
2503 5759 2782 5827 epistolam
2810 5758 2868 5812 ’51
2906 5760 3067 5826 (nunc
3095 5755 3183 5824 56)
3205 5757 3270 5809 ad
3301 5757 3593 5810 Arnonem.
