4070 6182
270 342 367 395 189

257 453 554 508 dicandum
575 447 776 502 mundo
817 445 966 500 ιιιίεεὶ
993 445 1302 500 exactiones
1323 445 1654 500 decimarum
1687 457 1712 484 ι
1749 459 1846 498 ex—
1875 449 1921 504 Α

257 542 524 612 egissent,
555 536 636 591 vel
667 533 864 590 alicubi
889 531 1303 588 demandassent
1329 532 1464 596 dari,
1496 531 1848 587 consideran-

259 633 390 686 dum
416 636 522 684 est.
571 626 786 681 Scimus
811 623 936 692 quia
957 621 1248 675 decimatio
1290 620 1605 675 substantiae
1648 628 1849 674 nostra:

258 721 417 775 valde
445 719 586 773 bona
617 723 719 769 est.
751 713 856 767 Sed
883 711 1076 765 melius
1113 718 1196 764 est
1225 709 1370 764 illam
1403 710 1652 763 amittere
1687 724 1848 777 quam

261 811 428 866 ﬁdem
452 807 697 878 perdere.
745 803 854 857 Nos
882 817 1011 856 vero
1055 801 1108 854 in
1135 799 1239 854 ﬁde
1265 799 1529 854 catholica
1561 799 1670 854 nati
1695 839 1708 865 ,
1753 814 1852 850 nu-

263 900 379 954 triti
407 907 464 953 et
488 895 664 952 edocti
690 895 777 947 vix
803 891 1171 946 consentimus
1217 891 1572 944 substantiam
1606 896 1847 943 nostram

264 990 500 1060 pleniter
539 987 828 1041 decimare.
862 981 1074 1049 Quanto
1105 981 1279 1049 magis
1317 987 1502 1033 tenera
1529 978 1660 1033 ﬁdcs
1691 987 1744 1033 et
1770 979 1852 1031 in-

263 1080 471 1135 fantilis
495 1078 709 1132 animus
733 1115 747 1139 ,
777 1083 832 1128 et
862 1087 1024 1126 avara
1051 1086 1205 1124 mens
1245 1069 1454 1122 illarum
1480 1069 1713 1138 largitati
1741 1084 1847 1122 non

264 1168 581 1225 consentit?
611 1165 884 1219 Roborata
907 1177 1034 1216 vero
1061 1159 1183 1223 ﬁde,
1209 1168 1262 1212 et
1285 1157 1602 1213 conﬁrmata
1626 1174 1852 1212 consuc-

264 1260 455 1313 tudine
480 1253 906 1312 Christianitatis
923 1293 936 1316 ,
975 1260 1101 1306 tunc
1129 1250 1281 1320 quasi
1308 1249 1441 1303 viris
1459 1249 1712 1318 perfectis
1737 1249 1846 1304 for-

263 1353 404 1405 tiora
458 1349 632 1403 danda
663 1355 787 1401 sunt
833 1351 1122 1413 prtecepta,
1176 1357 1296 1410 quae
1355 1339 1603 1412 [solidata
1650 1339 1848 1410 (Edit.,

264 1439 462 1507 solida)
487 1437 510 1508 ]
546 1450 695 1490 mens
719 1433 978 1503 religione
1003 1430 1306 1486 Christiana
1330 1444 1434 1482 non
1467 1430 1776 1482 abhorreat.

331 1528 468 1582 Illud
501 1539 711 1594 quoque
745 1523 976 1577 maxima
1026 1518 1478 1574 considerandum
1509 1527 1592 1572 est
1624 1518 1852 1586 diligen-

266 1620 362 1685 tia,
394 1628 455 1673 ut
479 1617 726 1673 ordinate
747 1615 838 1669 ﬁat
864 1612 1260 1684 praedicationis
1287 1611 1520 1666 oﬁicium
1541 1652 1556 1675 ,
1583 1621 1639 1665 et
1667 1613 1846 1681 bapti-

265 1712 368 1767 smi
393 1716 792 1765 sacramentum
833 1724 844 1761 :
884 1722 951 1760 ne
987 1705 1119 1759 nihil
1145 1704 1314 1772 prosit
1340 1704 1482 1758 sacri
1507 1703 1708 1758 ablutio
1749 1705 1844 1758 ba—

1705 333 2078 390 EPISTOLIF.

3436 339 3540 398 {90

2017 443 2184 514 Igitur
2211 442 2299 496 ille
2314 443 2466 507 ordo,
2498 443 2552 497 in
2580 445 2818 500 docendo
2836 446 3011 500 virum
3034 455 3193 500 artata
3215 444 3540 517 perfectum,

1953 533 2264 602 diligenter,
2293 541 2352 586 ut
2381 533 2644 594 arbitror,
2676 536 2974 590 servandus
3001 545 3085 592 est
3109 578 3123 601 ,
3165 551 3324 606 quem
3349 536 3544 595 beatus

1950 622 2283 692 Augustinus
2309 622 2580 676 ordinavit
2602 624 2655 676 in
2683 623 2823 678 libro
2840 625 2924 679 cui
2948 627 3021 680 De
3046 626 3442 683 catechizandis
3458 643 3548 684 m-

1954 713 2111 767 dibus
2140 712 2354 766 titulum
2391 714 2732 780 prcenotavit.
2763 713 2918 769 Prius
2953 717 3301 772 instruendus
3334 724 3420 772 est
3446 718 3544 775 ho-

1953 817 2041 855 mo
2064 802 2128 855 de
2157 802 2349 855 anima:
2376 801 2808 868 immortalitate,
2843 813 2895 858 et
2924 805 2988 858 dc
3026 806 3133 859 vita
3169 805 3373 873 futura,
3395 816 3452 862 et
3474 808 3542 865 de

1952 891 2307 945 retributione
2337 892 2598 944 bonorum
2640 893 3034 962 malorumque,
3068 905 3122 949 et
3152 897 3217 950 de
3241 898 3542 952 aeternitate

1951 982 2233 1050 utriusque
2263 982 2443 1035 sortis.
2471 979 2662 1035 Postea
2685 997 2783 1051 pro
2809 983 3003 1051 quibus
3024 985 3264 1051 peccatis
3297 995 3350 1039 et
3375 986 3542 1041 scele-

1952 1072 2099 1125 ribus
2140 1087 2330 1140 pinnas
2361 1088 2482 1126 cum
2515 1072 2727 1126 diabolo
2771 1073 3010 1141 patiatur
3053 1083 3320 1140 aeternas;
3360 1085 3412 1131 et
3443 1091 3543 1144 pro

1951 1161 2148 1230 quibus
2174 1159 2328 1214 bonis
2358 1159 2440 1212 vel
2470 1160 2768 1215 benefactis
2793 1161 2963 1231 gloria
3001 1178 3122 1216 cum
3151 1161 3367 1220 Christo
3394 1161 3543 1218 frua-

1952 1259 2042 1306 tur
2083 1252 2430 1320 sempiterna.
2465 1251 2666 1305 Deinde
2695 1253 2826 1306 ﬁdes
2859 1261 3060 1306 sanctre
3091 1252 3376 1308 Trinitatis
3418 1254 3543 1308 dili-

1949 1342 2264 1411 gentissime
2298 1341 2537 1396 docenda
2573 1351 2678 1407 est,
2713 1351 2768 1397 et
2812 1344 3074 1399 adventus
3099 1360 3199 1414 pro
3242 1345 3416 1401 salute
3440 1347 3542 1400 hu-

1950 1431 2096 1485 mani
2133 1432 2346 1501 generis
2373 1431 2492 1486 Filii
2522 1432 2612 1486 Dei
2659 1433 2869 1488 Domini
2903 1435 3071 1489 nostri
3102 1433 3230 1489 Jesu
3265 1435 3462 1491 Cbristi
3490 1437 3541 1490 in

1951 1526 2093 1578 hunc
2113 1525 2368 1577 mundum
2395 1522 2763 1593 exponendus.
2803 1525 2869 1578 Et
2897 1525 2962 1578 de
2989 1527 3249 1596 mysterio
3274 1527 3544 1596 passionis

1948 1615 2110 1678 illius,
2144 1626 2195 1670 et
2225 1617 2455 1672 veritate
2484 1618 2898 1672 resurrectionis
2928 1629 2980 1672 et
3012 1618 3178 1688 gloria
3202 1618 3538 1673 ascensionis

1951 1706 2002 1758 in
2029 1704 2213 1767 cmlos,
2246 1715 2298 1759 et
2322 1705 2502 1759 futuro
2525 1704 2642 1773 ejus
2664 1706 2897 1760 adventu
2927 1706 2992 1759 ad
3013 1705 3333 1773 judicandas
3355 1721 3544 1761 omnes

265 1800 451 1871 ptismi
498 1798 550 1852 in
581 1813 824 1866 corpore,
859 1796 904 1849 si
935 1795 988 1847 in
1016 1794 1194 1846 anima
1223 1793 1431 1847 ratione
1459 1794 1626 1846 utenti
1669 1791 1840 1864 [Cod.
1877 1796 1922 1856 Β
1949 1803 2172 1864 gentes:
2207 1805 2260 1850 et
2286 1797 2351 1852 de
2381 1798 2778 1852 resurrectione
2801 1813 3092 1867 corporum
3127 1806 3462 1864 nostrorum,
3485 1809 3541 1854 et

266 1891 386 1946 Sal.
413 1932 429 1956 ,
468 1889 699 1952 intenti,
733 1884 995 1956 mendose]
1025 1885 1303 1939 catholica:
1343 1884 1463 1938 ﬁdei
1509 1885 1712 1954 agnitio
1741 1902 1845 1940 non

263 1980 604 2051 praecesserit
627 1977 704 2048 [in
725 1975 929 2046 corde].
961 1975 1287 2043 Dicititaque
1308 1975 1595 2044 Apostolus
1615 1993 1633 2029 :
1659 1974 1850 2030 Omnia

263 2081 435 2124 reslra
472 2070 686 2122 honesta
715 2083 830 2119 cum
867 2065 1047 2119 ordine
1067 2065 1197 2132 fiant
1241 2064 1295 2133 (I
1326 2063 1447 2118 Cor.
1478 2081 1568 2118 x1v
1591 2106 1604 2129 ,
1634 2064 1747 2136 40).
1783 2066 1850 2118 Et

262 2161 383 2229 ipse
422 2158 680 2213 Dominus
709 2157 762 2210 in
787 2154 1074 2224 Evangelio
1101 2154 1380 2221 discipulis
1403 2154 1513 2207 suis
1531 2155 1851 2223 praecipiens

264 2251 342 2303 ait
378 2267 391 2302 :
431 2247 532 2312 Ite,
555 2248 732 2301 docete
759 2263 934 2300 omnes
958 2255 1130 2315 gentes
1149 2286 1163 2308 ,
1197 2244 1516 2314 baptizantes
1545 2262 1631 2300 eos
1661 2247 1716 2300 in
1758 2264 1852 2300 no-

267 2339 405 2391 mine
433 2318 614 2390 Patris
641 2345 689 2389 et
711 2335 840 2389 Filii
861 2344 910 2389 et
937 2334 1168 2404 Spiritus
1193 2335 1360 2388 sancti
1395 2333 1610 2406 (Matth.
1653 2352 1850 2402 xxvm,

267 2428 378 2497 19).
410 2425 577 2494 llujus
598 2441 727 2480 vero
752 2426 1004 2495 prmeepti
1026 2423 1269 2479 ordinem
1291 2425 1482 2479 beatus
1496 2423 1852 2496 Hieronymus

267 2517 321 2568 in
366 2515 754 2571 commentario
802 2531 916 2577 suo,
970 2530 1130 2584 quem
1185 2515 1239 2568 in
1285 2514 1633 2584 Evangelium
1679 2516 1848 2571 sancti

270 2602 505 2658 Μαιακεί
527 2604 763 2673 scripsit,
791 2604 864 2656 ita
890 2604 1138 2674 exposuit
1170 2621 1182 2656 :
1215 2602 1457 2657 Primum
1480 2604 1708 2659 doceant
1737 2621 1852 2660 om-

269 2707 366 2746 nes
390 2702 596 2763 gentes,
623 2694 814 2749 deinde
844 2695 1029 2749 doctas
1052 2695 1359 2765 intinguant
1381 2710 1539 2764 aqua.
1565 2694 1681 2750 Non
1707 2696 1849 2750 enim

266 2791 443 2851 potest
475 2781 590 2836 ﬁeri
619 2791 680 2836 ut
701 2799 898 2852 corpus
926 2785 1178 2854 baptismi
1207 2784 1385 2853 capiat
1427 2792 1848 2848 sacramentum,

268 2875 367 2928 nisi
398 2873 569 2947 [ante]
597 2876 777 2930 anima
819 2875 942 2930 lidei
975 2877 1275 2945 susceperit
1312 2875 1620 2930 veritatem.
1670 2875 1850 2943 Bapti-

269 2973 461 3018 tantur
491 2971 669 3020 autem
699 2965 754 3020 iu
783 2965 1000 3020 nomine
1024 2964 1235 3030 Patris,
1266 2971 1320 3018 et
1345 2963 1494 3028 Filii,
1534 2973 1590 3017 et
1617 2962 1850 3033 Spiritus

268 3057 460 3120 sancti,
490 3066 548 3111 ut
572 3073 802 3127 quorum
830 3075 934 3112 una
961 3067 1044 3112 est
1071 3057 1342 3122 divinitas,
1373 3056 1443 3111 sit
1472 3071 1578 3110 una
1611 3055 1845 3125 largitio,

267 3163 569 3218 nomenque
592 3149 874 3204 Trinitatis
899 3149 1051 3221 [Cod.
1079 3148 1222 3214 Sal.,
1253 3148 1512 3222 Trinitas]
1545 3165 1686 3204 unus
1707 3149 1849 3204 Deus
1875 3151 1924 3214 C

266 3245 368 3292 est.
406 3238 656 3293 Docentes
682 3255 768 3292 eos
797 3254 1001 3292 servare
1026 3239 1224 3304 omnia,
1253 3256 1571 3310 quaecunque
1603 3239 1849 3295 mandavi

266 3326 408 3380 vobis
442 3325 628 3391 (lbid.,
661 3343 790 3380 vers.
817 3325 929 3396 20).
963 3325 1107 3380 Ordo
1137 3327 1458 3396 prmcipuus.
1500 3326 1670 3383 Jussit
1695 3329 1848 3403 [apo-

264 3413 428 3466 stolis
452 3412 648 3482 (Edit.,
677 3411 978 3481 Apostolus,
1000 3413 1267 3486 mendose)
1293 3413 1312 3486 ]
1343 3424 1401 3469 ut
1428 3418 1664 3486 primum
1689 3419 1848 3473 doce-

265 3509 394 3555 rent
433 3516 620 3556 omnes
648 3501 794 3574 [Cod.
827 3503 964 3567 Sal.,
993 3505 1289 3577 universas]
1310 3517 1497 3576 gentes
1517 3549 1531 3573 ,
1571 3508 1762 3564 deinde
1787 3509 1847 3563 ﬁ-

264 3596 349 3650 dei
404 3595 611 3663 tingere
654 3595 1016 3668 [sacramento
1044 3598 1232 3670 (Edit.,
1283 3601 1846 3673 sacramentum)],et

261 3695 382 3756 post
408 3685 569 3740 ﬁdem
591 3701 653 3741 ac
679 3689 964 3756 baptisma,
993 3705 1112 3758 quae
1133 3698 1314 3744 essent
1336 3691 1688 3757 observan-da,
1712 3707 1848 3761 prae-

262 3776 526 3844 ciperent.
563 3776 640 3831 Ac
667 3791 735 3831 ne
763 3786 1013 3846 putemus
1047 3780 1182 3834 levia
1211 3796 1330 3835 esse
1347 3796 1466 3850 qua:
1499 3779 1650 3851 jussa
1697 3791 1841 3846 sunt,

261 3878 315 3922 et
335 3865 498 3939 [post]
530 3883 701 3936 pauca
731 3856 937 3925 addidit
969 3889 981 3923 :
1014 3869 1208 3924 Omnia
1243 3888 1563 3943 quacunque
1600 3874 1844 3927 mandavi

261 3961 420 4013 vobis.
453 3959 524 4015 Ut
553 3961 643 4029 qui
675 3962 1036 4028 crediderint,
1090 3964 1181 4032 qui
1229 3964 1284 4018 in
1331 3963 1595 4019 Trinitate
1644 3964 1844 4019 fuerint

262 4046 542 4117 haptizati,
568 4051 752 4104 omnia
781 4052 982 4106 faciant
1009 4069 1126 4122 quae
1151 4063 1416 4124 praecepta
1445 4063 1589 4108 sunt.

329 4137 501 4208 igitur
544 4139 781 4196 infantes
810 4142 1018 4196 ratione
1044 4157 1149 4197 non
1195 4152 1428 4209 utentes,
1466 4145 1691 4200 aliorum
1720 4159 1844 4216 pee-

260 4231 396 4283 catis
421 4231 661 4296 obnoxii,
697 4233 927 4288 aliorum
963 4234 1068 4290 ﬁde
1094 4233 1192 4308 [et]
1219 4236 1557 4292 confessione
1608 4254 1705 4306 per
1751 4240 1844 4292 ba-

258 4318 442 4386 ptismi
469 4331 868 4378 sacramentum
897 4324 1091 4380 salvari
1120 4335 1367 4396 possunt,
1397 4327 1441 4381 si
1463 4327 1724 4383 confessa:
1744 4344 1844 4398 pro

258 4424 316 4461 se
362 4409 485 4465 ﬁdei
520 4413 906 4484 integritatem,
953 4432 1189 4488 congrua
1217 4419 1535 4474 adveniente
1561 4428 1720 4474 (etate
1749 4437 1840 4476 cu-

1953 1888 2019 1942 de
2056 1887 2167 1957 39
2196 1888 2502 1942 aeternitate
2528 1903 2813 1956 poenarum
2842 1888 2896 1940 in
2930 1887 3100 1942 malos
3122 1897 3176 1941 et
3197 1889 3542 1957 praemiorum

1953 1978 2008 2032 ir.
2033 1978 2222 2040 bonos,
2250 1989 2309 2031 ut
2328 1993 2447 2031 mox
2473 1977 2844 2047 prmdiximus,
2871 1995 3024 2033 mens
3045 1979 3253 2034 novella
3277 1977 3540 2034 ﬁrmanda

1953 2076 2056 2121 est.
2086 2067 2153 2120 Et
2182 2067 2283 2121 hac
2309 2066 2414 2121 ﬁde
2444 2066 2732 2122 roboratus
2755 2067 2915 2123 homo
2934 2077 2990 2124 et
3015 2077 3349 2139 praeparatus
3370 2069 3544 2140 bapti-

1954 2157 2159 2210 zandus
2195 2164 2299 2210 est.
2344 2156 2411 2209 Et
2439 2157 2518 2210 sic
2556 2165 2799 2226 tempore
2827 2168 3126 2227 opportuno
3156 2159 3351 2227 saepius
3381 2173 3530 2212 evan-

1953 2247 2124 2318 gelica
2154 2256 2422 2316 prazcepta
2448 2246 2623 2302 danda
2647 2256 2773 2302 sunt
2799 2263 2895 2317 per
2921 2247 3120 2302 sedulae
3142 2247 3544 2317 praedicationis

1952 2337 2204 2403 ofﬁcium,
2230 2338 2402 2394 donec
2427 2347 2703 2394 accrescat
2732 2339 2786 2392 in
2815 2339 2989 2393 virum
3015 2338 3360 2414 [perfectum]
3386 2350 3440 2396 et
3467 2341 3545 2396 di-

1953 2445 2057 2499 gna
2079 2429 2342 2484 elliciatur
2372 2429 2599 2498 Spiritui
2629 2438 2816 2484 sancto
2844 2431 3104 2485 baoitatio
3125 2472 3137 2496 ,
3180 2439 3234 2485 et
3260 2432 3329 2485 sit
3357 2430 3538 2502 perfe—

1954 2529 2074 2576 ctus
2099 2521 2240 2576 ﬁlius
2269 2521 2362 2576 Dei
2405 2522 2460 2574 in
2480 2522 2735 2590 operibus
2758 2522 3162 2584 misericordiae,
3198 2522 3338 2578 sicut
3379 2523 3544 2579 Pater

1956 2609 2164 2683 [noster
2195 2610 2366 2683 (Edit.
2394 2651 2406 2672 ,
2441 2609 2666 2681 vester)]
2698 2611 2936 2666 coelesﬁs
2966 2611 3238 2681 perfectus
3280 2621 3363 2666 est
3391 2653 3405 2678 ,
3448 2614 3538 2683 qui

1953 2704 2090 2758 vivit
2129 2711 2182 2758 et
2210 2710 2398 2772 regnat
2424 2702 2480 2755 in
2511 2701 2777 2755 Trinitate
2802 2700 3071 2770 perfecta,
3116 2711 3170 2757 et
3209 2703 3418 2756 unitate
3448 2702 3545 2757 be-

1953 2795 2189 2857 nedicta,
2237 2793 2379 2846 Deus
2418 2800 2474 2846 et
2506 2791 2764 2846 Dominus
2788 2806 2888 2864 per
2933 2791 3116 2847 omnia
3145 2791 3340 2847 szecula
3371 2807 3545 2848 saecu-

1953 2887 2147 2941 loru'm.
2176 2885 2367 2940 Amen.

2407 2977 2433 3016 ιι
2463 2975 2797 3032 EPISTOLA
2829 2976 3067 3032 XXXIV.

2560 3083 2626 3121 AD
2656 3083 2921 3124 ABNONEII.

2555 3166 2745 3238 (Anno
2776 3166 2898 3222 796.

1949 3277 2105 3333 Illius
2137 3279 2361 3332 reditum
2398 3287 2638 3348 exaptat,
2666 3288 2712 3331 et
2741 3276 2824 3348 de
2847 3277 3003 3348 variis
3046 3276 3306 3348 eventibus
3347 3275 3540 3348 instrui

2018 3348 2393 3418 cupit._Meuse
2418 3343 2564 3401 Julia
2598 3365 2652 3401 se
2679 3347 2748 3400 ad
2787 3345 3056 3418 Palatium
3086 3347 3282 3398 iturum
3329 3343 3536 3414 signiﬁ-

2015 3415 2119 3472 cat.
2154 3416 2415 3471 Hortatur
2455 3427 2511 3470 ut
2547 3418 2611 3470 ab
2632 3433 2809 3471 errore
2839 3415 3199 3487 Hispanorum
3228 3423 3424 3468 caveat.

2015 3531 2336 3586 Venerando
2381 3529 2585 3585 volucri
2630 3538 2686 3583 et
2730 3542 2857 3582 vere
2903 3526 3276 3583 amantissimo
3324 3523 3534 3592 Aquila:

1945 3618 2176 3674 Albinus
2214 3619 2471 3674 salutem.

2015 3706 2351 3775 Esspectans
2376 3715 2632 3773 exspecto
2669 3705 2850 3757 laetum
2878 3703 3064 3758 audire
3102 3702 3372 3768 nuntium,
3403 3717 3537 3773 quo-

1944 3797 2104 3851 modo
2118 3796 2308 3864 Aquila
2333 3795 2560 3850 sublime
2588 3793 2775 3848 volans
2796 3783 2987 3864 Alpina
3003 3792 3134 3864 juga
3160 3792 3532 3859 transcendat,

1944 3893 2000 3941 et
2037 3883 2211 3940 fessus
2254 3883 2434 3938 volatu
2466 3883 2518 3937 in
2546 3882 2754 3938 Rhetiae
2783 3881 2940 3955 [Cod.
2961 3881 3107 3948 Sal.,
3129 3881 3331 3956 Recite]
3365 3884 3534 3953 parti-

1942 3977 2045 4031 bus
2077 3976 2189 4030 alas
2221 3983 2511 4046 componat
2535 3991 2680 4041 suas,
2707 3975 2790 4030 vel
2829 3975 2958 4043 quid
2996 3975 3129 4029 mihi
3171 3975 3386 4029 nuntiet
3415 3985 3436 4014 ε
3467 3976 3534 4030 de

1944 4078 2131 4122 sancto
2170 4063 2379 4138 [Paule]
2414 4066 2675 4134 partibus,
2701 4077 2758 4120 et
2793 4064 3159 4120 Romanorum
3187 4062 3449 4126 consiliis,
3477 4073 3532 4117 et

1943 4161 1990 4215 si
2027 4159 2143 4216 ﬁeri
2177 4160 2374 4230 possit,
2405 4158 2548 4228 quod
2576 4158 2730 4214 valde
2754 4166 3025 4230 optamus,
3053 4155 3165 4210 Deo
3188 4153 3444 4219 donante,
3473 4165 3534 4208 ut

1943 4253 2057 4306 ﬁat.
2075 4252 2414 4322 Quapropter
2443 4264 2635 4322 precor
2660 4265 2851 4308 omnes
2881 4249 3110 4320 aligeras
3135 4253 3432 4317 potestates
3460 4244 3528 4299 de

1944 4342 2150 4396 ctelesti
2189 4341 2315 4395 sede
2344 4341 2748 4404 descendentes,
2781 4347 2843 4395 ut
2873 4338 3125 4408 Aquilam
3154 4351 3330 4392 meum
3373 4333 3527 4406 [Cod.

1945 4431 2088 4498 Sal.,
2115 4429 2314 4504 meam]
2353 4432 2462 4486 cito
2490 4447 2678 4486 sanum
2715 4446 2837 4486 cum
2863 4430 3008 4484 omni
3034 4427 3392 4500 prosperitate
3444 4424 3530 4480 fa—

258 4501 496 4554 είθάίεηι
541 4500 694 4573 [σοάο
722 4503 861 4570 δαῖον
889 4505 1242 4579 ουδῑοδίυιηῖο
1284 4509 1425 4564 Dic“
1456 4523 1582 4566 νθτο
1605 4510 1838 4581 Αβοειο-
1868 4507 1922 4566 D
1941 4524 2053 4578 ciat
2078 4523 2261 4577 venire
2292 4500 2365 4575 ad
2390 4536 2510 4576 nos.
2540 4521 2648 4577 Nos
2671 4536 2800 4575 vero
2824 4519 2970 4574 velut
2993 4519 3178 4574 :estiva
3202 4516 3436 4573 hirundo
3460 4515 3528 4570 ad

259 4589 341 4645 lus
371 4610 384 4644 :
418 4591 584 4648 Corde
611 4596 843 4650 creditur
862 4598 931 4650 ad
960 4598 1249 4668 justitiam,
1271 4618 1359 4656 ore
1382 4612 1554 4657 autem
1575 4604 1835 4675 confessio

257 4681 315 4746 ﬁt
357 4681 429 4734 ad
463 4682 686 4737 salutem
741 4685 918 4756 (Rom.
974 4705 1024 4751 x,
1069 4688 1179 4760 10).
1219 4689 1312 4746 Illa
1356 4690 1590 4762 [tantum
1638 4695 1831 4766 (Edit..

259 4771 457 4843 tanta)]
479 4773 592 4828 oris
610 4776 874 4832 confessio
893 4779 1103 4847 prolicit
1119 4781 1185 4834 ad
1201 4781 1450 4846 salutem,
1468 4797 1586 4850 qua:
1607 4783 1836 4842 ﬁrmiter

253 4861 436 4916 cordis
461 4863 783 4920 credulitate
819 4873 1050 4921 tenetur.

325 4986 350 5053 ς
551 4976 806 5053 epist._5z
837 4978 1003 5053 (nunc
1031 4981 1146 5053 42),
1174 4985 1242 5037 ad
1263 4980 1689 5053 Megcnfredum.

323 5042 527 5126 5_Edit.
557 5042 754 5126 biabill.
776 5042 999 5126 ᾗῇ)ᾳῇ
1023 5042 1390 5126 2_;_'emendat"a
1419 5061 1480 5126 _et
1504 5055 1744 5126 suppleta
1765 5072 1830 5113 ex

251 5112 463 5192 dugbus
484 5117 640 5169 codd.
669 5112 1331 5192 mss._'Salisb._Scriptam
1357 5121 1524 5178 fuisse
1552 5112 1693 5180 anno
1729 5112 1832 5182 796

251 5182 558 5277 52'1‘5‘233‘.
586 5196 760 5277 "32559
795 5182 1434 5277 Eeal’elsli.Eb5r.aseesis
1462 5193 1697 5277 ενίεφρί
1728 5196 1832 5252 hoc

248 5267 394 5334 inuno
417 5254 585 5334 obita,
610 5256 764 5325 cujus
796 5260 1042 5334 meminit
1066 5261 1121 5314 in
1148 5262 1370 5334 cpistola
1414 5254 1688 5334 setjuenti,
1711 5281 1832 5334 qua:

248 5321 350 5400 hac
375 5325 647 5400 posterior
664 5321 766 5400 est.
793 5327 1134 5400 Arnoigitur
1158 5321 1259 5386 h'oc
1295 5346 1438 5387 anno
1476 5321 1828 5400 Romre'fuit,

247 5389 316 5474 de
349 5389 482 5448 cura
518 5393 765 5474 fortassis
785 5389 1181 5469 novellipopuli
1204 5401 1505 5474 Avarorum
1529 5403 1629 5456 sibi
1653 5419 1681 5456 a
1706 5389 1831 5474 Ρίρ-ἰ

243 5467 806 5585 pggucommendata
865 5467 1017 5523 cum’
1044 5467 1254 5525 summo
1299 5472 1555 5541 pontiﬁce
1604 5467 1827 5530 consilia

429 5549 516 5585 ns.
1059 5552 1067 5567 ·

275 5543 464 5586 ractan
472 5549 516 5588 8.
1059 5552 1067 5567 '

313 5599 482 5676 E93
521 5603 600 5676 De
626 5614 808 5660 sancto
838 5605 1008 5661 Paule
1050 5609 1309 5676 partibus.
1359 5610 1438 5664 Ita
1491 5612 1655 5668 habet
1705 5614 1823 5669 cod.

244 5685 350 5745 ms.
370 5673 592 5740 Salisb.,
608 5677 751 5745 quod
768 5673 1088 5732 vocabulum
1113 5677 1274 5732 Paule
1287 5693 1379 5734 seu
1396 5681 1545 5736 Pauli
1559 5682 1830 5738 omittitur

243 5743 304 5801 in
333 5745 455 5800 cod.
490 5743 1030 5803 Benedicto-Duram
1052 5747 1191 5818 apud
1239 5747 1477 5804 Pezinm.
1519 5749 1825 5822 Legendum

1941 4611 2200 4681 palatium
2228 4625 2414 4666 mense
2441 4608 2583 4664 Julio
2609 4623 2962 4681 preperamus
2991 4603 3257 4680 [Mabill.,
3284 4607 3528 4676 partibus

1941 4700 2196 4772 palatinis
2221 4715 2510 4772 properare
2540 4697 2956 4772 desideramus].
2987 4696 3178 4752 Nescio
3225 4697 3290 4752 de
3342 4704 3526 4751 nostro

1941 4791 2136 4864 itinere
2161 4793 2290 4862 quid
2309 4793 2415 4846 erit
2436 4789 2676 4847 futurum
2705 4788 2841 4863 [sive
2871 4789 3016 4844 circa
3047 4798 3071 4826 α
3104 4785 3353 4841 Mosanas
3381 4786 3525 4854 ripas

1941 4883 2274 4940 liceatnobis
2299 4884 2440 4939 sicut
2468 4881 2737 4954 mergulos
2768 4881 2947 4952 pisces
2968 4887 3217 4949 captare;
3257 4892 3325 4930 an
3362 4887 3385 4915 ο
3411 4875 3524 4929 Ali-

1935 4996 2031 5051 abs
2068 4996 2231 5074 dubio
2287 5014 2299 5049 :
2349 4995 2414 5074 de
2465 4996 2645 5074 sancti
2680 4993 2841 5074 Pauli
2889 4991 3159 5074 partib‘us-n
3184 4989 3517 5074 (monasterii

1934 5080 2124 5146 nempe
2153 5065 2681 5146 Coyrnaricensiszde
2703 5057 3359 5146 cujus.apprpbationenab
3375 5057 3519 5146 lips-

1934 5127 2121 5189 stolica
2149 5135 2275 5190 sede
2307 5127 2637 5203 impetranda
2666 5127 2830 5188 etiam
2857 5127 3064 5187 in'aliis
3092 5127 3336 5200 epistolis
3373 5127 3516 5182 solli-

1935 5203 2227 5258 citudinem
2256 5219 2411 5257 suam
2433 5203 2708 5271 ostendit).

2005 5271 2032 5310 ά
2071 5275 2152 5327 Ad
2181 5272 2432 5326 Mosanas
2467 5275 2628 5341 ripas.
2668 5265 2734 5326 'In
2787 5268 3116 5341 monasterio
3164 5265 3409 5341 fortassis
3453 5265 3513 5341 S.

1934 5341 2162 5396 Servatii
2189 5341 2421 5410 Trajecti
2447 5338 2524 5410 ad
2548 5340 2770 5407 Mosam,
2794 5338 2950 5408 cujus
2975 5349 3164 5393 rursus
3188 5338 3434 5394 meminit
3457 5339 3514 5394 in

1930 5412 2090 5482 epist.
2117 5412 2186 5482 87
2217 5411 2384 5481 (nunc
2411 5409 2554 5481 105),

2006 5493 2030 5521 ο
2047 5476 2414 5562 .Aliﬂerensem
2428 5476 2671 5562 ﬂuidum2
2693 5476 3026 5562 _Ligcrim,la
3053 5477 3302 5560 Loirenin
3327 5491 3507 5562 mona-

1929 5551 2097 5607 sterio
2143 5539 2463 5611 Turonensi,
2495 5565 2603 5611 quo
2644 5539 2902 5606 Alcuinus
2931 5539 3428 5604 Amonem'invitat
3458 5547 3514 5601 in

1929 5566 2097 5607 sterio
2143 5566 2463 5611 't'uronensn,
2533 5566 2603 5604 uo
2644 5566 2902 5606 nicumus
2931 5566 3206 5604 amonem
3235 5566 3428 5602 invitat
3458 5566 3514 5601 ιη

1928 5622 2088 5700 epist:
2121 5622 2188 5678 87
2223 5619 2398 5691 (nunc
2428 5566 2550 5700 tog)
2577 5620 2662 5700 bis
2690 5620 2869 5700 verbis
2889 5638 2913 5700 _:
2935 5638 2978 5700 ,ι
3017 5618 3238 5700 Utinam
3275 5617 3516 5699 volassrt

1927 5687 2421 5762 A‘quila.....usque
2445 5689 2513 5746 ad
2534 5687 2867 5760 'piscationes
2889 5689 3064 5761 Ligeri
3090 5687 3343 5744 ﬂuminis.
3384 5705 3403 5739 ι
