4070 6182
523 378 613 435 Ml

1382 376 1440 430 Β.
1485 376 1545 430 F.
1588 376 1810 431 ALBINI
1852 374 1981 430 SEU
2021 365 2297 428 ALCUINI
2345 368 2631 427 OPERUM
2666 369 2846 425 PARS
2884 369 2921 423 l.

3669 374 3687 426 Ι
3700 376 3791 430 92‘

514 506 789 564 gerenscm
817 488 1032 543 ﬁuvium
1061 498 1355 557 revertere,
1382 498 1437 543 ct
1457 490 1529 544 ibi
1552 489 1832 545 Salmones
1856 484 2089 541 natando
2115 490 2160 547 Α
2191 485 2321 539 mihi
2360 482 2765 546 commendasti,
2793 492 2848 537 et
2866 482 2977 551 jam
3016 482 3333 551 proﬁciunt,
3361 491 3594 542 donante
3639 488 3773 560 Deo,

513 578 807 652 colligere].
845 580 1048 633 1amen
1096 594 1182 634 me
1227 595 1388 649 spero
1438 595 1610 649 usque
1656 579 1723 635 ad
1770 579 2091 651 [Angustum

514 666 774 739 mensem]
803 667 854 720 in
878 666 963 721 his
991 668 1192 723 morari
1220 668 1479 738 partibus,
1518 669 1561 723 si
1589 669 1667 723 sie
1690 669 1798 723 Deo
1825 677 2011 723 nostro
2035 676 2090 723 et

511 757 709 810 doznno
733 757 841 826 regi
881 756 1162 826 placuerit,
1194 765 1249 812 et
1273 757 1345 811 ibi
1377 757 1687 827 priestolare
1718 757 1847 826 quid
1877 758 2090 812 auditu—

512 863 604 900 rus
628 848 728 901 sim
762 848 826 902 de
848 847 1051 916 Aquila:
1075 847 1378 902 desiderato
1405 849 1656 903 adventu.
1686 849 1752 903 Et
1787 850 1914 904 dum
1950 851 2091 907 hanc

509 937 755 1007 perlegas
782 938 1103 1002 chartulam,
1134 938 1242 992 cito
1273 939 1485 992 remitte
1532 938 1780 1005 alteram,
1817 949 1877 994 ut
1920 943 2086 996 sciam

512 1024 640 1091 quid
672 1032 888 1078 acturus
924 1025 994 1079 sit
1020 1024 1215 1093 Aquila
1247 1041 1367 1079 cum
1397 1026 1616 1081 aviculis
1654 1028 1788 1093 suis,
1830 1030 1911 1083 vel
1961 1031 2087 1100 quid

513 1111 563 1185 [ει
595 1113 814 1186 Avaria]
845 1114 1025 1181 laciat,
1056 1116 1140 1170 vel
1176 1119 1398 1184 credat,
1436 1119 1517 1174 vel
1550 1121 1676 1189 quid
1722 1120 2086 1177 Romanorum

512 1202 766 1259 nobilitas
781 1205 905 1257 novi
922 1205 1117 1259 habeat
1146 1204 1174 1245 ι)
1198 1207 1449 1272 adventu,
1473 1208 1552 1262 vel
1577 1210 1703 1278 quid
1729 1222 1750 1249 ε
1777 1210 1843 1265 de
1864 1210 2086 1267 Gracia:

512 1295 932 1350 sublimitatibus
972 1294 1126 1367 [Cor].
1159 1296 1296 1362 Sal.,
1322 1296 1529 1353 Griecia
1564 1300 1966 1376 solimitatibusl
1993 1320 2088 1358 au-

512 1383 713 1449 dieras,
742 1393 797 1438 et
824 1399 892 1438 an
921 1385 1126 1454 aliquas
1162 1395 1470 1443 sanctorum
1502 1390 1757 1461 reliquias
1791 1402 1966 1449 tecum
2006 1406 2088 1449 at-

512 1472 745 1537 tulisses,
760 1474 953 1543 quibus
975 1490 1161 1545 posses
1186 1478 1449 1533 consolari
1475 1478 1725 1536 Albinum
1754 1492 1923 1540 tuum.
1956 1487 2088 1543 Pro-

511 1578 690 1632 spera,
714 1555 823 1621 Deo
853 1566 1102 1633 donante,
1135 1569 1289 1623 nobis
1312 1579 1459 1636 sunt,
1492 1572 1592 1628 nisi
1633 1577 1776 1643 quod
1825 1577 1991 1633 febris
2035 1588 2091 1632 et

512 1653 798 1712 inﬁrmitas
824 1673 910 1712 me
936 1656 1212 1730 fatigatum
1249 1661 1425 1716 habet.
1454 1663 1654 1719 Tamen
1681 1668 1772 1736 qui
1801 1668 2088 1736 inﬁrmior,

511 1743 992 1813 fortioreritjuxta
1016 1747 1333 1818 Apostolum
1386 1750 1437 1820 (Ι
1469 1752 1591 1807 Cor.
1631 1771 1668 1820 ι,
1692 1756 1822 1828 25);
1861 1768 1914 1812 et
1944 1775 2085 1829 saepe

474 1268 490 1305 \

2192 581 2245 628 et
2280 572 2528 628 meliores
2555 587 2649 628 eos
2678 580 2995 642 accepturus
3022 573 3133 627 eris
3150 614 3165 640 ,
3188 575 3272 630 vel
3300 578 3775 639 commendaturus

2190 664 2387 719 domno
2408 663 2540 733 regi.
2572 661 2840 733 Quidquid
2864 663 2961 718 tibi
2985 663 3271 720 demandet
3299 667 3528 723 domnus
3555 685 3646 726 rex
3685 671 3772 727 fa-

2189 766 2330 813 cere,
2377 752 2510 805 mihi
2541 752 2867 807 demandare
2919 753 3156 808 studeas.
3188 753 3324 821 Quia
3373 772 3503 812 vero
3552 759 3772 816 aedium

2190 841 2321 895 mihi
2350 848 2433 895 est
2476 842 2655 895 anima
2693 855 2810 895 mea
2839 849 3059 912 propter
3088 842 3389 898 absentiam
3421 846 3520 910 tui,
3542 848 3783 905 obsecro

2190 926 2249 988 ut
2267 947 2365 1004 pro
2389 934 2569 987 anima
2591 943 2614 972 ο
2635 932 2994 987 Archanbaldi
3023 934 3411 1004 archiepiscOpi
3439 936 3772 992 intercedere

2190 1022 2474 1092 diligenter
2494 1020 2710 1091 jubeas,
2731 1022 2822 1091 qui
2854 1021 2986 1076 mihi
3012 1029 3066 1074 et
3083 1028 3238 1090 pater
3274 1031 3331 1076 et
3356 1021 3541 1089 frater,
3559 1034 3611 1078 et
3634 1026 3772 1079 ami-

2189 1128 2285 1167 cus
2315 1112 2660 1167 ﬁdelissimus
2683 1111 2806 1177 fuit,
2834 1112 2996 1166 etiam
3019 1120 3074 1166 et
3102 1112 3501 1182 condiscipulus
3525 1115 3624 1170 sub
3648 1131 3770 1170 ma-

2189 1203 2359 1273 gistro
2400 1216 2539 1256 meo.
2579 1201 2719 1255 Ecce
2744 1215 2843 1271 ego
2872 1200 3017 1255 solus
3050 1200 3271 1256 relictus
3296 1216 3415 1255 sum
3440 1204 3622 1258 schola
3651 1204 3765 1267 illa,

2191 1302 2243 1346 et
2266 1309 2370 1347 non
2391 1308 2487 1346 ero
2511 1291 2678 1357 solus,
2706 1290 2830 1345 dum
2862 1307 2958 1347 vos
2989 1291 3218 1346 habeam
3248 1292 3436 1348 ﬁdeles
3461 1303 3516 1348 et
3537 1296 3763 1350 amicos.

2189 1382 2342 1449 Quod
2378 1398 2507 1437 vero
2548 1382 2678 1436 mihi
2706 1382 2972 1436 mandasti
2995 1382 3199 1453 aliquid
3220 1385 3460 1440 scribere
3485 1385 3549 1439 de
3573 1387 3767 1455 praedi-

2189 1473 2399 1527 catione
2425 1472 2493 1525 ad
2520 1487 2778 1542 paganos,
2807 1481 3027 1542 propter
3054 1474 3358 1543 angustiam
3409 1477 3666 1545 temporis
3707 1487 3771 1530 et

2192 1563 2588 1619 festinationem
2618 1564 2897 1634 portitoris
2947 1580 3052 1619 non
3094 1567 3331 1620 occurrit
3379 1567 3510 1621 mihi
3560 1568 3765 1636 aliquid

2191 1655 2393 1708 dictare
2437 1654 2663 1719 exinde;
2712 1663 2893 1708 tamen
2944 1654 3229 1709 consulens
3281 1658 3592 1724 paternitati
3657 1667 3768 1711 tua:

2197 1746 2219 1784 ί
2259 1746 2378 1799 misi
2410 1745 2504 1798 tibi
2531 1745 2827 1815 epistolam,
2852 1761 3011 1814 quam
3041 1753 3165 1798 ante
3196 1760 3394 1814 paucos
3421 1747 3535 1801 dies
3564 1748 3767 1802 domno

507 1835 727 1903 prodest
759 1837 1042 1892 inﬁrmitas
1065 1841 1305 1908 corporis
1335 1840 1488 1913 [Cod.
1515 1842 1630 1898 Sal.
1648 1856 1696 1900 et
1718 1845 1951 1915 Alabim,
1967 1867 2087 1906 cor-
2121 1845 2162 1903 Β
2191 1836 2301 1907 regi
2330 1837 2395 1890 de
2417 1836 2519 1890 hac
2532 1836 2720 1890 eadem
2738 1850 2795 1890 re
2815 1835 3007 1890 (Ῐίνεκῖο
3032 1835 3293 1904 Tempore
3307 1850 3435 1890 vero
3460 1846 3771 1909 opportuno

508 1925 752 1998 poralis],
777 1935 835 1980 ut
861 1926 1119 1983 fortitudo
1149 1929 1272 1985 ﬁdei
1299 1941 1509 1987 crescat
1533 1933 1584 1987 in
1632 1936 1830 1991 anima.
1874 1937 2086 2009 [Adhuc

509 2030 569 2069 se
600 2024 709 2070 tota
740 2016 936 2087 Spania
965 2029 1112 2074 errat
1143 2020 1197 2075 in
1224 2020 1569 2097 Adoptionc.]
1595 2023 1757 2079 Orate
1782 2043 1878 2097 pro
1907 2031 2083 2097 nobis,

508 2115 570 2161 ut
592 2107 823 2177 Spiritus
846 2120 1063 2166 sanctus
1088 2112 1387 2168 Paraclitus
1416 2115 1639 2185 inspiret
1667 2118 1876 2173 animas
1904 2136 2087 2176 servo-

512 2209 634 2249 rum
673 2212 890 2251 suorum
937 2199 1004 2253 ad
1058 2199 1446 2255 defendendam
1476 2204 1757 2260 catholicae
1789 2207 1908 2262 ﬁdei
1947 2210 2086 2269 veri-

509 2293 706 2352 tatem;
737 2288 862 2357 quia
887 2298 1096 2360 tempus
1115 2299 1216 2356 est,
1230 2292 1367 2346 sicut
1385 2293 1609 2365 legimus
1634 2298 1945 2366 praidictum
1967 2316 2085 2356 esse

510 2374 567 2428 in
596 2375 751 2433 libris
780 2381 998 2435 sanctis.
1032 2381 1112 2436 Tu
1161 2398 1291 2438 vero
1334 2400 1455 2440 cum
1504 2388 1610 2443 tuis
1650 2405 1862 2460 semper
1896 2408 2084 2448 sanam

507 2481 735 2536 sequere
767 2471 1157 2539 doctrinam,et
1188 2477 1506 2533 catholicam
1538 2483 1768 2550 prtedica
1802 2484 2086 2555 diligenter

508 2554 689 2622 ﬁdem,
717 2566 777 2611 nt
806 2567 1061 2614 aeternam
1094 2564 1396 2619 mercedem
1438 2582 1559 2621 cum
1590 2570 1870 2640 multiplici
1904 2554 2083 2629 l'ruetu

506 2646 707 2704 halere
758 2651 1036 2706 merearis.
1077 2654 1239 2710 Vivas
1283 2656 1409 2711 felix
1444 2667 1495 2713 et
1531 2657 1847 2729 gaudeas'in
1883 2664 2080 2722 Christi

507 2754 692 2794 amore
711 2755 833 2795 cum
875 2742 981 2797 tuis
1014 2745 1283 2811 omnibus,
1314 2747 1506 2818 Aquila
1533 2752 1868 2809 eharissime.

963 2831 990 2871 ἀ
1035 2833 1366 2890 EPISTOLA
1402 2837 1618 2894 XXXV.

1027 2937 1095 2976 ao
1126 2925 1142 2943 ⁹
1179 2927 1195 2944 ⁶
1237 2923 1549 3000 (summa).

1111 3014 1287 3086 (Anno
1325 3019 1474 3090 796.)

502 3098 972 3180 Eidem-signiﬁed!
993 3119 1053 3180 se
1079 3102 1223 3180 illius
1242 3105 1510 3180 epistolam
1538 3111 1812 3180 accepisse.
1842 3114 2082 3170 Archon-

2190 1929 2216 1966 ε
2244 1926 2452 1997 plenius
2494 1927 2792 1996 scripturus
2822 1942 2917 1981 ero
2957 1926 3023 1981 de
3061 1926 3146 1982 his
3187 1926 3435 1982 omnibus
3474 1935 3577 1981 tua:
3602 1943 3757 1983 vene-

2185 2017 2369 2071 rantia:
2406 2016 2699 2071 dilectioni.
3316 2051 3326 2071 ι

2269 2106 2355 2161 Va:
2410 2109 2604 2161 mundo
2653 2126 2683 2161 a
2729 2108 2993 2163 scandulis
3045 2108 3261 2181 (Matth.
3294 2124 3452 2175 xvm,
3477 2108 3562 2177 7)!
3621 2107 3766 2176 Quid

2182 2195 2327 2249 enim
2359 2196 2477 2249 auri
2503 2196 2689 2250 insana
2717 2198 2909 2268 cupido
2938 2213 3042 2253 non
3069 2199 3332 2253 subvertit
3374 2200 3533 2254 boni!
3584 2209 3769 2257 tamen

2182 2292 2375 2351 potens
2397 2292 2479 2338 est
2498 2285 2641 2339 Deus
2664 2300 2983 2356 recuperare
3008 2287 3151 2355 quod
3176 2295 3410 2356 emptum
3434 2296 3536 2352 est,
3559 2296 3612 2342 et
3642 2304 3773 2357 pere-

2184 2371 2343 2427 ﬁcere
2370 2374 2512 2441 quod
2541 2371 2740 2427 factum
2771 2388 2878 2429 non
2903 2382 3006 2429 est.
3036 2373 3272 2443 Rogetur
3300 2373 3416 2443 ej'us
3454 2374 3773 2438 clementia,

2183 2473 2243 2518 ut
2269 2465 2485 2531 adjuvet
2517 2462 2746 2519 famulos
2773 2480 2899 2520 suos
2922 2465 2976 2520 in
3009 2465 3189 2521 labore
3227 2466 3317 2536 pio
3345 2465 3756 2535 praedicationis,

2183 2565 2242 2610 ut
2268 2556 2336 2610 sit
2372 2556 2489 2610 laus
2518 2555 2721 2610 nomini
2743 2554 2859 2624 ejus
2880 2558 2935 2612 in
2966 2564 3247 2612 :eternum.
3284 2556 3433 2611 Hanc
3464 2556 3767 2611 chartulam

2183 2646 2387 2701 habeas
2418 2654 2592 2701 tecum
2628 2645 2836 2717 legens,
2866 2647 3236 2712 considerans,
3264 2647 3435 2702 donec
3468 2646 3760 2717 pleniorem
3852 2649 3857 2655 ’

2185 2738 2418 2809 accipias
2442 2739 2816 2795 catechizandi
2843 2740 3128 2795 rationem.
3156 2738 3269 2795 Etsi
3292 2739 3451 2795 modo
3491 2737 3644 2815 [Ms.,
3682 2740 3760 2794 sic

2185 2847 2325 2887 novo
2357 2829 2477 2903 [tibi
2512 2848 2616 2885 non
2649 2831 2809 2886 liceat
2836 2847 3046 2886 mecum
3076 2831 3239 2901 loqui,
3272 2834 3443 2887 donec
3469 2847 3664 2887 venero
3693 2832 3760 2885 ad

2184 2922 2441 2976 domuum
2469 2936 2651 2993 regem
2683 2923 2864 2994 (spero
2888 2908 2991 2994 ἧι
3022 2938 3107 2977 me
3137 2930 3305 2978 totam
3325 2931 3566 2978 aestatem
3585 2924 3637 2977 in
3657 2922 3774 2977 illis.

2184 3022 2330 3070 stare
2353 3012 2618 3084 partibus)
2660 3014 2957 3084 poterimus
2996 3013 3048 3067 in
3079 3014 3105 3053 Ιι
3137 3012 3388 3068 Helisetis
3412 3012 3685 3084 conjungi,
3714 3014 3759 3068 si

2186 3105 2337 3161 vobis
2365 3104 2491 3159 licet
2533 3103 2812 3172 Bajouaria
2859 3117 3203 3174 permanere,
3242 3104 3366 3173 quia
3413 3120 3502 3159 res
3549 3104 3760 3177 aliquas

572 3169 1046 3253 ίζτξίέξίεαρζπξίάί)
1070 3169 1299 3253 αῖξίΐηαθι
1320 3179 1557 3253 Ρνεείθέιδ
1584 3169 1699 3249 εῘάε
1726 3169 2073 3253 ροηιηιεηάαι-
2102 3184 2151 3245 C
2180 3194 2441 3251 habemus
2468 3196 2522 3250 in
2553 3169 2820 3250 Helisetis.
2859 3169 2986 3249 ideo
3038 3169 3235 3250 missus
3259 3169 3410 3250 _tuus
3455 3196 3590 3251 mihi

575 3237 1038 3322 diittit'epistolani
1067 3242 1138 3296 ad
1176 3237 1341 3315 regem
1361 3287 1375 3312 ,
1403 3237 1648 3318 scriptun:
1700 3250 1765 3304 de
1815 3237 2076 3322 praedico-

573 3308 712 3362 tione
737 3308 876 3379 apud
914 3327 1163 3381 paganos.

505 3399 672 3524 ιεΙξὶδίο
712 3399 861 3454 Patri
901 3411 955 3456 et
992 3403 1144 3457 fratri
1183 3403 1324 3460 ﬁdeli
1364 3415 1417 3461 et
1452 3407 1561 3465 ﬁlio
1583 3410 1902 3470 charissimo
1930 3416 2078 3472 salu-

570 3538 892 3611 Acerpimus
920 3544 1203 3599 charitatis
1229 3555 1423 3602 vestra:
1453 3546 1680 3604 litteras.
1706 3550 1922 3622 Magnas
1948 3555 2078 3611 mihi

501 3632 743 3703 eulogias
771 3634 987 3702 misisti,
1005 3636 1131 3691 dum
1163 3646 1331 3704 tuam,
1355 3641 1658 3697 venerande
1681 3641 1863 3710 Pater,
1885 3649 2078 3716 agnovi

503 3725 788 3781 sanitatem
826 3734 881 3781 et
918 3730 1359 3797 prosperitatem,
1392 3747 1511 3801 qua:
1561 3734 1693 3789 mihi
1737 3735 1857 3804 plus
1902 3737 2078 3807 placet

503 3828 665 3882 quam
710 3815 926 3871 millena
971 3817 1172 3873 talenta
1211 3821 1330 3875 auri
1363 3831 1417 3877 et
1447 3827 1675 3894 argenti.
1708 3826 1912 3898 Magnis
1940 3845 2077 3900 quo-

503 3918 609 3973 que
651 3919 740 3959 me
771 3905 1218 3966 sollicitudinibus
1256 3912 1517 3980 liberasti,
1548 3917 1674 3986 quia
1722 3920 1850 3989 quid
1878 3919 2077 3977 Avaria

502 4001 712 4064 gestum
733 4003 839 4062 est,
861 3998 992 4052 mihi
1025 3999 1326 4057 innotuisti.
1356 4004 1433 4062 De
1469 4005 1592 4062 ﬁliis
1617 4024 1744 4066 vero
1774 4011 1879 4067 tuis
1897 4053 1912 4077 ,
1941 4028 2079 4084 quos

574 4118 600 4190 τ
639 4104 852 4190 A_varia_.
876 4107 1130 4190 Mendose
1150 4115 1533 4190 apud_Pezi_um
1554 4118 1753 4190 legitur
1784 4137 1797 4174 :
1830 4125 2073 4180 avaritia.

574 4130 600 4147 -
639 4130 852 4162 ιιυαηα.
876 4130 1130 4168 mendose
1150 4130 1180 4167 a
1221 4130 1289 4169 uu
1317 4130 1533 4172 Pezmm
1556 4130 1753 4190 legitur
1784 4137 1797 4174 :
1830 4130 2072 4180 avaritia.

499 4175 628 4252 [nde
650 4176 904 4252 deceptus
931 4180 1016 4252 vir
1059 4182 1134 4252 cl.
1283 4185 1589 4252 Hansizius,
1620 4199 1750 4244 tom.
1794 4192 1836 4245 ll
1890 4191 2072 4248 Germ.

503 4247 1300 4340 szﬁﬁli'instewe
1323 4247 1799 4340 interpretem-ae
1824 4280 1851 4340 ._
1881 4247 2076 4340 haeres;

501 4316 896 4398 simoniaca,_de
922 4335 1028 4389 qua
1055 4316 1765 4398 subvertendagEngelberto
1785 4333 1853 4386 ad
1886 4316 2074 4389 urbem

500 4386 676 4511 Sagitta
729 4386 1048 4459 scripserat,
1091 4399 1149 4445 ut
1192 4394 1432 4463 pontiﬁci
1487 4386 1917 4469 diligentissime
1945 4386 2075 4459 sua:

631 4495 646 4509 ο
688 4475 706 4508 ι

2181 3285 2359 3340 omnia
2378 3326 2393 3352 ,
2419 3286 2512 3341 sed
2541 3286 2715 3357 magis
2741 3286 2934 3340 litteris
2977 3285 3265 3355 loquantur
3286 3327 3300 3351 ,
3331 3287 3458 3356 quia
3497 3289 3767 3345 memoria

2181 3379 2507 3432 rusticorum
2535 3375 2744 3448 fragilis
2770 3386 2870 3432 est.
2899 3376 3086 3432 Valete
3114 3377 3170 3431 in
3197 3392 3349 3447 pace.

2638 3490 2655 3529 ί
2686 3487 3019 3544 EPISTOLA
3052 3487 3293 3543 XXXVI.

2780 3585 2848 3622 AD
2884 3582 3155 3623 ARNONEII.

2778 3658 2965 3731 (Anno
3004 3658 3162 3731 796.)

2252 3749 2474 3805 Instruit
2494 3749 2558 3804 de
2582 3749 2955 3821 pra’dicatione
2978 3750 3103 3818 fidei
3128 3750 3268 3822 apud
3292 3751 3489 3808 Λυαῖος
3524 3770 3697 3826 nuper

2819 3836 3108 3874 conversos.

2251 3911 2571 3967 Dulcissimo
2614 3908 2773 3965 fratri
2806 3916 2861 3964 et
2904 3910 3245 3967 sanctissimo
3285 3913 3501 3982 praesuli
3547 3912 3755 3984 Aquila:

2177 4001 2403 4059 Albinus
2426 4001 2678 4057 salutem.

2177 4115 2338 4171 stimo
2372 4112 2660 4171 Alcuinum
2688 4115 2901 4171 edomri
2940 4114 3174 4171 voluisse
3200 4116 3266 4172 de
3299 4118 3552 4173 seandalo
3575 4121 3645 4176 ob
3670 4135 3757 4174 re-

2176 4186 2449 4257 pudiatam
2474 4201 2506 4240 a
2539 4185 2889 4241 Constantino
2916 4184 3207 4257 legitimam
3236 4202 3479 4251 uxorem,
3520 4200 3575 4244 et
3610 4192 3757 4249 exci-

2179 4256 2347 4310 tatam
2383 4265 2587 4329 contra
2609 4265 2826 4312 sanctos
2869 4256 3035 4329 viros,
3061 4256 3428 4329 illasnuptias
3462 4261 3755 4329 reproban—

2179 4334 2292 4391 tes,
2321 4326 2752 4396 persecutionem
2787 4341 2930 4382 anno
2970 4328 3094 4385 795.
3146 4327 3276 4383 Vide
3325 4327 3477 4400 Pagi.
3501 4326 3569 4384 ad
3609 4330 3752 4385 hunc

2179 4412 2401 4451 annum.

2248 4464 2282 4539 fi
2311 4465 2462 4539 Hanc
2486 4466 2765 4539 epistolam
2790 4467 3066 4539 hucusque
3092 4467 3343 4525 ineditam
3374 4482 3440 4522 ex
3466 4468 3586 4524 cod.
3620 4485 3750 4525 mss.

572 4525 600 4564 ιι
620 4526 1318 4610 ‘Aduentu._¢_Adv_eniebat
1342 4539 1597 4610 ιῃηοιειίι
1634 4539 1917 4598 Ηωιεῑιῑυε
1963 4542 2067 4599 loc,
2099 4529 2151 4590 D
2176 4534 2371 4610 Salisb.
2400 4525 2802 4610 descripsimus.
2836 4525 3098 4594 Data'fuit
3124 4548 3246 4610 post
3272 4538 3550 4610 priorem;
3571 4538 3623 4593 in
3660 4540 3751 4594 illa

501 4594 826 4681 'eI‘iIt._lega_tus
851 4600 1205 4681 ad‘garolum
1244 4594 1492 4681 nomine:
1506 4594 1850 4681 imperatoris
1863 4594 1881 4596 ί
1894 4594 2069 4670 Graeci

505 4663 811 4752 Themistus
839 4670 1103 4752 a_1j_i_cet_a
1139 4674 1364 4752 _Sicil_ige_
1393 4663 1759 4752 gubernatore
1773 4663 2063 4752 missu-svi:

503 4749 644 4830 anno
1051 4744 1322 4830 .quid
1350 4739 1465 4802 haec
1490 4748 1685 4830 legatio
1712 4739 2073 4830 adiiomano—

504 4806 997 4896 rum‘n'obilitatem
1052 4806 1341 4896 pertineat,
1369 4832 1475 4896 non
1522 4806 1696 4896 videg.
1742 4806 2074 4896 Malimwe'go

503 4876 667 4957 istum
694 4874 870 4933 locum
909 4874 1251 4957 interpretari
1294 4874 1361 4942 de
1385 4888 1615 4957 adventu
1640 4874 2076 4949 Romamn—nom:

502 4945 692 5029 litatis,
722 4962 841 5016 quae
892 4945 1100 5029 select'a
1137 4955 1312 5029 fuerat
1339 4957 1405 5011 ad
1435 4945 2073 5029 deferendum,unacum

502 5014 753 5089 clavibus
767 5021 936 5074 sancti
957 5020 1121 5089 Petri,
1151 5024 1401 5081 vexillum
1429 5028 1579 5083 urbis
1604 5014 1883 5087 Roma!an
1902 5014 2072 5089 Calidi

502 5084 636 5151 lum,
662 5102 803 5144 anno
832 5089 953 5145 796.

729 5157 1387 5255 ‘L'Effeszb’isieﬁbez
1407 5166 1606 5255 «Iret?
1627 5168 2075 5255 Αυευειίιοὲηίιυίι

503 5228 697 5280 iterum
749 5228 1059 5298 Hansizius,
1102 5233 1268 5289 ﬁlium
1319 5228 1742 5295 Constantinum"
1787 5228 2074 5298 novissime

501 5300 893 5379 exauctoravit,
913 5305 1083 5379 oculis
1095 5305 1190 5379 die
1213 5306 1276 5361 15
1298 5303 1443 5364 Junii
1465 5308 1691 5365 effossis.
1707 5331 1724 5361 ι
1756 5310 1861 5367 Sed
1881 5312 1947 5367 de
1971 5314 2074 5368 ista

503 5365 836 5446 revolutione
884 5375 1030 5446 regni
1085 5374 1394 5432 Graecorum
1447 5379 1736 5446 Aleuinus,
1773 5365 1902 5436 dum
1925 5365 2075 5438 hanc

502 5435 783 5521 fpigtolam
809 5435 1088 5521 scrib'eret,
1116 5448 1361 5521 notitiam
1383 5435 1698 5506 haberervis
1724 5435 1918 5521 potuit.
1938 5435 2075 5509 con;

504 5501 631 5591 Egit.
648 5508 792 5591 gn'im
811 5501 2072 5591 haecexauctoratio,:etwimperatoiiiseicio;

700 5573 876 5660 Junii;
902 5583 1047 5651 atqui
1068 5597 1198 5642 vero
1217 5572 2075 5660 Atei}inuxﬁ'ﬁéééhiénfépisii-

504 5642 611 5730 iam
637 5643 783 5730 circa
803 5642 959 5730 idem.
971 5642 1179 5730 [cmpus
1194 5642 1307 5730 _a_ut
1320 5642 1500 5714 multo,
1513 5642 1664 5728 sui;
1676 5642 1989 5730 scripsisse,
1999 5642 2073 5715 ex

504 5713 612 5800 i'llis
635 5715 814 5800 venus
842 5713 1156 5800 colligitur:
1183 5724 1295 5780 Nos
1325 5713 1875 5800 suasistipaiiuaih
1907 5713 2072 5785 satis;

502 5782 657 5843 Juuo
683 5784 885 5858 (futuro
910 5782 1121 5862 nehnpe)
1155 5809 1536 5864 properamus:
1575 5782 2072 5857 Verosiniiliusicx—i:

2174 4605 2339 4670 enim,
2367 4607 2459 4676 qui
2488 4607 2545 4661 in
2572 4605 2786 4689 :Avaria
2821 4619 3030 4679 gestum
3069 4605 3158 4675 sit,
3186 4605 3405 4680 quaerit;
3439 4609 3493 4663 in
3542 4609 3643 4665 hac
3668 4626 3763 4665 re-

2175 4690 2430 4745 sponsum
2470 4685 2688 4745 accipit.

2251 4756 2285 4821 °_
2310 4746 3100 4821 ᾼτςὴαηὸαιάὶ-ρνεήἰερίεεορὶ.
3145 4747 3477 4821 Ean‘baldum
3510 4748 3768 4821 intelligo.

2177 4815 2635 4887 archiepiscopum
2662 4815 3074 4883 Eboracensem,
3119 4819 3211 4887 qui
3242 4817 3342 4872 fuit
3368 4817 3579 4872 Alcuini
3620 4815 3756 4874 con-

2177 4885 2489 4958 discipulus,
2513 4885 2851 4958 ’ut_testatur
2888 4897 3047 4957 poeta
3080 4885 3409 4958 anonymus,
3451 4888 3535 4942 vel
3577 4891 3761 4958 potius

2177 4955 2291 5023 ipse
2313 4955 2570 5027 Alcuinus
2590 4954 2643 5010 in
2666 4954 2905 5027 carmine
2925 4962 2989 5011 de
3010 4954 3276 5027 episcopis
3302 4954 3755 5024 Eboracensibus,

2177 5027 2317 5108 quod
2344 5026 2487 5080 inter
2513 5024 2614 5080 alia
2643 5026 2758 5096 ejus
2784 5027 3024 5082 carmina
3043 5024 3439 5083 exhibebimus.
3462 5028 3606 5083 Obiit
3629 5045 3758 5085 vero

2177 5095 2482 5151 Eanbaldus
2526 5112 2581 5151 ιν
2617 5096 2736 5151 Kal.
2782 5098 2920 5155 Ana.
2960 5113 3102 5153 anno
3133 5097 3256 5155 796.
3296 5106 3356 5153 ut
3384 5099 3548 5155 habet
3575 5099 3756 5155 Hoveu

2224 5111 2482 5151 aunatuus
2526 5112 2581 5151 ιν
2617 5111 2736 5151 kal.
2782 5111 2920 5168 Aug.
2960 5113 3102 5153 anno
3133 5111 3256 5164 ⁷130,
3296 5111 3356 5153 ιιι
3385 5111 3548 5155 habet
3575 5111 3756 5157 110Ve-

2178 5165 2367 5222 denus.

2253 5235 2269 5275 ί
2318 5237 2442 5311 Μίῄ
2462 5236 2557 5291 tibi
2577 5236 2866 5311 epistolam.
2891 5237 3040 5311 illam
3068 5247 3215 5311 certe
3237 5255 3397 5309 quam
3417 5238 3581 5309 paulo
3601 5256 3763 5311 supe-

2178 5304 2291 5379 rius
2319 5307 2562 5379 dedimus
2579 5304 2769 5379 ordine
2790 5307 2860 5363 9.8
2885 5310 3051 5379 (nunc
3071 5309 3184 5379 55).

2252 5378 2279 5459 ξ
2314 5376 2527 5431 Plenius
2554 5377 2865 5459 scripturus.
2898 5376 3502 5459 Piomissumjmplevit
3521 5396 3619 5453 per
3641 5379 3760 5449 epi-

2179 5443 2369 5499 stolam
2397 5443 2706 5515 sequentein
2733 5449 2922 5502 ordine
2952 5446 3014 5502 51
3047 5448 3211 5520 (nunc
3232 5443 3353 5519 36):
3521 5443 3541 5453 ’
3672 5443 3691 5449 ’

2249 5515 2274 5554 h
2319 5514 2683 5592 In_Hetiseti_s.
2725 5516 2783 5571 Id
2828 5527 2930 5592 est,
2979 5517 3030 5573 in
3076 5517 3616 5592 Elisatioﬂﬂ’Alsace)
3668 5520 3767 5575 ubi

2249 5522 2274 5554 ιι
2319 5522 2386 5568 In
2421 5522 2683 5571 uetisetis.
2725 5522 2783 5571 ld
2828 5527 2930 5582 est,
2979 5522 3030 5573 in
3076 5522 3296 5574 Elisatio
3345 5522 3616 5644 sl’Alsace)
3668 5522 3762 5575 ubi

2177 5586 2542 5666 possessipnes
2586 5585 2791 5666 aliquas
2849 5589 2951 5666 vel_
2975 5589 3267 5666 quodpiam
3310 5590 3454 5645 ilius
3490 5598 3762 5647 monaste-

2181 5654 2598 5727 riumhabuisse
2619 5654 2906 5714 Alcuinum
2936 5654 3062 5714 hinc
3090 5654 3259 5727 patet.

2260 5725 2458 5799 Uidit.
2493 5726 2746 5799 Quercet.
2778 5729 2877 5784 104
2902 5745 2968 5787 ex
3015 5725 3117 5782 ms.
3161 5726 3420 5799 (Froben.
3455 5730 3570 5799 51).
3610 5730 3766 5785 Nunc

2180 5798 2232 5855 in
2254 5795 2518 5869 aliquibus
2544 5797 2675 5854 locis
2696 5810 2940 5856 correcta
2990 5813 3050 5855 εχ
3101 5795 3218 5861 cod.
3257 5816 3356 5855 ms.
3391 5795 3587 5856 Salish.
3638 5800 3762 5855 llagc
