4070 6182
238 342 340 399 193

1675 325 2056 384 EPISTOLE.

3406 340 3509 392 194

301 453 621 520 l’rzesagum
653 445 750 503 tibi
782 456 976 498 nomen
1031 441 1332 532 ίωροξιιθτε
1378 445 1666 532 Ρπθηῑθεν-
1697 438 1826 492 Ῑίοει
1854 443 1899 498 Α
1929 457 2203 526 baptizare
2237 457 2419 528 jussit.
2452 461 2653 519 Deinde
2692 463 2796 519 ﬁde
2825 465 3109 532 imbutum,
3146 477 3201 523 et
3239 485 3393 526 sacro
3418 472 3511 526 ba-

229 539 656 613 dispcnsationis
685 535 779 590 Dei
819 533 1009 602 ignari,
1059 531 1200 587 apud
1238 545 1397 600 quem
1427 532 1608 583 omnia
1642 529 1821 584 futura

224 632 339 702 iam
362 631 506 685 facta
545 635 696 683 sunt.
724 625 824 692 Qui
865 632 917 678 te
949 637 1160 676 summa
1185 621 1385 690 pietate
1410 619 1652 674 coelestia
1675 620 1824 674 ordi-

231 724 381 778 navit
413 718 676 790 mysteria
706 714 920 786 populis
946 712 1272 774 ministrare,
1300 718 1356 764 et
1387 710 1454 764 de
1491 709 1604 762 alto
1641 723 1828 777 super-

232 829 316 867 nae
343 811 535 883 gratia:
562 807 762 862 intuitu
788 801 1117 859 acutissimis
1146 799 1506 868 spiritualium
1549 798 1826 852 oculorum

230 903 515 958 obtutibus
553 897 869 966 ﬂuctivagos
903 893 969 948 de
1000 890 1158 959 hujus
1183 891 1363 945 saeculi
1407 889 1522 944 salo
1549 890 1725 958 pisces
1759 889 1828 942 ad

231 992 641 1055 viviﬁcandum,
671 1004 779 1044 non
806 988 875 1042 ad
899 983 1330 1040 mortiﬁcandum
1361 995 1552 1036 eruere
1587 989 1642 1035 et
1673 995 1828 1035 sacro

233 1085 396 1141 vitrei
424 1081 590 1137 fontis
611 1080 830 1132 lavacro
845 1075 1082 1139 abluere,
1097 1081 1152 1128 et
1172 1073 1293 1142 igne
1317 1071 1488 1126 sancti
1510 1070 1742 1141 Spiritus
1760 1073 1830 1125 ad

235 1173 426 1245 epulas
447 1169 636 1226 aeterni
667 1166 828 1236 Regis
846 1171 1028 1218 astare
1053 1160 1169 1233 [F.,
1186 1159 1415 1232 assare],
1441 1170 1500 1214 ut
1513 1174 1673 1214 verus
1695 1173 1829 1227 apo-

237 1264 448 1317 stolicae
484 1256 786 1312 vocationis
815 1253 1030 1308 auditor
1058 1248 1326 1315 eiliciaris,
1353 1249 1566 1304 dicente
1589 1247 1828 1310 Christo,

230 1355 366 1407 dum
415 1352 469 1405 in
513 1346 829 1420 procellosis
877 1343 1126 1398 ﬂuctibus
1156 1340 1570 1413 [binas(Edit.,
1603 1338 1825 1410 vivas)]

236 1443 472 1496 duorum
493 1439 722 1494 fratrum
745 1435 1131 1506 germanitates
1155 1432 1338 1487 labore
1359 1433 1570 1500 aspexit
1595 1446 1610 1484 :
1653 1428 1830 1484 Venite

234 1541 350 1602 post
369 1545 476 1594 me,
500 1538 548 1581 et
571 1528 766 1597 faciam
787 1541 873 1578 vos
892 1524 1008 1592 ﬁeri
1023 1523 1303 1592 piscatores
1324 1522 1592 1574 hominum
1613 1519 1825 1592 (Matth.

239 1639 314 1687 ιν,
349 1621 463 1691 19).
506 1617 622 1673 Non
653 1632 684 1670 a
720 1615 887 1684 priori
928 1612 1160 1683 propriae
1207 1610 1344 1665 artis
1388 1608 1566 1664 ofﬁcio
1617 1622 1830 1677 compe-

238 1725 418 1777 scens,
448 1708 543 1762 sed
584 1715 643 1760 ut
683 1704 955 1767 meliores,
983 1701 1189 1756 retibus
1235 1701 1291 1754 in
1324 1700 1600 1754 dexteram
1627 1698 1847 1768 missis,_

238 1769 418 1872 pisces
457 1799 525 1852 ad
562 1797 714 1850 littus
744 1793 1105 1849 stabilissima:
1133 1790 1419 1845 soliditatis
1451 1788 1824 1858 perducerent.
1864 1769 1906 1827 Β

235 1891 352 1946 los
392 1898 451 1942 tu
502 1884 907 1942 efﬁcacissimus
953 1881 1120 1936 divini
1179 1880 1357 1950 operis
1403 1879 1677 1934 laboratur
1717 1887 1828 1934 tota

239 1982 446 2037 mentis
480 1978 779 2034 intentione
808 1974 1020 2044 assequi
1050 1980 1252 2045 satage,
1287 1980 1552 2042 quatenus
1583 1971 1830 2027 Christus

241 2075 358 2144 ipse
385 2087 485 2142 per
517 2079 571 2125 te
600 2070 664 2124 de
696 2075 802 2122 tua:
834 2065 996 2138 puppi
1039 2067 1238 2119 carina:
1279 2063 1490 2132 populis
1535 2061 1831 2132 praedicare

242 2166 518 2234 dignetur,
552 2168 607 2215 et
649 2159 722 2213 sit
739 2159 859 2228 pius
887 2157 1214 2227 gubernator
1238 2154 1522 2219 navicula,
1549 2167 1618 2208 ex
1646 2167 1749 2222 qua
1777 2161 1832 2207 te

241 2257 380 2310 retia
407 2251 714 2324 apostolicae
753 2247 1152 2319 praedicationis
1200 2247 1255 2300 in
1279 2245 1500 2317 pelagus
1527 2244 1832 2314 profundis-

245 2348 396 2402 sima:
425 2341 744 2415 gentilitatis
795 2339 1098 2409 expandere
1135 2337 1302 2407 jussit
1329 2355 1342 2390 :
1369 2344 1634 2406 quatenus
1678 2335 1830 2390 illum

240 2449 340 2504 per
367 2447 481 2487 suae
515 2445 726 2499 magna:
755 2427 972 2498 pietatis
999 2425 1400 2480 miserationem
1437 2423 1532 2478 tibi
1561 2423 1832 2493 sociisque

243 2525 353 2580 tuis
376 2521 774 2594 praecipientem
813 2518 1000 2572 audias
1032 2535 1044 2570 :
1080 2516 1276 2585 Alfene
1321 2514 1385 2568 de
1425 2513 1651 2584 piscibus
1702 2531 1832 2585 quos

239 2613 582 2685 prendidistis
607 2627 745 2665 nunc
773 2608 956 2680 (Joan.
986 2623 1103 2672 XXI,
1132 2605 1243 2676 IO).

314 2725 447 2779 Esto
489 2723 746 2778 obediens
787 2721 1052 2775 voluntati
1101 2720 1246 2774 illius
1291 2719 1585 2774 secundum
1637 2733 1832 2772 nomen

243 2816 502 2880 Simonis,
531 2816 620 2884 qui
665 2813 732 2868 ad
777 2813 1117 2866 Dominicum
1165 2812 1469 2866 convivium
1509 2811 1674 2865 traxit
1717 2819 1832 2865 rete
1873 2875 1876 2878 ,

239 2906 399 2976 plene
449 2904 660 2975 magnis
703 2903 940 2974 piscibus
977 2911 1192 2956 centum
1242 2901 1628 2971 quinquaginta
1662 2901 1834 2955 tribus

239 2995 428 3065 (lacn.
462 3010 573 3059 ut,
603 2993 712 3064 ll).
744 2993 846 3060 Qui
873 3007 1002 3046 vero
1047 2993 1155 3046 sint
1196 2993 1251 3045 hi
1295 2992 1474 3062 pisces
1522 2992 1577 3045 in
1607 2992 1709 3046 hoc
1736 3007 1834 3046 nu-

1929 547 2181 615 ptismate
2232 549 2470 605 ablutum
2519 553 2843 622 evangelicis
2905 554 3174 612 instruere
3229 561 3512 629 prmceptis

1931 637 2224 691 mandavit.

2000 725 2154 780 Hunc
2176 734 2233 780 tu
2259 729 2524 793 ordinem,
2549 731 2887 787 sanctissime
2908 733 3112 800 doctor,
3142 735 3510 791 catecbizandi

1927 811 1984 865 in
2010 813 2204 867 adulta:
2231 815 2407 868 aetatis
2430 816 2561 869 viris
2588 817 2785 885 ubique
2810 819 3039 873 ﬁrmiter
3067 823 3326 877 obtinens.
3376 823 3499 878 Fra-

1928 903 2103 973 giliori
2125 920 2253 959 vero
2275 907 2418 960 aetati
2448 907 2534 976 pia
2560 916 2733 961 mater
2760 908 2999 964 Ecclesia
3025 914 3308 978 concessit,
3337 923 3394 967 ut
3419 917 3511 984 qui

1929 996 2104 1050 alieno
2128 997 2181 1050 in
2215 1005 2440 1066 paterna
2468 1000 2914 1068 prtevaricatione
2939 999 3131 1070 ligatus
3159 1010 3241 1056 est
3269 1013 3508 1072 peccato,

1929 1085 2149 1140 alterius
2175 1086 2228 1140 in
2260 1087 2512 1156 baptismi
2543 1089 2800 1158 mysterio
2828 1089 3163 1160 professione
3189 1090 3396 1145 solutus
3420 1092 3510 1145 sit.

1928 1174 1998 1228 Et
2041 1175 2086 1229 si
2133 1177 2237 1230 hoc
2273 1192 2380 1231 non
2417 1185 2591 1244 esset,
2629 1178 2815 1248 quanti
2865 1178 3104 1248 perirent
3147 1179 3402 1244 infantes,
3448 1195 3516 1235 ex

1929 1281 2158 1334 quorum
2191 1264 2378 1339 [nunc]
2409 1283 2632 1323 numero
2677 1269 2911 1323 caelestis
2937 1269 3176 1338 quotidie
3219 1269 3517 1324 :ediﬁcalur

1930 1353 2306 1412 Hierusalem?
2338 1355 2558 1425 Absque
2605 1356 2732 1423 ﬁde,
2777 1359 2905 1426 quid
2952 1358 3164 1428 proﬁcit
3214 1359 3514 1429 baptisma?

1931 1443 2140 1499 dicente
2189 1444 2446 1513 Apostolo
2478 1461 2492 1498 :
2523 1445 2650 1500 Sine
2699 1447 2805 1516 fide
2850 1447 3164 1516 impossibile
3193 1458 3266 1502 est
3309 1448 3516 1518 placere

1929 1533 2038 1587 Deo
2069 1533 2255 1606 (Hebr.
2287 1551 2363 1601 x1,
2403 1535 2478 1607 6).
2505 1536 2650 1590 Inter
2689 1537 3017 1606 impossibile
3058 1548 3113 1592 et
3153 1538 3368 1594 diﬁicile
3414 1541 3516 1596 hoc

1931 1624 2193 1680 interesse
2232 1626 2460 1697 legimus
2488 1646 2500 1680 :
2527 1627 2746 1682 difﬁcile
2772 1638 2856 1684 est
2902 1630 3045 1697 quod
3071 1630 3208 1695 ﬁeri,
3247 1631 3372 1686 licet
3403 1633 3514 1698 vix,

1931 1720 2137 1782 potest;
2172 1714 2503 1785 impossibile
2549 1732 2700 1782 vero,
2737 1719 2881 1786 quod
2927 1719 3146 1772 omnino
3187 1721 3254 1775 ab
3283 1721 3517 1776 humana

1932 1801 2225 1871 fragilitate
2273 1805 2390 1858 ﬁeri
2442 1821 2547 1859 non
2594 1815 2788 1874 potest.
2843 1807 2965 1862 Ideo
3012 1810 3124 1878 ipse
3165 1809 3426 1866 Dominus
3462 1811 3516 1865 in

1932 1889 2242 1960 Evangelio,
2287 1893 2624 1961 stupentibus
2669 1894 2942 1961 apostolis,
2994 1896 3114 1964 quis
3156 1912 3222 1951 ex
3260 1899 3518 1954 divitibus

1932 1979 2113 2035 salvus
2147 1980 2263 2034 ﬁeri
2290 1991 2486 2050 posset,
2517 1983 2790 2052 respondit
2823 1998 2837 2036 :
2865 1984 3017 2054 Apud
3042 1985 3274 2039 homines
3298 1987 3396 2040 hoc
3420 1989 3519 2040 im-

1931 2072 2174 2142 possibile
2198 2082 2305 2135 est;
2335 2074 2475 2143 apud
2511 2075 2671 2128 Deum
2697 2085 2870 2129 autem
2898 2079 3070 2130 cannia
3101 2078 3366 2142 possibilia
3395 2091 3516 2134 sunt

1934 2160 2148 2232 (Matth.
2179 2178 2292 2225 χιχ,
2325 2162 2434 2233 26).
2465 2164 2669 2220 Idcirco
2706 2166 2902 2220 misera
2928 2166 3248 2240 [Saxonum]
3277 2186 3408 2240 gens
3437 2181 3519 2226 to—

1931 2251 2035 2305 ties
2068 2251 2319 2321 baptismi
2353 2255 2586 2322 perdidit
2625 2265 3044 2321 sacramentum,
3075 2259 3200 2326 quia
3245 2276 3517 2330 nunquam

1933 2342 2055 2397 ﬁdei
2081 2342 2520 2414 [fundamentum
2549 2346 2740 2417 (Iidit.,
2767 2348 3220 2408 sacramentumll
3253 2351 3440 2407 habuit
3464 2353 3517 2407 in

1936 2432 2119 2486 corde.

2006 2532 2112 2589 Sed
2145 2543 2199 2588 et
2239 2535 2342 2589 hoe
2378 2535 2654 2590 sciendum
2703 2544 2785 2589 est
2829 2537 2973 2605 quod
3026 2535 3177 2603 ﬁdes,
3224 2540 3518 2595 secundum

1933 2623 2077 2692 quod
2107 2631 2326 2678 sanctus
2347 2623 2676 2693 Augustinus
2699 2626 2793 2689 ait,
2816 2641 2881 2679 ex
2914 2626 3185 2682 voluntate
3212 2630 3289 2693 ﬁt,
3322 2646 3426 2684 non
3452 2650 3516 2689 ex

1933 2711 2273 2765 necessitate.
2302 2709 2578 2776 Quomodo
2593 2721 2768 2780 potest
2789 2713 2949 2766 homo
2970 2715 3085 2784 cogi
3108 2725 3165 2768 ut
3179 2716 3361 2773 credat
3376 2721 3546 2787 quod‘

1935 2820 2041 2858 non
2071 2804 2276 2858 credit?
2302 2803 2505 2872 Impelli
2533 2813 2710 2873 petest
2745 2805 2903 2859 homo
2945 2806 3012 2859 ad
3043 2807 3393 2876 baptismum,
3425 2813 3518 2865 sed

1934 2910 2041 2948 non
2087 2893 2154 2948 ad
2183 2892 2584 2948 ﬁde1n:velut1
2629 2894 2718 2948 isti
2761 2895 2998 2949 haeretici
3041 2898 3132 2965 qui
3178 2898 3517 2968 adoptionem

1935 2983 2114 3038 carnis
2147 2983 2202 3036 in
2229 2982 2446 3037 Christo
2477 2983 2816 3049 conﬁrmant,
2859 2985 3166 3041 nullatenus
3192 2988 3258 3042 ad
3296 2991 3517 3045 catholi-

246 3082 708 3155 1nero[pra:ﬁniti
740 3081 928 3154 (Edit.,
965 3081 1289 3154 perﬁniti)],
1321 3083 1366 3136 si
1396 3082 1527 3137 velis
1561 3082 1720 3148 scire,
1755 3082 1830 3136 illi
1855 3111 1903 3174 ε
1935 3091 2054 3130 cam
2102 3075 2259 3130 ﬁdem
2311 3076 2553 3174 converti
2608 3085 2864 3174 possunt,
2903 3077 3027 3174 quia
3070 3079 3270 3134 nullam
3318 3081 3519 3136 habent.

243 3181 370 3226 sunt
396 3174 488 3240 qui
508 3187 575 3227 ex
603 3171 858 3243 decalogo
881 3171 1032 3244 [Cod.
1082 3172 1220 3236 Sal.,
1248 3171 1511 3244 decalogi]
1533 3181 1829 3242 praecepto-

244 3279 368 3316 rum
393 3263 513 3328 Dei,
530 3261 616 3316 vel
636 3277 703 3317 ex
725 3261 1021 3330 septiformi
1046 3262 1216 3316 saneti
1235 3261 1470 3331 Spiritus
1488 3263 1683 3331 gratia,
1708 3273 1829 3332 post

243 3365 554 3408 extremam
577 3350 1022 3405 resurrectionem
1046 3351 1112 3404 ad
1135 3359 1447 3419 perpetuum
1470 3369 1596 3408 cum
1617 3353 1831 3407 Christo

241 3441 558 3497 convivium
600 3439 754 3493 eiecti
794 3449 936 3494 sunt.
983 3439 1108 3494 Ideo
1159 3449 1272 3494 rete
1315 3441 1457 3496 illius
1493 3443 1827 3512 piscationis,

243 3536 390 3588 sicut
433 3530 490 3584 in
517 3529 682 3600 priori
719 3539 957 3601 captura,
1009 3531 1238 3585 scissum
1293 3546 1412 3586 esse
1464 3549 1573 3587 non
1614 3533 1829 3603 legitur,

244 3625 370 3692 quia
399 3621 582 3676 nuilus
615 3621 708 3685 ibi,
739 3621 842 3676 nisi
872 3621 1075 3676 electus
1104 3630 1158 3675 et
1185 3622 1252 3676 ad
1284 3633 1599 3692 perpetuam
1641 3639 1831 3693 pacem

247 3714 548 3774 ordinatus,
574 3711 831 3764 invitatur
863 3710 1106 3764 conviva.
1157 3709 1323 3781 Igitur
1347 3711 1390 3765 si
1439 3712 1506 3766 ab
1536 3729 1642 3768 uno
1665 3729 1832 3782 usque

249 3804 311 3857 ad
342 3804 628 3871 septimam
669 3801 931 3856 decimam
974 3817 1262 3866 summam,
1309 3802 1546 3872 singulos
1581 3819 1833 3858 numeros

247 3909 342 3963 per
389 3900 674 3963 augmenta
723 3893 1155 3961 computaveris,
1204 3895 1531 3962 posteriores
1580 3911 1833 3949 numeros

250 3997 459 4051 semper
481 3982 751 4050 prioribus
775 3981 1087 4053 adiungens,
1115 3985 1277 4038 totius
1298 3984 1667 4040 calculationis
1687 4002 1833 4040 sum-

250 4087 332 4125 ma
370 4070 556 4126 in155
585 4073 864 4126 accrescit.
899 4073 964 4127 Et
1000 4074 1045 4128 si
1089 4074 1187 4128 bos
1215 4075 1400 4128 decem
1443 4085 1496 4130 et
1537 4083 1740 4145 septem
1777 4078 1829 4131 in

250 4163 354 4216 duo
410 4163 692 4228 dividcris,
751 4163 804 4217 id
858 4172 940 4218 est
996 4164 1275 4219 denarium
1333 4174 1389 4219 et
1438 4169 1829 4236 septenarium,

251 4255 502 4308 denarius
529 4254 716 4322 legalia
753 4255 1020 4321 mandata,
1052 4265 1106 4312 et
1144 4259 1478 4326 septenarius
1504 4260 1640 4312 dona
1660 4262 1832 4314 sancti

247 4345 485 4413 Spiritus
524 4345 784 4414 designat.
840 4345 967 4399 Item
1007 4345 1050 4400 si
1097 4354 1299 4416 septem
1343 4347 1398 4401 in
1443 4347 1578 4401 duas
1630 4347 1834 4402 divide-

1934 3168 2260 3222 voluntatem
2295 3167 2610 3222 orthodoxa:
2658 3167 2782 3222 ﬁdei
2825 3167 3212 3237 professionem
3244 3183 3365 3224 cum
3395 3171 3518 3224 uni-

1931 3259 2124 3314 versali
2166 3258 2406 3313 Ecclesia
2451 3259 2826 3328 cognocendi.
2882 3259 3162 3314 Docendus
3212 3270 3295 3315 est
3340 3262 3520 3331 itaque

1934 3350 2095 3404 homo
2117 3349 2433 3403 rationalem
2461 3349 2664 3402 habens
2686 3348 3112 3418 intelligentiam,
3129 3359 3182 3403 et
3204 3349 3518 3406 multimoda

1932 3441 2310 3509 prmdicatione
2352 3441 2721 3504 attrahendus,
2775 3448 2833 3494 ut
2880 3455 3048 3495 saerre
3078 3440 3200 3495 ﬁdei
3236 3443 3518 3499 veritatem

1934 3540 2205 3602 agnoscat.
2233 3531 2299 3584 Et
2325 3532 2555 3584 maxime
2579 3531 2670 3584 Dei
2695 3531 3080 3599 omnipotentis
3107 3546 3206 3599 pro
3235 3545 3300 3584 eo
3330 3532 3519 3603 depre-

1935 3620 2103 3674 canda
2131 3627 2213 3674 est
2233 3620 2535 3684 clementia,
2576 3620 2700 3688 quia
2733 3618 2905 3672 otiosa
2933 3626 3015 3672 est
3044 3619 3226 3688 lingua
3251 3620 3515 3687 docentis,

1934 3712 1981 3766 si
2015 3712 2187 3781 gratia
2235 3711 2414 3764 divina
2457 3724 2552 3764 cor
2590 3710 2852 3764 auditoris
2898 3725 3005 3764 non
3047 3710 3256 3765 imbuit.
3296 3711 3517 3768 Dicente

1935 3803 2048 3872 ipsa
2088 3801 2321 3855 Veritate
2354 3817 2366 3852 :
2401 3798 2570 3851 Nemo
2594 3808 2760 3868 potest
2787 3800 2956 3852 uenire
2981 3800 3051 3852 ad
3075 3815 3175 3864 me,
3205 3800 3306 3854 nisi
3334 3798 3515 3867 Pater,

1933 3896 2022 3965 qui
2069 3894 2209 3946 misit
2258 3908 2354 3954 me,
2395 3891 2669 3944 attraxerit
2702 3907 2818 3943 eum
2851 3891 3045 3962 (Joan.
3081 3907 3163 3956 v1,
3191 3891 3314 3962 44).
3363 3893 3429 3947 Et
3459 3904 3518 3948 ut

1933 3987 2209 4057 mqualiter
2239 3992 2481 4040 sanctam
2514 3981 2832 4038 Trinitatem
2864 3982 3090 4036 salutem
3130 3983 3367 4038 hominis
3389 4000 3518 4054 epe-

1935 4081 2043 4136 rari
2075 4077 2358 4149 intelligas,
2390 4076 2521 4131 dicit
2553 4083 2608 4128 et
2651 4075 2764 4143 ipse
2803 4073 3060 4127 Dominus
3100 4073 3151 4125 in
3202 4071 3305 4125 alio
3348 4072 3465 4126 loco
3497 4088 3512 4125 :

1937 4172 2104 4226 Nemo
2138 4179 2300 4240 potest
2343 4168 2512 4222 venire
2553 4165 2621 4220 ad
2671 4163 2905 4230 Patrem,
2938 4164 3041 4217 nisi
3089 4178 3180 4233 per
3223 4178 3302 4214 me
3333 4161 3514 4233 (Joan.

1935 4278 2044 4327 xw,
2085 4261 2160 4332 6).
2191 4261 2321 4314 Item
2350 4268 2403 4313 et
2425 4257 2492 4312 de
2528 4256 2728 4326 Spiritu
2760 4262 2945 4310 sancto
2984 4254 3060 4306 ait
3090 4271 3102 4306 :
3135 4251 3257 4307 Nisi
3290 4252 3403 4323 quis
3431 4268 3515 4306 re-

1935 4360 2088 4405 natus
2121 4351 2276 4420 fuerit
2303 4366 2367 4404 ex
2395 4365 2534 4419 aqua
2570 4358 2616 4401 et
2651 4347 2874 4416 Spiritu,
2905 4361 3006 4398 non
3032 4354 3195 4414 potest
3223 4343 3438 4397 introire
3461 4343 3516 4395 in

249 4436 324 4489 ris
368 4445 571 4504 partes,
613 4436 665 4489 id
694 4443 776 4490 est
803 4437 857 4490 in
886 4437 920 4491 5
941 4445 996 4490 et
1022 4437 1074 4491 4.
1099 4436 1235 4493 Tres
1265 4438 1406 4493 enim
1447 4439 1605 4493 ﬁdem
1636 4451 1834 4496 sanctae
1869 4455 1914 4514 ι)
1941 4457 2152 4512 regnum
2181 4441 2276 4494 Dei
2294 4440 2473 4511 (Joan.
2498 4437 2669 4508 111,5).
2703 4435 2854 4503 Quod
2868 4435 3008 4489 enim
3035 4434 3314 4488 visibiliter
3339 4447 3518 4494 sacer-

249 4525 353 4597 42
390 4525 669 4580 Trinitatis
721 4526 1036 4596 designant,
1085 4528 1140 4582 in
1179 4545 1284 4598 qua
1329 4527 1431 4584 ﬁde
1472 4545 1660 4584 omnes
1705 4547 1836 4600 gen-

252 4628 328 4670 tes
379 4616 650 4670 salvandm
693 4617 823 4682 sint,
847 4633 966 4686 qua:
986 4620 1038 4673 in
1069 4618 1429 4688 quadrifarias
1457 4621 1621 4674 totius
1649 4621 1833 4675 mundi

251 4709 433 4777 plagas
453 4705 661 4760 diﬂ’usae
688 4715 831 4761 sunt.
857 4707 980 4763 Ideo
1001 4708 1257 4763 Dominus
1285 4720 1468 4763 uoster
1485 4708 1642 4764 Iesus
1670 4709 1830 4764 Chri-

251 4810 362 4850 stus
414 4797 692 4866 discipulls
729 4799 842 4853 suis
883 4798 1187 4864 mandavit,
1239 4799 1420 4853 dicens
1452 4813 1466 4850 :
1497 4799 1606 4865 Ite,
1658 4801 1834 4853 docete

251 4905 425 4942 omnes
463 4897 656 4959 gentes,
704 4889 1022 4958 eaptizantes
1061 4904 1149 4941 eos
1190 4889 1246 4940 in
1290 4888 1495 4940 nomine
1544 4887 1747 4952 Patris,
1787 4897 1834 4942 et

252 4977 404 5044 Filii,
431 4990 479 5033 et
525 4977 753 5048 Spiritus
791 4980 960 5033 sancti
989 4998 1008 5032 :
1039 4979 1280 5032 docentes
1310 4993 1393 5031 eos
1420 4993 1625 5031 servare
1659 4979 1835 5030 omnia

247 5086 568 5138 quacunque
601 5069 844 5124 mandavi
875 5071 1013 5124 vobis
1035 5068 1248 5140 (Matth.
1281 5083 1471 5131 xxvm,
1505 5067 1610 5137 l9).
1636 5067 1693 5120 In
1718 5067 1838 5122 istis

249 5161 591 5231 paucissimis
619 5162 798 5215 verbis
825 5161 992 5215 totius
1018 5169 1217 5215 sanctze
1246 5157 1645 5229 prmdicationis
1683 5157 1831 5211 ordi-

250 5267 372 5306 nem
405 5253 674 5321 exposuit.
704 5251 797 5305 Bis
835 5251 1027 5306 docere
1066 5251 1222 5315 dixit,
1258 5258 1312 5304 et
1340 5248 1508 5304 semel
1535 5247 1831 5315 baptizare.

247 5343 435 5398 Primo
461 5346 705 5399 omnium
733 5341 892 5396 ﬁdem
923 5340 1241 5396 catholicam
1266 5341 1457 5395 docere
1482 5336 1757 5406 praecepit,
1782 5345 1838 5392 et

247 5444 371 5506 post
417 5437 584 5516 ﬁdem
603 5444 899 5506 :cceptam
943 5435 997 5488 in
1049 5433 1264 5489 nomine
1313 5440 1512 5488 sancta:
1557 5427 1837 5484 Trinitatis

244 5579 328 5645 est
359 5569 448 5624 illa
470 5569 682 5645 plenior
703 5571 770 5626 de
793 5569 1172 5645 praedicatione
1197 5567 1316 5645 ﬁdei
1341 5565 1482 5636 apud
1514 5564 1719 5645 Avaros
1735 5576 1835 5643 110-.

247 5641 388 5693 viter
416 5637 489 5694 ad
513 5640 669 5695 ﬁdem
701 5637 992 5695 conversos
1033 5637 1348 5711 instructio,
1369 5651 1536 5711 quam
1568 5637 1620 5711 i_n
1666 5637 1833 5711 priori

245 5713 476 5778 epistola
502 5713 849 5781 promiserat,
874 5724 1015 5765 anno
1037 5709 1246 5773 eodem,
1278 5707 1330 5761 ni
1364 5706 1534 5770 fallor,
1567 5705 1707 5768 data,
1735 5705 1835 5757 etsi

1936 4532 2032 4586 dos
2067 4544 2164 4599 per
2191 4531 2512 4599 baptismum
2537 4535 2792 4596 operatur
2817 4527 2870 4579 in
2911 4539 3136 4594 corpore
3163 4539 3257 4593 per
3295 4538 3515 4592 aquam,

1937 4621 2040 4675 hoc
2078 4619 2309 4688 Spiritus
2355 4626 2572 4672 sanctus
2613 4616 2954 4671 invisibiliter
2980 4613 3305 4686 operaturin
3336 4613 3516 4668 anima

1936 4723 2033 4778 per
2065 4708 2247 4762 ﬁdem.

2007 4798 2130 4851 Tria
2172 4797 2382 4851 suntin
2418 4797 2756 4860 baptismatis
2801 4803 3140 4849 sacramento
3186 4793 3416 4848 visibilia
3461 4801 3517 4846 et

1939 4892 2040 4946 tria
2088 4890 2394 4946 invisibiba.
2446 4889 2689 4945 Visibilia
2737 4897 2862 4942 sunt
2906 4887 3185 4950 sacerdos,
3232 4899 3428 4954 corpus
3462 4892 3516 4936 ct

1936 4997 2095 5052 aqua.
2127 4981 2415 5036 Invisibilis
2458 4994 2604 5043 vero,
2638 4978 2857 5048 spiritus
2879 4987 2933 5032 et
2958 4977 3134 5030 anima
3163 4983 3216 5030 et
3241 4975 3393 5029 ﬁdes.
3424 4973 3515 5027 Illa

1936 5071 2040 5124 tria
2071 5071 2300 5124 visibilia
2327 5067 2460 5124 nihil
2496 5069 2780 5138 proﬁciunt
2804 5065 2954 5128 foris,
2987 5067 3030 5120 si
3059 5067 3174 5120 haec
3201 5065 3303 5118 tria
3331 5064 3515 5118 invisi-

1934 5160 2063 5214 bilia
2108 5174 2213 5213 non
2260 5160 2403 5212 intus
2449 5167 2760 5228 operantur.
2819 5156 3082 5211 Sacerdos
3132 5169 3326 5224 corpus
3375 5171 3514 5222 aqua

1937 5249 2125 5313 abluit,
2174 5247 2406 5317 Spiritus
2455 5255 2671 5301 sanctus
2721 5245 2955 5300 animam
3001 5243 3103 5297 ﬁde
3129 5241 3410 5311 justiﬁcat.
3449 5243 3516 5297 Et

1937 5341 2038 5396 hoc
2085 5348 2166 5393 est
2201 5339 2342 5408 quod
2367 5337 2654 5407 Apostolus
2699 5337 2774 5389 ait
2803 5353 2815 5388 :
2848 5334 3218 5405 Cooperatores
3246 5337 3382 5388 enim
3418 5335 3514 5391 Dei

1936 5446 2114 5484 sumus
2145 5427 2274 5501 (III
2316 5427 2474 5482 Joan.
2513 5444 2564 5491 1,
2591 5426 2674 5496 8).
2707 5425 3038 5495 Cooperatur
3084 5427 3244 5481 homo
3291 5426 3515 5496 Spiritui

1936 5563 2004 5617 cl.
2030 5559 2316 5614 Hansizius
2344 5558 2487 5613 illam
2509 5558 2574 5612 ad
2592 5572 2790 5612 annum
2823 5564 3158 5626 sequentem,
3181 5559 3516 5629 nempe797,

1939 5633 2155 5755 referat.
2187 5630 2325 5686 Vide
2349 5629 2511 5685 etiam
2533 5644 2690 5698 supra
2715 5629 2871 5698 epist.
2897 5629 2966 5686 9.8
2990 5641 3154 5702 (nunc
3179 5629 3292 5702 55),
3321 5630 3387 5685 ad
3411 5629 3514 5684 (2a-

1941 5719 2000 5757 ro
2024 5718 2132 5756 um.
