2035 3091
259 164 309 191 195

685 159 714 186 B.
735 158 764 185 Ρ.
786 157 895 184 ALBINI
916 157 980 184 εει]
996 157 1133 187 Αιουιλῖ
1154 159 1295 186 OPERUM
1316 160 1404 186 PARS
1422 159 1443 186 l.

1839 158 1891 184 196

261 223 353 246 sancto
366 218 393 244 in
408 216 491 243 Salute
512 214 636 243 hominis.
655 212 707 239 Sed
721 217 748 239 et
759 213 818 247 ipse
837 212 928 243 homo,
944 212 990 245 qui
1004 211 1050 238 ba-
1065 214 1088 243 Λ
1102 220 1162 240 rore
1176 213 1275 241 inclita
1288 213 1489 240 consuetudinis
1509 213 1542 240 ad
1558 212 1636 239 ﬁdem
1652 212 1836 241 Christianam
1846 222 1892 240 nu-

260 263 400 299 ptizandus
410 264 460 291 est,
476 259 615 294 cooperari
629 258 759 285 ambobus
769 257 847 284 debet
857 257 883 283 in
892 257 979 283 salute
992 264 1050 288 sua,

263 309 288 336 id
302 311 353 338 est,
368 304 478 340 Spiritui
498 308 591 331 sancto
605 307 633 329 et
649 302 792 334 sacerdoti,
806 301 944 328 lutmiliter
956 308 1052 335 corpus

260 355 389 387 praestare
402 350 435 376 ad
449 349 517 376 sacri
537 348 693 383 mysterium
714 347 824 378 lavacri,
839 350 867 373 et
877 346 994 373 animam
1008 354 1053 373 vo-

263 396 378 424 luntarie
390 395 424 422 ad
438 395 575 422 catholicae
590 393 652 421 ﬁdei
666 393 873 427 susceptionem.
889 392 952 420 lbet:
964 392 1052 419 omnia

262 440 365 469 doctori
378 441 404 467 in
425 439 500 466 initio
515 438 585 468 fidei,
601 441 628 465 et
639 441 809 464 sacramento
826 436 1006 472 baptismatis,
1020 435 1054 462 ad

262 487 377 514 salutem
393 485 550 520 accipientis
565 483 706 517 diligenter
721 481 915 509 consideranda
930 486 991 509 sunt
1005 489 1012 513 ;
1028 485 1056 508 et

265 538 318 557 non
332 530 462 557 desidiose
475 528 541 555 tanti
555 526 715 555 sacramenti
727 526 883 561 mysterium
898 525 1018 560 exsequi.

302 575 354 603 Sed
368 575 418 602 hoc
429 581 533 609 quoque
547 579 708 608 magnopere
724 571 890 606 pensandum
904 575 954 603 est,
970 569 1056 604 quali-

265 625 308 648 ter
319 620 423 647 novella
435 619 562 655 plantatio
572 617 683 645 colenda
697 616 741 647 sit,
762 621 787 643 ut
805 615 883 651 primi
904 614 983 642 ﬂores
995 614 1057 642 ﬁdei

267 664 301 691 ad
318 665 481 691 incrementa
497 662 630 689 fructuum
653 661 793 695 pervenire
806 660 912 688 valeant
929 669 935 686 :
951 667 984 687 ne
997 659 1057 694 gelu

267 709 410 744 cuiuslibet
430 708 535 735 duritiae
560 711 760 738 emarcescant,
783 711 811 733 ct
833 706 866 733 ad
890 703 1057 734 dulcedinem

265 754 352 789 optati
363 754 464 780 fructus
476 761 527 779 non
542 756 674 780 crescant.
688 743 753 778 Nam
774 751 904 778 infantilis
917 755 983 779 tetas
995 758 1058 778 sua-

269 800 350 826 vitate
364 798 476 825 materni
487 798 563 825 lactis
572 796 712 824 nutrienda
723 801 774 828 est,
789 800 816 823 et
829 796 903 823 rudis
909 795 962 831 43
970 795 1059 822 anima

270 842 436 870 mollioribus
452 842 549 869 divina:
572 841 719 868 dulcedinis
740 840 880 875 pra-ceptis
892 839 986 866 alenda
1007 841 1057 865 est.

269 888 336 915 Nam
358 888 458 915 solidus
482 888 556 914 cibus
578 887 697 914 virorum
717 890 757 913 est
777 885 897 917 fortium,
916 889 942 912 ct
965 885 1059 912 abiora
1078 882 1099 911 Β

270 936 402 966 prmccpta
418 932 522 958 illorum
537 935 599 958 sunt
616 931 660 966 qui
677 930 839 958 exercitatos
854 930 952 958 habent
966 937 1061 957 sensus

271 977 298 1003 in
313 976 370 1011 lege
389 976 446 1003 Dei.
462 976 535 1004 Unde
549 979 575 1003 et
590 975 732 1010 Apostolus
743 975 902 1010 quibusdam
918 974 1061 1009 fragilioris

270 1022 455 1057 intelligentia:
476 1021 605 1049 fratribus
622 1022 743 1048 scribens
766 1022 825 1047 ait:
840 1021 891 1046 Lac
911 1020 979 1047 vobis
1001 1020 1061 1046 dedi

271 1074 367 1099 escam,
381 1075 432 1093 non
446 1065 558 1092 solidum
572 1066 657 1092 cibum
676 1065 733 1101 [AL
743 1086 749 1095 ,
763 1071 861 1100 potant.
876 1073 927 1091 non
948 1064 1061 1098 escam],

272 1112 334 1146 quia
347 1120 398 1138 non
411 1111 529 1145 potuistis
544 1111 669 1145 accipere,
685 1110 729 1137 sed
745 1110 852 1136 necdum
868 1110 983 1144 potestis,
999 1109 1061 1143 quia

273 1155 392 1182 carnales
412 1156 482 1182 estis.
508 1155 628 1182 Carnalis
650 1156 717 1182 enim
740 1156 816 1182 Immo
839 1163 889 1182 non
913 1156 1018 1190 percipit
1032 1164 1062 1181 ea

274 1209 332 1236 qua
344 1201 392 1227 Dei
403 1206 477 1233 sunt;
493 1200 618 1236 spiritalis
637 1201 706 1227 enim
720 1200 808 1226 omnia
822 1200 949 1234 dijudicat
962 1199 987 1235 (I
1002 1199 1061 1226 Cor.

276 1257 318 1281 ιιι,
329 1248 368 1283 2),
385 1248 411 1275 id
428 1251 478 1279 est,
494 1247 622 1274 discernit
635 1246 780 1280 etjudicat.
796 1245 871 1273 Unde
882 1250 908 1272 et
921 1246 977 1280 ipsa
989 1245 1065 1273 Veri-

277 1299 319 1321 tas
332 1294 357 1320 in
369 1292 513 1327 Evangelio
526 1291 684 1326 qttibusdam
700 1290 925 1317 calumniantibus
940 1297 988 1316 cur
1002 1296 1064 1323 apo-

277 1338 337 1366 stoli
349 1336 555 1372 nonjejunarent
565 1335 767 1363 sicntPharISaei
776 1334 929 1369 etdiscipuli
944 1333 1064 1365 Joannis,

278 1383 414 1418 respondit
428 1391 434 1408 π
448 1381 530 1409 Nemo
541 1381 618 1408 mittit
629 1381 715 1407 vinum
730 1388 821 1407 nouum
835 1380 861 1406 in
877 1385 944 1406 utres
957 1384 1065 1411 veteres;

278 1428 395 1462 alioquin
412 1431 435 1453 et
456 1430 524 1452 utres
548 1430 713 1459 rumpuntur.
729 1430 751 1451 et
776 1425 862 1451 viuum
876 1423 1027 1459 effunditur,
1043 1428 1066 1449 et

280 1478 349 1501 utres
363 1471 481 1508 peribunt
496 1470 602 1506 (Matth.
613 1479 650 1501 ις,
667 1470 719 1506 l7).
732 1470 781 1504 Qui
795 1475 857 1497 sunt
868 1474 940 1496 utres
952 1474 1065 1500 veteres,

280 1520 330 1547 nisi
343 1519 388 1554 qui
406 1519 432 1545 in
447 1518 602 1553 gentilitatis
620 1517 757 1544 erroribus
775 1515 992 1552 obduraverugt?
1005 1515 1065 1550 qui-

282 1564 333 1591 bus
346 1548 367 1589 si
390 1548 556 1598 [austeriora
583 1561 680 1597 (Edit.,
703 1560 924 1596 austerioribusﬂ
945 1548 971 1587 in
993 1548 1104 1587 initioc

280 1609 343 1635 tidei
367 1615 442 1635 nova:
459 1607 654 1641 prtedicationis
673 1610 805 1641 praecepta
828 1605 981 1637 tradideris,
995 1612 1069 1631 rum-

281 1656 390 1688 puntur,
402 1657 429 1679 et
443 1652 476 1679 ad
489 1656 594 1679 veteres
611 1652 817 1678 consuetudines
844 1649 962 1685 perfidizc
986 1648 1071 1676 revol-

283 1702 390 1724 vuntur.

316 1742 487 1770 Constantior
501 1745 542 1768 est
558 1741 649 1775 itaque
673 1740 706 1767 ad
721 1747 800 1766 omne
813 1747 880 1774 opus
894 1747 969 1766 mens
987 1738 1071 1765 multo

282 1792 402 1822 tempore
419 1788 445 1814 in
458 1794 542 1814 sacra
552 1786 614 1813 fidei
627 1785 830 1813 consecratione
842 1785 979 1816 roborata,
991 1791 1071 1818 quam

284 1832 388 1859 novella
410 1831 599 1866 prazdicatione
626 1830 740 1857 initiata.
762 1828 847 1856 Aliter
870 1828 941 1855 enim
961 1831 1072 1855 sanctus

284 1879 390 1909 Petrus,
403 1882 545 1912 postquam
557 1881 644 1903 musto
655 1876 740 1903 sancti
753 1874 869 1911 Spiritus
887 1874 1003 1910 repletus
1018 1878 1069 1906 est,

285 1923 311 1949 in
326 1922 430 1949 Palatio
446 1922 566 1948 Romano
589 1928 639 1955 pro
657 1920 709 1947 ﬁde
732 1920 884 1947 Christiana
908 1919 1007 1946 Neroni
1031 1926 1073 1945 re-

286 1966 409 2000 spondit;
425 1970 452 1993 et
466 1965 544 1992 aliter
561 1965 587 1992 in
611 1965 691 1992 domo
705 1963 813 2000 Caiplta:
834 1972 883 1999 pro
906 1963 1072 1991 confessione

288 2012 462 2047 discipulatus
475 2010 575 2038 Christi
587 2010 691 2037 ancillae
713 2009 859 2044 respondit.
876 2008 925 2036 liie
939 2008 1072 2039 timidior,

286 2057 340 2085 illic
354 2055 529 2084 constantior.
549 2054 605 2081 Hoc
618 2053 752 2088 exemplar
767 2053 815 2079 fuit
829 2052 990 2087 fragilitatis,
1010 2052 1073 2079 illud

286 2101 459 2130 fortitudinis.
479 2100 563 2132 Quem
575 2098 697 2125 Christus
712 2101 771 2132 post
783 2098 1005 2124 resurrectionem
1017 2097 1074 2131 pie-

287 2147 350 2175 tatis
364 2146 461 2173 intuitu
477 2145 546 2170 trina
558 2143 710 2170 dilectionis
725 2150 779 2169 suae
792 2142 958 2176 professione
972 2143 1004 2169 ad
1020 2142 1075 2177 pri-

287 2194 364 2222 stina:
385 2190 524 2227 dignitatis
537 2187 716 2225 principatum
737 2188 884 2220 revocavit,
899 2193 979 2223 atque
993 2195 1072 2220 oves,

285 2245 354 2274 quas
370 2226 478 2273 proprio
489 2234 749 2268 redemitsanguine,
759 2234 1074 2268 commendavitpaseen-
1089 2226 1112 2255 Ι)

289 2284 337 2311 das
360 2282 450 2319 (Joan.
473 2279 549 2316 xxt):
567 2284 699 2315 quatenus
718 2279 804 2306 bonus
827 2284 920 2313 pastor
943 2277 1075 2312 intellige-

287 2334 338 2361 ret,
351 2336 403 2355 non
415 2334 521 2361 semper
538 2325 724 2359 delinquentes
741 2325 806 2352 dum
825 2325 973 2352 invectione
992 2324 1074 2351 casti-

286 2380 361 2408 gare,
376 2372 421 2399 sed
433 2380 503 2407 sape
518 2371 569 2406 pite
583 2371 774 2398 consolationis
794 2370 977 2398 admonitione
992 2370 1075 2397 corri-

287 2425 361 2453 gere.
373 2416 439 2444 Nam
455 2421 481 2443 et
503 2417 559 2451 ipse
571 2416 700 2443 Dominus
721 2420 812 2442 noster
836 2414 914 2442 Jcsus
935 2414 1074 2446 Christus,

290 2463 353 2490 dum
367 2470 383 2489 a
396 2462 494 2488 iud-scis
511 2464 658 2487 tentaretur
674 2460 707 2487 de
732 2460 843 2486 muliere
864 2459 999 2491 adultera,
1024 2467 1077 2486 non

288 2508 380 2536 statim
394 2506 485 2542 legalis
504 2512 645 2533 censuram
663 2504 802 2532 sententiae
815 2505 936 2538 protulit,
957 2505 1004 2531 sed
1026 2505 1077 2532 hu—

289 2554 412 2582 militatis
437 2552 560 2588 exemplo
583 2560 611 2579 se
635 2552 767 2579 inclinans
790 2551 924 2578 scribebat
949 2550 976 2577 in
1006 2554 1078 2577 terra

289 2599 382 2635 (Joan.
395 2596 468 2634 vttt),
487 2603 517 2626 ut
530 2598 682 2633 designaret
696 2597 831 2624 doctorem
845 2597 959 2631 propria:
975 2594 1078 2631 fragili-

290 2645 355 2671 tatis
367 2645 459 2679 culpas
474 2644 501 2671 in
515 2643 624 2678 pulvere
636 2643 678 2670 sui
691 2642 781 2670 cordis
801 2642 876 2677 prius
890 2642 1041 2677 depingere,
1053 2647 1080 2669 et

291 2689 332 2716 sic
345 2688 431 2716 aliena
445 2689 537 2717 mitius
551 2687 696 2724 diiudicare
707 2692 826 2723 peccata.
845 2687 879 2714 At
890 2688 912 2715 si
924 2687 1003 2721 hujus
1017 2692 1080 2715 ωυ-

292 2733 463 2762 sidet‘ationis
483 2734 573 2768 regula
595 2734 621 2761 in
643 2734 715 2761 omni
728 2738 807 2761 aetate
818 2737 846 2759 et
866 2734 1003 2767 proposito
1018 2733 1079 2759 dili-

291 2783 386 2812 genter
405 2779 543 2806 tractanda
555 2783 606 2811 est,
618 2783 719 2814 quanto
733 2779 819 2813 magis
838 2778 864 2806 in
876 2778 919 2806 his
934 2779 979 2805 aui
991 2779 1025 2805 ab
1038 2786 1082 2805 er-

329 2839 341 2853 ι
362 2833 430 2860 Edit.
445 2833 570 2866 taercet.
585 2834 631 2866 90,
645 2842 677 2861 ex
692 2842 742 2860 ms.
760 2834 887 2867 (Froben.
904 2833 958 2866 5|).

1102 267 1150 294 per
1160 259 1282 286 conversi
1293 263 1356 286 sunt
1375 266 1471 293 magno
1486 259 1594 293 pietatis
1608 257 1791 286 moderamine
1804 259 1895 287 obser-

1102 305 1189 332 vanda
1202 305 1261 331 est?
1279 304 1334 331 Nec
1346 312 1399 331 non
1411 304 1492 332 etiam
1507 308 1535 331 et
1548 303 1574 331 in
1588 303 1640 331 illis
1660 304 1705 338 qui
1726 304 1760 331 ab
1781 304 1894 332 infantia

1102 350 1262 377 Christianae
1279 350 1337 376 tidei
1352 354 1519 376 sacramenta
1529 353 1711 382 susceperant.
1726 348 1893 376 ctdiaboliea

1103 394 1197 422 fraude
1207 399 1265 429 post
1280 395 1391 429 decepti,
1412 395 1487 429 longa
1509 394 1701 420 consuetudine
1715 394 1837 420 carnales
1851 402 1893 421 sc-

1104 440 1158 468 cuti
1173 444 1236 467 sunt
1250 440 1387 466 luxurias:
1407 439 1447 465 vel
1463 439 1523 465 aliis
1545 439 1707 472 quibuslibet
1724 443 1893 472 peccatorum

1105 486 1219 513 nexibus
1230 485 1349 517 obligati,
1371 485 1515 511 levioribus
1530 484 1617 517 primo
1633 484 1778 509 verborum
1795 483 1895 509 fomen-

1106 532 1141 559 tis
1159 531 1313 559 consolandi
1328 535 1398 560 sunt,
1416 538 1449 556 ne
1463 529 1627 563 poenitentia:
1641 529 1837 555 medicamenta
1851 530 1895 555 du-

1107 576 1224 603 rioribus
1234 575 1354 602 exterriti
1372 574 1596 608 castigationibus
1609 573 1781 599 abhorreant.

1144 621 1212 648 Sunt
1223 621 1343 654 quadam
1357 619 1525 645 inﬁrmitates
1540 626 1599 652 qum
1615 618 1708 644 melius
1720 617 1896 653 [dulcioribus

1108 665 1275 692 medicantur
1290 664 1441 698 potionibus
1453 670 1533 696 quam
1546 662 1689 692 amaris,et
1703 661 1822 694 quaedam
1837 669 1895 695 quae

1108 709 1215 746 melius]
1230 709 1408 736 amarioribus
1420 715 1498 741 quam
1513 707 1643 734 dulcibus.
1665 706 1740 733 Unde
1752 710 1778 732 et
1802 706 1896 733 doctor

1110 755 1198 791 populi
1211 754 1268 786 Dei,
1284 754 1346 780 dum
1367 754 1471 780 cunctis
1485 753 1614 778 virtutum
1632 751 1746 778 lucernis
1766 751 1792 777 in
1819 751 1896 778 domo

1110 801 1158 828 Dei
1170 800 1318 828 clarescere
1341 800 1437 828 debet,
1463 798 1578 825 maxime
1607 802 1695 823 tamen
1719 797 1897 831 sagacissime

1110 847 1281 875 discretionis
1294 845 1467 879 intelligentia
1491 844 1590 878 pollere
1604 863 1610 874 ,
1635 847 1661 869 ut
1676 842 1743 869 sciat
1761 842 1826 876 quid
1855 842 1896 868 cui

1113 900 1243 929 personat,
1263 892 1347 923 sexui,
1368 891 1438 917 (ειηιὶ
1458 895 1485 917 et
1499 890 1650 924 proposito,
1673 889 1713 915 vel
1728 889 1809 915 etiam
1830 893 1898 915 tem-

1113 939 1171 972 pori
1189 938 1340 965 conveniat.
1361 937 1425 968 Qum
1437 936 1526 962 omnia
1537 936 1631 961 beatus
1646 934 1791 969 Gregorius
1806 934 1899 960 claris-

1112 984 1197 1010 simus
1215 983 1307 1010 doctor
1322 983 1348 1008 in
1366 982 1433 1009 libro
1448 981 1593 1008 Pastoralis
1608 981 1684 1007 (June
1705 980 1898 1006 studiosissime

1112 1027 1265 1062 exquisivit,
1278 1027 1400 1061 persentis
1424 1027 1556 1057 distinxit,
1568 1025 1698 1058 exemplis
1724 1025 1851 1055 lirmatit,
1874 1030 1902 1050 et

1113 1073 1263 1100 divinarum
1276 1072 1474 1106 Scripturarum
1501 1071 1659 1097 auctoritate
1689 1070 1836 1095 roboravit.
1861 1069 1900 1094 Ad

1114 1117 1189 1151 cujus
1200 1117 1260 1144 libri
1273 1118 1413 1144 lectionem
1430 1121 1464 1147 te,
1479 1115 1644 1142 sanctissime
1657 1114 1763 1148 praesul,
1783 1114 1899 1144 remitto,

1114 1165 1259 1192 obsecrans
1273 1168 1301 1189 ut
1315 1164 1386 1189 illum
1410 1163 1505 1196 saepius
1528 1162 1603 1195 quasi
1616 1160 1781 1187 enehiridion
1804 1160 1902 1185 habeas

1115 1209 1142 1236 in
1154 1208 1276 1236 manibus
1287 1212 1313 1234 ct
1328 1208 1354 1233 in
1374 1207 1453 1233 corde
1475 1207 1599 1232 retineas.
1615 1204 1654 1231 Ac
1667 1205 1725 1231 ideo
1737 1204 1798 1231 dum
1820 1203 1902 1237 pluri-

1115 1262 1174 1282 mos
1194 1258 1230 1286 te,
1244 1253 1398 1280 beatissime
1412 1252 1503 1283 Pater,
1521 1256 1674 1278 sanctorum
1695 1252 1832 1277 doctorum
1849 1251 1903 1277 scio

1115 1300 1199 1327 libros
1210 1300 1318 1329 habere,
1335 1299 1433 1332 legere,
1461 1303 1488 1324 et
1505 1299 1581 1324 firma
1597 1302 1688 1324 tenere
1710 1297 1836 1323 memoria
1848 1316 1854 1326 ,
1874 1299 1903 1321 et

1116 1345 1231 1372 maxime
1253 1344 1279 1370 in
1299 1344 1395 1370 divinis
1410 1343 1504 1369 litteris
1523 1343 1669 1369 studiosum
1691 1349 1749 1368 esse
1773 1348 1900 1375 agnoscov

1117 1398 1344 1426 supervacaneum
1359 1398 1417 1416 esse
1432 1390 1538 1415 videtur
1556 1397 1620 1415 mea:
1631 1388 1754 1415 litterulis
1766 1386 1903 1421 imperitiae

1118 1442 1169 1465 ιιηο
1182 1437 1318 1472 sapienti‘ce
1331 1444 1407 1463 aures
1421 1443 1561 1470 occupare.
1584 1434 1637 1462 Nisi
1651 1434 1790 1461 charitatis
1803 1437 1903 1459 tantum

1117 1490 1199 1510 causa
1214 1490 1299 1510 meam
1316 1482 1487 1516 prmsumptio
1507 1489 1547 1507 cm
1562 1485 1623 1507 autc
1634 1480 1725 1506 oculos
1738 1478 1905 1505 auctoritatis

1119 1526 1305 1561 vestrmjuste,
1321 1531 1347 1552 ιιι
1363 1531 1436 1561 puto,
1449 1532 1576 1552 excusare
1602 1524 1713 1558 poterit;
1735 1531 1766 1549 ne
1780 1523 1903 1553 dilectio,

1120 1580 1179 1606 qua:
1193 1572 1264 1598 intus
1277 1572 1351 1597 ardet
1363 1571 1388 1597 in
1401 1571 1489 1600 corde,
1506 1574 1577 1595 mttta
1593 1568 1657 1594 foris
1675 1569 1797 1594 videatur
1811 1568 1835 1593 in
1848 1575 1906 1593 vcr-

1120 1617 1171 1644 bis.
1184 1616 1225 1643 Ad
1234 1616 1285 1642 hoc
1296 1616 1366 1642 cuitu
1380 1615 1502 1641 videntur
1516 1614 1595 1640 verba
1608 1614 1761 1640 hominibus
1777 1613 1836 1638 data
1847 1633 1853 1644 ,
1878 1617 1907 1638 ut

1121 1667 1218 1687 arcana
1227 1660 1316 1687 cordis
1329 1659 1452 1685 fraternis
1468 1658 1575 1684 auribus
1588 1657 1725 1683 infundere
1741 1657 1853 1682 valeant.
1868 1657 1906 1682 A‘l

1122 1706 1173 1732 hoc
1186 1705 1304 1739 epistola-
1323 1704 1492 1734 scribuntur,
1516 1707 1544 1728 ut
1561 1723 1566 1733 ,
1587 1710 1638 1736 quo
1660 1703 1802 1728 verborum
1826 1709 1907 1727 sonus

1120 1749 1261 1783 pervenire
1289 1756 1341 1774 non
1367 1748 1482 1781 poterit,
1507 1747 1654 1773 litterarum
1671 1746 1756 1772 oliicia
1778 1750 1904 1774 currant;

1122 1797 1357 1828 qttatenusmutuce
1372 1792 1511 1819 charitatis
1523 1792 1548 1817 in
1560 1791 1678 1824 apicibus
1690 1791 1764 1824 signa
1780 1789 1907 1815 fraternis

1122 1838 1258 1866 obtutibus
1277 1839 1511 1864 demonstrentur:
1530 1842 1557 1862 ut
1579 1836 1624 1862 liat
1644 1836 1792 1861 animorum
1807 1835 1832 1859 in
1845 1835 1894 1859 clm

1123 1886 1203 1912 ritate
1216 1885 1366 1919 prtcscntia,
1389 1884 1433 1909 ubi
1451 1888 1491 1909 est
1516 1890 1657 1917 corporum
1673 1886 1781 1915 propter
1805 1880 1908 1913 longiu-

1123 1931 1252 1965 quitatem
1273 1930 1327 1965 44
1352 1930 1470 1956 locorum
1498 1929 1628 1955 absentia.
1657 1927 1678 1954 Ο
1704 1927 1763 1953 felix
1784 1930 1810 1952 et
1830 1926 1907 1952 beata

1123 1976 1189 2007 vita,
1205 1975 1250 2001 tibi
1265 1982 1370 2008 semper
1383 1975 1453 2008 quod
1478 1978 1582 2000 amatur
1595 1973 1700 1999 videtur
1713 1976 1740 1998 et
1754 1972 1823 2005 quod
1837 1971 1909 1996 vitlc<

1124 2025 1168 2047 tur
1189 2027 1324 2054 nunquam
1349 2020 1465 2046 fastidit!
1485 2019 1533 2046 Ubi
1559 2019 1627 2044 Deus
1651 2017 1775 2044 omnibus
1792 2020 1910 2042 azternus

1125 2074 1201 2093 amor
1214 2086 1221 2099 ,
1246 2070 1345 2093 teterna
1367 2064 1444 2095 laus,
1466 2064 1549 2098 gloria
1566 2067 1593 2089 et
1612 2061 1757 2089 beatitudo.
1782 2061 1823 2087 Ad
1840 2060 1911 2088 hanc

1125 2119 1189 2139 vero
1205 2111 1287 2138 vitam
1300 2115 1326 2137 et
1347 2109 1502 2137 felicitatem
1517 2114 1559 2134 me
1570 2107 1730 2134 familiarem
1747 2110 1821 2132 tuum
1844 2104 1910 2131 assi-

1125 2157 1184 2184 duis
1196 2158 1322 2192 precibus
1337 2161 1364 2184 et
1382 2154 1614 2183 exhortationibus
1629 2159 1716 2180 tecum
1730 2152 1822 2183 trabe,
1845 2157 1910 2184 qua-

1128 2207 1203 2230 tenus
1214 2206 1276 2237 post
1292 2201 1371 2236 huius
1377 2202 1438 2230 vita:
1448 2200 1611 2236 proccllosas
1623 2203 1796 2233 tempestates
1809 2196 1842 2223 ad
1850 2202 1910 2230 per-

1125 2252 1211 2282 petua:
1217 2251 1323 2282 portum
1337 2246 1445 2282 quietis,
1458 2245 1566 2273 Christo
1580 2244 1734 2274 miserante,
1750 2247 1835 2269 tecum
1848 2246 1911 2274 per-

1126 2292 1218 2319 venire
1230 2299 1344 2319 merear.
1360 2291 1482 2318 Vestram
1497 2289 1666 2317 sanctitatem
1682 2288 1708 2315 in
1726 2286 1848 2314 outnibus
1864 2284 1913 2311 bo-

1127 2337 1169 2365 nis
1183 2338 1277 2365 florere
1299 2342 1326 2364 et
1338 2337 1371 2364 ad
1382 2340 1538 2371 perpetuam
1555 2335 1626 2362 Deus
1643 2334 1721 2361 Iesus
1737 2331 1866 2367 prolicere
1876 2329 1914 2356 fa-

1128 2385 1182 2411 ciat
1199 2383 1363 2414 felicitatem,
1377 2379 1623 2409 desiderantissime
1644 2378 1728 2405 frater
1742 2377 1769 2404 in
1793 2374 1912 2403 Christo.

1349 2444 1362 2458 ι
1377 2436 1543 2465 EPISTOLA
1562 2434 1691 2462 XXXVII.

1385 2491 1416 2510 ΑΒ
1436 2489 1544 2510 ινοιιιωι
1565 2487 1663 2507 REGI-il.

1435 2527 1522 2562 (Anno
1542 2524 1614 2560 796.)

1130 2574 1184 2601 Ριο
1197 2574 1304 2608 captiuis
1316 2573 1344 2599 in
1357 2572 1423 2599 bello
1440 2571 1572 2631 Hum‘ieo,
1586 2574 1609 2597 et
1633 2576 1680 2604 pro
1700 2566 1814 2594 hostibus
1823 2570 1917 2600 depro-

1484 2614 1514 2631 ιιι
1527 2613 1569 2631 ιιν.

1484 2613 1569 2632 catur.

1166 2654 1276 2681 Domine
1289 2653 1324 2680 mi
1338 2651 1519 2681 dilectissime.
1536 2654 1564 2678 et
1581 2648 1745 2679 dulcissime,
1759 2651 1786 2679 et
1796 2645 1916 2674 omnium

1131 2697 1377 2726 desiderantissime
1399 2696 1434 2723 mi
1455 2696 1552 2722 David!
1570 2694 1666 2722 Tristis
1688 2697 1729 2720 est
1746 2691 1857 2720 Flaccus
1873 2696 1919 2715 vc-

1132 2749 1187 2771 stcr
1214 2748 1323 2778 propter
1347 2742 1529 2769 inﬁrmitatem
1548 2744 1675 2768 vestram.
1701 2738 1788 2773 Opto,
1812 2741 1841 2763 et
1861 2739 1919 2761 toto

1132 2790 1212 2816 corde
1224 2789 1306 2816 Deum
1319 2788 1446 2823 deprecor
1459 2794 1488 2814 ut
1500 2787 1554 2815 cito
1565 2786 1736 2815 convaleatis,
1750 2788 1779 2810 ut
1793 2781 1920 2818 gaudium
