4070 6182
268 297 298 352 ‘I
313 292 384 353 97
1700 287 2077 347 ENSTOLJT.
3434 282 3537 338 198

261 422 530 468 nostrum
574 418 640 465 stt
669 409 886 480 plenum
910 408 964 462 in
991 407 1144 463 vobis
1176 447 1189 470 ,
1235 415 1288 460 et
1309 406 1514 460 sanitas
1557 414 1737 458 vestra
1789 405 1860 458 sit
1890 413 1936 465 Α
1962 417 2056 457 ore
2078 441 2096 468 ,
2139 401 2432 456 honestatis
2453 397 2697 468 exempla
2747 398 2801 450 in
2859 397 3131 461 moribus;
3165 403 3224 450 ut
3284 403 3336 448 te
3363 393 3541 449 divina

275 501 441 569 plena
474 499 656 553 anima
681 506 738 552 et
756 511 1004 567 corpore.
1026 495 1253 550 Domine
1280 494 1385 548 mi!
1418 507 1626 549 memor
1661 491 1732 545 sit
1763 491 1873 561 pie.
1973 493 2170 562 ubique
2195 491 2476 546 clementia
2498 489 2697 543 exaltet
2716 496 2770 543 et
2803 489 3094 544 custodiat.
3130 486 3273 552 Hec,
3295 485 3545 547 obsecro,

277 603 368 648 tas
385 598 566 646 vestra
589 588 988 658 captivorum,‘|
1011 586 1136 640 dum
1153 584 1509 654 estPippinus
1525 591 1651 636 tuus
1673 590 1869 642 tecum,
1973 581 2160 634 charta
2213 587 2388 633 tecum
2435 579 2490 632 in
2526 578 2892 632 testimonium
2945 577 3144 632 amoris
3187 572 3291 630 mei
3337 581 3546 644 pergat.

278 687 506 752 propter
551 677 853 748 gratiarum
899 674 1138 729 actiones
1169 672 1434 727 mirabilis
1460 670 1705 725 beneﬁcii
1732 668 1873 738 quod
1973 670 2084 724 Etsi
2104 685 2209 724 non
2239 669 2309 722 sit
2332 667 2489 737 digna
2519 675 2624 720 tua;
2646 666 3007 721 venerationis
3032 667 3245 738 cingulo
3270 665 3548 738 suspendi,

282 773 566 827 vobiscum
610 769 639 808 ιι
674 766 740 820 de
796 765 1004 820 Hunnis
1057 764 1234 818 divina
1284 762 1412 816 fecit
1469 761 1772 822 clementia,
1823 767 1876 812 ct
1976 769 2154 814 tamen
2183 757 2300 826 ejus
2326 755 2619 811 admonitio
2641 755 2802 824 digna
2833 757 2903 808 sit
2928 756 2981 808 in
3020 758 3181 812 corde
3211 767 3315 812 tum
3341 758 3552 826 sapien-

279 872 514 936 propter
534 859 946 931 prosperitatem
993 854 1390 910 imminentium
1415 867 1595 907 rerum
1623 866 1637 904 :
1666 859 1725 904 ut
1771 851 1877 904 cle-
1977 853 2065 904 the
2099 849 2337 905 recondi.

287 952 627 1010 mentissima
677 950 822 1003 illius
882 945 1121 1016 potentia
1173 959 1364 1000 omnes
1421 942 1760 996 adversarios
1795 940 1874 994 sui
2053 963 2180 1017 Vive
2209 963 2316 1016 ι)ρο
2346 959 2558 1021 ποι-ρης,
2593 959 2708 1013 Ima
2735 959 3080 1028 gaudensque
3107 959 3296 1014 εειυιρ,

289 1042 468 1098 sancti
493 1039 730 1095 nominis
772 1037 968 1091 vestris
1019 1034 1279 1090 velociter
1323 1031 1572 1100 subjiciat
1623 1029 1876 1100 pedibus:
2124 1050 2353 1105 Dextera
2384 1059 2434 1103 ιθ
2466 1049 2664 1103 Christi
2688 1056 2934 1117 protegat
2956 1057 3117 1117 atque
3150 1058 3320 1119 regat.

293 1136 390 1190 “id
419 1143 476 1189 et
501 1134 567 1187 de
591 1130 941 1201 Ρθθωηιίδυθ
974 1129 1029 1182 in
1066 1143 1183 1191 vos”
1221 1126 1266 1180 Si
1298 1125 1412 1180 ﬁeri
1457 1123 1630 1195 Ροδδίί
1651 1163 1665 1187 ν
1713 1129 1768 1176 ei
1793 1135 1882 1174 Ve"
2053 1142 2308 1205 Obsecro,
2341 1141 2683 1197 commendes
2708 1139 2885 1194 Albini
2914 1149 2969 1194 ul
3001 1156 3192 1195 nomen
3223 1141 3448 1209 ubique,

287 1232 424 1278 stre
439 1221 685 1276 vldeatur
705 1217 1076 1289 providentiae,
1092 1217 1270 1284 aliqua
1299 1215 1364 1269 de
1390 1214 1658 1283 aliquibus
1683 1211 1778 1266 ﬁat
1802 1211 1883 1264 in-
2125 1231 2168 1286 ο
2199 1231 2294 1295 ηιξ,
2325 1230 2558 1294 famulis,
2594 1245 2692 1299 per
2717 1241 2808 1283 tua
2837 1247 3020 1298 regna,
3046 1231 3159 1286 θεῖ,

296 1311 566 1383 dulgentia
598 1319 651 1364 et
683 1307 948 1363 remissio.
984 1306 1186 1362 Tamen
1237 1313 1456 1375 propter
1484 1303 1786 1372 incognitas
1814 1300 1884 1355 il-

297 1404 475 1458 lorum
501 1415 694 1456 causas
721 1399 932 1454 cautius
957 1398 1023 1452 de
1051 1397 1136 1451 his
1177 1395 1388 1464 loquor.
1445 1393 1554 1448 Vos
1594 1393 1736 1447 enim
1781 1390 1880 1460 ipsi
2376 1447 2442 1485 ω

300 1495 511 1600 opime.
532 1486 1556 1600 Ἢῗξῗζθθ-ἷᾚ
1581 1484 1882 1600 1:31:31;
1987 1522 2133 1600 Scire
2179 1523 2316 1591 cupit
2365 1520 2511 1600 quid_
2537 1520 2746 1600 depictis
2779 1519 2986 1573 Hunnis
3030 1537 3122 1600 pro
3154 1531 3317 1600 genus
3351 1535 3564 1600 conuer-

293 1591 357 1636 τι
395 1581 515 1651 paci
559 1586 761 1633 sanctre
799 1577 894 1632 Dei
933 1575 1188 1631 Ecclesiae
1233 1571 1552 1643 proﬁcuum.
1604 1569 1884 1624 Facientes

2053 1594 2201 1646 sione
2229 1569 2438 1644 arcta-riis
2463 1591 2533 1642 sit
2567 1588 2824 1642 Paulinus
2855 1607 2916 1642 ac
2953 1569 3141 1660 minus
3154 1569 3242 1642 uad
3283 1606 3336 1642 se
3365 1589 3563 1643 litteras

303 1673 521 1728 faciatis
562 1672 619 1726 in
649 1669 900 1725 omnibus
933 1666 1261 1722 voluntatem
1294 1664 1411 1727 Dei,
1434 1670 1698 1733 quatenus
1741 1661 1884 1718 illius
1919 1726 1946 1733 Δ
2054 1661 2190 1715 mitti
2214 1661 2462 1730 postulat.

303 1761 646 1818 sanctissima
674 1759 846 1830 gratia
874 1772 970 1812 vos
994 1755 1334 1825 proﬁcientes
1356 1752 1554 1820 ubique
1591 1756 1840 1820 protegat
1866 1789 1881 1814 9
1913 1726 1960 1792 Β
2061 1726 2418 1813 Dilectissimo
2441 1757 2587 1811 Patri
2615 1764 2668 1810 et
2689 1757 2777 1825 pio
2799 1757 3036 1826 pontiﬁci
3076 1758 3298 1814 Paulino
3331 1759 3562 1829 patriar-

304 1858 462 1920 τεειι
479 1857 534 1904 ει
561 1846 843 1908 ουδιοάἱτιι,
872 1845 1086 1900 domine
1105 1851 1160 1898 θῑ
1188 1841 1494 1897 duiCiSSime
1514 1838 1886 1895 θιᾱθεῖάθΐθὶι·
1987 1850 2104 1904 chm
2131 1848 2374 1909 Albinus,
2424 1855 2616 1900 vestra:
2648 1845 2790 1900 ﬁlius
2831 1846 3158 1910 dilectionis,
3204 1856 3476 1917 perpetua:
3505 1849 3560 1903 in

2440 1339 2458 1377 τ
2493 1338 2821 1394 EPISTOLA
2857 1340 3097 1395 XXXIX.

305 1937 536 1992 tissime.
1988 1938 2210 1994 Christo
2236 1935 2610 2006 prosperitatis
2639 1935 2885 1989 salutem.

740 2035 760 2062 ε
803 2022 1135 2078 EPISTOLA
1173 2021 1456 2077 XXXVIII.
2063 2025 2121 2080 Si
2148 2025 2388 2094 quotidie
2409 2032 2514 2077 tua:
2529 2022 2875 2077 beatitudinis
2896 2024 3178 2092 praesentia
3205 2030 3403 2086 uterer,
3431 2037 3567 2077 nun—

872 2126 877 2130 ’
913 2133 979 2169 an
1017 2130 1286 2170 PIPPINUM.
1991 2130 2153 2185 quam
2192 2113 2408 2186 [tamen
2438 2115 2454 2183 (
2481 2112 2654 2176 Edit.,
2687 2109 2877 2184 tunc)]
2924 2111 3176 2167 melliﬁuo
3222 2128 3290 2167 ex
3335 2127 3430 2166 ore
3475 2120 3568 2166 tuo

933 2206 1110 2276 (Anno
1146 2204 1290 2273 796.)
1991 2207 2272 2263 dulcedine
2291 2205 2552 2267 satiat-er,-
2579 2204 2673 2257 sed
2696 2211 2953 2272 quantum
2976 2204 3130 2257 avida
3159 2219 3308 2258 mens
3329 2219 3393 2258 ex
3422 2203 3571 2258 fonte

487 2295 697 2368 Optima
721 2295 946 2365 suggerit
973 2294 1090 2347 vim
1124 2292 1340 2362 agenda?
1381 2291 1708 2345 ἀοσαηιεηια-
1992 2299 2173 2354 vitalis
2193 2299 2348 2353 unda:
2382 2298 2608 2360 biberet,
2635 2303 2843 2349 tantum
2869 2293 3021 2366 [ϐοά.
3053 2295 3191 2360 Sal.,
3221 2294 3422 2368 tamen]
3449 2295 3569 2350 sitis

382 2387 728 2446 Nobilissimo
780 2384 1039 2452 nobisque
1076 2382 1444 2436 amantissimo
1473 2380 1583 2435 ﬁlio
1608 2379 1635 2418 ιι
1667 2379 1894 2451 Ρίρρὶιο

1996 2391 2178 2445 addita
2210 2395 2498 2444 cresceret.
2549 2385 2621 2440 At
2663 2402 2806 2441 nunc
2842 2395 2986 2439 tanta
3013 2385 3253 2441 locorum
3285 2387 3458 2456 spatia
3481 2388 3564 2440 vi—

317 2479 560 2542 Albinus,
583 2477 634 2530 in
657 2474 860 2530 Christi
890 2473 1174 2529 dileCtione
1200 2473 1448 2526 salutem.
1995 2480 2158 2533 carite
2202 2477 2576 2533 collocutionis
2604 2475 3025 2530 familiaritatem
3067 2476 3346 2542 dividunt,
3389 2485 3450 2531 ut
3482 2477 3571 2530 vix

388 2568 602 2622 Gratias
633 2567 842 2635 agimus
880 2561 1265 2618 benevolentia!
1295 2570 1416 2624 tum.
1445 2561 1682 2616 simulet
1706 2561 1896 2631 pietati
1995 2569 2267 2638 pergentis
2290 2566 2546 2621 chartula:
2571 2565 2789 2635 gerulus
2815 2565 3139 2619 inveniatur.
3182 2565 3248 2619 Et
3272 2567 3324 2619 in
3347 2577 3574 2636 angusto

317 2656 498 2711 donni
526 2655 686 2724 regis,
717 2654 809 2722 qui
831 2653 918 2721 pie
942 2652 1209 2707 consentit
1248 2652 1487 2722 petitioni
1511 2651 1896 2721 redemptionis
1997 2659 2234 2729 pectoris
2259 2666 2415 2712 antro
2435 2656 2712 2710 charitatis
2731 2656 2836 2710 olla
2862 2655 3132 2721 fervescit,
3161 2673 3262 2712 nec
3283 2659 3441 2713 habet
3465 2675 3572 2728 quo

319 2747 674 2816 captivorum.
725 2743 850 2798 Scio
902 2759 998 2798 vos
1041 2744 1097 2798 in
1130 2743 1324 2797 talibus
1377 2743 1592 2811 p’ctatis
1642 2743 1898 2810 operibus
1999 2745 2258 2818 fulgorem
2287 2744 2368 2800 sui
2397 2742 2695 2815 splendoris
2716 2745 2980 2810 ostendat,
3016 2745 3100 2799 cui
3129 2754 3312 2800 coctas
3336 2747 3574 2802 charita-

321 2838 616 2908 promereri
643 2834 1070 2892 benedictionem
1091 2874 1106 2899 ,
1156 2843 1210 2888 et
1239 2833 1531 2904 longaevam
1561 2833 1705 2901 regni
1744 2848 1898 2905 pros-
1999 2840 2069 2894 tis
2089 2838 2273 2908 epulas
2302 2845 2533 2912 apponat
2559 2855 2571 2889 :
2603 2845 2659 2891 et
2684 2837 3077 2906 quodammodo
3096 2838 3420 2892 abundantia
3448 2854 3542 2892 sua
3561 2869 3576 2879 -

323 2929 604 2998 peritatem
619 2927 864 2997 adipisci.
891 2926 958 2980 Et
973 2935 1051 2991 tu,
1075 2926 1523 2981 excellentissime
1545 2923 1779 2995 juvenis,
1803 2941 1898 2980 no-
1998 2930 2181 2985 vitatis
2205 2945 2360 2984 versa
2382 2937 2463 2982 est
2493 2929 2544 2982 in
2570 2928 2800 2982 esuriem
2831 2928 3242 2982 amaritudinis?
3283 2929 3341 2983 In
3372 2931 3575 2998 pampi-

325 3021 582 3076 bilitatem
635 3017 996 3089 generationis
1055 3032 1265 3070 morum
1313 3015 1591 3071 nobilitate
1637 3015 1898 3071 adornare
1925 3069 1969 3089 η
1999 3022 2086 3076 nis
2110 3022 2234 3076 vitis
2258 3019 2508 3083 ﬂorescit,
2541 3019 2634 3073 sed
2657 3016 2831 3072 cultor
2860 3017 3016 3086 hujus
3043 3017 3212 3073 vineae
3236 3017 3579 3074 infructuosa:

325 3109 574 3172 studeas;
613 3069 668 3162 ei
731 3107 825 3160 Dei
889 3105 1269 3174 omnipotentis
1317 3104 1686 3169 voluntatem,
1738 3078 1932 3173 atque‘

2004 3127 2108 3167 non
2147 3126 2205 3166 se
2238 3110 2436 3182 [Edit.,
2475 3107 2548 3181 te]
2578 3108 2768 3178 pascit.
2808 3069 3053 3178 Agricola
3082 3109 3306 3164 uniones
3341 3109 3476 3164 eruit
3516 3110 3581 3162 de

325 3200 434 3273 ‘5
465 3201 724 3254 honorem
773 3205 884 3252 tota
908 3197 1107 3250 virtute
1151 3195 1375 3264 implere
1405 3195 1685 3259 contende,
1713 3204 1901 3263 quate-
2003 3202 2170 3274 glarie
2215 3201 2424 3274 [Edit.,
2455 3199 2686 3272 gloria],
2744 3200 2837 3254 sed
2885 3215 3074 3254 aurum
3107 3199 3161 3254 in
3203 3215 3337 3270 opus
3371 3216 3581 3255 corona:

325 3307 431 3346 nus
450 3291 596 3345 illius
629 3287 1012 3344 imtimabilis
1040 3287 1212 3356 pietas
1256 3285 1446 3340 solium
1472 3284 1621 3354 regni
1649 3285 1726 3338 tui
1751 3283 1900 3338 exal-
2007 3293 2205 3348 deﬁcit,
2246 3290 2406 3346 Novit
2427 3331 2441 3355 ν
2487 3291 2578 3360 qui
2607 3305 2814 3345 mecum
2851 3289 2976 3344 talia
3005 3288 3240 3362 [imiim-
3261 3289 3278 3362 (
3298 3275 3464 3355 Εάξεη
3492 3305 3583 3359 pa-

330 3389 431 3443 tet,
454 3388 512 3434 et
532 3380 792 3433 terminos
829 3379 1040 3442 dilatet,
1086 3385 1140 3431 et
1161 3383 1347 3447 gentes
1390 3383 1494 3430 tute
1527 3374 1776 3442 subjiciat
1800 3388 1901 3443 po-

2006 3384 2216 3458 trum)]
2253 3385 2382 3454 quid
2432 3385 2547 3439 haec
2601 3383 2902 3454 signiﬁcare
2955 3383 3143 3437 volunt
3187 3377 3578 3452 paradigmata.

332 3471 540 3526 testati.
570 3469 698 3524 Esto
728 3469 907 3540 largus
951 3469 1006 3522 in
1059 3467 1295 3531 miseris.
1324 3467 1441 3536 pius
1470 3467 1524 3520 in
1566 3465 1864 3536 peregrinis
1885 3504 1900 3528 ν
2003 3475 2166 3531 Forte
2201 3483 2255 3529 et
2280 3475 2472 3528 harum
2501 3473 2669 3527 lector
2690 3473 2988 3526 litterarum
3019 3472 3179 3526 talem
3208 3487 3264 3526 se
3297 3479 3580 3534 memorat,

331 3562 562 3617 devotus
592 3560 644 3614 in
700 3559 919 3614 servitio
945 3557 1146 3612 Christi
1181 3574 1193 3608 :
1229 3555 1428 3610 Servos
1466 3555 1585 3610 illos
1621 3553 1749 3627 [F.,
1775 3551 1900 3624 illis]
2005 3566 2218 3634 qualem
2253 3580 2339 3618 me
2390 3563 2632 3632 agnoscit
2671 3562 2723 3615 in
2774 3562 2911 3624 illis;
2966 3569 3020 3613 et
3062 3561 3295 3612 maxime
3323 3569 3395 3622 tu,
3423 3559 3584 3612 Pater

331 3659 388 3706 et
407 3649 678 3706 Ecclesiae
696 3649 990 3704 honoriﬁce
1012 3655 1272 3710 tractans,
1293 3656 1348 3700 et
1388 3654 1448 3699 ιιι
1478 3645 1660 3701 sedilia
1690 3645 1903 3701 illorum
2005 3664 2211 3719 sancte,
2246 3655 2311 3708 de
2340 3651 2493 3720 cujus
2520 3652 2680 3704 corde
2725 3649 2844 3703 fons
2888 3649 3070 3720 [verm
3097 3658 3313 3703 emanat
3342 3649 3581 3704 chariia-

333 3742 507 3796 oratio
545 3749 598 3794 te
626 3741 860 3809 adjuvet.
910 3741 1038 3795 Esto
1082 3742 1339 3796 honestus
1373 3742 1426 3795 in
1469 3741 1903 3804 conversatione,
2006 3745 2077 3798 tis
2105 3743 2293 3814 (Edit.,
2318 3741 2460 3803 vitae,
2487 3747 2719 3801 emanat,
2742 3737 3030 3810 cbaritasH
3052 3747 3104 3792 et
3125 3738 3342 3793 ﬁumina
3371 3739 3436 3794 de
3460 3753 3590 3793 ven-

336 3844 514 3885 castus
536 3830 589 3884 in
602 3845 847 3899 corpore.
861 3831 1069 3886 Laetare
1101 3842 1125 3870 ⁸
1149 3831 1507 3886 cummuliere
1535 3830 1910 3885 adolescentiae
2010 3843 2091 3888 tre
2117 3831 2233 3901 ejus
2271 3830 2442 3884 ﬂuunt
2469 3845 2621 3898 aquas
2647 3829 2802 3883 vivat.
2831 3829 2899 3883 Et
2921 3831 3012 3898 qui
3045 3831 3158 3884 haec
3193 3832 3246 3885 in
3268 3832 3589 3885 consolatio-

337 3932 460 3986 ωτι,
489 3931 544 3977 et
571 3938 679 3977 non
703 3923 813 3976 sint
857 3922 1045 3976 alienae
1072 3922 1362 3992 participes
1385 3923 1482 3986 tui,
1521 3929 1580 3975 ut
1610 3921 1910 3975 benedictio
2009 3940 2132 3980 nem
2165 3923 2319 3996 [ϐοά.
2351 3916 2466 3976 Sal;
2495 3931 2544 3975 et
2576 3920 2634 3976 S.
2663 3920 3014 3986 Emmerami,
3044 3922 3431 3994 consolatione]
3474 3925 3586 3993 spei

340 4012 434 4066 tibi
460 4027 492 4065 a
526 4011 636 4066 Deo
662 4013 785 4066 data
809 4012 864 4064 in
892 4011 1101 4081 longam
1133 4025 1384 4081 nepOtum
1412 4011 1664 4081 procedat
1687 4009 1912 4079 posteri—
2009 4021 2208 4070 nostra:
2235 4011 2500 4082 promisit,
2531 4011 2605 4064 tui
2637 4019 2721 4066 est
2752 4009 3077 4065 inhabitator
3096 4013 3352 4080 pectoris,
3390 4013 3478 4080 qui
3506 4022 3590 4066 est

340 4111 526 4156 tatem.
549 4101 679 4156 Esto
709 4100 864 4156 fortis
891 4102 942 4155 in
972 4103 1331 4167 adversarios,
1363 4102 1537 4158 ﬁdelis
1571 4103 1623 4155 in
1663 4103 1865 4157 amicos
1893 4143 1907 4166 ,
2011 4106 2180 4160 virtus
2211 4103 2310 4177 [et]
2338 4103 2596 4172 sapientia
2622 4103 2745 4168 Dci;
2786 4102 2839 4156 in
2869 4100 3021 4171 cujus
3057 4101 3292 4170 potentia
3334 4111 3387 4156 et
3413 4103 3588 4171 gratia

341 4191 555 4246 humilis
579 4191 921 4256 Christianis,
958 4193 1213 4248 terribilis
1233 4193 1454 4264 paganis
1475 4233 1489 4256 ,
1560 4191 1787 4247 aﬁ'abilis
1813 4193 1913 4246 mi—
2013 4197 2330 4252 mirabiliter
2355 4198 2380 4236 ε
2401 4195 2468 4250 de
2479 4195 2775 4250 Avarorum
2797 4202 2953 4265 gente
2974 4191 3123 4266 [Ed.,
3149 4193 3364 4266 genere]
3400 4193 3589 4248 trium-

341 4281 494 4344 seris,
529 4283 785 4352 providus
806 4282 860 4336 in
889 4284 1142 4338 consiliis.
1176 4283 1337 4339 Utere
1379 4281 1604 4339 consilio
1639 4297 1824 4336 senum
1859 4290 1914 4336 et
2013 4287 2233 4357 phatum
2253 4293 2336 4340 est
2363 4299 2378 4338 :
2409 4299 2638 4353 quorum
2673 4284 2820 4338 missi
2874 4283 2942 4337 ad
2983 4283 3233 4336 domnum
3281 4297 3462 4352 regem
3512 4282 3589 4336 di-

341 4372 560 4426 servitio
584 4372 861 4442 iuvenum.
885 4371 952 4425 Et
977 4373 1245 4440 aequitatis
1286 4371 1488 4441 judicia
1514 4372 1568 4426 in
1604 4387 1770 4442 regno
1796 4379 1907 4436 tuo,
1936 4411 1996 4476 Β
2016 4374 2168 4438 recti,
2189 4372 2576 4441 subjectionem
2596 4372 2871 4441 paciﬁcam
2901 4378 2952 4424 et
2976 4369 3398 4424 Christianitatis
3429 4369 3586 4426 ﬁdem

341 4470 396 4514 et
431 4461 549 4516 laus
574 4462 669 4516 Dei
702 4462 901 4530 ubique
950 4463 1094 4517 horis
1123 4463 1547 4532 competentibus
1573 4469 1816 4528 resonet;
1858 4461 1990 4516 et"
2014 4466 2407 4536 promittentes.
2467 4464 2535 4518 Et
2586 4465 2632 4518 si
2682 4463 2816 4527 hoc,
2871 4461 3047 4516 divina
3097 4477 3190 4516 eos
3233 4462 3592 4531 praeveniente

342 4553 578 4606 maxime
598 4552 655 4606 in
696 4552 979 4620 praesentia
1023 4553 1239 4622 pietatis
1265 4561 1388 4607 tum.
1439 4551 1574 4618 Quia
1607 4551 1911 4621 huiusmodi
2013 4555 2204 4626 gratia,
2231 4568 2418 4607 verum
2449 4560 2572 4617 est,
2615 4552 2736 4621 quis
2770 4565 2827 4606 se
2854 4565 3131 4606 servorum
3162 4551 3252 4605 Dei
3281 4560 3387 4605 tam
3416 4551 3504 4620 pio
3533 4560 3589 4606 et

343 4641 560 4697 devotio
607 4641 658 4695 in
685 4640 880 4696 ofﬁciis
902 4642 1280 4696 ecclesiasticis
1304 4642 1413 4696 Deo
1440 4651 1491 4694 te
1515 4641 1797 4696 amabilem
1828 4639 1910 4694 fa-
2015 4645 2266 4700 laudabili
2293 4643 2463 4698 labori
2488 4643 2804 4698 subtrahere
2833 4641 3010 4707 debet,
3038 4649 3095 4696 ut
3117 4640 3316 4697 diaboli
3346 4641 3592 4697 diruatur

343 4731 472 4794 ciet,
500 4739 554 4785 et
583 4731 889 4785 hominibus
914 4731 1281 4787 honorabilem
1311 4729 1525 4784 efﬁciet.
1563 4729 1681 4785 Sint
1705 4730 1799 4785 tibi
1821 4745 1899 4784 so-
2014 4739 2215 4795 saevitia
2236 4779 2250 4802 ,
2300 4747 2355 4792 et
2397 4737 2596 4793 Christi
2631 4737 2841 4792 Domini
2889 4735 3051 4790 rCod.
3081 4734 3198 4790 Sal.
3227 4734 3356 4807 Dei]
3383 4743 3592 4790 crescat

343 4820 591 4875 brietatis
615 4820 966 4891 cogitationes
1011 4821 1064 4875 in
1113 4821 1309 4884 corde,
1359 4820 1601 4874 veritatis
1648 4822 1806 4874 verba
1859 4821 1914 4874 in
2015 4827 2332 4883 servitium?

417 4970 731 5060 :wa
748 4971 1029 5060 Eiram.
1051 4983 1188 5060 tu!”
1208 4971 1916 5060 meﬁseiseanihaae
2014 4978 2133 5060 Vitl-
2161 4980 2333 5060 sriSE-
2365 4977 2618 5060 priame-

345 5040 658 5116 dubie,Aquo
698 5040 1167 5116 post'iiunnicam
1195 5040 1778 5116 expeditionem—anno
1815 5044 1917 5116 796
2082 5047 2107 5086 δ
2152 5040 2396 5116 Ρῖρρὶηὸ.
2423 5047 2711 5116 Pippinus,
2742 5042 3357 5116 antea_Carolgmannu_s
3393 5042 3590 5116 dictus,

345 5061 526 5105 συνιε,
552 5061 658 5111 quo
698 5061 819 5113 ῃοει
859 5061 1152 5097 nunmcam
1195 5061 1586 5112 expeditionem
1637 5061 1778 5097 anno
1824 5061 1917 5098 ινο
2082 5061 2107 5086 ο
2152 5061 2216 5100 1’2
2288 5064 2396 5100 mo.
2424 5061 2520 5116 γει)
2559 5061 2711 5109 "IIIS,
2742 5061 2897 5100 antea
2933 5061 3357 5100 Caralomannus
3393 5061 3590 5106 (llClllS,

344 5112 595 5185 accessit,
627 5121 955 5185 utinarrant
1002 5113 1234 5185 Annales
1279 5111 1624 5185 Francorum.
1676 5111 1917 5185 Po_stu_la-
2015 5116 2190 5172 Caroli
2218 5065 2391 5185 mgni
2422 5124 2478 5185 et
2514 5061 2846 5185 iiildegardis
2890 5113 3072 5185 ﬁlius._
3096 5113 3172 5167 De
3200 5125 3265 5166 eo
3289 5112 3442 5185 plura
3471 5112 3596 5167 vide

347 5179 481 5256 tio_ni
505 5179 716 5236 Alcuini
753 5183 820 5236 de
851 5183 1214 5256 redemptione
1242 5181 1574 5256 captivorum
1601 5181 1789 5256 annuit
1811 5180 1914 5234 Ca-
2016 5186 2154 5256 apud
2177 5179 2398 5256 Pagium
2422 5184 2491 5239 ab
2517 5199 2657 5238 anno
2671 5179 2783 5237 1'l76
2809 5197 2980 5252 usque
3008 5181 3076 5236 ad
3103 5179 3305 5236 annuni
3325 5181 3429 5238 810
3487 5196 3596 5254 quo

346 5248 515 5322 rolus,
544 5259 603 5304 ut
650 5261 803 5322 patet
823 5268 889 5306 ex
919 5248 1071 5305 initio
1107 5249 1342 5320 epistolae
1378 5252 1446 5306 ad
1470 5249 1772 5319 Pippinum,
1800 5265 1918 5318 quae
2015 5248 2173 5309 obiit.

346 5333 407 5373 se
447 5319 613 5373 uitur.
650 5317 669 5322 “
995 5343 998 5345 λ
1140 5317 1155 5320 ’
1538 5317 1582 5319 7‘
1824 5317 1833 5318 ί
2091 5335 2114 5362 ε
2153 5321 2282 5376 Cum
2311 5321 2547 5385 muliere,
2571 5328 2675 5376 etc.
2711 5321 2840 5389 Qua:
2867 5319 2994 5374 illa?
3020 5317 3215 5376 Nullibi
3283 5321 3512 5375 roditur.

409 5335 448 5429 Ἰ
488 5387 560 5429 ηρ
589 5387 796 5429 [Insania
861 5388 1006 5429 nunc
1053 5387 1308 5429 pinninnn
1335 5388 1434 5429 lim
1461 5403 1600 5429 anna
1633 5387 1735 5429 796
1761 5387 1919 5429 tulhn.
2095 5391 2113 5429 ῐ
2156 5390 2275 5429 Et“!
2353 5389 2582 5429 Πειρη-δαί
2643 5390 2745 5429 “9.
2827 5390 2990 5429 nonin
3066 5390 3126 5429 ΩΙ
3187 5334 3439 5429 Πῗξηιιοημ
3480 5389 3511 5429 3

480 5387 560 5443 De
586 5387 816 5462 (laenis.
861 5388 1006 5455 Quos
1053 5387 1436 5462 Pippinusboc
1461 5403 1600 5444 anno
1633 5387 1735 5443 796
1761 5387 1919 5443 sube-
2019 5459 2057 5462 μ
2095 5391 2113 5430 ί
2156 5390 2296 5462 Edit.
2353 5389 2603 5462 Quercet.
2643 5387 2807 5462 112,_
2827 5390 3009 5462 Canis.
3066 5390 3126 5462 6]
3169 5387 3441 5462 jEroben.
3480 5389 3595 5462 54).

344 5458 446 5528 git,
487 5459 715 5528 testibus
748 5459 865 5527 ejus
895 5459 1153 5528 temporis
1177 5457 1477 5528 annalibus.
2017 5459 2312 5517 Emendata
2340 5476 2406 5515 ex
2432 5459 2586 5516 codd.
2614 5474 2744 5514 mss.
2777 5459 2972 5516 Salisb.
3004 5468 3061 5515 et
3083 5460 3139 5514 S.
3166 5457 3518 5516 Emmerami.

421 5537 444 5566 ε
484 5529 627 5599 Edit,
660 5526 912 5595 Quereet.
956 5526 1022 5599 et
1061 5542 1128 5599 es
1171 5541 1283 5599 ms._
1321 5526 1572 5599 (Froben.
1618 5527 1730 5599 35).
1787 5528 1914 5599 Data
2091 5532 2116 5570 ι
2154 5529 2230 5599 De
2251 5530 2537 5599 Avarorum
2565 5538 2712 5598 gente
2729 5528 3114 5599 triumphatum
3137 5539 3229 5584 est.
3261 5528 3598 5599 Annonem:

344 5612 491 5652 anno
520 5596 645 5662 796,
669 5607 954 5668 postquam
967 5595 1224 5668 Pippinus
1237 5597 1306 5649 ab
1327 5595 1917 5668 expeditionellnnnica
2018 5613 2084 5668 pe
2113 5598 2233 5662 796,
2267 5600 2408 5667 quod
2445 5595 2585 5666 jam'
2613 5598 2808 5668 stepius
2859 5595 3232 5654 adnotavimus
3285 5612 3354 5653 ex
3400 5595 3598 5652 Annal.

347 5665 750 5737 Aquisgranum
795 5665 862 5722 ad
905 5665 1192 5728 CarOlum,
1242 5671 1449 5730 patrem
1493 5682 1646 5720 suum
1679 5708 1694 5731 ,
1741 5667 1913 5722 rediit.
2019 5665 2211 5723 Franc.
