4054 6182
459 327 560 380 199

1315 309 1374 362 Β.
1413 307 1477 360 F.
1519 303 1740 357 ALBINI
1781 297 1912 354 SEU
1953 293 2225 350 ALCUINI
2276 289 2558 346 OPERUM
2598 285 2776 342 PARS
2813 285 2852 338 l.

3605 280 3712 334 200

522 435 633 508 46
655 432 761 486 Sed
787 442 946 499 quam
981 423 1333 494 plurimorum
1376 417 1432 471 in
1469 425 1522 470 te
1546 456 1560 479 ,
1614 422 1766 484 pater
1803 410 2028 508 Optime,
2058 410 2106 466 Α
2204 405 2382 508 Donec
2410 400 2667 468 suscipiat
2690 397 2814 508 felix
2849 403 2900 447 te
2936 402 3090 508 pgrta
3117 392 3362 508 polorum

453 500 622 589 ceu-liv
641 519 963 590 respiciunt,
1019 511 1146 582 quid
1191 517 1370 564 vestra
1420 504 1725 560 veneranda
1771 500 2032 556 sanctitas

455 619 633 672 facere
666 609 815 664 velit.
853 605 985 672 Quia
1013 611 1068 657 et
1096 600 1350 654 vicinitas
1393 597 1636 650 locorum
1681 591 1776 645 tibi
1816 603 2033 657 compe-

460 708 544 768 tit,
567 711 622 758 et
646 696 920 768 sapientia:
951 693 1115 748 decus
1136 688 1280 762 [tibi]
1310 685 1579 756 suppetit,
1616 689 1672 737 et
1693 677 2030 734 auctoritatis

459 789 774 850 excellentia
821 787 916 841 tibi
961 783 1201 854 appetit,
1242 789 1298 835 et
1341 785 1535 833 cuncta
1561 773 1888 830 conveniunt
1913 786 2034 840 quae

461 883 551 937 tali
579 879 728 949 operi
751 875 1052 932 necessaria
1083 887 1202 926 esse
1237 870 1505 924 videntur.
1545 866 1666 919 Ideo
1700 878 1833 918 mete
1863 861 2036 930 parvi-

462 978 589 1031 tatis
635 971 922 1028 curiositas
978 967 1098 1038 [per
1147 974 1199 1018 te
1238 962 1406 1034 (Edit.
1435 1001 1448 1025 ,
1493 955 1840 1030 propterea)]
1879 953 2036 1020 hujus

463 1075 664 1121 sancta:
694 1063 771 1117 rei
805 1057 992 1133 [scire]
1042 1054 1311 1111 desiderat
1352 1051 1633 1104 veritatem
1652 1089 1667 1113 ,
1699 1055 1753 1100 et
1778 1055 1883 1099 tua:
1911 1058 2039 1098 con-

466 1157 645 1212 silium
689 1150 930 1220 deposcit
967 1144 1303 1216 prudentiae:
1344 1139 1428 1193 vel
1480 1138 1608 1208 quid
1644 1135 1839 1190 exinde
1879 1143 2040 1202 agere

465 1257 575 1302 tam
619 1246 762 1299 bona
803 1240 1050 1294 voluntas
1098 1235 1446 1288 deliberatum
1490 1229 1703 1291 habeat,
1748 1237 2040 1294 agnoscere

465 1339 688 1408 ﬂagitat.
728 1335 875 1404 Opus
899 1331 1044 1386 enim
1086 1329 1309 1382 arduum
1353 1333 1467 1388 est,
1500 1323 1592 1378 sed
1616 1323 1730 1390 ipsa
1753 1325 2040 1374 attestante

467 1407 708 1486 veritate
739 1467 754 1492 ,
815 1423 992 1477 omnia
1047 1420 1246 1474 scimus
1299 1432 1418 1471 esse
1466 1413 1742 1484 possibilia
1802 1407 2040 1466 credenti

469 1522 664 1592 (Ma-rc.
698 1536 773 1584 Ix,
803 1517 916 1584 2'2).
958 1515 1021 1567 Et
1047 1517 1139 1583 qui
1160 1513 1225 1565 de
1253 1515 1594 1580 persecutore
1620 1505 1747 1559 fecit
1780 1501 2041 1572 praedica-

465 1621 642 1664 torem
674 1607 726 1678 (1
760 1606 894 1659 Tim.
934 1619 972 1669 ι,
1018 1603 1140 1671 15),
1196 1610 1251 1653 et
1293 1599 1360 1654 de
1398 1606 1635 1651 stercore
1662 1593 1819 1663 erigit
1844 1605 2045 1660 paupe-

470 1717 606 1765 rem,
640 1708 698 1753 ut
721 1698 903 1753 sedeat
924 1711 1044 1751 cum
1073 1690 1402 1762 principibus
1431 1686 1600 1757 (Psal.
1629 1699 1767 1745 cxtt,
1801 1683 1885 1751 7);
1930 1682 2042 1750 ipse

470 1800 644 1861 potest
685 1791 750 1845 de
783 1790 930 1843 arida
964 1786 1140 1840 cordis
1167 1783 1270 1836 mei
1295 1789 1449 1835 caute
1487 1777 1688 1832 rivulos
1711 1776 1818 1828 vivi
1857 1773 2038 1836 fontis,

469 1892 524 1937 et
570 1884 624 1935 in
673 1881 834 1933 vitam
881 1875 1122 1930 salientis
1167 1872 1463 1942 producere
1505 1875 1801 1922 aeternam:
1843 1871 2045 1932 quanto

472 1973 643 2042 magis
691 1968 779 2041 [de
838 1975 1016 2021 vestro
1061 1971 1278 2033 pectore
1323 1958 1786 2014 abundantissimo
1828 1955 2044 2010 ﬂumina

470 2059 743 2115 Gebonica
799 2055 1016 2110 ﬂuentia
1069 2051 1238 2121 (Cod.
1301 2048 1415 2104 Sal.
1473 2049 1538 2103 de
1583 2055 1764 2101 vestro
1815 2044 2047 2114 pectoris

472 2147 932 2204 abundantissimo
958 2143 1173 2196 flumine
1195 2140 1427 2194 Geonica
1453 2136 1673 2207 ﬂuenta)
1703 2136 1722 2208 ]
1760 2151 1856 2206 per
1881 2144 2047 2189 totam

476 2236 690 2292 Nilotici
747 2233 890 2288 ruris
941 2229 1275 2284 latitudinem
1326 2227 1391 2281 ad
1439 2225 1805 2280 fecundandos
1851 2225 2049 2281 diversi

475 2326 690 2397 generis
716 2323 876 2378 ﬂores
903 2319 1198 2398 diffundere
1225 2316 1396 2370 valet?
1417 2315 1636 2381 Audiat,
1665 2315 1912 2380 obsecro,
1955 2331 2052 2385 per

479 2426 530 2471 te
551 2412 820 2470 unanimis
847 2419 948 2466 tua:
971 2408 1252 2466 charitatis
1280 2406 1422 2462 lilius
1440 2449 1455 2474 ,
1482 2409 1612 2477 quid
1650 2417 1872 2476 paterna
1915 2423 2052 2476 pra:-

477 2508 656 2560 videat
680 2503 944 2574 agendum
970 2500 1276 2571 prudentia.
1318 2498 1691 2553 Certissimum
1719 2498 1898 2567 itaque
1925 2512 2053 2551 con-

477 2599 656 2654 silium
705 2594 892 2650 salutis
930 2607 1027 2662 per
1073 2606 1135 2646 os
1170 2591 1313 2644 illius
1346 2589 1552 2658 sperari
1578 2589 1758 2653 debet,
1785 2587 1938 2656 cujus
1957 2601 2053 2656 pe—

476 2689 644 2742 ctoris
710 2682 1039 2753 septiformis
1081 2678 1395 2752 [Spiritusl
1461 2679 1670 2733 consilii
1726 2678 2054 2732 inhabitator

480 2775 644 2850 [esse]
673 2773 1023 2848 dignoscitur.

548 2930 710 2986 Binas
739 2937 931 2984 vestra:
962 2925 1270 2998 paternitati
1295 2923 1452 2995 paulo
1478 2932 1600 2978 ante
1631 2922 1802 2977 direxi
1831 2922 2052 2976 chartu-

481 3028 583 3091 las,
617 3040 778 3079 unam
823 3037 920 3093 per
958 3028 1203 3076 sanctum
1248 3030 1272 3058 ι
1300 3017 1608 3088 episcopum
1647 3015 2000 3070 Histriensem
2038 3027 2053 3066 :

2939 481 3031 553 [F.
3059 480 3229 551 suppl.
3257 478 3480 551 precor]
3504 494 3718 549 semper

3276 570 3293 641 [
3318 571 3371 624 in
3395 585 3493 624 ore
3515 572 3640 624 mei.

2651 644 2676 682 ιι
2709 641 3038 697 EPISTOLA
3079 639 3192 694 XL.

2559 752 2625 789 an
2656 748 2908 796 QUEMDAI
2951 733 3288 802 (PAULINL'M).

2137 831 2264 884 Post
2291 830 2500 898 [angunt
2534 824 2752 898 Paulini
2780 823 3076 898 _s_ilentiu_m,
3117 824 3334 898 receptis
3363 840 3502 898 nunc
3531 823 3719 898 litteris

2204 891 2454 968 gaudium
2477 912 2627 950 suum
2657 893 2938 968 signiﬁcat.
2984 891 3111 968 Post
3135 891 3245 945 lucc
3281 893 3335 946 in
3370 891 3553 947 laudes
3578 893 3720 947 Pau-

2206 962 2301 1023 lini
2323 968 2586 1029 excurrit;
2631 962 2718 1017 ac,
2740 962 2922 1015 mortis
2963 962 3148 1033 vicina;
3176 971 3329 1033 atque
3350 978 3564 1015 suorum
3602 981 3721 1033 pec-

2206 1048 2443 1092 catorum
2488 1035 2820 1088 reminiscens
2880 1049 2934 1085 se
2987 1031 3222 1101 precibus
3268 1031 3410 1084 illius
3452 1031 3720 1088 humiliter

2206 1106 2555 1161 commendat.

2215 1209 2237 1236 ο
2272 1197 2406 1250 Dum
2447 1193 2564 1266 [F.,
2593 1191 2753 1263 sicut]
2785 1190 3040 1245 ferventis
3073 1189 3265 1245 Cancri
3305 1193 3489 1260 igneus
3527 1192 3606 1246 sol
3641 1194 3718 1248 si-

2140 1289 2239 1344 dus
2260 1287 2521 1348 ascendit,
2548 1293 2600 1339 et
2626 1285 2791 1337 nimio
2813 1284 3171 1351 diuturnoque
3214 1282 3392 1337 calore
3437 1284 3586 1336 arida
3624 1283 3722 1338 tel-

2140 1377 2222 1431 lus
2252 1377 2451 1430 imbres
2496 1381 2800 1442 exspectat;
2830 1373 2910 1426 sic
2940 1382 3027 1425 tua
3050 1413 3065 1436 ,
3113 1373 3274 1426 Pater
3307 1373 3526 1440 optimc,
3561 1373 3614 1427 in
3645 1389 3726 1427 re-

2144 1467 2420 1538 frigerium
2471 1464 2648 1531 magni
2698 1464 2898 1517 amoris
2938 1463 3126 1539 sitiens
3165 1464 3217 1516 in
3248 1477 3369 1517 meo
3388 1473 3608 1532 pectore
3632 1479 3723 1517 vo-

2141 1559 2320 1610 luntas
2374 1564 2480 1609 tua:
2524 1554 2872 1608 beatitudinis
2933 1553 3025 1606 diu
3090 1553 3429 1608 desiderabat
3492 1553 3718 1608 litteras.

2143 1647 2339 1701 lterum
2368 1654 2526 1714 atque
2551 1646 2745 1698 iterum
2775 1659 2873 1714 per
2909 1642 3115 1712 singula
3157 1643 3412 1697 horarum
3451 1652 3722 1698 momenta

2272 492 2384 557 Qua
2419 505 2624 543 memor
2665 493 2781 540 esto
2799 523 2812 537 .
2836 523 2848 536 .
2870 523 2883 535 .

2075 1750 2119 1810 Β
2145 1745 2378 1790 :estuans
2415 1737 2518 1789 hoc
2565 1735 2876 1788 revolvebat
2919 1733 3189 1802 elogium:
3234 1731 3455 1800 Quando
3506 1733 3725 1788 venient

2146 1827 2433 1883 desiderati
2460 1828 2563 1882 mei
2587 1826 2884 1882 dulcissimi
2911 1824 3126 1894 apices?
3161 1823 3384 1890 Quando
3403 1823 3614 1878 videam
3644 1825 3723 1878 si-

2146 1934 2251 1989 gna
2291 1919 2482 1972 salutis
2520 1916 2854 1972 dilectissimi
2898 1914 3044 1969 mei?
3103 1913 3328 1981 Quando
3373 1914 3503 1968 mihi
3550 1914 3725 1969 Auso-

2149 2011 2250 2064 nite
2273 2008 2568 2064 nobilitatis
2595 2008 2787 2080 pagina
2817 2006 2985 2077 optati
3023 2005 3433 2075 prosperitatem
3479 2005 3727 2060 ostendet

2149 2099 2330 2166 amici,
2361 2106 2419 2153 ut
2447 2099 2651 2153 videam
2674 2098 2780 2169 47
2809 2098 2856 2151 si
2884 2096 3061 2166 aliqua
3101 2095 3377 2151 foederata:
3416 2095 3469 2149 in
3510 2093 3726 2151 Christo

2149 2194 2399 2249 amicitiae
2426 2194 2480 2246 in
2512 2191 2654 2246 illius
2691 2197 2911 2260 pectore
2953 2196 3166 2244 maneat
3207 2189 3509 2251 memoria;
3559 2187 3604 2241 si
3640 2185 3728 2240 Αι-

2151 2283 2262 2336 bini
2289 2282 2370 2335 sui
2393 2295 2590 2336 nomen
2635 2279 2775 2348 stylo
2802 2276 3081 2333 charitatis
3119 2275 3172 2330 in
3199 2275 3379 2330 cordis
3409 2289 3608 2328 arcano
3638 2290 3725 2327 re-

2151 2371 2421 2425 conditum
2452 2370 2670 2433 habeat,
2702 2368 2841 2422 sicut
2873 2366 3249 2421 suavissimum
3303 2364 3507 2418 Paulini
3551 2362 3729 2418 Patris

2153 2474 2372 2523 nomen,
2414 2464 2675 2527 perpetua
2727 2456 3046 2520 dilectione,
3093 2455 3146 2508 in
3191 2455 3356 2508 corde
3392 2453 3484 2507 ﬁlii
3514 2453 3729 2508 :cternis

2153 2551 2294 2621 viget
2318 2549 2516 2604 litteris
2547 2547 2898 2616 inscriptum?

2228 2642 2246 2680 ί
2278 2641 2417 2695 Ecce
2458 2639 2645 2703 venit,
2691 2653 2818 2693 ecce
2848 2639 2996 2692 venit
3016 2648 3253 2708 paternae
3272 2637 3486 2707 pietatis
3511 2636 3726 2707 pagina,

2153 2750 2317 2804 quam
2343 2733 2434 2788 diu
2461 2730 2859 2792 desiderabam,
2898 2730 3045 2784 omni
3080 2729 3235 2784 melle
3261 2728 3438 2798 palato
3466 2743 3586 2783 meo
3614 2727 3731 2782 dul-

2154 2828 2289 2892 cior,
2335 2823 2482 2879 omni
2530 2822 2730 2876 obrvzo
2774 2821 2945 2875 oculis
2977 2819 3360 2874 honorabilior.
3405 2817 3555 2873 lianc
3581 2818 3732 2872 laetus

2154 2915 2416 2970 ambabus
2457 2911 2787 2980 accipiebam
2834 2911 3102 2974 manibus,
3143 2917 3202 2964 et
3239 2916 3349 2964 toto
3373 2908 3733 2978 amplectebar

2153 3013 2388 3075 pectore,
2443 3016 2764 3070 suspensus,
2815 3001 2943 3070 quid
2987 3000 3117 3054 mihi
3167 3002 3231 3054 de
3281 3015 3400 3052 meo
3455 2999 3733 3053 nuntiaret

482 3090 641 3171 aliam
667 3130 763 3184 per
787 3090 962 3166 virum
996 3109 1350 3165 venerabilem
1373 3108 1626 3163 Aericum
1654 3107 1862 3161 ducent.
1893 3104 1910 3176 [
1936 3105 1962 3144 ιι
1987 3105 2052 3158 Et
2076 3095 2128 3163 α
2155 3094 2412 3152 Paulino?
2439 3092 2747 3162 Solutisque
2773 3090 2957 3162 sigillis
2974 3131 2988 3156 ,
3026 3091 3196 3146 avidis
3234 3091 3510 3184 oculorum
3537 3090 3733 3147 obtuti-

483 3206 687 3259 utinam
708 3202 792 3255 vel
822 3202 937 3255 haec
969 3201 1127 3254 tertia
1155 3206 1429 3254 mereatur
1453 3197 1685 3265 aliquam
1711 3204 1904 3249 vestra:
1932 3195 2057 3249 bea-

484 3293 728 3349 titudinis
777 3289 1230 3360 exhortationem]
1277 3297 1548 3358 nespreta
1597 3287 1834 3342 charitas
1864 3284 2056 3357 [quar-

486 3383 618 3455 tam]
650 3398 841 3452 rugosa
883 3382 1094 3444 fronte,
1139 3381 1223 3434 vel
1261 3380 1550 3449 queruloso
1592 3378 1799 3434 calamo
1833 3392 2058 3433 exarare

486 3473 724 3542 incipiat.
778 3471 1124 3541 Nequaquam
1170 3471 1224 3523 in
1268 3477 1615 3537 augmentum
1658 3468 1888 3523 tristitia:
1925 3485 2059 3524 mea:

485 3565 686 3618 diutius
710 3574 904 3626 taceas,
931 3562 1023 3617 sed
1050 3559 1193 3632 [per]
1217 3560 1466 3630 spiritum
1503 3559 1885 3614 consolationis
1907 3560 2000 3614 tibi
2028 3576 2058 3614 a

488 3656 597 3708 Deo
622 3655 824 3718 datum,
855 3653 1160 3722 frequentes
1202 3652 1336 3706 mihi
1381 3653 1560 3721 apices
1592 3650 1770 3708 facere
1806 3652 2060 3708 almitatis

485 3751 678 3796 vestrae
707 3741 1088 3798 consolationis
1122 3757 1228 3796 non
1260 3741 1519 3812 graveris,
1567 3749 1627 3795 ut
1656 3742 1762 3797 tuis
1786 3742 1943 3797 bonis
1968 3757 2061 3796 ex-

487 3830 880 3883 hortationibus
901 3840 953 3884 et
981 3830 1182 3884 sanctis
1206 3831 1540 3886 orationibus
1562 3830 1775 3900 adjutus
1791 3873 1804 3896 ,
1842 3833 1908 3886 ad
1938 3849 2061 3902 sup-

487 3919 815 3988 plementum
838 3920 1103 3974 mercedis
1127 3921 1222 3976 tibi
1252 3930 1541 3992 perpetuae,
1565 3921 1745 3976 divina
1767 3923 2062 3979 auxiliante

489 4011 895 4078 misericordia,
960 4012 1080 4067 vita:
1129 4021 1346 4068 :eternae
1398 4021 1577 4068 tecum
1624 4014 1894 4085 particeps
1941 4031 2060 4071 esse

489 4118 719 4156 merear.

561 4287 582 4313 ε
613 4275 828 4329 Floreat
855 4275 906 4328 in
933 4285 1114 4330 vestro
1142 4277 1338 4332 divinis
1362 4287 1578 4347 pectore
1603 4279 1756 4333 donis

630 4365 853 4434 Semper
879 4366 932 4419 in
966 4374 1223 4421 aeternum
1250 4369 1456 4438 sophia,
1488 4377 1672 4424 sancte
1699 4369 1878 4424 Pater.

560 4455 625 4508 Et
651 4456 781 4508 mihi
805 4466 1086 4511 conservet
1114 4456 1313 4513 Christi
1337 4458 1527 4514 dextra
1553 4460 1936 4531 omnipotentis

631 4545 971 4610 Incolumem,
998 4548 1203 4604 meritis
1229 4557 1420 4620 augeat
1442 4551 1702 4606 aetheriis.

563 4714 589 4788 ξ
629 4701 940 4788 Episcopatu
1005 4701 1366 4788 H'istriepsetu.
1449 4705 1648 4788 Cianos
1699 4705 2062 4788 fAquileiensis

488 4775 781 4842 provincia:
827 4775 1062 4842 episcopi
1107 4775 1404 4842 antiquitus
1443 4775 1570 4829 dicti
1596 4783 1719 4828 sunt
1757 4775 1932 4828 lstria:
1953 4777 2062 4844 epi-

491 4843 655 4912 scopi,
674 4850 732 4894 ut
777 4850 921 4912 patet
959 4858 1024 4896 ex
1068 4843 1292 4897 concilio
1336 4844 1578 4897 Romano
1617 4845 1714 4898 sub
1759 4844 2059 4912 Agathone,

491 4913 586 4993 ubi
614 4911 1204 4993 Uisinus'Cenettensis
1229 4915 1328 4967 sub
1351 4915 1664 4993 patriarcha
1693 4911 1972 4993 Agathone
2007 4924 2063 4968 et

492 4982 672 5036 (ueteri
724 4981 1233 5036 Mediterranearum
1275 4981 1480 5037 sedium
1525 4981 1761 5051 episcopi
1802 4990 2064 5038 vocantur

495 5050 670 5121 [striae
710 5051 932 5120 episcopi
976 5050 1213 5121 (Madris.
1269 5051 1402 5121 Opp.
1439 5050 1499 5107 S.
1539 5051 1766 5114 Paulini,
1814 5069 1868 5121 p.
1910 5053 2061 5121 205).

495 5069 670 5105 turne
710 5069 931 5132 eptscppt
976 5069 1213 5131 (amaris.
1269 5069 1402 5134 upp.
1439 5069 1505 5133 δ.
1539 5069 1766 5114 multm,
1814 5069 1868 5123 p.
1910 5069 2061 5121 200).

492 5119 758 5204 Fortassis
803 5121 891 5204 hic
940 5136 1220 5203 episcopus
1262 5121 1366 5202 lunt
1409 5122 1622 5204 Agtnus.
1655 5121 2061 5204 Pergomensis.

493 5206 587 5243 seu
618 5192 795 5258 potius
841 5192 1160 5246 Veronensis
1191 5192 1504 5262 episcopus,
1535 5192 1626 5260 qui
1655 5192 1755 5247 hoc
1777 5209 1917 5248 anno
1939 5210 2061 5249 eum

495 5259 718 5311 Alcuino
748 5258 864 5321 fuit.
897 5270 953 5314 ut
982 5261 1252 5332 colligitur
1281 5277 1344 5316 ex
1374 5261 1597 5332 epistola
1627 5264 1692 5315 ad
1718 5264 1964 5317 eumdem
1994 5263 2064 5317 9.6

494 5333 660 5397 (nunc
689 5329 800 5398 5l).
841 5329 914 5384 De
942 5331 1134 5386 Aerico
1153 5332 1289 5387 duce
1314 5332 1420 5386 vid.
1449 5331 1610 5398 epist.
1645 5332 1697 5384 l.

649 5345 660 5382 :
689 5345 800 5398 at).
841 5345 914 5384 ue
942 5345 1134 5386 Aertco
1153 5345 1289 5387 duce
1314 5345 1420 5386 vm.
1449 5345 1610 5402 epist.
1645 5345 1697 5384 1.

569 5419 594 5458 δ
632 5420 775 5480 “me,
804 5423 1056 5477 mendosa
1083 5424 1136 5477 in
1167 5424 1322 5488 edit.,
1363 5439 1428 5478 ex
1453 5439 1552 5478 ms.
1585 5424 1961 5478 restituuntur.

567 5522 593 5550 ε
635 5510 698 5565 lli
730 5527 918 5567 versus
943 5513 1136 5568 desunt
1163 5515 1216 5569 in
1239 5513 1368 5571 Co'd.
1401 5514 1595 5570 Salisb.
1620 5525 1674 5570 et
1699 5515 1757 5571 S.
1800 5516 1974 5573 Emm.

568 5598 594 5672 ἦ
637 5599 1188 5672 EditaQucreetaﬁ'Z,
1238 5603 1416 5658 Canis.
1451 5600 1519 5658 68
1554 5603 1808 5672 (Froben.
1854 5605 1965 5671 30).
2009 5607 2063 5662 In

501 5668 616 5724 ωτι.
650 5684 748 5723 ms.
781 5670 1208 5725 Sanet-Gallensi
1248 5668 1583 5726 desideratur
1617 5676 1830 5741 quidem
1873 5668 2064 5731 inscri-

2156 3189 2259 3244 bus
2279 3202 2375 3257 per
2402 3186 2640 3256 singulas
2667 3185 2834 3240 lineas
2863 3185 2965 3238 iter
2979 3183 3188 3254 aperui,
3218 3183 3732 3255 desiderabilemque

2156 3287 2354 3350 optatae
2380 3278 2569 3332 salutis
2615 3277 2926 3347 sospitatem
2965 3274 3143 3328 Patris
3189 3288 3507 3344 agnoscens,
3549 3273 3603 3327 in
3628 3273 3735 3328 illis

2157 3383 2284 3422 mox
2334 3367 2558 3438 singulis
2602 3366 2906 3420 litterarum
2951 3364 3194 3434 apicibus
3243 3363 3426 3419 oscula
3475 3363 3734 3427 libabam,

2158 3468 2438 3529 totumque
2459 3474 2544 3514 me
2569 3458 2680 3513 Deo
2707 3457 2923 3513 Christo
2956 3457 3011 3510 in
3049 3456 3343 3526 gratiarum
3378 3455 3539 3512 eﬂ‘udi
3565 3455 3733 3511 actio-

2158 3568 2280 3618 nes,
2309 3554 2492 3608 dicens
2518 3569 2530 3604 :
2564 3549 2780 3604 Auditui
2809 3566 2920 3604 meo
2951 3548 3102 3602 dabis
3126 3548 3374 3618 gaudium
3397 3556 3444 3601 et
3473 3546 3731 3611 (mitium,

2159 3654 2207 3698 et
2246 3642 2576 3698 exsultabant
2622 3657 2741 3695 ossa
2787 3638 3062 3694 humiliata
3107 3637 3278 3710 (Psal.
3307 3655 3360 3703 ι,
3395 3636 3502 3707 10).
3542 3635 3610 3691 Et
3641 3637 3734 3705 qui

2161 3744 2286 3791 ante
2315 3733 2630 3790 humiliatus
2676 3730 2750 3786 fui
2784 3731 2838 3786 in
2866 3731 3083 3786 tristitia
3110 3772 3126 3795 ,
3168 3746 3307 3784 nunc
3329 3729 3592 3784 esaltatus
3612 3743 3736 3782 sum

2161 3827 2216 3882 in
2246 3826 2453 3880 lzetitia.
2502 3825 2569 3878 Et
2605 3824 2651 3878 si
2687 3823 2818 3892 quid
2858 3823 3016 3892 pleno
3039 3823 3321 3877 charitatis
3340 3821 3517 3875 modio
3548 3835 3738 3890 super-

2161 3917 2284 3972 addi
2325 3916 2627 3986 potuisset,
2685 3913 3012 3969 cumularem
3050 3915 3233 3984 utique
3272 3913 3555 3984 pristinam
3601 3911 3732 3984 [ΛΑ.

2161 4004 2422 4076 primam]
2453 4003 2754 4059 dilectionis
2788 4003 3176 4073 plenitudinem
3197 4045 3212 4068 ,
3237 4020 3387 4058 novre
3413 4003 3736 4058 abundantia

2161 4097 2380 4152 laetitiaa.
2422 4093 2579 4148 Novit
2607 4093 2819 4162 itaque,
2849 4093 3154 4161 quicunque
3181 4091 3432 4146 melliﬂuo
3456 4090 3736 4146 charitatis

2155 4184 2336 4254 jaculo
2363 4183 2582 4236 vulnera
2614 4181 2760 4235 omni
2802 4180 2924 4235 favo
2950 4181 3185 4235 dulciora
3223 4182 3277 4236 in
3307 4181 3468 4236 corde
3490 4181 3735 4250 accipiet,

2163 4293 2270 4332 non
2304 4292 2390 4330 me
2413 4274 2708 4330 autumnali
2745 4273 2943 4343 frigore
2969 4271 3249 4328 ﬂaccentia
3277 4273 3562 4328 verborum
3587 4272 3734 4336 folia,

2165 4368 2219 4420 in
2245 4367 2401 4435 hujus
2424 4367 2684 4422 chartula:
2710 4379 3036 4434 exaggerare
3063 4365 3325 4434 gremium
3357 4381 3370 4418 :
3405 4364 3500 4418 sed
3525 4363 3590 4417 de
3614 4363 3737 4418 vivo

2085 4438 2139 4501 «θ
2164 4460 2406 4514 veritatis
2433 4458 2606 4526 fonte,
2633 4459 2700 4515 ad
2731 4457 3033 4529 irrigandos
3060 4472 3202 4512 verae
3229 4456 3386 4511 llores
3413 4455 3733 4518 dilectionis.

2162 4553 2278 4606 haec
2304 4568 2470 4621 prona
2512 4553 2747 4620 pectoris
2775 4552 2879 4605 mei
2925 4552 3143 4605 dextera
3181 4549 3428 4612 haurire,
3471 4557 3740 4617 quatenus

2201 4711 2294 4774 tio,
2340 4711 2433 4765 sed
2469 4725 2534 4763 ex
2565 4716 2817 4764 contextu
2869 4717 3074 4762 eertum
3119 4714 3219 4769 est,
3269 4705 3488 4759 missam
3519 4720 3635 4759 esse
3669 4706 3738 4758 ad

2208 4781 2445 4834 aulinum
2472 4779 2887 4848 Aquileiensem.
2915 4777 3177 4848 CANl§lUS.

2239 4861 2262 4889 ο
2300 4849 2438 4903 Dum
2481 4842 2721 4916 ferventis
2764 4848 2973 4902 Cancri.
3026 4845 3159 4899 Hinc
3207 4843 3405 4916 colligit
3434 4842 3500 4916 cl.
3543 4842 3742 4916 Madri-

2164 4920 2277 4974 sius
2301 4913 2578 4989 epistolam
2601 4919 2859 4989 scriptam
2887 4925 3009 4989 post
3037 4916 3312 4989 dimidium
3343 4913 3486 4967 Junii
3511 4913 3736 4989 nicttsis.

2163 4989 2221 5043 Id
2248 4984 2374 5042 vero
2416 5002 2517 5056 ego
2564 5003 2670 5042 non
2712 4984 3042 5056 inagis'inde
3071 4985 3261 5052 colligo
3287 4999 3444 5052 quam
3470 4997 3532 5036 ex
3560 4984 3742 5037 verbis

2162 5059 2331 5122 hisce,
2365 5055 2558 5128 quibus
2587 5058 2812 5128 inferius
2851 5060 2961 5110 ait:
2996 5055 3151 5128 Novit
3191 5055 3365 5128 itaque
3393 5092 3498 5128 ,Δ
3533 5092 3544 5104 .
3578 5091 3591 5103 .
3634 5069 3740 5105 non

2163 5145 2244 5181 me
2265 5123 2555 5182 autumnali
2583 5127 2778 5196 frigore
2800 5127 3073 5196 ﬂacceatia
3097 5124 3362 5196 verberan-
3392 5123 3520 5192 folia
3555 5163 3567 5175 .
3597 5162 3609 5174 .
3633 5161 3646 5173 .
3680 5161 3693 5174 .
3723 5163 3736 5173 .

2164 5213 2496 5267 exaggerem,
2526 5192 2670 5267 etc.,'
2687 5192 2939 5267 colligere
2982 5195 3113 5267 licet
3153 5192 3433 5267 epistolam
3482 5203 3742 5267 autumno

2165 5261 2422 5336 scriptam
2445 5280 2582 5320 esse.
2600 5261 2894 5336 Absgdubio
2909 5263 3132 5336 infinitio
3160 5263 3451 5332 supplenda
3473 5272 3556 5336 est
3578 5261 3746 5336 parti-

2165 5331 2290 5390 cula
2311 5338 2472 5397 sicut;
2506 5349 2680 5402 neque
2716 5334 2802 5388 hic
2829 5331 3149 5403 exprimitur
3175 5331 3389 5403 tempus,
3411 5331 3742 5403 scriptionis.

2165 5407 2257 5459 sed
2282 5419 2382 5473 per
2416 5401 2870 5473 comparationem
2898 5401 3168 5458 ‘ferventis
3203 5401 3394 5456 Caneri
3424 5401 3748 5472 exprimitur

2165 5471 2332 5543 ardor
2339 5471 2605 5543 "pectoris.

2243 5543 2262 5581 τ
2309 5541 2440 5596 Ecce
2460 5543 2593 5595 venit
2613 5583 2625 5604 ,
2653 5552 2759 5613 etc.
2818 5541 3177 5613 Responsoria
3207 5557 3423 5612 nempe,
3454 5557 3573 5613 qum
3599 5541 3745 5613 desi-

2167 5613 2406 5686 deratur,
2447 5626 2607 5682 quam
2654 5612 2910 5686 Aletrinas
2931 5611 3065 5686 post
3093 5621 3204 5664 tres
3233 5629 3262 5664 a
3291 5611 3349 5667 se
3369 5611 3523 5686 datas
3545 5611 3747 5686 episto-

2168 5682 2244 5736 las
2275 5682 2487 5736 demum
2515 5684 2759 5738 extorsit.
2797 5685 2913 5737 Viri.
2943 5682 3096 5749 Epist.
3128 5686 3359 5749 priorem
3389 5683 3532 5736 circa
3557 5682 3742 5735 tinent.
