4070 6182
318 352 427 409 201

1762 340 2140 399 EPISTOLJE.

3464 337 3571 391 (ὶθῖ

319 468 435 523 mei
466 461 647 533 magni
678 459 884 515 amoris
917 456 1248 514 stillicidium
1291 456 1397 512 tuis
1444 456 1778 511 infunderem
1822 456 1899 509 vi-
1925 463 1976 518 Α
2000 452 2329 509 orationum?
2361 450 2459 507 Ubi
2497 449 2768 505 saecularis
2807 463 3014 519 pompa:
3042 449 3275 517 superba
3313 450 3572 508 ambitio?

321 557 594 614 secribus.

388 645 633 701 Plurima
663 639 799 695 mihi
841 639 910 694 de
951 636 1289 693 sanctissimo
1330 637 1405 691 tui
1442 637 1620 691 cordis
1646 636 1902 707 epithala-

320 739 456 803 mio,
487 733 708 791 rariﬂuo
739 738 957 786 nectare
981 728 1307 784 exundantia
1334 726 1602 798 protulisti
1625 726 1899 796 exempla;

317 838 381 884 nt
404 827 593 884 verius
636 821 1041 878 Aristotelicum
1094 818 1221 872 illud
1264 817 1320 871 in
1367 825 1419 871 te
1458 815 1666 870 videam
1694 815 1902 885 impleri

316 918 667 991 proverbium
686 956 699 980 ,
729 914 823 983 qui
848 911 1187 967 acutissimas
1213 907 1734 963 Perihermeniarnm
1770 908 1904 960 scri-

314 1009 528 1078 ptitans
569 1000 1080 1075 argumentationes,
1119 998 1315 1053 dicitur
1343 997 1398 1051 in
1429 1002 1607 1050 mente
1636 995 1902 1049 calamum

317 1100 572 1155 tinxisse.
614 1097 690 1150 Te
710 1108 838 1147 vero
882 1104 1114 1162 agnosco
1142 1089 1207 1143 de
1245 1095 1445 1143 aeterno
1483 1087 1761 1141 charitatis
1784 1086 1901 1139 the-

318 1205 488 1246 sauro
532 1187 814 1241 afﬂuenter
857 1198 996 1237 nova
1039 1179 1281 1251 proferre
1328 1187 1383 1234 et
1411 1185 1614 1243 vetera,
1641 1177 1774 1231 etin
1799 1176 1903 1231 ﬁde

317 1278 556 1334 fraterni
576 1276 779 1331 amoris
798 1288 1027 1345 pennam
1055 1271 1278 1325 tinxisse
1298 1269 1537 1338 pietatis.
1581 1268 1754 1322 Tuum
1774 1282 1902 1323 vero

317 1367 729 1424 sanctissimum
779 1378 875 1417 cor
917 1368 1059 1415 terra
1104 1366 1186 1413 est
1214 1357 1665 1428 repromissionis,
1695 1356 1905 1425 sapien-

319 1461 413 1515 tiae
436 1457 595 1513 melle
622 1469 866 1517 manans,
916 1459 971 1507 et
992 1449 1324 1505 suavissimae
1365 1447 1645 1503 charitatis
1684 1447 1803 1501 luce
1825 1458 1903 1499 re-

317 1549 590 1611 dundans,
617 1545 671 1599 in
694 1558 798 1613 qua
820 1556 980 1596 verus
1003 1548 1057 1594 et
1079 1539 1343 1611 gloriosus
1366 1537 1618 1592 Salomon
1643 1536 1901 1590 virtutum

317 1637 573 1711 gemmis,
598 1634 852 1704 templum
874 1631 1108 1702 pulchrae
1127 1628 1473 1684 habitationis
1499 1642 1610 1682 suae
1635 1625 1900 1695 majestati

318 1729 663 1793 construxit,
709 1741 818 1780 non
866 1722 1116 1779 Chaldaza
1162 1720 1379 1775 ﬂamma
1419 1719 1715 1790 periturum
1739 1758 1756 1784 ,
1804 1717 1899 1772 sed

2002 541 2190 595 Nonne
2214 539 2394 594 omnia
2441 540 2555 594 haec
2596 539 2757 594 veluti
2799 540 2974 594 fumus
3006 540 3279 595 ventuosis
3306 542 3569 609 procella-

2004 644 2123 683 rum
2168 630 2221 683 iu
2268 643 2447 683 aerem
2481 629 2736 698 dispersis
2764 629 3061 699 gurgitibus
3099 633 3458 687 evanescunt?
3503 634 3573 688 Et

2004 729 2206 789 quanto
2234 720 2353 790 plus
2377 719 2626 788 quislibet
2658 720 2774 774 haec
2814 735 2949 773 vana
2987 720 3321 776 delectabilia
3351 737 3567 778 amave-

2004 812 2074 866 rit
2095 812 2148 865 in
2170 811 2387 873 mundo,
2422 817 2567 864 tanto
2608 811 2780 880 magis
2822 826 2926 875 ea,
2970 820 3169 866 aeterno
3216 822 3572 881 praesentatus

1996 902 2185 972 judici,
2212 900 2335 955 odio
2372 899 2637 954 habuerit.
2692 900 2889 956 Beatus
2927 901 3018 969 qui
3052 903 3425 957 necessitatem
3447 919 3571 958 ver-

2004 992 2130 1046 terit
2156 992 2208 1044 in
2232 990 2560 1044 voluntatem
2588 1007 2601 1043 :
2633 998 2689 1043 et
2713 1004 2777 1044 ea
2799 989 3000 1044 Christi
3023 1005 3205 1045 amore
3222 1002 3573 1062 compunctus

2002 1080 2301 1135 voluntarie
2320 1079 2579 1144 amiserit,
2609 1093 2729 1147 qua:
2755 1078 2931 1133 debita
2967 1087 3187 1146 cogente
3211 1088 3384 1135 morte
3413 1082 3575 1137 amis-

2003 1184 2164 1224 surus
2190 1169 2314 1222 erit.
2986 1218 2991 1227 ,

2075 1260 2199 1315 Haec
2226 1275 2361 1314 meae
2386 1275 2598 1316 memor
2619 1259 2852 1315 miseriae
2876 1259 3197 1331 lacrymosis
3225 1260 3419 1316 dictavi
3445 1275 3577 1331 qne-

2003 1350 2163 1416 relis;
2194 1365 2299 1404 non
2329 1360 2388 1405 ut
2419 1359 2493 1416 te,
2540 1352 2681 1419 quod
2720 1366 2852 1420 opus
2877 1366 2983 1406 non
3019 1358 3133 1416 est,
3158 1366 3225 1405 ex
3247 1351 3385 1405 meis
3404 1351 3579 1406 corri-

2000 1455 2157 1510 geres
2185 1442 2369 1508 dictis;
2418 1442 2510 1497 sed
2554 1449 2613 1495 ιιι
2651 1457 2860 1497 mecum
2900 1456 2988 1497 me
3028 1454 3094 1495 ex
3136 1443 3270 1495 meis
3296 1442 3574 1511 plangeres

2001 1532 2377 1602 iniquitatibus
2414 1549 2428 1587 :
2474 1544 2529 1587 et
2568 1542 2876 1603 pascentem
2922 1534 2976 1588 in
3023 1534 3240 1605 regione
3283 1534 3576 1604 longinqua

1952 1681 1959 1686 ,
2000 1622 2147 1676 omni
2170 1623 2226 1677 in
2256 1622 2592 1677 immunditie
2623 1638 2815 1691 porcos
2841 1624 2966 1692 tuis,
2993 1639 3026 1679 ο
3051 1624 3391 1680 sanctissime
3420 1622 3571 1691 adju—

2002 1711 2125 1766 tor!
2173 1712 2424 1780 precibus
2480 1712 2816 1778 sublevares,
2865 1724 2921 1769 et
2967 1715 3033 1770 ad
3072 1722 3311 1783 paternae
3356 1715 3578 1784 pietatis

317 1830 526 1878 mter-na
552 1832 682 1888 pace
708 1827 1144 1885 permansurum;
1172 1811 1228 1865 in
1247 1827 1352 1881 quo
1378 1818 1562 1866 sancta
1590 1816 1895 1865 sanctorum
1927 1812 1971 1874 Β
1999 1802 2186 1872 epulas
2208 1802 2300 1856 diu
2338 1802 2607 1870 perditum
2648 1802 2781 1874 [Al.,
2826 1804 3241 1877 periclitantem]
3288 1804 3576 1861 reduceres

317 1926 539 1968 summo
569 1917 624 1963 et
655 1921 782 1962 vero
815 1903 1056 1974 pontifici
1091 1902 1189 1957 soli
1213 1901 1427 1957 Christo
1450 1900 1656 1970 pervia,
1683 1915 1791 1954 non
1814 1914 1901 1955 se-

319 2001 431 2068 mel
460 2002 519 2054 in
558 2012 699 2053 anno
747 1994 933 2069 (Hebr.
963 2009 1041 2059 ιιι,
1068 1991 1228 2064 5-7),
1279 1992 1373 2047 sed
1415 2006 1627 2060 semper
1669 1991 1725 2044 in
1751 1998 1901 2044 aeter-

319 2106 475 2147 num.
514 2089 591 2143 lbi
634 2102 760 2143 arca
802 2084 1100 2155 sapientite,
1144 2090 1199 2137 et
1236 2081 1465 2136 duorum
1501 2080 1695 2136 tabula:
1742 2088 1902 2135 testa-

320 2191 651 2239 mentorum.
711 2178 778 2232 Et
807 2179 923 2232 haec
957 2175 1139 2231 omnia
1174 2174 1434 2229 cherubin
1464 2172 1519 2226 in
1558 2170 1901 2247 multitudine

320 2280 513 2345 tegunt
545 2270 808 2328 scientiae.
860 2266 1064 2321 Horum
1111 2265 1294 2321 subter
1335 2262 1448 2317 alas
1481 2261 1662 2317 divina
1690 2260 1902 2331 populis

320 2364 539 2423 oracula
563 2361 913 2431 respondent,
954 2366 1009 2412 et
1042 2355 1261 2410 ﬂumina
1287 2353 1517 2409 viventis
1552 2368 1705 2423 aquae
1738 2352 1792 2407 in
1822 2366 1904 2406 sa-

321 2460 491 2513 lutem
542 2453 850 2511 sitientibus
894 2450 1088 2505 salient
1135 2454 1394 2503 :eternam
1444 2445 1638 2516 (Joan.
1679 2458 1751 2508 iv,
1788 2441 1897 2512 ll).

322 2549 442 2616 Quo
478 2546 570 2615 qui
597 2543 747 2606 sitit,
792 2541 858 2595 de
887 2538 1055 2595 aridis
1097 2545 1364 2593 terrarum
1397 2534 1712 2605 ignorantiae
1738 2542 1904 2601 part1-

324 2642 424 2697 bus
455 2638 658 2701 veniat,
685 2643 739 2690 et
760 2634 928 2688 bibat.

395 2735 533 2803 Quid
560 2736 615 2789 in
641 2742 751 2787 tam
775 2728 1016 2786 afﬂuenti
1047 2728 1125 2782 tui
1163 2726 1342 2782 cordis
1388 2726 1644 2780 thesauro
1678 2736 1787 2776 non
1822 2721 1902 2775 in-

322 2826 579 2884 venitur?
613 2822 767 2891 cujus
795 2821 1069 2877 habitator
1098 2818 1185 2873 ille
1210 2818 1520 2888 agnoscitur
1546 2830 1665 2870 esse
1683 2854 1697 2878 ,
1723 2815 1778 2868 in
1800 2830 1902 2883 quo

320 2927 442 2972 sunt
470 2932 646 2970 omnes
690 2912 923 2967 thesauri
963 2910 1232 2980 sapientia:
1277 2917 1325 2962 et
1365 2907 1595 2962 scientia:
1616 2903 1902 2959 absconditi

322 3006 548 3079 (Colon.
566 3021 629 3070 ιι,
646 3004 729 3075 '5);
757 3003 848 3073 qui
870 3002 1026 3056 habet
1052 2999 1254 3055 clavem
1270 2998 1454 3062 David,
1472 2996 1660 3067 aperit,
1680 3002 1733 3050 et
1746 3008 1902 3049 nemo

322 3097 554 3160 claudit;
579 3095 800 3159 claudit,
816 3100 872 3147 et
886 3105 1043 3146 nemo
1056 3090 1229 3159 aperit
1248 3090 1429 3159 (Apoc.
1448 3105 1532 3153 ιιι,
1549 3086 1623 3159 7).
1639 3087 1768 3153 Quae
1788 3084 1904 3140 vult

2000 1891 2152 1962 (Luc.
2182 1906 2270 1956 xv,
2303 1891 2533 1962 15-15).
2574 1892 2814 1948 Adhaesit
2852 1894 3035 1963 itaque
3061 1895 3216 1949 oculo
3252 1896 3436 1950 cordis
3469 1894 3573 1949 mei

1995 1980 2172 2049 pulvis
2206 1981 2591 2050 cogitationum
2613 1982 2940 2053 iniquarum,
2972 1993 3031 2038 ιιι
3051 1999 3320 2039 summum
3344 1984 3576 2039 beatitu-

1999 2072 2142 2127 dinis
2168 2070 2367 2127 bonum
2392 2087 2494 2126 nec
2520 2073 2726 2138 videre,
2750 2088 2851 2128 nec
2877 2088 3058 2128 amare
3077 2075 3314 2145 perfecte
3340 2075 3572 2131 valeam.

2001 2160 2059 2216 Si
2088 2161 2348 2225 viderem,
2380 2162 2569 2230 utique
2591 2177 2848 2217 amarem.
2888 2162 2994 2218 Sed
3029 2180 3060 2218 a
3094 2171 3175 2228 te,
3212 2165 3303 2233 qui
3327 2165 3575 2233 spiritum

1999 2254 2068 2308 ab
2089 2267 2154 2308 eo
2172 2252 2559 2309 consolationis
2581 2255 2835 2323 accepisti
2863 2256 2953 2324 qui
2986 2255 3100 2309 vult
3124 2269 3309 2309 omnes
3329 2255 3576 2310 homines

1993 2344 2177 2427 (salvos
2213 2343 2329 2398 fieri
2360 2342 2413 2414 (Ι
2455 2343 2590 2398 Tim.
2632 2360 2693 2410 ιι,
2725 2344 2803 2417 4),
2844 2345 3070 2400 assiduae
3100 2346 3362 2400 orationis
3388 2344 3579 2400 suffra-

2000 2434 2086 2505 gia
2116 2431 2299 2503 ﬂagito
2330 2450 2343 2487 :
2376 2440 2640 2503 quatenus
2667 2442 2882 2490 aeternae
2911 2434 3060 2503 pacis
3088 2434 3328 2498 medicus
3356 2434 3578 2505 collyrio

2000 2540 2113 2579 sum
2136 2523 2521 2579 misericordim
2544 2524 2767 2593 inungat
2803 2525 3017 2579 oculum
3047 2564 3060 2589 ,
3105 2524 3304 2593 iniquis
3332 2524 3575 2580 obaeca-

2006 2623 2116 2668 tum
2141 2613 2552 2683 cupiditatibus;
2584 2620 2645 2667 ut
2670 2628 2856 2667 verum
2886 2620 3160 2682 perpetuae
3197 2612 3452 2667 bonitatis
3495 2612 3579 2667 lu-

2002 2717 2126 2757 men
2149 2703 2333 2757 videre
2354 2702 2548 2767 valeat,
2578 2711 2632 2756 et
2659 2717 2843 2756 amare
2864 2703 3007 2772 quod
3033 2702 3231 2758 videat.

2074 2791 2340 2847 Memento
2386 2792 2724 2848 mitissimam
2781 2791 3102 2847 Samaritani
3152 2801 3386 2848 mentem
3415 2833 3430 2858 ,
3484 2796 3577 2863 qui

2004 2878 2342 2934 vulneratum
2388 2881 2642 2950 omnique
2687 2881 2937 2951 praesidio
2987 2881 3304 2937 destitutum
3351 2883 3468 2939 oleo
3520 2895 3578 2939 et

2004 2967 2131 3023 vino
2166 2968 2408 3034 fovebat,
2456 2971 2672 3041 pietatis
2716 2970 2882 3027 fascia
2916 2972 3135 3042 ligavit,
3186 2972 3381 3027 levavit
3416 2974 3471 3028 in”
3492 2976 3579 3043 ju-

2006 3068 2269 3128 mentum,
2289 3062 2442 3116 duxit
2468 3063 2523 3117 in
2555 3063 2843 3129 stabulum,
2872 3063 3006 3118 duos
3034 3079 3130 3134 pro
3150 3079 3214 3119 eo
3243 3065 3388 3120 dedit
3416 3066 3580 3122 dena-

320 3188 395 3242 ad
415 3154 715 3256 profectum
750 3154 979 3237 aliorum
1014 3154 1284 3251 perpetuae
1315 3154 1518 3234 clavem
1560 3154 1898 3248 eloquentiae,
1926 3160 1976 3224 (ἶ
2006 3155 2137 3256 τίο-εχ
2162 3164 2221 3256 ῑξῑ
2247 3164 2539 3256 “farm”:
2563 3154 2714 3256 (Luc:
2742 3155 2824 3256 3‘):
2850 3156 3120 3256 anlidhhac
3143 3157 3342 3226 Ρίθῑθῑθ
3364 3157 3572 3256 (ﬁlling?

320 3276 610 3333 cbaritatis
637 3275 786 3329 clave
813 3271 1003 3342 aperit,
1035 3281 1090 3324 et
1118 3285 1237 3340 qua:
1264 3270 1377 3323 vult
1408 3269 1460 3324 in
1494 3284 1691 3324 arcano
1723 3277 1905 3337 pecto-

322 3368 406 3424 ris
426 3367 505 3421 tui
530 3366 800 3429 thesauro,
848 3362 997 3417 clave
1039 3360 1315 3431 sapientiae
1347 3359 1564 3415 claudit.
1625 3359 1752 3413 llaec
1780 3373 1905 3413 san-

325 3457 580 3513 ctissima
620 3452 932 3509 somniantis
971 3451 1138 3506 Iacob
1176 3450 1323 3506 scala
1368 3449 1521 3521 (Gen.
1565 3465 1755 3512 xxvm,
1789 3448 1901 3519 12),

325 3570 434 3626 per
455 3567 615 3623 quam
663 3550 779 3606 cedi
821 3554 1029 3604 secreta
1057 3583 1072 3610 ,
1106 3543 1343 3613 septenis
1387 3542 1707 3611 spiritalium
1731 3541 1907 3596 chari-

327 3652 565 3701 smatum
591 3642 845 3712 gradibus
865 3680 880 3705 ,
924 3638 1012 3708 pia
1037 3644 1323 3708 penetrare
1338 3635 1474 3691 solet
1499 3632 1847 3704 intelligentia
1887 3650 1900 3685 :

328 3743 384 3788 et
413 3713 614 3788 iterum
639 3731 708 3786 ad
752 3729 1162 3785 aedificationem
1205 3725 1429 3792 subjecti
1456 3724 1557 3779 sibi
1590 3723 1770 3793 populi
1797 3721 1906 3777 fra-

326 3824 471 3879 terni
497 3822 699 3877 amoris
715 3820 963 3890 passibus
994 3816 1286 3879 descendit,
1322 3821 1381 3869 ut
1403 3814 1498 3868 ﬁat
1521 3813 1710 3867 doctor
1730 3812 1905 3867 eccle-

328 3912 583 3968 siasticus
608 3909 804 3965 divinat
826 3904 1291 3975 contemplationis
1325 3918 1446 3958 cum
1474 3900 1637 3956 Maria
1664 3915 1903 3969 compos,

326 4007 383 4055 et
406 4001 602 4054 iterum
632 4013 756 4053 cum
781 3996 987 4051 Martha
1010 3994 1078 4049 ad
1104 3992 1398 4048 Dominicze
1429 4005 1627 4046 mensae
1655 3989 1908 4045 convivas

331 4091 530 4147 sedulae
555 4086 1039 4146 administrationis
1076 4084 1340 4141 sollicitus
1385 4080 1535 4154 (Luc.
1573 4096 1632 4145 ι,
1670 4080 1762 4145 59,
1790 4079 1903 4148 40).

335 4182 431 4237 His
454 4182 663 4237 duabus
692 4179 790 4233 alis
816 4186 1124 4233 sanctorum
1148 4175 1342 4229 animat
1367 4189 1489 4228 cum
1520 4186 1712 4242 magna
1737 4170 1904 4224 meri-

334 4280 512 4327 torum
544 4270 715 4341 gloria
736 4268 803 4323 ad
823 4266 1057 4323 ccelestis
1083 4265 1232 4335 regni
1255 4262 1638 4319 beatitudinem
1671 4260 1910 4330 quotidie

331 4359 616 4425 feruntur;
648 4359 733 4415 his
759 4357 922 4413 etiam
944 4354 1125 4411 sreculi
1142 4353 1300 4421 hujus
1318 4350 1646 4421 procellosus
1672 4350 1909 4419 gurgites

333 4465 525 4507 securo
568 4454 852 4503 transeunt
896 4445 1127 4514 navigio,
1170 4451 1226 4498 et
1273 4443 1339 4497 ad
1382 4448 1595 4511 portum
1637 4448 1910 4512 perpetuzn

331 4540 531 4610 quietis
557 4552 680 4592 cum
701 4537 962 4591 virtutum
993 4532 1356 4589 mercimoniis
1388 4530 1717 4600 pervenient.

404 4629 515 4684 Sed
535 4642 747 4690 vereor,
778 4625 922 4694 quod
955 4624 1071 4679 sine
1102 4622 1339 4678 maximo
1384 4620 1562 4677 cordis
1588 4619 1774 4675 dolore
1800 4632 1909 4674 non

331 4721 478 4786 dico,
502 4733 591 4773 me
611 4717 837 4773 ulterius
860 4716 914 4769 in
937 4716 1039 4772 hac
1066 4714 1176 4769 vita
1203 4722 1308 4769 tute
1333 4710 1678 4768 beatitudinis
1715 4709 1910 4765 faciem

336 4826 444 4867 non
469 4810 713 4865 visurum
734 4846 749 4871 ,
778 4806 906 4875 quia
933 4805 991 4860 in
1036 4804 1122 4858 via
1157 4802 1437 4858 divisionis
1459 4802 1564 4857 iter
1587 4801 1794 4871 agimus
1833 4800 1912 4855 la-

336 4901 636 4956 boriosum.
694 4898 804 4953 Per
840 4896 1035 4951 vallem
1082 4889 1485 4962 lacrymabilem
1533 4890 1601 4946 ad
1644 4890 1906 4944 incertum

339 5003 692 5060 properamus
720 4986 912 5050 linem;
943 4992 997 5040 et
1019 4985 1128 5040 cito
1163 4982 1373 5051 fragilis
1402 4996 1556 5043 caro,
1594 4981 1737 5036 unde
1772 4994 1914 5035 sum-

342 5091 470 5152 pta,
527 5086 830 5138 revertetur
874 5074 1044 5149 (Ρωι.
1086 5090 1206 5138 CIII,
1247 5070 1339 5130 99)
1373 5089 1385 5125 :
1441 5078 1496 5126 et
1533 5071 1709 5128 omnis
1753 5072 1915 5126 decor

343 5172 503 5235 illius,
545 5170 660 5243 ω
701 5174 890 5222 urente
930 5177 1180 5232 percussa
1226 5169 1389 5218 vento
1426 5160 1547 5232 (Job
1599 5177 1769 5226 xxvii,
1798 5161 1913 5233 2i),

343 5259 625 5317 ﬂaccescat
651 5299 667 5325 ,
709 5265 764 5314 et
804 5256 896 5312 ibit
937 5255 1090 5309 homo
1131 5254 1187 5308 in
1217 5255 1430 5310 domum
1468 5252 1771 5307 wternitatis
1807 5268 1917 5307 suae

344 5346 542 5419 (Eccle.
586 5363 685 5411 xtl,
718 5344 795 5416 5).
824 5345 893 5400 Et
929 5344 1076 5399 circa
1103 5356 1226 5398 eum
1249 5343 1470 5398 stabunt
1500 5341 1553 5397 in
1576 5340 1752 5410 platea
1780 5338 1911 5412 [Al.,

344 5439 527 5513 domo]
565 5438 883 5509 plangentes
906 5475 922 5498 ,
963 5442 1018 5491 et
1059 5434 1278 5505 spiritus
1317 5440 1620 5489 revertetur
1656 5432 1725 5488 ad
1748 5431 1913 5486 Deum

344 5528 439 5598 qui
463 5527 800 5584 deditillnm.
841 5524 944 5580 Ubi
980 5531 1111 5579 tunc
1142 5522 1406 5579 illecebrae
1440 5521 1739 5578 camaliurn
1775 5519 1919 5576 dele-

419 5654 447 5683 ι
476 5642 618 5697 Edit.
644 5641 894 5707 Qnercet.
924 5638 1049 5708 illi,
1075 5637 1257 5708 Canis.
1287 5636 1364 5708 65A
1384 5635 1635 5708 (Froben.
1659 5637 1774 5708 36),
1795 5637 1916 5708 ubi-

346 5726 456 5782 que
483 5705 751 5767 mutila—et
795 5706 1134 5778 imperfecta;
1173 5706 1298 5763 data
1340 5705 1586 5764 fortassis
1620 5705 1760 5762 anno
1790 5706 1914 5773 796,

748 5800 1023 5861 Ρλτιιοι..
1061 5797 1133 5858 C.

1938 4494 1988 4555 ί)
2015 4512 2407 4581 οιιιιιειωιιψιιε
2462 4511 2599 4565 dixit
2647 4527 2659 4562 :

2006 3247 2136 3317 quid
2179 3246 2283 3300 hoc
2333 3245 2577 3315 exemplo
2626 3244 2929 3300 salubrius?
2975 3244 3201 3300 Creator
3245 3245 3484 3301 omnium
3523 3244 3582 3300 in

2004 3337 2235 3407 pretium
2254 3337 2490 3406 seipsum
2522 3336 2745 3397 tradidit
2784 3337 3090 3402 hominum,
3128 3344 3189 3391 ut
3210 3352 3305 3392 eos
3330 3337 3584 3393 liberaret

2006 3442 2142 3496 quos
2168 3426 2391 3481 creavit.
2430 3424 2628 3480 Fateor
2662 3440 2749 3480 me
2774 3441 2938 3479 unum
2964 3440 3084 3480 esse
3111 3440 3176 3480 ex
3204 3425 3309 3480 illis
3329 3440 3464 3495 quos
3491 3440 3580 3480 re-

2006 3517 2190 3573 demit.
2233 3515 2339 3569 Sed
2367 3516 2494 3569 dum
2522 3515 2711 3570 alienae
2738 3515 2926 3569 avidus
2959 3514 3402 3584 pulchritudinis,
3445 3513 3583 3569 Cha—

2005 3606 2275 3661 nanitidas
2324 3619 2388 3658 ex
2429 3612 2655 3672 paterno
2705 3603 3051 3658 tabernaculo
3108 3603 3321 3671 perrexi
3374 3602 3582 3668 videre,

2006 3695 2115 3765 lupi
2138 3709 2224 3749 me
2250 3693 2539 3761 vespertini
2563 3693 2910 3755 invenerunt,
2958 3698 3282 3759 rapuerunt,
3313 3690 3584 3748 lacerave-

2006 3794 2151 3850 runt,
2185 3785 2522 3838 vulneratum
2551 3781 2969 3849 dereliquerunt.
3012 3780 3250 3837 Tandem
3274 3781 3578 3852 aliquando,

2007 3877 2185 3933 divina
2213 3872 2573 3944 praeveniente
2595 3873 2798 3941 gratia,
2837 3871 2892 3924 in
2918 3881 3114 3926 memet
3143 3887 3391 3928 reversus
3419 3873 3530 3928 dixi
3565 3891 3579 3928 :

2009 3970 2235 4039 Surgam
2256 3976 2305 4021 et
2328 3966 2412 4020 ibo
2438 3964 2506 4018 ad
2527 3964 2741 4018 Patrem
2769 3980 2941 4017 meum
2967 3963 3116 4034 (Luc.
3141 3981 3230 4029 xv,
3262 3966 3370 4035 18),
3404 3973 3581 4034 teque,

2007 4058 2289 4113 mitissime
2314 4061 2517 4125 pastor,
2560 4053 2616 4108 in
2644 4054 2747 4109 hoc
2774 4053 2894 4117 iter,
2939 4054 3078 4108 sicut
3101 4052 3357 4123 praedixi,
3396 4055 3585 4110 ducto—

2007 4163 2124 4203 rem
2150 4147 2400 4217 deposco.

2077 4240 2259 4296 Potuit
2280 4240 2443 4312 igitur
2466 4238 2606 4295 idem
2624 4237 2820 4293 Lazari
2848 4235 3056 4292 solvere
3079 4233 3310 4299 vincula,
3339 4233 3433 4303 qui
3459 4248 3582 4289 eum

2009 4332 2077 4387 de
2124 4338 2470 4386 monumento
2512 4329 2731 4400 prodire
2775 4325 2957 4395 jussit.
3025 4326 3131 4381 Sed
3169 4333 3228 4379 ut
3262 4330 3583 4393 potestatem

2012 4421 2250 4477 solvendi
2278 4429 2494 4475 sanctos
2522 4420 2721 4474 habere
2749 4419 2999 4472 doctores
3026 4417 3445 4480 demonstraret,
3481 4413 3585 4469 cir—

2725 4508 2920 4563 Solvite
2965 4525 3103 4574 eum,
3161 4517 3209 4562 et
3247 4509 3402 4563 sinite
3442 4508 3586 4562 abire

2011 4605 2194 4678 (Joan.
2228 4620 2306 4670 χι,
2336 4601 2448 4673 44).
2523 4602 2603 4655 Tu
2630 4615 2779 4665 vero,
2836 4600 3050 4670 egregie
3082 4606 3283 4670 pastor,
3318 4598 3462 4654 solve
3498 4597 3585 4667 ju-

2011 4697 2171 4751 bente
2195 4695 2306 4750 Deo
2352 4690 2658 4748 mortiferas
2704 4690 2837 4746 mihi
2878 4700 3220 4761 peccatorum
3250 4697 3496 4755 catenas,
3526 4698 3589 4744 nt

2013 4786 2148 4841 liber
2175 4786 2402 4854 vitaeque
2426 4782 2666 4838 redditus
2693 4782 2832 4837 inter
2858 4781 3112 4837 convivas
3158 4780 3253 4839 Dei
3296 4780 3498 4837 Christi
3531 4780 3586 4834 in

2014 4883 2230 4930 aeternae
2250 4872 2593 4929 beatitudinis
2611 4871 2783 4940 epulis
2804 4872 3118 4926 recumbere
3146 4885 3378 4927 merear.

2461 4961 2572 5035 49
2592 4974 2617 5003 α
2642 4959 2973 5016 EPISTOLA
2998 4959 3131 5015 xu.

2405 5049 2472 5088 AD
2498 5047 2762 5087 ΡΑυιιμωι
2788 5046 3181 5086 ΡΑἸἭΙΑΒΟΒΔΙ.

2542 5110 2664 5182 (For
2674 5122 2727 5164 te
2745 5124 2886 5165 anno
2907 5107 3055 5179 796.)

2017 5199 2114 5256 Sui
2141 5201 2789 5282 metuereqeueorofqat
2892 5198 3072 5282 missa.
3091 5197 3150 5253 S.
3163 5196 3359 5282 crucis,
3384 5207 3432 5251 et
3452 5194 3588 5251 alia:

2087 5269 2338 5392 zeliq‘ttias
2361 5269 2458 5323 sibi
2495 5264 2809 5337 mittipetit;
2836 5268 3077 5322 hortatur
3106 5267 3174 5321 ad
3201 5264 3429 5321 laborent
3448 5282 3589 5336 pra:-

2126 5355 2208 5392 tca
2232 5354 2385 5392 tonas.

2090 5429 2313 5484 Paulino
2338 5427 2675 5485 sanctissimo
2703 5427 3024 5497 patriarchae
3049 5427 3267 5484 humilis
3310 5426 3470 5482 levita
3498 5427 3590 5484 Al-

2017 5524 2210 5580 cuinus
2232 5521 2478 5578 salutem.

2021 5648 2129 5704 quo
2154 5631 2410 5704 Paulinus
2430 5629 2499 5704 ad
2527 5629 2796 5704 Evangelii
2818 5630 3252 5701 praedicationem
3275 5629 3412 5700 apud
3444 5627 3588 5682 [iun-

2024 5698 2122 5760 nos
2150 5702 2386 5757 animum
2413 5698 2626 5768 adjecit.

3189 5794 3230 5852 ’1
