4070 6182
466 322 577 378 203

1356 319 1416 377 Β.
1448 319 1520 377 F.
1553 322 1779 378 ALBINI
1819 323 1951 381 SEU
1986 320 2259 378 ALCUINI
2298 322 2576 379 OPERUM
2615 323 2792 380 PARS
2830 319 2873 380 Ῑ.

3614 330 3719 387 εἰ)κῦ

543 425 806 483 Absentia
839 424 1085 496 corporis
1122 438 1231 481 non
1268 436 1485 497 oportet
1515 428 1871 486 dilectionem
1911 430 2048 487 divi-
2075 440 2122 498 Α
2216 436 2431 508 nimiam
2470 438 2789 508 exactionem
2830 437 3155 508 decimarum
3200 440 3555 508 reprehendit;
3586 446 3724 501 dolet

472 522 623 587 dere,
645 520 777 591 quia
804 518 1050 574 amicitia
1075 533 1197 590 qua
1213 518 1395 575 deseri
1412 527 1595 590 potest
1611 537 1893 592 nunquam
1917 539 2048 579 vers

471 616 596 670 fuit.
622 615 699 668 Ex
743 626 853 679 quo
898 621 948 665 te
1001 611 1268 679 sciebam,
1312 612 1630 669 dulcissime
1660 613 1854 683 amice,
1898 630 2048 671 sem-

468 721 567 777 per
593 704 869 768 amabam,
893 710 948 757 et
975 702 1182 774 pepigit
1212 718 1310 759 cor
1337 718 1517 760 meum
1568 705 1749 761 foedus
1781 708 2046 789 amicitiae

469 801 621 856 cordi
651 808 765 858 tuo.
800 800 868 855 Et
897 800 978 855 sic
1008 816 1209 856 nomen
1242 799 1458 857 Paulini
1497 802 1626 868 mei,
1668 816 1778 858 non
1810 803 1863 858 in
1893 818 2043 868 cera,

467 910 588 965 qua:
622 894 793 950 deleri
810 902 1011 964 potest,
1037 893 1254 964 scripsi.
1280 894 1377 963 Ne,
1394 909 1600 966 quaeso,
1617 894 1964 952 obliviscaris
1987 896 2042 953 in

475 977 580 1031 tuis
602 977 800 1031 sanctis
821 975 1154 1030 orationibus
1179 988 1373 1028 nomen
1400 973 1559 1028 amici
1585 974 1661 1027 tui
1700 972 1878 1029 Albini
1904 991 1918 1026 :
1955 975 2049 1028 sed

471 1066 528 1120 in
569 1065 748 1135 aliquo
791 1064 1065 1118 memoriae
1108 1062 1490 1133 gazophylacio
1528 1062 1757 1117 reconde
1796 1062 1954 1127 illud,
1996 1069 2050 1117 et

470 1154 653 1225 profer
676 1170 740 1209 eo
770 1161 1009 1223 tempore
1036 1160 1356 1222 opportuno,
1386 1164 1411 1192 ιι
1436 1168 1540 1222 quo
1566 1168 1759 1222 panem
1784 1163 1838 1209 et
1862 1155 2044 1209 vinum

471 1242 526 1296 in
558 1242 911 1297 substantiam
942 1240 1187 1310 corporis
1215 1248 1268 1294 et
1307 1240 1584 1311 sanguinis
1623 1241 1826 1297 Christi
1855 1258 2048 1299 conse—

472 1331 731 1386 oraveris.

544 1420 643 1474 Diu
685 1419 986 1475 dilectionis
1014 1427 1117 1475 tute
1145 1421 1453 1489 exspectavi
1491 1422 1776 1491 promissa,
1806 1424 1909 1480 hoc
1940 1433 2044 1492 est,

470 1508 695 1563 viviﬁcte
721 1509 921 1574 crucis,
944 1509 1027 1563 vel
1066 1509 1293 1564 aliarum
1337 1510 1682 1579 reliquiarum
1725 1516 2042 1583 patrocinia.

469 1598 587 1654 Noli
622 1613 724 1663 me,
771 1601 1017 1665 obsecro,
1062 1608 1214 1655 tanto
1263 1599 1513 1655 fraudare
1562 1618 1811 1670 munere;
1845 1619 1947 1660 nec
1993 1615 2047 1660 te

470 1691 830 1745 verilatis.....
860 1690 992 1746 Nolo
1018 1692 1464 1762 longinquitatem
1494 1693 1592 1748 vim
1621 1696 1877 1750 causeris.
1906 1695 2045 1751 Cha-

468 1782 603 1836 ritas
648 1796 851 1851 pennas
900 1783 969 1836 ad
1024 1783 1310 1838 volandum
1376 1784 1641 1849 inveniet,
1685 1802 1778 1839 nec
1820 1788 2042 1856 ﬂumina
2077 1781 2119 1842 Β

464 1873 683 1925 obruent
709 1872 854 1925 illam
876 1872 1049 1944 (Cant.
1068 1888 1187 1937 vni,
1206 1874 1280 1939 7).
1301 1873 1581 1930 Sulliciunt
1606 1875 1703 1931 alae
1727 1877 1848 1932 ﬁdei
1872 1878 1925 1932 in
1948 1894 2045 1948 pa-

467 1961 598 2016 latio
622 1962 783 2030 regis,
824 1961 1017 2030 quibus
1048 1977 1149 2017 nec
1174 1962 1423 2019 voluntas
1449 1965 1599 2020 deest
1631 1966 1686 2019 in
1716 1968 2046 2037 accipiendo,

472 2064 572 2105 nec
593 2049 725 2105 ﬁdes
748 2051 801 2103 in
830 2048 1117 2105 reddendo.
1145 2050 1202 2105 Si
1226 2053 1354 2120 quid
1381 2062 1562 2108 nostra
1588 2055 1776 2123 petitio
1794 2057 1936 2125 apud
1954 2072 2049 2112 vos

468 2139 664 2204 valeat,
695 2147 749 2194 et
780 2149 868 2193 tua
897 2154 1109 2208 semper
1132 2141 1200 2195 ad
1231 2142 1397 2195 Deum
1428 2143 1602 2198 valeat
1632 2131 1843 2213 petitio,
1875 2148 1967 2216 qui
1996 2156 2049 2203 te

472 2231 527 2283 in
556 2238 666 2283 tam
709 2229 924 2284 sublimi
965 2231 1154 2284 statuit
1178 2232 1375 2300 gradu,
1411 2233 1503 2287 ubi
1542 2232 1782 2302 ejusdem
1811 2236 1904 2290 Dei
1944 2236 2050 2291 Do-

473 2317 602 2373 mini
627 2318 796 2372 nostri
826 2316 950 2372 Jesu
981 2317 1181 2373 Christi
1207 2319 1541 2376 elfectus.....

541 2409 675 2465 Vide
703 2425 863 2479 quam
894 2409 1124 2465 sublime
1154 2420 1236 2465 est
1263 2412 1365 2467 hoc
1393 2428 1607 2469 nomen.
1634 2415 1907 2471 Contende
1935 2434 2049 2472 me—

473 2499 595 2554 ritis
629 2514 748 2553 esse
794 2499 937 2570 quod
986 2500 1200 2554 nomine
1240 2502 1470 2555 vocaris.
1510 2500 1714 2571 Clama,
1755 2521 1816 2558 ne
1860 2522 2043 2573 cesses,

472 2587 646 2644 exalto
669 2590 820 2660 quasi
857 2589 980 2643 tuba
1007 2607 1176 2644 vocem
1203 2600 1348 2646 tuam
1372 2593 1506 2664 (Isa.
1530 2611 1691 2661 Lvm,
1720 2594 1793 2667 1).
1821 2596 1902 2650 Sit
1930 2606 2048 2667 gut-

473 2686 563 2732 tur
604 2685 754 2732 tuum
796 2679 922 2733 tuba
970 2678 1085 2733 Dei.
1126 2680 1368 2736 Praedico
1412 2685 1726 2755 importune,
1765 2698 2049 2758 opportune

472 2765 562 2837 (II
592 2766 724 2821 Tim.
754 2784 824 2833 tv,
854 2768 929 2840 2).
968 2769 1048 2823 Tu
1085 2770 1255 2840 gallus
1297 2772 1352 2825 in
1396 2776 1795 2843 praedicatione,
1838 2778 2049 2832 succin-

471 2864 592 2910 ctus
612 2855 666 2909 in
692 2857 960 2911 castitate.
990 2858 1068 2912 Tu
1095 2860 1236 2914 aries
1262 2861 1315 2914 in
1340 2863 1565 2917 veritate
1593 2864 1938 2934 fortissimus,
1960 2870 2048 2923 cui

469 2943 648 2999 nullus
688 2960 874 3015 regum
906 2946 1156 3001 resistere
1199 2948 1397 3017 poterit
1443 2949 1633 3021 (Prov.
1662 2970 1787 3020 xxx,
1816 2957 1905 3022 50,
1927 2958 2042 3027 51).

473 3036 553 3092 Tu
592 3036 808 3092 lucerna
839 3053 1002 3107 super
1027 3038 1404 3095 candelabrum
1432 3043 1487 3097 in
1516 3044 1674 3098 domo
1705 3046 1800 3101 Dei
1826 3047 2039 3119 (Matth.

469 3128 654 3199 v.15).
681 3130 794 3184 Tua
825 3130 1004 3198 lingua
1032 3132 1226 3187 coelum
1258 3133 1457 3189 claudit
1482 3144 1536 3189 et
1563 3138 1735 3205 aperit
1758 3138 1939 3210 (Apoc.
1960 3156 2043 3206 ιιι,
2072 3127 2115 3188 C

472 3216 548 3288 7).
571 3217 759 3286 Aperit
785 3219 1017 3287 primum
1046 3236 1142 3291 per
1166 3222 1563 3290 praedicationis
1588 3224 1940 3280 devotionem.
1965 3228 2047 3282 Ad

471 3308 776 3380 exemplum
797 3308 999 3365 Christi
1023 3325 1260 3379 recurre,
1283 3313 1376 3381 qui
1401 3329 1497 3384 per
1520 3314 1781 3379 civitates,
1806 3317 2041 3383 castella,

472 3418 649 3467 vicos,
675 3401 851 3467 villas,
881 3403 1298 3471 evangelizando
1342 3403 1444 3457 iter
1488 3405 1681 3474 agebat
1727 3405 1941 3477 (Matth.
1969 3425 2044 3473 Ix,

470 3491 563 3563 35)
591 3509 604 3545 :
632 3492 798 3547 etiam
822 3500 876 3546 et
906 3492 1092 3546 domos
1119 3492 1525 3563 publicanorum
1555 3494 1637 3548 vel
1681 3504 2042 3564 peccatorum,

466 3589 690 3652 propter
737 3582 1072 3636 occasionem
1124 3581 1554 3651 prmdicationis,
1600 3597 1705 3637 non
1769 3585 2050 3639 abhorruit

470 3662 673 3727 intrare
716 3670 867 3743 (Luc.
896 3688 950 3737 .v,
979 3670 1090 3742 29).
1140 3670 1277 3741 Spes
1322 3672 1529 3743 prtemii
1572 3672 1822 3728 solatium
1861 3680 1933 3729 sit
1971 3676 2048 3730 la-

468 3767 640 3823 boris.

540 3858 679 3924 Quid
729 3858 868 3912 facio
919 3857 1178 3928 insipiens
1225 3875 1324 3929 ego
1378 3868 1567 3917 contra
1618 3860 2047 3932 philosophicum

460 3950 835 4018 proverbium,
867 3949 1011 4021 ligna
1050 3952 1104 4005 in
1148 3952 1337 4006 silvam
1381 3952 1581 4018 ferens,
1621 3953 1906 4009 stillicidiis
1944 3953 2045 4008 lla-

471 4039 617 4094 mina
642 4037 908 4110 irrigans?
942 4039 1210 4095 Modulum
1237 4056 1416 4097 meum
1446 4042 1612 4097 extuli
1642 4042 1846 4113 figurae.
1879 4041 2045 4099 Obse-

470 4145 563 4185 cro
602 4142 699 4199 per
726 4128 843 4197 ejus
872 4146 1127 4194 amorem,
1159 4132 1253 4199 qui
1277 4132 1382 4186 duo
1425 4133 1631 4186 minuta
1677 4133 1851 4188 vidum
1891 4135 2046 4190 donis

468 4216 697 4272 divitum
742 4216 1064 4287 praeferebat
1109 4217 1312 4290 (Marc.
1334 4234 1442 4284 xu,
1485 4217 1583 4284 42,
1627 4218 1748 4291 43).
1799 4220 2045 4278 Charitas

467 4308 650 4363 omnia
692 4305 910 4373 suﬁ'ert,
951 4306 1006 4361 in
1053 4320 1157 4377 qua
1211 4306 1303 4376 qui
1348 4314 1560 4372 manet,
1602 4308 1655 4361 in
1707 4308 1818 4364 Deo
1864 4320 2047 4366 manet

468 4392 533 4468 (1
556 4393 678 4452 Cor.
722 4411 851 4461 xm,
895 4395 981 4468 7),
1023 4395 1147 4466 quia
1194 4394 1336 4450 Deus
1383 4395 1624 4451 Charitas
1665 4404 1747 4451 est
1788 4395 1843 4469 (I
1880 4395 2038 4453 Joan.

468 4503 544 4552 'v’
575 4486 684 4559 ’ω’
907 4558 1015 4628 5o
1038 4558 1067 4597 δ
1096 4556 1427 4613 EPISTOLA
1448 4555 1611 4612 xw.

1013 4643 1081 4682 AD
1113 4643 1504 4681 MEGENFRIDUS.

1074 4696 1250 4767 (Anno
1282 4696 1445 4766 796?)

472 4788 547 4844 De
585 4787 788 4852 ordine,
828 4798 876 4842 et
910 4787 1064 4841 modo
1094 4787 1414 4857 pra’dicandi
1443 4786 1648 4852 edocet;
1679 4789 1953 4842 avaritiam
1993 4796 2043 4841 et

539 4935 565 4963 ει
596 4920 713 4987 Quo
757 4936 943 4991 panem
979 4927 1034 4991 et
1078 4918 1253 4972 vinum
1296 4920 1352 4972 in
1396 4920 1557 4991 subst.
1602 4935 1745 4991 corp.
1788 4928 1836 4971 et
1887 4935 2036 4991 sang.

468 4992 662 5050 Christi
702 4988 930 5044 co’nsecr.
979 4988 1188 5042 lllustre
1229 5002 1356 5042 sane
1402 4988 1768 5043 testimonium
1802 5003 1901 5058 pro
1940 4988 2038 5042 do-

466 5070 646 5136 gmate
714 5058 1331 5136 transsubstantiationis
1386 5072 1451 5112 eo
1515 5067 1751 5136 tempore
1814 5058 2035 5136 credito.

469 5126 498 5183 ἶ
520 5133 647 5189 Haec
670 5137 873 5199 nostra,
899 5129 1013 5185 haec
1042 5126 1303 5199 majorum
1327 5136 1635 5199 nostrorum
1670 5127 1801 5199 ﬁdes
1827 5126 1925 5199 (ait
1953 5143 2040 5184 ce-

467 5200 785 5257 leberrimus
812 5196 1150 5255 hlabillonius
1172 5198 1226 5267 in
1250 5196 1370 5252 libr.
1392 5198 1460 5253 de
1480 5196 1721 5267 Liturgia
1742 5196 2036 5262 Gallicana,

465 5285 587 5342 pag.
614 5267 725 5390 952,
749 5283 911 5337 quam
934 5270 1138 5323 utinam
1166 5266 1364 5323 fratres
1387 5268 1559 5322 nostri
1586 5266 1761 5322 aversi
1782 5267 1895 5335 jam
1924 5275 2041 5322 tan-

469 5340 590 5390 dem
618 5353 684 5390 ve
739 5353 861 5390 sero
895 5348 1218 5390 agnoscant:
1246 5352 1420 5390 neque
1450 5353 1549 5390 nos
1586 5337 1813 5390 amplius
1842 5351 2034 5390 provo-

469 5337 590 5394 dem
618 5337 704 5410 vel
736 5353 876 5410 sero
895 5348 1218 5410 agnoscant;
1246 5352 1420 5407 neque
1450 5353 1549 5393 nos
1586 5337 1813 5410 amplius
1842 5351 2034 5410 provo-

467 5416 597 5463 cent
633 5407 701 5462 ad
730 5406 972 5461 ﬁctitiam
998 5408 1144 5462 illam
1168 5406 1527 5471 novationem,
1555 5421 1715 5476 quam
1745 5407 2035 5463 Paschasio

467 5476 744 5548 gadberto
768 5485 988 5548 auctore
1028 5478 1224 5533 saeculo
1263 5492 1319 5531 ix
1345 5476 1633 5548 contigisse
1657 5477 2030 5548 criminantur.

468 5544 639 5624 _Unius
687 5546 896 5624 Alcuini
934 5548 1247 5624 auctoritas,
1292 5554 1406 5624 tam
1441 5544 1589 5624 clara
1628 5553 1685 5601 et
1728 5545 2031 5624 manifesta,
2059 5612 2073 5624 .

468 5615 607 5669 hanc
626 5615 1046 5683 controversiam
1084 5615 1338 5671 dirimere
1373 5616 1682 5671 deberet....
1708 5624 1765 5669 et
1789 5615 1882 5683 qui
1922 5624 2033 5669 tam

461 5682 763 5755 perspicuis
806 5684 985 5739 verbis
1028 5683 1262 5740 detrahit
1291 5684 1478 5750 ﬁdem,
1523 5688 1569 5740 is
1613 5700 1721 5742 non
1771 5682 2027 5749 veritatis,

2218 505 2407 559 multos
2428 521 2564 583 esse,
2587 506 2690 583 qui
2703 507 2981 583 sacerdotii
3006 507 3227 583 honores
3247 505 3508 577 quarunt,
3529 505 3725 583 gradus

2216 582 2409 655 perdet
2438 575 2780 655 ministerium
2806 574 3033 655 fugiunt.
3060 574 3308 655 Caralitin
3344 574 3721 655 rogari'cupit,

2214 651 2271 694 ut
2299 641 2473 711 plures
2502 643 2775 696 mittantur
2800 641 2918 697 boni
2945 646 3171 714 operarii
3196 647 3252 700 in
3276 641 3511 704 messim.

2213 730 2577 787 Dilectissimo
2618 733 2670 786 in
2696 732 2896 788 Christi
2923 734 3186 790 charitate
3214 738 3389 793 amico
3429 747 3486 794 et
3530 743 3727 813 regalis

2142 820 2328 890 palatii
2348 829 2384 859 -ε
2416 822 2662 877 archario
2705 822 3032 893 Megenfrido
3060 825 3285 882 Flaccus
3326 828 3553 887 Albinus
3597 848 3725 903 per-

2144 923 2319 984 petua:
2346 915 2622 985 sospitatis
2646 915 2897 969 salutem.

2216 1003 2365 1059 Solet
2393 1005 2574 1075 itaque
2612 1006 2853 1060 chartula
2878 1008 3158 1064 charitatis
3179 1010 3390 1068 calamo
3426 1016 3724 1087 perscripta

2145 1094 2285 1149 inter
2332 1094 2588 1149 amicales
2639 1110 2860 1151 currere
2904 1113 3194 1167 personas,
3238 1109 3297 1155 ut
3347 1102 3595 1160 ardorem
3642 1108 3726 1163 sui

2144 1185 2376 1253 pectoris
2406 1185 2601 1240 litteris
2628 1184 2882 1242 fraternis
2910 1190 3156 1244 ostendat
3180 1192 3470 1257 obtutibus,
3499 1204 3553 1250 et
3581 1199 3725 1266 quod

2146 1273 2290 1328 intus
2320 1274 2449 1329 latet
2472 1275 2526 1328 in
2550 1277 2747 1340 animo,
2780 1276 2924 1333 foras
2949 1281 3196 1336 videatur
3222 1284 3276 1337 in
3310 1287 3546 1355 scriptis.
3573 1288 3727 1344 Unde

2146 1377 2247 1433 ego
2271 1364 2345 1417 tui
2378 1379 2603 1430 memor,
2631 1367 2804 1421 amice
2832 1368 3171 1437 charissime,
3200 1374 3297 1428 tibi
3328 1375 3426 1430 hos
3454 1384 3558 1433 tute
3586 1379 3727 1434 salu-

2146 1455 2237 1519 tis,
2278 1456 2389 1509 imn
2411 1464 2465 1509 et
2495 1456 2809 1521 multorum,
2836 1459 3228 1518 admonitorios
3270 1465 3509 1537 dirigere
3543 1470 3725 1524 curavi

2147 1543 2346 1613 apices.
2389 1542 2499 1599 Nec
2530 1559 2616 1598 me
2657 1546 2984 1614 superﬂuum
3027 1550 3082 1603 in
3111 1552 3197 1607 bis
3236 1553 3431 1611 litteris
3465 1559 3720 1626 :estimes,

2146 1637 2242 1691 sed
2293 1635 2575 1701 devotum;
2616 1636 2930 1695 desiderans
2979 1650 3299 1713 utrumque,
3343 1654 3398 1701 et
3441 1651 3724 1716 praesentis

2146 1726 2269 1781 vitae
2293 1727 2707 1796 prosperitatem
2729 1736 2783 1783 et
2808 1728 3002 1786 futurte
3026 1749 3040 1785 :
3071 1743 3334 1802 quatenus
3360 1737 3415 1792 in
3441 1739 3543 1794 ista
3584 1750 3725 1797 tem-

2145 1816 2317 1885 porali
2346 1816 2575 1872 feliciter
2611 1817 2781 1883 vivas,
2809 1830 2864 1875 et
2887 1819 2943 1874 in
2969 1820 3058 1875 illa
3098 1833 3298 1878 mterna
3338 1826 3492 1882 beate
3532 1844 3725 1901 regnes

2149 1922 2271 1961 cum
2294 1905 2531 1962 Christo.

2220 1998 2679 2056 Considerandum
2722 2014 2849 2057 vero
2880 2011 2968 2057 est
3003 2003 3411 2074 diligentissime
3437 2010 3581 2064 omni
3622 2011 3723 2066 bo-

2148 2092 2278 2146 mini
2324 2093 2452 2162 quid
2501 2092 2685 2164 fugere
2735 2094 2955 2159 debeat,
2992 2104 3049 2150 et
3087 2098 3215 2167 quid
3245 2100 3416 2169 sequi.
3460 2099 3590 2167 Qua:
3617 2103 3723 2158 duo

2147 2182 2428 2238 Psalmista
2457 2199 2562 2238 uno
2597 2184 2913 2240 brevissimo
2942 2187 3207 2243 versiculo
3233 2191 3470 2245 ostendit
3497 2192 3680 2248 dicens
3705 2208 3720 2246 :

2147 2272 2352 2327 Diverte
2377 2290 2409 2326 a
2441 2272 2603 2338 malo,
2628 2283 2675 2328 et
2706 2275 2792 2345 [ac
2823 2275 3011 2330 bonum
3044 2277 3214 2349 (Psal.
3244 2296 3441 2346 xui",
3469 2281 3578 2353 15).
3607 2282 3723 2338 Non

2144 2362 2342 2418 suﬂlcit
2369 2363 2539 2419 solum
2583 2365 2725 2419 mala
2766 2381 2873 2420 non
2913 2365 3111 2432 facere,
3156 2369 3257 2423 nisi
3283 2378 3338 2423 et
3361 2370 3500 2424 bona
3542 2367 3719 2436 f.°iat,

2146 2461 2400 2508 aeternam
2448 2454 2685 2523 cupienti
2731 2455 3007 2524 possidere
3050 2456 3294 2527 gloriam.
3326 2458 3477 2515 Unde
3514 2471 3569 2515 et
3611 2462 3723 2531 ipsa

2148 2542 2357 2598 Veritas
2380 2543 2434 2597 in
2467 2543 2759 2614 Evangelio
2788 2545 2997 2599 cuidam
3025 2560 3083 2601 se
3112 2548 3466 2619 interroganti
3502 2565 3723 2620 respon-

2149 2633 2227 2687 dit
2251 2651 2263 2685 :
2294 2632 2355 2687 Si
2381 2634 2453 2686 vis
2480 2633 2637 2686 vitam
2662 2634 2886 2703 ingredi,
2915 2651 3063 2689 serva
3093 2638 3344 2692 mandata
3373 2638 3583 2711 (Matth.
3606 2656 3719 2706 nx,

2151 2721 2260 2792 17).
2292 2719 2397 2775 Sed
2429 2720 2716 2790 unicuique
2743 2724 3073 2792 pensandum
3107 2734 3190 2780 est
3215 2726 3269 2780 in
3297 2743 3404 2797 quo
3426 2729 3594 2799 gradu
3617 2736 3725 2785 sta-

2147 2810 2338 2864 tuisset
2364 2825 2486 2864 eum
2522 2810 2684 2875 Deus,
2722 2819 2778 2865 et
2810 2826 2917 2881 quo
2958 2813 3159 2869 talento
3187 2816 3411 2871 ditasset
3438 2833 3582 2872 eum.
3607 2818 3724 2874 Non

2115 2911 2118 2914 ‘
2146 2900 2289 2955 enim
2316 2900 2443 2954 solis
2483 2901 2751 2971 episcopis
2784 2903 2865 2958 vel
2897 2907 3226 2976 presbyteris
3263 2910 3548 2977 pecuniam
3574 2926 3724 2965 suam

2147 2993 2365 3047 tradidit
2398 2994 2653 3050 Dominus
2694 2995 2761 3049 ad
2794 2996 3270 3066 multiplicandum,
3312 3002 3403 3055 sed
3444 3003 3591 3056 omni
3637 3002 3723 3057 di-

2148 3083 2341 3151 gnitati
2384 3091 2438 3138 et
2467 3085 2656 3154 gradui
2702 3085 2899 3141 talenta
2941 3088 3090 3141 bonae
3125 3090 3451 3157 operationis
3479 3092 3722 3159 tradidit,

2149 3181 2206 3225 ut
2235 3172 2411 3226 datam
2436 3173 2537 3228 sibi
2563 3175 2790 3244 gratiam
2820 3175 3045 3232 fideliter
3082 3177 3461 3236 administrare
3484 3183 3722 3251 studeat,

2146 3269 2200 3316 et
2224 3263 2499 3317 conservis
2521 3264 2633 3318 suis
2657 3278 2882 3335 erogare
2907 3268 3210 3324 contendat.
3235 3270 3386 3326 Alius
3411 3281 3495 3327 est
3525 3274 3617 3343 qui
3643 3282 3727 3329 ta-

2148 3350 2346 3405 lentum
2373 3352 2770 3421 przedicationis
2798 3355 3025 3424 accipit,
3069 3357 3206 3413 alius
3243 3361 3542 3430 sapientiai;
3588 3364 3725 3420 alius

2147 3441 2477 3506 divitiarum,
2496 3441 2633 3496 alius
2659 3442 2943 3511 cujuslibet
2964 3446 3473 3517 administrationis;
3505 3453 3721 3521 quidam

2146 3530 2285 3586 forte
2318 3532 2543 3601 alicujus
2581 3534 2796 3590 artiﬁcii
2831 3537 3027 3592 donum
3052 3555 3084 3593 a
3109 3540 3219 3595 Deo
3258 3542 3451 3597 horum
3480 3546 3720 3600 omnium

2146 3622 2408 3676 bonorum
2444 3623 2832 3691 dispensatore.
2857 3625 2924 3679 Et
2973 3628 3028 3682 in
3072 3628 3157 3683 bis
3202 3630 3450 3686 omnibus
3489 3630 3623 3687 ﬁdes
3667 3641 3722 3687 et

2145 3708 2358 3765 devotio
2386 3710 2674 3778 spectanda
2700 3719 2805 3777 est,
2828 3713 3141 3769 ut'lideliter
3161 3716 3386 3783 laboret,
3414 3726 3469 3774 et
3494 3718 3724 3777 viriliter

2146 3800 2230 3854 sui
2260 3799 2460 3854 domini
2492 3799 2774 3868 pecuniam
2802 3802 3161 3872 multiplicare
3195 3815 3425 3877 satagat,
3455 3816 3720 3877 quatenus

2146 3893 2555 3949 desiderabilem
2596 3910 2783 3950 vocem
2821 3898 3006 3952 audire
3038 3908 3350 3954 mereatur:
3378 3900 3545 3970 Euge,
3580 3919 3722 3958 serve

2146 3983 2275 4037 bone
2307 3992 2356 4038 et
2381 3982 2572 4052 ﬁdelis,
2600 3986 2724 4053 quia
2753 4001 2908 4054 super
2948 4003 3119 4056 pauca
3155 3987 3302 4056 fuisti
3339 3989 3529 4057 ﬁdelis,
3560 4007 3722 4061 supra

2147 4073 2311 4126 multa
2350 4082 2399 4127 te
2438 4074 2781 4138 constituam;
2821 4075 2961 4127 intra
3002 4075 3056 4128 in
3094 4076 3342 4146 gaudium
3400 4077 3598 4133 domini
3642 4081 3723 4132 tui

2150 4158 2363 4230 (Matth.
2392 4176 2518 4225 xxv,
2543 4159 2655 4230 21).

2215 4250 2318 4319 Qui
2362 4266 2490 4307 vero
2517 4254 2799 4322 pecuniam
2842 4255 3236 4322 praedicationis
3262 4257 3564 4326 accipiunt,
3595 4257 3719 4313 dili-

2145 4349 2334 4410 genter
2356 4340 2702 4395 considerare
2727 4342 2921 4396 debent
2941 4342 3072 4412 quid
3100 4345 3296 4413 cuique
3320 4356 3583 4416 congruat
3606 4346 3722 4401 loco

2147 4426 2229 4480 vel
2262 4428 2516 4496 tempori;
2548 4428 2709 4483 etiam
2742 4436 2798 4483 et
2839 4444 2947 4499 quo
2988 4432 3179 4487 ordine
3214 4433 3524 4504 prmdicatlo
3561 4434 3720 4490 Chri-

2148 4516 2437 4573 stianitatis
2469 4518 2771 4588 incipienda
2797 4520 2867 4575 sit
2896 4521 2980 4577 vel
3006 4522 3348 4592 perficienda.
3378 4523 3515 4580 Nam
3542 4525 3723 4581 Domi-

2150 4623 2250 4663 nus
2287 4616 2470 4686 noster
2508 4607 2664 4666 Jesus
2692 4610 2941 4667 Christus
2967 4628 3091 4667 eum
3134 4613 3404 4683 triumpho
3444 4614 3629 4686 gloria:
3655 4615 3724 4670 ad

2146 4714 2429 4775 paternam
2469 4706 2687 4761 rediens
2714 4707 2896 4761 sedem
2938 4707 3194 4776 apostolis
3221 4709 3333 4763 suis
3367 4712 3622 4778 praecepit
3642 4709 3724 4764 di-

2149 4812 2278 4853 cens
2301 4814 2313 4851 :
2343 4796 2446 4864 Ite,
2475 4799 2651 4853 docete
2677 4814 2852 4852 omnes
2876 4807 3068 4869 gentes,
3094 4798 3413 4868 baptizantes
3442 4816 3531 4854 eos
3551 4801 3606 4854 in
3631 4815 3725 4855 no—

2148 4927 2241 4982 sed
2268 4926 2645 4993 contentionis,
2673 4928 2768 4983 sed
2801 4926 3023 4991 erroris,
3053 4927 3149 4983 sed
3177 4927 3495 4983 schismatis’
3510 4935 3726 4984 amator

2143 5005 2245 5052 est.
2272 5016 2290 5049 ι

2214 5067 2242 5106 δ
2282 5066 2423 5121 Edit.
2445 5065 2695 5137 Quereet.
2723 5066 2824 5137 105
2849 5080 2916 5137 ex
2938 5080 3041 5137 ms.
3088 5065 3340 5136 (Froben.
3372 5065 3490 5137 d2).

2215 5137 2554 5206 {limitatio
2581 5134 2929 5204 Megenfrido.
2973 5134 3123 5189 Alias
3156 5138 3322 5190 etiam
3358 5134 3721 5206 Maqenfridtts

2142 5211 2198 5284 et
2243 5202 3410 5287 Maganft-edusI‘noniinatnr.dgiexercitus
3460 5202 3718 5287 Satorijci

2143 5273 2198 5327 in
2228 5271 2566 5344 expeditione
2611 5271 2856 5344 Hunnica
2879 5275 3005 5344 anni
3033 5275 3158 5329 79!.
3207 5274 3343 5329 Vide
3380 5284 3598 5343 poetam
3621 5274 3721 5344 Sa-

2140 5341 2358 5409 xonem,
2385 5351 2439 5396 et
2475 5341 2764 5409 Eginbardi
2809 5342 3005 5409 Annal.
3047 5344 3115 5398 ad
3166 5359 3291 5399 eum
3342 5341 3563 5399 annum.
3621 5342 3722 5398 Hic

2139 5402 2547 5481 Meginfridum'
2565 5412 2708 5481 regis
2755 5402 3145 5467 cubicularium
3202 5420 3381 5469 vocat.
3430 5412 3723 5468 Archarius

2138 5479 2655 5552 ergoucubicularius
2679 5488 2786 5552 est,
2798 5494 2910 5552 seu,
2933 5490 3001 5552 fut
3030 5483 3188 5552 paulo
3212 5483 3439 5539 inferius
3461 5482 3725 5538 Alcuinus

2137 5548 2383 5619 pluribus
2428 5548 2659 5670 explicat
2680 5550 2878 5615 verbis,
2905 5548 3236 5624 dispensator
3254 5553 3656 5633 thesaurorum,
3670 5562 3719 5605 et

2137 5627 2338 5670 scrutor
2349 5634 2491 5670 const
2515 5634 2685 5670 torum
2700 5635 2719 5670 :
2765 5622 2920 5670 uuasi
2971 5622 3194 5670 intimus
3217 5621 3577 5670 mmsiliarius.
3596 5621 3719 5670 Vid.

2136 5618 2719 5690 grmorcomitiorum;
2765 5622 2920 5690 quasi
2971 5618 3194 5679 intimus
3217 5621 3577 5679 consiliarius.
3596 5621 3720 5679 για.

2138 5686 2329 5761 Cangii
2352 5685 2549 5758 Gloss,
2574 5703 2706 5747 voce
2738 5685 3009 5747 Arcarius.
