4070 6182
336 352 489 443 eos

1828 339 2187 400 EPISTOLAE
2198 381 2212 397 .

3529 349 3634 407 208

376 464 519 517 mine
544 460 741 525 Patris,
772 468 820 512 et
848 456 999 524 Filii,
1026 469 1075 513 et
1119 456 1347 529 Spiritus
1374 458 1560 512 sancti.
1594 455 1842 509 Docentes
1871 470 1958 507 eos
1986 460 2033 518 Α
2061 451 2184 506 dem
2240 452 2525 522 aliquando
2589 455 2836 510 doctores
2884 454 3006 510 ﬁdei
3061 455 3370 525 apostolicis
3431 464 3651 520 eruditi.

372 570 584 612 seruare
596 552 772 606 omnia
782 569 1101 623 quaecunque
1112 551 1354 604 mandavi
1376 549 1512 603 vobis
1529 546 1743 621 (Matth.
1762 559 1950 608 xxvm,

372 648 467 710 19,
490 645 602 715 20).
629 656 655 685 ι
677 643 862 698 Primo
908 642 1043 697 ﬁdes
1074 642 1313 697 docenda
1355 650 1460 706 est,
1488 648 1542 694 et
1577 639 1657 694 sic
1703 637 1956 706 baptismi

367 733 719 807 percipienda
779 741 906 786 sunt
972 740 1326 786 sacramenta.
1381 730 1582 785 Deinde
1648 727 1954 797 evangelica

365 830 641 895 praecepta
670 821 927 876 tradenda
957 829 1099 875 sunt.
1124 820 1196 874 At
1232 820 1276 875 si
1308 819 1509 889 aliquid
1553 819 1744 872 horum
1790 817 1953 870 trium

366 915 567 977 deerit,
607 913 838 968 salutem
863 914 1055 966 animae
1095 928 1206 966 suae
1232 911 1444 965 auditor
1471 910 1672 964 habere
1711 924 1816 963 non
1860 923 1955 977 po-

366 1008 521 1061 terit.
549 1005 708 1059 Fides
728 1018 960 1074 quoque,
987 1004 1126 1058 sicut
1150 1011 1367 1058 sanctus
1391 1002 1465 1055 ait
1491 1001 1842 1071 Augustinus,
1867 1015 1954 1054 res

365 1105 457 1153 est
482 1094 808 1158 voluntaria,
832 1108 939 1147 non
971 1093 1296 1147 necessaria.
1325 1090 1538 1144 Attrahi
1568 1089 1764 1159 poterit
1790 1089 1952 1143 homo

366 1186 427 1241 in
456 1186 637 1249 ﬁdem,
669 1200 779 1238 non
817 1183 956 1253 cogi.
982 1182 1109 1252 Cogi
1139 1182 1343 1251 poteris
1384 1181 1452 1235 ad
1478 1180 1822 1249 baptismum,
1859 1180 1953 1233 sed

365 1291 481 1332 non
526 1273 741 1346 proﬁcit
782 1272 925 1327 ﬁdei.
955 1271 1069 1327 Nisi
1097 1270 1359 1326 infantilis
1383 1278 1537 1335 aetas,
1565 1269 1791 1323 aliorum
1820 1283 1949 1339 pec-

364 1365 508 1420 catis
545 1363 803 1426 obnoxia,
847 1362 1074 1416 aliorum
1116 1359 1454 1415 confessione
1496 1358 1690 1414 salvari
1729 1358 1946 1428 poterit.

361 1454 631 1510 Perfectus
665 1453 842 1508 aetatis
867 1453 951 1507 vir
978 1466 1075 1522 pro
1105 1465 1164 1505 se
1208 1452 1549 1520 respondeat,
1586 1449 1715 1518 quid
1743 1450 1946 1513 credat,

363 1556 461 1602 aut
487 1544 617 1616 quid
653 1544 853 1614 cupiat.
878 1543 947 1597 Et
970 1543 1017 1597 si
1044 1541 1309 1597 fallaciter
1344 1540 1501 1595 ﬁdem
1529 1538 1829 1609 proﬁtetur,
1861 1553 1951 1593 ve-

364 1639 568 1693 raciter
594 1635 825 1690 salutem
868 1649 974 1688 non
1015 1631 1253 1687 habebit.
1289 1630 1441 1687 Unde
1477 1638 1533 1684 et
1568 1629 1949 1700 prtedicatores

360 1743 700 1802 paganorum
730 1726 985 1796 pepulum
1015 1723 1255 1793 paciﬁcis
1295 1723 1474 1777 verbis
1516 1729 1572 1777 et
1597 1721 1948 1791 prudentibus

2062 540 2253 613 [suppL
2311 542 2613 614 exemplis].
2659 542 2780 597 Sint
2805 545 3208 614 praedicatores,
3236 563 3343 604 non
3374 553 3640 621 praedato-

2058 647 2163 686 res.
2202 630 2484 687 Conﬁdant
2519 634 2573 687 in
2611 633 2756 688 illius
2783 635 2998 703 pietate,
3039 637 3132 706 qui
3153 638 3263 692 ait:
3314 639 3492 696 Nolite
3511 660 3638 714 por-

2056 732 2169 776 tare
2188 722 2474 786 sacculum,
2501 733 2591 777 aut
2616 740 2793 792 peram
2821 724 2971 794 (Luc.
3004 743 3057 792 ιι,
3086 726 3163 798 4),
3205 736 3261 783 et
3280 739 3474 788 caetera
3518 750 3640 804 qua:

2057 821 2372 882 sequuntur.
2409 814 2475 867 Et
2492 814 2558 868 de
2585 829 2692 883 quo
2716 815 2977 884 propheta
3007 816 3220 885 inquit:
3245 819 3348 885 Qui
3370 838 3636 894 nunquam

2056 905 2364 975 derelinquit
2392 914 2656 975 sperantes
2682 906 2738 958 in
2764 922 2819 958 se
2848 905 3009 975 (Dan.
3037 922 3156 972 xm,
3182 907 3293 978 60).

2125 1006 2250 1061 Haec
2270 1016 2394 1073 tuae,
2418 1008 2721 1063 venerande
2743 1007 2933 1072 amice,
2970 1009 3159 1078 scripsi
3188 1009 3480 1078 dilectioni,
3500 1029 3636 1083 qua-

2057 1105 2211 1151 tenus
2258 1097 2366 1151 tuis
2406 1096 2691 1167 proﬁciant
2722 1097 3196 1166 admonitionibus,
3236 1102 3330 1169 qui
3362 1110 3472 1158 ate
3502 1119 3635 1158 con-

2053 1187 2232 1242 silium
2270 1189 2457 1243 audire
2503 1188 2828 1243 desiderant.
2874 1188 2970 1243 Sat
3006 1191 3149 1245 enim
3176 1193 3293 1247 haec
3344 1193 3637 1263 omniaop-

2054 1276 2186 1331 time
2224 1278 2376 1331 novit
2395 1278 2619 1333 dilectus
2647 1294 2800 1332 meus
2823 1278 3007 1344 David,
3052 1281 3138 1335 cui
3168 1281 3311 1337 Deus
3338 1289 3392 1337 et
3425 1283 3638 1351 sapien-

2054 1366 2182 1420 tiam
2211 1366 2377 1432 dedit,
2418 1375 2472 1422 et
2494 1369 2690 1423 bonam
2739 1367 3072 1423 voluntatem
3106 1385 3120 1423 :
3150 1378 3205 1425 et
3223 1371 3487 1445 plurimos
3506 1387 3638 1428 con-

2051 1459 2213 1512 vertit
2240 1458 2461 1529 populos
2520 1460 2589 1515 ad
2612 1459 2929 1513 charitatem
2950 1458 3151 1514 Christi
3177 1470 3231 1516 et
3266 1462 3500 1517 laudem.
3534 1463 3637 1519 Cui

2051 1549 2228 1603 omnis
2252 1550 2465 1604 bonitas
2487 1557 2541 1604 et
2568 1550 2807 1618 potentia
2834 1549 2902 1603 ad
2924 1549 3369 1606 henefaciendum
3416 1550 3631 1608 sufﬁcit.

2052 1637 2166 1693 Nisi
2204 1656 2371 1693 unum
2418 1641 2789 1695 tantummodo
2817 1639 2910 1711 [F.
2944 1640 3114 1711 suppl.
3144 1642 3381 1715 deﬁcit?]
3411 1652 3632 1712 propter

2052 1734 2294 1796 tempora
2333 1730 2631 1798 periculosa
2659 1730 2820 1799 hujus
2859 1729 3064 1795 smculi,
3103 1731 3246 1799 quod
3275 1732 3512 1788 rariores
3536 1732 3634 1787 ha-

360 1791 529 1876 ﬁd‘em
572 1791 766 1874 docere
799 1791 1032 1872 debent:
1061 1814 1220 1870 Novit
1248 1814 1508 1868 Dominus
1535 1813 1626 1882 qui
1668 1812 1776 1867 sint
1802 1811 1944 1880 ejus;
1981 1791 2026 1851 Β
2053 1791 2467 1888 Ιιθι-ίιόῇιιίοισρδ
2517 1822 2570 1875 in
2591 1791 2756 1891 opere
2813 1822 3024 1878 Domini
3049 1791 3213 1893 quam
3260 1838 3483 1879 necesse
3537 1824 3628 1880 sit.

360 1919 421 1966 et
464 1924 692 1980 quorum
717 1922 813 1963 cor
834 1907 969 1971 vult,
1005 1906 1207 1976 aperit,
1235 1913 1297 1959 ut
1326 1904 1625 1974 intelligant
1651 1918 1770 1973 qua:
1797 1918 1827 1956 a
1854 1902 1950 1957 do—

359 2007 517 2055 ctore
559 1999 825 2054 dicantur.
856 1996 963 2052 Sed
990 2004 1045 2050 et
1074 2002 1197 2065 post
1226 1994 1349 2049 ﬁdei
1384 2001 1438 2047 et
1467 1993 1719 2063 baptismi
1762 2006 1950 2061 perce-

360 2089 607 2159 ptionem
633 2087 878 2142 molliora
900 2094 1166 2156 praecepta
1196 2084 1582 2140 inﬁrmioribus
1607 2084 1801 2137 animis
1824 2090 1950 2137 sunt

359 2181 673 2250 praebenda.
701 2179 836 2234 Nam
862 2188 917 2234 et
946 2178 1224 2249 apostolus
1265 2176 1463 2231 Paulus
1488 2174 1710 2230 novella:
1734 2173 1951 2228 Galata-

362 2287 488 2326 rum
536 2268 996 2342 [Corinthiorum]
1028 2268 1174 2340 genti
1219 2265 1462 2322 scribens
1509 2265 1625 2319 ait:
1659 2263 1765 2317 Lac
1808 2264 1949 2318 vobis

359 2364 485 2419 dedi
517 2373 725 2434 potum,
758 2378 863 2416 non
905 2361 1129 2415 solidum
1174 2360 1345 2414 cibum
1394 2357 1446 2430 (1
1469 2357 1590 2412 Cor.
1621 2374 1715 2422 ιιι,
1738 2356 1815 2429 9).
1853 2356 1949 2412 So-

358 2459 505 2514 lidus
544 2471 676 2511 vero
718 2455 871 2510 cibus
910 2454 1150 2509 virorum
1185 2460 1268 2506 est
1312 2450 1559 2516 fortium;
1592 2450 1647 2504 id
1676 2457 1784 2515 est,
1813 2464 1949 2519 prae-

360 2556 519 2618 cepta
550 2545 756 2615 majora
784 2545 997 2599 illorum
1036 2551 1181 2609 sunt,
1211 2543 1304 2612 qui
1330 2542 1498 2597 multo
1530 2549 1771 2611 tempore
1796 2555 1950 2594 exer-

359 2638 557 2691 citatos
586 2636 790 2690 habent
815 2648 1006 2689 sensus
1034 2634 1088 2687 in
1117 2633 1235 2704 lege
1264 2632 1364 2703 51
1408 2632 1639 2686 Domini.
1677 2631 1744 2684 Et
1781 2630 1947 2685 veluti

362 2729 444 2783 lac
470 2726 649 2797 fragili
675 2725 923 2795 congruit
946 2724 1113 2789 :etati,
1141 2724 1217 2777 ita
1254 2723 1502 2777 suaviora
1531 2728 1797 2790 prmeepta
1826 2720 1947 2774 rudi

360 2817 558 2888 populo
585 2816 640 2869 in
663 2815 929 2885 principio
952 2813 1073 2869 ﬁdei
1105 2813 1364 2868 tradenda
1392 2821 1536 2867 sunt.

430 2906 601 2974 Igitur
633 2913 685 2959 et
710 2904 765 2957 in
810 2902 1035 2958 Actibus
1069 2903 1431 2972 apostolorum
1458 2900 1611 2973 (Cap.
1644 2917 1735 2967 xv,
1774 2902 1830 2974 2)
1864 2903 1942 2957 le-

362 3000 540 3070 gimus
579 2997 804 3051 Paulum
841 3004 896 3051 et
939 2995 1240 3049 Barnabam
1284 2994 1710 3064 Hierosolymam
1755 3010 1945 3050 ascen-

363 3089 511 3144 disse
546 3087 615 3141 ad
664 3085 921 3141 Jacobum
947 3093 1002 3140 et
1042 3093 1268 3141 caeteros
1294 3084 1587 3154 apostolos,
1642 3100 1805 3155 super
1842 3086 1946 3140 hac
1972 3128 2017 3155 ι,

1972 3130 2019 3191 C

365 3180 690 3251 quaestione,
719 3176 987 3247 quomodo
1007 3176 1256 3247 gentibus
1283 3175 1578 3246 przedicare
1604 3175 1946 3230 debuissent?

365 3276 439 3330 At
484 3272 561 3328 illi
587 3270 998 3343 prtescribentes
1019 3269 1258 3324 unanimi
1281 3268 1507 3323 consilio
1532 3274 1838 3322 statuerunt
1887 3275 1947 3321 ut

365 3368 441 3423 nil
466 3367 725 3422 molestize
752 3364 939 3435 legalis
986 3363 1356 3434 imponeretur
1407 3360 1711 3416 cervicibus
1735 3374 1944 3424 eorum,

366 3458 463 3515 sed
492 3467 704 3514 tantum
728 3469 790 3514 ut
826 3460 1164 3514 abstinerent
1201 3472 1259 3513 se
1298 3474 1329 3511 a
1358 3457 1734 3523 fornicatione,
1760 3472 1790 3510 a
1826 3471 1950 3510 san-

366 3552 549 3621 guine,
578 3551 928 3607 suffocatione
947 3560 1001 3605 et
1029 3551 1334 3606 simulacris
1359 3549 1547 3621 (Ibid.,
1572 3567 1701 3604 vers.
1726 3549 1813 3613 28,
1829 3549 1946 3619 29).

365 3641 484 3697 lmo
515 3652 571 3698 et
596 3642 712 3713 ipse
735 3642 935 3697 Paulus
970 3642 1293 3712 praedicator
1324 3643 1574 3711 gentibus
1620 3642 1951 3712 gloriabatur

368 3748 427 3788 se
471 3748 538 3788 ex
586 3732 769 3788 labore
805 3748 1062 3788 manuum
1094 3749 1315 3787 suarum
1348 3733 1547 3787 vivere.
1587 3731 1677 3786 Ait
1705 3733 1848 3787 enim
1893 3734 1949 3789 in

368 3830 602 3900 quadam
652 3828 888 3898 Epistola
936 3830 1016 3884 sic
1052 3826 1209 3898 :lVos
1248 3829 1390 3883 scitis
1430 3827 1568 3899 quod
1610 3828 1737 3881 mihi
1778 3838 1827 3882 et
1868 3829 1949 3883 Itis

366 3921 460 3989 qui
483 3936 683 3973 mecum
733 3927 855 3973 sunt
901 3934 1087 3971 manus
1135 3918 1248 3972 ista:
1286 3917 1731 3980 ministraverunt,
1781 3917 1950 3971 necui

368 4020 596 4065 vestrum
650 4009 855 4064 molesti
909 4007 1298 4079 cssemus(Act.
1351 4023 1443 4071 xx,
1471 4007 1581 4071 54;
1617 4004 1680 4059 II
1710 4005 1944 4061 Tltessal.

368 4118 455 4166 ιιι,
478 4101 555 4172 8).
607 4101 675 4156 Et
698 4101 827 4155 item
854 4117 866 4153 :
893 4098 1085 4153 Melius
1113 4108 1186 4153 est
1219 4098 1345 4151 mihi
1365 4097 1518 4160 mori,
1545 4113 1702 4168 quam
1757 4106 1812 4150 ut
1836 4095 1950 4167 glo-

370 4192 508 4245 riam
541 4206 709 4245 meam
752 4190 869 4260 quis
898 4196 1125 4244 evacuet.
1171 4187 1303 4254 Quae
1352 4196 1427 4240 est
1469 4185 1639 4257 gloria
1693 4185 1847 4240 mea?
1893 4194 1950 4239 ut

370 4280 717 4352 Euangelium
735 4282 847 4335 sine
874 4288 1083 4350 sumptu
1111 4294 1367 4349 exponam
1389 4275 1442 4347 (Ι
1472 4276 1595 4331 Cor.
1628 4293 1705 4343 lx,
1737 4276 1944 4349 15-18).

370 4369 487 4427 Hoc
522 4369 666 4425 enim
692 4376 873 4424 tantus
893 4376 948 4423 et
967 4384 998 4423 a
1017 4368 1127 4423 Deo
1156 4367 1459 4438 specialiter
1485 4365 1690 4422 electus
1711 4367 1951 4439 gentium

2051 1906 2238 1962 Nullus
2275 1916 2454 1963 tamen
2506 1910 2559 1962 in
2605 1911 2808 1966 mundo
2836 1912 3106 1977 meliores,
3158 1920 3218 1967 ut
3247 1914 3426 1977 credo,
3469 1914 3636 1969 habet

2050 2014 2213 2068 quam
2236 1999 2343 2053 ille.
2372 1998 2484 2055 Hos
2537 2000 2768 2065 erudiat,
2800 2001 3087 2056 admoneat
3115 2010 3168 2057 et
3196 2002 3406 2067 doceat,
3440 2017 3637 2059 secun-

2052 2090 2180 2146 dum
2208 2090 2527 2160 sapientiam
2575 2090 2679 2145 sibi
2729 2106 2759 2145 a
2801 2091 2913 2146 Deo
2948 2093 3151 2146 datam.
3211 2092 3280 2146 Et
3312 2100 3391 2159 tu,
3433 2091 3639 2148 ﬁdelis-

2050 2181 2185 2235 sime
2208 2180 2547 2248 dispensator
2568 2181 2942 2237 thesaurorum
2972 2189 3027 2235 et
3051 2191 3262 2237 serator
3283 2182 3634 2238 consiliorum

2049 2280 2104 2325 et
2139 2268 2355 2339 adjutor
2401 2271 2644 2336 devotus,
2696 2272 2925 2327 viriliter
2973 2272 3057 2328 fac
3097 2273 3428 2328 voluntatem
3469 2273 3635 2329 illius.

2048 2359 2179 2416 Esto
2204 2362 2258 2416 in
2285 2363 2511 2417 consilio
2545 2363 2726 2417 suavis
2752 2370 2805 2416 et
2837 2363 2890 2418 in
2929 2378 3093 2434 opere
3131 2372 3404 2429 strenuus,
3450 2362 3640 2432 paciﬁ-

2048 2468 2147 2508 cus
2176 2455 2231 2508 in
2262 2455 2441 2520 domo,
2488 2455 2722 2524 prudens
2746 2456 2800 2509 in
2836 2455 3213 2525 legationibus,
3249 2457 3373 2525 pius
3416 2455 3471 2509 in
3500 2470 3639 2524 pan-

2048 2558 2204 2613 peres
2225 2551 2279 2597 et
2308 2544 2557 2609 miseros,
2580 2543 2767 2613 justus
2802 2545 2855 2598 in
2890 2545 3130 2614 judiciis,
3188 2545 3371 2615 largus
3407 2546 3462 2599 in
3491 2545 3636 2601 elec-

2048 2635 2323 2705 mosynis;
2382 2643 2442 2689 ut
2466 2650 2533 2690 ex
2586 2634 2976 2704 temporalibus
3017 2635 3220 2691 divitiis
3261 2637 3367 2691 tuis
3407 2644 3640 2693 aeternas

2047 2725 2145 2780 tibi
2171 2724 2432 2780 merearis
2455 2724 2508 2777 in
2535 2723 2706 2779 caelis.

2116 2833 2306 2890 Adhuc
2331 2850 2418 2889 me
2443 2835 2660 2890 dilectio
2689 2833 2870 2889 dilecti
2903 2835 3008 2890 mei
3034 2834 3221 2900 David,
3248 2843 3302 2889 et
3328 2833 3636 2891 sollicitudo

2048 2924 2239 2979 salutis
2270 2924 2582 2989 multorum,
2606 2924 2751 2994 cogit
2780 2924 2874 2977 tibi
2900 2924 3151 2987 suadere,
3198 2939 3317 2994 qua:
3343 2924 3495 2979 utilia
3518 2925 3633 2979 scio

2049 3028 2233 3068 coram
2259 3013 2370 3068 Deo
2396 3022 2451 3068 et
2484 3013 2711 3068 honesta
2750 3028 2933 3067 coram
2960 3012 3177 3068 saeculo.
3230 3013 3364 3068 Nam
3415 3014 3638 3084 quidam

2050 3107 2359 3160 sacerdotes
2392 3104 2615 3171 Christi,
2649 3105 2742 3173 qui
2777 3105 2979 3160 habent
3017 3106 3302 3174 parochias
3326 3113 3381 3160 et
3401 3106 3638 3161 honores

2049 3197 2253 3262 saeculi,
2294 3204 2348 3251 et
2372 3197 2575 3269 gradus
2613 3197 2898 3252 ministerii
2923 3211 3031 3252 non
3056 3199 3245 3275 volqnt
3276 3200 3478 3256 habere
3507 3218 3520 3255 :
3548 3201 3633 3254 vi-

2048 3288 2207 3343 detur
2244 3288 2375 3343 mihi
2403 3289 2616 3354 melius,
2676 3295 2736 3342 ut
2779 3287 2994 3358 plenam
3032 3288 3265 3344 habeant
3292 3290 3631 3346 benedictio-

2047 3394 2172 3434 nem
2208 3388 2264 3434 et
2286 3379 2500 3449 plenam
2534 3377 2842 3434 mercedem
2882 3377 3023 3445 apud
3070 3378 3261 3432 Deum.
3308 3377 3461 3435 Nunc
3504 3393 3634 3434 vero

2053 3468 2192 3523 alius
2222 3468 2431 3523 laborat
2464 3482 2564 3539 pro
2618 3465 2868 3523 mercede
2910 3475 3194 3537 perpetua,
3236 3466 3312 3521 illi
3368 3484 3499 3524 vero
3536 3483 3638 3539 pro

2049 3558 2297 3614 saeculari
2340 3558 2564 3613 honore.
2594 3558 2623 3597 ι)
2661 3557 2865 3611 Privati
2898 3572 3029 3611 vero
3077 3564 3221 3621 sunt,
3258 3564 3317 3610 ut
3341 3572 3466 3611 cum
3500 3573 3637 3627 pace

2051 3648 2247 3703 dicam.
2276 3647 2604 3702 Potestatem
2635 3645 2831 3716 ligandi
2870 3652 2925 3699 et
2957 3637 3224 3710 solvendi,
3266 3645 3411 3714 quod
3449 3644 3638 3701 claris-

2051 3737 2247 3791 simum
2274 3745 2357 3791 est
2392 3737 2445 3789 in
2469 3735 2709 3791 Ecclesia
2738 3735 2939 3789 Christi
2972 3736 3193 3802 donum,
3219 3734 3467 3794 Christus
3488 3738 3636 3794 dedit

2050 3826 2324 3895 apostolis,
2364 3834 2420 3880 et
2444 3840 2543 3895 per
2572 3840 2667 3881 eos
2686 3827 3092 3883 successoribus
3129 3826 3261 3883 suis.
3290 3827 3400 3884 Nec
3436 3843 3545 3883 non
3580 3836 3639 3883 et

2050 3915 2332 3980 Ecclesiis,
2362 3931 2483 3986 quae
2510 3930 2615 3970 non
2640 3915 2840 3971 habent
2863 3924 3131 3984 pastores,
3166 3917 3528 3986 periculosum
3552 3924 3640 3981 est

2049 4021 2263 4077 gregem
2301 4004 2503 4061 Christi
2534 4005 2736 4073 absque
2774 4012 2998 4072 pastore
3020 4005 3113 4060 diu
3138 4020 3377 4061 manere.
3424 4006 3639 4061 latrant

2051 4097 2161 4169 lupi
2184 4112 2422 4169 rapaces,
2474 4097 2570 4154 sed
2596 4111 2702 4151 non
2724 4103 2809 4152 est
2837 4095 2931 4167 qui
2973 4095 3155 4167 exigat
3180 4109 3292 4150 eos.
3324 4094 3490 4152 Sedet
3519 4096 3633 4152 sola

2049 4197 2105 4244 et
2127 4188 2287 4244 vidua
2313 4188 2529 4244 domina
2569 4189 2809 4258 gentium
2856 4196 2911 4242 et
2941 4203 3050 4243 non
3077 4194 3161 4242 est
3203 4186 3295 4256 qui
3323 4186 3637 4243 consoletur

2051 4296 2170 4337 eam
2218 4278 2284 4352 (Τ
2285 4281 2433 4335 Itren.
2490 4297 2530 4346 ι,
2561 4280 2613 4346 1,
2638 4278 2716 4351 2).
2773 4279 2916 4335 Dicit
2940 4287 2994 4334 et
3022 4280 3138 4350 ipsa
3164 4278 3376 4335 Veritas
3402 4293 3418 4331 :
3450 4277 3638 4334 Μειδία

2050 4369 2258 4441 quidem
2280 4368 2465 4433 multa,
2489 4369 2713 4439 operarii
2730 4378 2904 4422 autem
2930 4369 3119 4438 pauci;
3163 4377 3342 4437 rogate
3366 4367 3637 4423 dominum

368 4461 698 4533 pratdicator
734 4459 863 4531 egit,
916 4465 978 4513 ut
1031 4473 1246 4514 omnem
1298 4458 1559 4514 radicitus
1607 4457 1948 4513 occasionem
1980 4463 2253 4541 Dmessis,
2297 4473 2353 4515 ut
2381 4463 2551 4515 mittat
2591 4462 2858 4531 operarios
2912 4461 2969 4514 in
3023 4477 3240 4516 messem
3295 4478 3447 4516 suam
3474 4461 3631 4532 (Luc.

369 4548 615 4604 avaritiae
634 4547 1078 4619 praedicatoribus
1102 4548 1441 4603 abscinderet
1470 4562 1486 4600 :
1514 4554 1779 4617 quatenus
1826 4547 1949 4601 nul-

370 4637 480 4704 lus,
520 4637 761 4708 qualibet
813 4636 1109 4706 cupiditate
1152 4637 1384 4700 illectus,
1451 4636 1544 4691 sed
1594 4636 1709 4692 sola
1749 4636 1950 4692 Christi

369 4728 640 4784 charitate
663 4726 997 4783 confortatus
1020 4729 1245 4782 verbum
1276 4728 1371 4783 Dei
1416 4728 1754 4798 praedicaret,
1813 4730 1953 4784 sicut

371 4819 491 4890 ipse
516 4820 572 4874 in
595 4818 889 4890 Evangelio
906 4820 1020 4875 suis
1042 4820 1358 4891 pnecipiens
1379 4821 1653 4891 discipulis
1673 4821 1749 4875 ait
1772 4837 1786 4875 :
1819 4820 1954 4877 Gra-

373 4909 443 4961 tis
465 4909 756 4978 accepistis,
772 4909 937 4978 gratis
965 4909 1087 4963 date
1115 4908 1330 4980 (Matth.
1365 4924 1419 4973 χ,
1445 4911 1523 4977 8).

447 4996 506 5051 Si
543 5006 693 5053 tanta
727 4998 986 5054 instantia
1031 5014 1194 5055 suave
1249 4999 1451 5055 Christi
1481 4999 1669 5072 jugum
1718 5012 1774 5060 et
1815 5020 1954 5062 onus

376 5086 492 5155 ejus
519 5088 637 5144 leve
665 5088 955 5144 durissimo
983 5088 1258 5145 Saxonum
1302 5092 1498 5163 populo
1547 5096 1949 5163 praedicaretur,

377 5190 577 5251 quanta
593 5182 926 5237 decimarum
944 5183 1194 5251 redditio,
1211 5184 1295 5240 vel
1308 5185 1492 5256 legalis
1506 5202 1603 5255 pro
1621 5191 1955 5256 parvissimis

378 5271 707 5338 quibuslth
742 5272 916 5343 culpis
946 5273 1109 5329 edicti
1136 5276 1430 5331 necessitas
1455 5276 1788 5345 exigebatur,
1816 5277 1955 5335 forte

377 5357 719 5429 baptismatis
757 5371 1098 5418 sacramenta
1118 5379 1227 5420 non
1261 5365 1634 5421 abhorrerent.
1678 5363 1800 5421 Sint
1838 5376 1955 5423 tan-

453 5541 481 5572 ι
519 5530 700 5602 Primo
720 5532 854 5602 ﬁdes
889 5533 1125 5589 docenda
1148 5544 1243 5589 est.
1294 5535 1496 5591 Eadem
1546 5537 1735 5592 scribit
1776 5537 1957 5594 Alcai-

380 5616 485 5680 nus
505 5601 574 5655 ad
591 5600 845 5680 Carolum
898 5603 1146 5680 Magnum
1176 5606 1347 5680 epist:
1367 5605 1441 5680 gs
1471 5610 1639 5679 (nunc
1665 5607 1777 5680 55),
1815 5615 1870 5662 et
1890 5609 1959 5665 ad

379 5671 653 5743 Anionem
682 5673 745 5728 51
780 5672 945 5743 (nunc
970 5671 1111 5743 56);;
1123 5671 1263 5729 anno
1290 5674 1410 5730 796.

455 5742 484 5782 δ
522 5739 835 5812 Legenduin
871 5751 1003 5813 puto
1035 5739 1050 5796 ἐ
1080 5741 1277 5798 Privati
1315 5760 1431 5799 vero
1457 5756 1579 5801 sunt
1621 5755 1871 5818 potestate
1891 5748 1957 5804 li-

2053 4568 2107 4617 κ,
2138 4552 2215 4623 2).
2238 4552 2307 4606 Ει
2335 4566 2436 4621 ego
2463 4551 2580 4616 tibi,
2613 4551 2934 4607 charissime
2959 4553 3151 4618 amice,
3184 4552 3377 4609 messis
3417 4554 3637 4625 quidem

2052 4641 2218 4696 multa
2258 4649 2343 4695 est
2388 4640 2441 4696 in
2487 4640 2686 4710 populo
2736 4639 3066 4706 Christiano,
3118 4642 3212 4697 sed
3266 4657 3374 4698 non
3428 4643 3632 4698 suntin

2053 4731 2374 4801 quibusdam
2396 4730 2529 4785 locis
2559 4745 2846 4787 messores.
2905 4730 2987 4786 Tu
3034 4746 3161 4786 vero
3188 4746 3319 4802 roga
3355 4733 3635 4788 dominum

2053 4822 2267 4887 messis,
2292 4820 2347 4877 id
2374 4830 2478 4885 est,
2510 4821 2676 4876 David
2710 4837 2889 4877 meum
2915 4822 3189 4888 dilectum,
3215 4831 3277 4877 ut
3304 4812 3484 4879 mittat
3501 4834 3633 4893 ope-

2055 4913 2232 4969 rarios
2254 4913 2306 4968 in
2334 4926 2563 4967 messem
2593 4927 2775 4975 suam;
2809 4922 3077 4983 quatenus
3099 4913 3206 4968 illis
3226 4912 3373 4969 dicat
3395 4920 3635 4983 rogatus,

2054 5006 2195 5062 sicut
2245 5021 2375 5061 suus
2400 5004 2653 5075 proprius
2688 5012 2964 5074 protector
3003 5012 3058 5059 et
3082 5006 3292 5069 unicus,
3347 5012 3402 5058 et
3427 5012 3638 5060 amator

2054 5094 2303 5151 Christus
2323 5095 2466 5150 Deus
2491 5094 2626 5149 dixit
2654 5094 2931 5163 discipulis
2953 5093 3058 5165 52
3095 5095 3244 5150 suis:
3276 5093 3378 5160 Ite,
3401 5111 3517 5149 ecce
3540 5110 3636 5166 ego

2054 5187 2201 5241 mitto
2228 5202 2313 5240 vos
2334 5185 2486 5256 (Luc.
2516 5203 2571 5251 ιι,
2609 5185 2686 5256 ‘5).
2722 5185 2840 5254 ipse
2864 5193 2947 5240 est
2967 5185 3216 5240 dominus
3238 5185 3426 5248 vineas,
3451 5184 3638 5239 mittat

2055 5277 2332 5347 operarios
2388 5277 2443 5330 in
2494 5276 2707 5330 vineam
2741 5290 2894 5331 suam
2950 5282 3004 5328 et
3026 5275 3170 5330 dicat
3195 5293 3208 5329 :
3235 5275 3312 5331 Ite
3348 5283 3405 5332 et
3451 5291 3551 5332 vos
3578 5276 3636 5333 in

2055 5367 2268 5420 vineam
2313 5380 2491 5419 meam
2534 5372 2590 5417 et
2617 5364 2758 5435 quod
2774 5364 2980 5434 justum
3006 5363 3191 5433 fuerit,
3233 5366 3511 5437 accipietis
3535 5381 3637 5438 pro

2055 5538 2215 5610 gandi
2235 5546 2282 5592 et
2307 5536 2557 5610 solvendi,
2581 5538 2720 5610 quod
2744 5540 3095 5596 clarissimum
3124 5543 3181 5598 in
3217 5541 3457 5600 Ecclesia
3486 5542 3638 5600 Chri-

2055 5606 2148 5692 sti“
2172 5608 2370 5692 donum
2397 5606 2636 5692 Christus
2661 5609 2804 5692 dedit
2817 5611 3095 5692 apostolis,
3138 5622 3243 5667 etc.
3277 5612 3454 5667 Locus
3477 5620 3630 5692 nota-

2056 5678 2184 5764 bilis
2229 5686 2424 5764 contra
2451 5678 2941 5764 commendatitios
2997 5684 3297 5764 episcopos,
3343 5682 3628 5764 parochias.

1998 5759 2185 5835 μείου
2224 5749 2319 5819 qui
2362 5747 2594 5809 honores
2629 5751 2890 5817 ambiunt,
2939 5747 3297 5810 ministerium
3336 5747 3628 5820 iefugiunt.
