4054 6182
399 387 501 442 207

1267 371 1328 424 Β.
1368 369 1428 422 F.
1470 364 1690 420 ALBlNl
1731 360 1860 416 SEU
1903 354 2176 412 ALCUINI
2211 349 2490 408 OPERUM
2528 347 2706 404 PARS
2743 349 2787 404 1.

3559 341 3663 397 208

400 498 583 552 labore
605 491 774 546 vineae
802 500 932 542 meae
965 482 1176 554 (Matth.
1221 495 1310 542 xx,
1349 478 1402 542 4,
1429 477 1505 545 7).
1539 475 1657 544 ipse
1687 469 1804 544 [Ρη
1841 467 1966 540 ipsi]
1997 471 2040 528 Α
2068 481 2098 519 a
2127 465 2236 518 Deo
2261 461 2629 525 commissum,
2660 461 2930 530 corrigere
2979 455 3217 554 studeas,
3262 459 3318 507 et
3341 451 3667 554 ignorantia?

401 593 484 641 est
507 588 746 654 potestas
770 583 822 631 et
851 571 1181 642 dispensatio
1212 569 1382 622 vincte
1420 563 1640 629 Christi,
1687 561 1740 616 id
1769 567 1850 615 est
1877 558 1978 612 Ec-

402 675 682 728 clesiarum
715 665 829 720 Dei.
862 663 1010 717 illius
1059 667 1144 715 est
1181 658 1298 713 laus
1343 664 1398 712 et
1445 654 1638 727 gloria,
1682 658 1736 706 et
1769 661 1978 704 merces

401 775 621 826 aeterna,
651 767 712 814 ut
737 759 875 812 bene
913 753 1255 814 ordinentur,
1315 757 1370 804 et
1391 753 1666 816 regantur,
1705 753 1760 798 et
1793 749 1978 812 pasto-

403 871 492 911 res
515 847 768 914 habeant,
811 853 1040 918 quantos
1069 841 1310 896 invenire
1347 838 1557 910 possint
1585 849 1638 900 α,
1698 834 1891 904 dignos
1925 836 1982 884 et

403 945 513 999 Deo
546 938 854 1014 placabiles.
903 934 994 988 Ille
1015 939 1101 988 est
1155 931 1208 984 in
1261 931 1365 984 hoc
1409 939 1598 996 regno,
1649 923 1742 993 qui
1791 933 1980 1014 omnes

403 1011 696 1105 praedicare
723 1034 916 1098 potest,
939 1031 994 1080 et
1017 1024 1083 1078 de
1113 1022 1362 1078 omnibus
1389 1016 1646 1073 Ecclesiis
1675 1011 1980 1069 mercedem

403 1102 606 1179 habere
625 1129 681 1176 et
702 1115 1134 1175 benedictionem
1170 1112 1223 1166 in
1246 1109 1462 1174 szeculo,
1485 1115 1540 1162 et
1562 1113 1821 1160 aeternam
1859 1102 1984 1156 bca«

406 1215 691 1271 titudinem
726 1217 782 1265 et
830 1211 1046 1264 beatam
1097 1202 1452 1260 aeternitatem
1501 1212 1624 1252 cum
1660 1193 1878 1250 Christo
1929 1197 1986 1244 et

407 1305 610 1362 sanctis
631 1302 767 1373 ejus.

890 1391 918 1430 b
957 1381 1292 1443 EPISTOLA
1327 1379 1505 1434 XLIII.

889 1495 956 1534 AD
993 1489 1238 1533 ολιιοιυι
1276 1485 1514 1526 ΙᾹϐΝυὶί.

1028 1567 1206 1640 (Auno
1235 1563 1385 1632 796.)

414 1674 694 1748 Significat
715 1689 868 1728 suum
908 1669 1160 1748 gaudium
1201 1653 1990 1748 obprosperita'tem“tegimus!

485 1727 809 1813 iiiiiiiaiisiua
846 1727 1322 1813 provehendahpetit
1443 1730 1657 1813 Anglia‘
1681 1727 1841 1813 liores
1868 1739 1990 1813 suos

2080 553 2318 611 tenebris
2337 551 2428 606 diu
2471 551 2680 604 animas
2701 550 3003 604 obcaecatas
3049 545 3117 599 ad
3141 545 3324 597 lumen
3371 557 3513 597 verae
3543 542 3668 598 ﬁdei

2085 644 2352 702 deducere
2382 641 2618 698 coneris.
2664 639 2948 708 Nunquam
3001 633 3220 706 optimis
3269 631 3667 700 voluntatibus,

2079 735 2168 790 vel
2205 733 2364 789 bonis
2384 731 2668 787 conatibus
2691 726 3056 784 remuneratio
3100 723 3278 779 divina
3330 720 3506 776 deerit
3534 741 3546 776 :
3572 725 3670 778 sed

2081 827 2170 896 qui
2197 825 2318 894 plus
2365 823 2578 878 laborat
2621 821 2676 874 in
2733 819 3010 875 voluntate
3060 814 3177 878 Dei,
3229 814 3350 884 plus
3403 813 3672 868 mercedis

2082 917 2307 986 recipi-et
2328 916 2382 970 in
2409 927 2576 983 regno
2601 911 2716 966 Dei.
2745 909 2982 978 Tempus
3037 903 3198 974 hujus
3239 905 3365 959 vita:
3412 902 3672 958 velociter

2083 1009 2273 1072 currit,
2302 1005 2462 1077 fugit,
2509 1014 2566 1060 et
2599 1019 2708 1059 non
2743 1002 3030 1058 revertitur
3068 997 3203 1071 [Al.,
3246 993 3521 1068 respicit];
3563 995 3672 1066 53

2085 1096 2374 1153 ineﬂ'abilis
2395 1111 2524 1151 vero
2548 1095 2644 1150 Dei
2676 1094 2850 1163 pietas
2871 1092 3107 1146 humano
3125 1087 3455 1158 praevidebat
3481 1084 3672 1156 generi

2083 1187 2324 1242 breviter
2357 1185 2626 1248 laborare,
2649 1193 2704 1239 et
2743 1180 3070 1236 mternaliter
3094 1177 3364 1232 coronari.
3395 1174 3520 1230 Ideo
3547 1189 3676 1244 pre-

2089 1277 2225 1331 tiosa
2253 1277 2452 1331 debent
2478 1289 2598 1329 esse
2625 1273 2780 1328 nobis
2833 1279 3095 1338 tempora,
3128 1280 3196 1320 ne
3247 1265 3534 1334 perdamus
3571 1277 3674 1332 per

2087 1367 2470 1439 negligentiam
2515 1366 2661 1433 quod
2704 1377 2801 1432 per
2849 1362 3006 1415 bona;
3054 1359 3182 1413 vita:
3208 1355 3530 1412 exercitium
3574 1354 3675 1408 ha-

2087 1458 2218 1514 bere
2241 1455 2536 1526 poterimus
2558 1452 2692 1524 [Αι.,
2715 1446 3074 1521 potuerimus]
3099 1454 3382 1502 aeternum.
3426 1443 3538 1498 Nec
3558 1451 3675 1498 tan-

2091 1560 2210 1605 tum
2263 1547 2488 1616 diligere
2531 1543 2734 1613 aliquid
2783 1541 3082 1612 poterimus
3102 1539 3157 1592 in
3199 1546 3367 1602 terra,
3415 1541 3677 1605 quantum

2090 1635 2546 1693 beata/amabitur
2576 1631 2789 1702 requies
2808 1631 2862 1684 in
2889 1629 3027 1685 coelo
3059 1643 3074 1680 :
3101 1641 3262 1698 quam
3299 1625 3393 1696 qui
3421 1633 3550 1682 tunc
3578 1625 3678 1679 ha-

2090 1726 2221 1783 bere
2267 1722 2636 1793 concupiscat,
2675 1719 2833 1776 bonis
2880 1733 3022 1774 nunc
3069 1717 3324 1788 operibus
3371 1713 3676 1784 promereri

481 1793 964 1892 éﬁgr—iflfiilifatgs
983 1807 1147 1892 studii
1165 1793 1407 1892 ἰξὶξξζειξίί
1434 1793 1657 1854 τεοέηδετ
1680 1812 1698 1850 ³
1719 1795 1841 1848 huic
1862 1793 1991 1848 πάθ’
2021 1833 2070 1892 Β
2094 1813 2400 1872 contendat.
2447 1809 2934 1878 Omnibus_itaque
2958 1806 3318 1864 communiter
3352 1804 3502 1875 regni
3553 1819 3671 1858 cte-

485 1871 732 1938 lé'scentes
755 1878 940 1950 palatii
967 1873 1147 1930 suadet
1175 1871 1373 1925 addici.

415 1965 422 1972 .
482 1993 710 2048 Domino
733 1989 977 2060 piissimo
993 1993 1047 2041 et
1063 1981 1510 2053 praestantissimo
1538 1985 1593 2033 et
1617 1977 1762 2033 omni
1787 1978 1992 2032 honore

411 2079 728 2154 dignissimo
753 2076 923 2132 David
945 2073 1055 2144 regi
1081 2071 1309 2126 Flaccus
1346 2068 1572 2124 Albinus
1598 2081 1739 2122 verae
1764 2063 1994 2120 beatitu-

413 2173 552 2227 dinis
577 2177 835 2224 mternam
865 2167 918 2220 in
939 2163 1158 2219 Christo
1171 2161 1422 2216 salutem.

483 2262 716 2317 Duicedo
753 2267 956 2315 sancta:
986 2255 1292 2312 dilectionis
1318 2261 1512 2310 vestrae
1539 2253 1792 2308 omnibus
1820 2251 1992 2314 horis,

412 2355 653 2409 etiamet
681 2348 985 2413 momentis,
1032 2345 1344 2402 aviditatem
1387 2343 1620 2414 pectoris
1667 2342 1775 2396 mei
1820 2342 1992 2395 abun-

415 2443 606 2498 danter
631 2438 836 2504 reiicit;
893 2446 949 2493 et
975 2436 1186 2492 decoris
1209 2434 1376 2489 vestri
1403 2433 1589 2498 facies,
1615 2447 1776 2502 quam
1801 2430 1996 2500 smpius

416 2528 722 2584 amabiliter
741 2525 1081 2582 considerare
1107 2523 1366 2588 solebam,
1399 2529 1537 2576 totas
1563 2520 1836 2575 memoria:
1863 2533 1995 2573 mem

423 2632 583 2673 venas
606 2631 730 2671 cum
757 2629 952 2685 magna
971 2611 1308 2680 iucunditate
1333 2611 1763 2666 desiderabiliter
1789 2609 1990 2678 implet,

414 2719 470 2766 et
504 2710 656 2779 quasi
683 2707 974 2762 multarum
999 2706 1053 2760 in
1079 2707 1241 2760 corde
1293 2704 1604 2759 divitiarum
1632 2703 1862 2772 species,
1895 2718 1992 2757 ve-

415 2809 540 2856 strae
590 2797 850 2854 bonitatis
887 2811 1086 2851 nomen
1117 2803 1172 2850 et
1205 2805 1455 2865 aspectus
1484 2795 1814 2850 reconditur.
1870 2793 1996 2848 ideo

415 2904 610 2962 magna
653 2888 784 2942 mihi
816 2895 898 2942 est
933 2887 1260 2956 iucunditas,
1289 2895 1483 2940 vestrae
1519 2883 1842 2939 dulcissimae
1868 2898 1995 2954 pro.

417 2979 692 3051 speritatis
745 2977 932 3032 audire
981 2975 1242 3038 laetitiam,
1277 2975 1344 3030 ad
1374 2991 1534 3044 quam
1579 2975 1742 3030 etiam
1794 2989 1994 3045 cogno-

417 3069 669 3126 scendam
708 3067 854 3120 hunc
889 3077 912 3104 ο
941 3065 1320 3136 puerulum,ut
1351 3065 1522 3129 scitis,
1551 3063 1834 3134 parvitatis
1865 3078 1997 3117 mea:

2095 1905 2248 1961 lastis
2289 1902 2456 1973 ianua
2495 1901 2758 1970 patescit;
2805 1899 2899 1954 sed
2942 1899 3049 1954 illis
3095 1899 3298 1953 intrare
3343 1896 3678 1960 conceditur,

2093 1997 2186 2066 qui
2227 2010 2349 2050 cum
2381 1991 2662 2062 multiplici
2707 1989 2968 2046 bonitatis
3009 1988 3189 2043 fructu
3233 1987 3303 2042 ad
3347 2001 3471 2051 eam
3495 1986 3678 2042 venire

2094 2083 2370 2143 festinant.

2162 2175 2276 2244 Ego
2302 2186 2432 2228 vero
2464 2169 2690 2226 Flaccus
2715 2177 2896 2225 vester
2921 2167 3215 2224 secundum
3242 2165 3678 2222 exhortationem

2095 2274 2152 2324 et
2175 2267 2373 2324 bonam
2402 2261 2732 2318 voluntatem
2757 2269 3016 2325 vestram,
3045 2257 3166 2313 aliis
3192 2272 3290 2328 per
3333 2264 3474 2312 tecta
3504 2255 3680 2310 sancti

2095 2356 2312 2412 Martini
2356 2359 2666 2410 sanctarum
2708 2351 2869 2406 mella
2915 2349 3325 2420 Scripturarum
3369 2346 3681 2402 ministrare

2095 2456 2282 2518 satago
2306 2463 2320 2512 ;
2361 2445 2497 2500 alios
2524 2451 2704 2497 vetere
2733 2441 3075 2510 antiquarum
3103 2437 3506 2509 disciplinarum
3531 2451 3683 2491 mero

2097 2537 2366 2593 inebriare
2392 2534 2612 2599 studeo;
2651 2531 2788 2586 alios
2816 2531 3184 2601 grammaticae
3210 2528 3526 2584 subtilitatis
3550 2543 3682 2582 enu-

2097 2626 2230 2680 trire
2272 2623 2448 2693 pomis
2494 2621 2786 2691 incipiam;
2827 2619 3089 2690 quosdam
3133 2618 3409 2674 stellarum
3458 2617 3680 2683 ordine,

2097 2735 2196 2775 cru
2222 2718 2367 2787 picto
2397 2715 2684 2786 cujuslibet
2723 2727 2932 2783 magnae
2965 2713 3158 2766 domus
3185 2710 3452 2775 culmine,
3480 2709 3679 2765 illumi-

2097 2824 2228 2866 nare
2251 2807 2442 2878 gestio.
2467 2805 2702 2860 Plurima
2731 2801 2980 2874 plurimis
3013 2801 3194 2857 factus
3221 2801 3274 2873 (I
3304 2800 3426 2855 Cor.
3451 2817 3508 2855 rx
3525 2841 3541 2866 ,
3567 2799 3682 2872 ἥ),

2097 2907 2158 2955 ut
2187 2897 2449 2969 plurimos
2483 2895 2553 2950 ad
2587 2893 2888 2964 profectum
2935 2901 3138 2948 sanctae
3185 2892 3281 2946 Dei
3323 2891 3597 2957 Ecclesia),
3628 2899 3685 2946 et

2097 2990 2165 3045 ad
2203 2989 2451 3044 decorem
2479 2985 2776 3055 imperialis
2819 2985 2972 3056 regni
3013 2985 3178 3039 vestri
3205 2983 3480 3050 erudiam,
3518 2999 3587 3039 ne
3614 2984 3684 3038 sit

2098 3096 2268 3136 vacua
2299 3079 2391 3132 Dei
2421 3075 2808 3146 omnipotentis
2831 3077 2886 3130 in
2912 3091 2999 3132 me
3023 3077 3198 3147 gratia
3225 3075 3276 3147 (I
3307 3074 3430 3131 Cor.
3456 3091 3545 3141 xv,
3571 3074 3684 3147 10),

417 3159 744 3214 clientellum
783 3154 918 3227 [Αι.,
944 3154 1280 3225 ciicutulum]
1305 3155 1477 3210 direxi
1503 3173 1515 3208 :
1541 3161 1807 3223 quatenus
1833 3153 1886 3206 in
1911 3167 1994 3206 sa-
2019 3173 2066 3236 ο
2097 3184 2197 3225 nec
2241 3177 2436 3224 νοείτω
2474 3166 2734 3222 bonitatis
2778 3167 2994 3236 ιπείιίο
3041 3167 3238 3222 inanis.
3277 3165 3384 3222 Sed
3427 3182 3493 3222 ex
3531 3175 3685 3236 parte

417 3251 526 3304 lute
548 3247 892 3302 sublimitatis
917 3252 1130 3310 vestrm,
1179 3247 1233 3300 in
1264 3247 1560 3316 gratiarum
1583 3245 1884 3300 actionibus
1907 3244 1998 3298 lm-

420 3349 508 3394 tus
548 3337 845 3392 collaudem
895 3335 1326 3390 misericordiam
1384 3335 1596 3389 Domini
1645 3331 1816 3386 nostri
1870 3331 1997 3389 Jesu

415 3428 637 3484 Christi.
687 3427 804 3482 Non
851 3426 1024 3482 solum
1070 3440 1170 3495 ego
1211 3425 1432 3480 ultimus
1479 3427 1724 3482 servulus
1755 3427 2000 3483 Salvato-

420 3519 496 3573 ris
521 3518 713 3583 nostri,
761 3517 1098 3588 congaudcre
1139 3517 1306 3571 debeo
1349 3517 1690 3586 prosperitati
1715 3518 2000 3574 etexalta-

424 3609 556 3665 tioni
584 3607 901 3664 clarissimae
943 3605 1228 3676 potestatis
1265 3613 1458 3660 vestrm
1491 3624 1502 3660 :
1535 3607 1631 3661 sed
1669 3615 1780 3662 tota
1817 3615 2003 3662 sancta

425 3699 522 3757 Dei
571 3699 814 3753 Ecclesia
855 3697 1108 3751 unanimo
1152 3696 1434 3752 charitatis
1487 3705 1752 3753 concentu
1801 3699 2004 3770 gratias

423 3804 585 3860 agere
626 3789 854 3843 Domino
901 3788 1014 3842 Deo
1057 3787 1408 3856 omnipotenti
1463 3789 1696 3853 debebit,
1745 3791 1834 3858 qui
1893 3798 2003 3845 tam

423 3881 592 3950 pium,
619 3879 939 3950 prudentem
968 3885 1022 3934 et
1052 3877 1278 3950 justum,
1310 3879 1396 3935 his
1415 3879 1722 3936 novissimis
1744 3881 1925 3936 mundi
1949 3889 2004 3936 et

421 3971 893 4042 periculosissimis
940 3971 1271 4040 temporibus
1291 3971 1487 4042 populo
1520 3971 1829 4029 Christiano
1874 3987 2000 4042 per-

424 4063 644 4121 donavit
691 4061 1113 4118 clementissimo
1149 4078 1373 4117 munere
1425 4072 1690 4119 rectorem
1721 4072 1884 4136 atque
1910 4063 2005 4119 de-

422 4150 694 4208 fensorem
713 4169 726 4204 :
747 4151 838 4220 qui
859 4165 1025 4218 prava
1049 4151 1343 4220 corrigere,
1371 4159 1426 4204 et
1453 4159 1600 4206 recta
1623 4152 2000 4220 corroborare,

421 4251 478 4298 et
499 4250 685 4299 sancta
713 4239 1004 4296 sublimare
1025 4242 1174 4295 omni
1219 4241 1518 4295 intentione
1544 4242 1780 4308 studeat,
1817 4249 1872 4297 et
1908 4257 2006 4297 no-

422 4347 546 4388 men
576 4329 790 4386 Domini
815 4329 912 4384 Dei
939 4329 1137 4386 excelsi
1180 4344 1277 4400 per
1305 4329 1471 4384 multa
1518 4338 1786 4384 terrarum
1831 4333 2004 4401 spatia

421 4423 648 4479 dilatare
684 4424 933 4496 gaudeat,
991 4429 1044 4478 et
1073 4419 1350 4478 catholica:
1379 4418 1502 4475 fidei
1529 4419 1710 4475 lumen
1747 4421 1803 4476 in
1826 4429 2006 4476 extre-

2098 3261 2296 3316 desunt
2338 3257 2471 3313 mihi
2510 3257 2727 3312 servulo
2753 3268 2936 3314 vestro
2964 3258 3346 3329 exquisitiores
3370 3258 3688 3314 eruditionis

2099 3349 2435 3406 scholastica“:
2461 3347 2646 3414 libelli,
2689 3363 2824 3418 quos
2857 3348 3020 3403 habui
3063 3350 3118 3402 in
3147 3348 3323 3418 patria
3365 3364 3462 3420 per
3487 3349 3688 3404 bonam

2099 3445 2154 3491 et
2183 3437 2582 3493 devotissimam
2601 3435 2628 3476 ά
2661 3437 2908 3508 magistri
2931 3437 3038 3492 mei
3063 3437 3400 3505 industriam,
3423 3437 3508 3494 vel
3525 3438 3689 3494 etiam

2100 3529 2209 3584 mei
2239 3529 2406 3597 ipsius
2431 3529 2862 3598 qualemcunque
2897 3529 3167 3584 sudorem.
3196 3528 3318 3584 Ideo
3351 3531 3467 3585 hmo
3494 3539 3688 3587 vestrae

2101 3619 2435 3676 excellentia:
2465 3619 2585 3674 dico
2603 3659 2618 3685 ,
2666 3634 2736 3676 ne
2778 3618 2918 3675 forte
2953 3629 3132 3677 vestro
3158 3620 3366 3690 placeat
3395 3623 3563 3678 totius
3593 3639 3688 3678 sa-

2101 3713 2319 3784 pientia:
2343 3713 2838 3768 desiderantissimo
2859 3713 3107 3778 consilio,
3121 3723 3182 3768 ut
3203 3713 3408 3784 aliquos
3421 3729 3486 3768 ex
3501 3715 3690 3784 pueris

2103 3805 2304 3862 nostris
2330 3805 2622 3870 remittam,
2647 3804 2739 3874 qui
2764 3804 3034 3874 excipiant
3055 3804 3180 3860 inde
3203 3803 3358 3858 nobis
3379 3805 3689 3860 necessaria

2101 3908 2347 3964 qumque,
2376 3899 2430 3946 et
2457 3892 2718 3946 revebant
2747 3891 2798 3944 in
2842 3891 3129 3946 Franciam
3167 3891 3328 3947 ﬂores
3353 3893 3687 3950 Britanniae:

2103 3990 2164 4036 ut
2181 3996 2289 4036 non
2309 3980 2381 4035 sit
2401 3980 2772 4034 tantummodo
2799 3979 2854 4034 in
2877 3978 3147 4036 Euborica
3169 3983 3361 4036 hortus
3379 3981 3687 4047 conclusus,

2104 4073 2200 4129 sed
2241 4071 2298 4127 in
2328 4071 2598 4127 Turonica
2637 4071 2954 4128 emissiones
2988 4073 3227 4144 paradisi
3266 4089 3388 4129 cum
3412 4088 3691 4144 pomorum

2105 4159 2390 4225 fructibus,
2422 4167 2483 4214 ut
2518 4159 2740 4214 veniens
2768 4158 2966 4216 Auster
3007 4160 3262 4231 perﬂaret
3290 4162 3478 4218 hortos
3509 4161 3691 4232 Ligeri

2105 4248 2358 4318 ﬂuminis,
2387 4258 2443 4306 et
2466 4247 2636 4306 ﬂuant
2658 4259 2901 4305 aromata
2932 4249 3094 4315 illius,
3125 4259 3182 4306 et
3222 4252 3517 4307 novissime
3561 4251 3688 4318 ﬁat,

2105 4343 2248 4414 quod
2271 4343 2518 4414 sequitur
2551 4345 2606 4397 in
2639 4342 2884 4408 Cautico,
2909 4341 3052 4397 unde
3092 4341 3196 4398 hoc
3238 4343 3508 4414 assumpsi
3532 4357 3690 4413 para-

2105 4435 2286 4503 digma
2313 4452 2328 4488 :
2369 4431 2554 4488 Veniat
2575 4432 2796 4488 dilectus
2831 4449 2977 4487 meus
3005 4434 3062 4488 in
3089 4433 3300 4488 hortum
3333 4451 3506 4498 suum,
3531 4443 3580 4488 et
3604 4449 3682 4488 co-

421 4511 524 4568 mis
553 4514 736 4570 mundi
787 4513 1035 4583 Panibus
1069 4512 1357 4568 Ῐηοθηάθτθ
1409 4519 1653 4568 0000""-
1686 4511 1812 4571 Ηίὲο
1835 4520 1938 4580 θεῖν
1970 4529 2004 4570 ο
2031 4527 2082 4585 D
2105 4526 2281 4584 medat
2309 4525 2538 4596 fructum
2562 4543 2836 4597 pomorum
2869 4543 3104 4582 suorum.
3135 4527 3204 4582 Et
3221 4527 3368 4582 dicat
3386 4526 3691 4584 adolescen-

421 4603 730 4659 dulcissime
772 4603 956 4667 David,
1005 4603 1196 4673 gloria,
1241 4604 1360 4658 laus
1383 4610 1438 4658 et
1471 4618 1681 4659 merces
1704 4611 1796 4660 tua
1843 4605 1897 4658 in
1909 4603 2002 4673 ju-

421 4689 564 4744 dicio
591 4689 697 4745 diei
742 4691 941 4763 magni,
994 4691 1122 4747 etin
1143 4699 1402 4762 perpetuo
1428 4700 1738 4747 sanctorum
1783 4708 2004 4749 consor-

424 4777 533 4843 tio;
583 4787 643 4834 ut
673 4779 1082 4851 diligentissime
1100 4781 1376 4853 populum,
1430 4781 1764 4838 excellentiae
1807 4794 2002 4841 vestrm

495 4925 522 4983 _I
552 4913 1062 4983 ,Locusieorruptus.

484 4980 523 5062 ,δ
549 4980 971 5062 Edit._Querce’t.
1005 4985 1060 5062 1Α
1086 4983 1268 5062 Canis.
1295 4985 1331 5042 5
1359 4985 1612 5056 (Froben.
1639 4986 1752 5062 58).
1785 4986 1999 5062 scripta

426 5047 591 5124 fuisse
614 5047 826 5124 videtur
848 5067 970 5124 non
990 5047 1104 5124 diu
1136 5047 1416 5124 postquam
1456 5047 1785 5112 monasterio
1824 5047 1999 5114 Turo-

426 5069 591 5124 luisse
614 5069 826 5106 Videtur
864 5069 970 5106 non
1011 5069 1104 5109 aut
1173 5069 1416 5124 estquam
1456 5069 1785 5112 monasterio
1824 5069 1999 5114 ἰω-ο-

423 5119 578 5204 nensi
598 5191 610 5204 .
621 5121 800 5204 sancti
847 5120 1061 5178 Martini
1093 5069 1286 5204 agitas
1321 5124 1638 5204 prgal‘ectus,
1669 5125 1745 5204 ibi
1789 5129 2002 5204 scholas

427 5192 657 5268 aperuit,
685 5192 830 5268 circa
865 5207 1063 5268 annum
1093 5192 1215 5268 796.
1246 5192 1400 5262 Quod
1439 5196 1564 5268 inde
1607 5196 1830 5268 colligo,
1875 5200 2001 5268 quia

425 5259 557 5344 dum
582 5261 721 5316 hanc
747 5263 1028 5344 epistolam
1055 5259 1602 5344 scriberet-Leontium
1619 5259 1868 5337 provisus
1888 5259 2004 5326 iue-

427 5336 514 5381 rat
540 5332 859 5388 necessariis
888 5334 954 5388 ad
984 5332 1282 5390 docendum
1308 5335 1480 5392 libris.

499 5397 864 5482 fhPuerulum.
895 5400 1028 5482 Quis
1061 5404 1505 5482 iiie?_§and_id_us_
1530 5405 1795 5474 fortassis,
1843 5422 2003 5478 quem

429 5466 702 5542 multoties
724 5466 1002 5542 mittendis
1027 5473 1267 5542 epistolis
1289 5475 1552 5532 adhibuit.

450 5533 528 5618 ηδ
569 5535 888 5618 Βξεοηῃθιιιο
931 5533 1091 5618 aliter
1130 5544 1260 5618 citat
1301 5543 1621 5618 Willicltnus
1660 5545 2000 5618 Maimesbur.

428 5601 524 5662 lib.
540 5605 670 5686 inde
693 5601 841 5686 G'est.
869 5610 1346 5686 regzlknglqcap.
1373 5615 1428 5674 5.
1450 5625 1506 5670 et
1531 5614 1625 5686 lib.
1652 5631 1713 5671 tu
1736 5617 1802 5686 de
1827 5601 2006 5686 GeStis

429 5675 660 5758 pontifzj
693 5677 882 5758 anate
908 5675 1036 5758 mihi
1063 5675 1778 5758 exquisitioreseruditionis
1799 5685 2008 5740 schola-

429 5745 579 5801 stica:
606 5745 832 5811 libellos,
867 5747 1054 5816 quales
1080 5748 1132 5802 in
1152 5745 1334 5817 patria
1368 5752 1560 5816 habui,
1605 5767 1702 5823 per
1728 5755 1925 5809 bonam
1949 5763 2004 5812 et

2110 4619 2236 4676 tulis
2262 4619 2410 4674 suis:
2439 4615 2704 4674 Comedite
2737 4619 2896 4674 amici
2921 4621 3057 4686 mei,
3089 4620 3244 4674 bibite
3265 4629 3313 4674 et
3338 4619 3690 4684 iuebriamini,

2109 4709 2424 4764 charissimi.
2457 4707 2571 4780 Ego
2603 4709 2826 4775 dormio,
2849 4719 2898 4764 et
2920 4726 3012 4765 cor
3033 4726 3202 4765 meum
3226 4709 3404 4780 vigilat
3433 4709 3608 4782 (Cant.
3633 4724 3690 4774 v,

2111 4798 2163 4865 1,
2188 4796 2265 4869 2).
2293 4796 2388 4854 Vel
2411 4796 2542 4854 illud
2570 4799 2971 4854 exhortativum
3009 4800 3078 4856 ad
3117 4801 3438 4870 sapientiam
3483 4800 3692 4856 discen-

2108 4929 2508 5012 devotissima‘m
2533 4931 2795 5012 magistri
2810 4932 2917 4988 mei
2938 4933 3164 5012 _Egberti
3191 4931 3589 5012 archiepiscopi
3606 4933 3693 4988 in-

2108 4999 2393 5072 dustriam.
2433 5000 2500 5056 Et
2541 5001 2589 5072 si
2627 4999 2804 5072 placet
2839 4999 3114 5072 sapientiae
3157 4999 3396 5069 vestran—
3419 4999 3691 5059 remittam

2108 5069 2318 5140 aliquos
2346 5084 2410 5152 ex
2440 5069 2870 5154 pueris’nostris,
2892 5069 2990 5154 Qui
3018 5074 3290 5154 excipiant
3319 5075 3695 5154 indequmque

2109 5143 2437 5222 necessaria,
2457 5143 2792 5222 etrevebant
2811 5143 2868 5222 in
2891 5143 3179 5222 iit-nnciam
3199 5143 3359 5200 ﬂores
3377 5143 3692 5222 Britanniae,

2107 5217 2164 5264 et
2187 5224 2294 5280 non
2319 5211 2389 5264 sit
2417 5212 2786 5280 tantummodo
2814 5213 2868 5266 in
2893 5211 3139 5267 Eboraco
3165 5215 3356 5269 hortus
3379 5213 3688 5280 conclusus.

2109 5278 2206 5354 sed
2226 5279 2474 5354 etiamin
2498 5279 2768 5354 Turonica
2795 5282 3117 5354 emissiones
3151 5285 3408 5354 paradisi.
3443 5304 3462 5337 ι
3494 5284 3576 5338 Ex
3609 5278 3696 5354 bis

2109 5349 2218 5404 duo
2243 5349 2580 5430 colligimus:
2615 5350 2868 5430 primum,
2909 5349 3196 5430 Alcuinum
3244 5355 3472 5430 Eboraci
3515 5353 3693 5409 studia

2107 5432 2204 5500 sua
2227 5418 2564 5500 confecisse;
2599 5420 3194 5500 alterum.ve_ro_multo
3219 5424 3546 5500 evidentius,
3581 5437 3694 5500 non

2106 5485 2334 5568 puteum
2355 5487 2686 5568 Parisiorum
2711 5497 2805 5568 aut
2832 5490 3192 5568 i_n_Ful_densi_
3209 5485 3556 5568 monasterio,
3597 5493 3694 5548 sed

2105 5556 2162 5633 in
2187 5557 2408 5611 civitate
2437 5555 2712 5633 “renum
2739 5559 2808 5615 ad
2828 5560 3080 5633 ‘Ligerim
3117 5564 3358 5620 scholam
3383 5555 3550 5619 suam
3565 5576 3689 5633 ere-

2105 5626 2270 5687 xisse.
2295 5639 2333 5701 ε
2356 5640 2462 5694 qua
2501 5627 2691 5686 deinde
2711 5626 3030 5701 prodierunt
3051 5633 3258 5692 tot.viri
3287 5634 3530 5692 doctrina
3559 5630 3695 5688 insi-

2107 5709 2258 5769 gnes.
2295 5693 2559 5754 Bienor.
