4070 6182
359 330 468 388 209

1834 324 2190 382 EPISTOLA“.
2201 365 2215 380 .

3523 335 3631 393 2H)

360 446 488 498 dam
509 441 660 496 Isaia:
685 442 962 511 propheta
987 439 1216 511 elogium
1243 458 1255 493 :
1296 438 1488 497 Omnes
1524 438 1754 493 sitientes
1781 437 1944 491 venite
1977 441 2022 499 Α
2048 452 2202 492 suam
2226 439 2464 495 honestis
2487 439 2693 496 artibus
2713 440 3105 506 instruxerunt,
3128 443 3256 498 etin
3282 439 3637 515 lege‘Domini

362 534 437 588 ad
464 548 628 602 aquas
649 547 668 585 :
703 541 752 585 et
793 532 883 601 qui
919 547 1024 584 non
1072 529 1270 583 habetis
1302 537 1606 598 argentum,
1640 534 1947 596 properate,

360 623 536 683 emite,
562 629 610 673 et
639 620 892 674 comedite
915 636 933 672 :
981 617 1180 684 Venite,
1207 618 1377 682 emite,
1415 618 1606 687 absque
1636 624 1869 685 argento,
1901 622 1949 667 et

363 711 558 781 absque
592 708 703 763 ulla
738 710 1142 763 commutatione
1168 709 1343 762 uinum
1371 717 1418 761 et
1446 707 1529 760 lac
1557 706 1691 777 (Isa.
1724 722 1810 771 Lv,
1842 706 1914 776 1).

437 801 567 855 Hinc
613 807 741 855 sunt
789 814 909 868 qua:
958 806 1140 853 vestra
1188 797 1525 852 nobilissima
1575 797 1800 851 intentio
1845 811 1952 850 non

362 890 599 959 ignorat,
628 887 896 958 quomodo
917 902 1014 957 per
1037 901 1226 941 omnes
1254 894 1452 940 sanctae
1484 883 1778 955 Scripturae
1806 885 1953 954 pagi—

362 993 469 1033 nas
499 977 850 1031 exhortamur
872 976 941 1030 ad
981 975 1300 1044 sapientiam
1336 974 1668 1029 discendam.
1714 974 1800 1028 Nil
1834 990 1955 1029 esse

364 1067 437 1122 ad
473 1067 687 1122 beatam
732 1066 900 1120 vitam
947 1065 1235 1120 sublimius
1286 1064 1701 1133 adipiscendam,
1755 1065 1830 1118 nil
1886 1065 1954 1120 ad

364 1157 694 1213 exercitium
711 1155 1016 1224 jucundius,
1053 1156 1131 1210 nil
1155 1164 1345 1211 contra
1371 1156 1499 1211 vitia
1538 1154 1751 1222 fortius,
1798 1157 1873 1211 nil
1899 1157 1952 1211 in

365 1249 519 1304 omni
544 1249 800 1319 dignitate
834 1247 1194 1313 laudabilius;
1234 1248 1398 1303 etiam
1434 1256 1489 1301 et
1520 1249 1813 1302 secundum
1839 1248 1956 1316 phi-

366 1337 718 1407 los0phorum
745 1336 886 1391 dicta
915 1336 990 1390 nil
1011 1336 1079 1390 ad
1108 1337 1403 1407 regendum
1427 1337 1682 1407 populum
1709 1352 1958 1393 necessa-

369 1429 510 1494 rius,
540 1428 618 1483 nil
650 1429 717 1484 ad
759 1427 1189 1498 componendam
1217 1427 1271 1481 in
1311 1428 1542 1496 optimos
1584 1443 1763 1483 mores
1791 1428 1957 1483 vitam

369 1518 588 1582 melius,
618 1533 779 1587 quam
816 1517 1095 1587 sapientia:
1121 1517 1305 1581 decus,
1333 1527 1388 1572 et
1416 1517 1712 1587 disciplinae
1751 1518 1868 1573 laus
1905 1525 1959 1571 et

370 1607 694 1664 eruditionis
730 1606 985 1663 ellicacia.
1018 1609 1172 1665 Unde
1208 1617 1264 1665 et
1290 1611 1355 1665 de
1385 1609 1545 1666 laude
1572 1611 1715 1666 illius
1744 1613 1959 1680 sapien-

373 1698 615 1754 tissimus
641 1699 909 1754 exelamat
942 1698 1086 1772 [Al.,
1126 1700 1411 1773 explanat]
1441 1700 1693 1757 Salomon
1722 1722 1734 1756 :
1772 1701 1963 1757 Melior

371 1797 450 1842 est
472 1789 727 1858 sapientia
754 1770 953 1842 cunctis
976 1790 1363 1858 pretiosissimis
1379 1770 1409 1855 ,v
1434 1800 1483 1845 et
1510 1808 1659 1845 omne
1686 1793 1957 1846 desidera-
1986 1770 2034 1830 Β

376 1877 480 1931 bile
521 1877 571 1931 ei
610 1893 714 1931 non
749 1885 913 1946 potest
955 1879 1270 1948 comparari.
1308 1879 1438 1934 Haec
1472 1890 1547 1934 est
1583 1898 1700 1951 qua:
1736 1880 1957 1935 humiles

376 1965 596 2029 exultat,
611 1982 728 2036 quae
746 1966 989 2021 sublimes
1009 1967 1251 2023 honorat.
1272 1967 1374 2022 Per
1395 1968 1541 2023 illam
1560 1986 1701 2041 reges
1720 1980 1957 2040 regnant,

377 2066 430 2110 et
456 2055 626 2126 legum
648 2056 938 2111 conditores
957 2057 1108 2126 justa
1130 2057 1432 2112 decernunt.
1464 2059 1569 2115 Per
1589 2059 1736 2114 illam
1761 2061 1960 2131 princi-

377 2164 470 2218 pes
502 2149 755 2217 imperant
799 2157 847 2201 et
888 2157 1116 2219 potentes
1153 2149 1435 2204 decernunt
1475 2150 1761 2221 justitiam.
1811 2150 1962 2204 Beati

379 2237 473 2307 qui
506 2236 804 2291 custodiunt
829 2238 937 2291 vias
964 2238 1098 2308 ejus,
1127 2246 1175 2291 et
1210 2238 1344 2291 beati
1373 2239 1460 2309 qui
1491 2237 1702 2309 vigilant
1727 2238 1796 2291 ad
1826 2237 1964 2307 fores

377 2325 526 2381 illius
551 2328 783 2397 quotidie
819 2326 999 2399 (Prov.
1043 2343 1173 2393 vm,
1213 2328 1274 2381 11
1307 2326 1493 2398 seqq.).
1524 2326 1609 2381 Ad
1650 2327 1790 2381 hanc
1816 2326 1964 2381 omni

380 2416 563 2471 studio
584 2415 892 2472 discendam
915 2425 968 2471 et
988 2416 1299 2485 quotidiana
1313 2416 1570 2469 exercitio
1588 2416 1967 2484 possidendam

381 2506 705 2572 exhortare,
755 2507 951 2561 domne
996 2522 1120 2573 rex,
1160 2507 1387 2576 juvenes
1412 2522 1654 2575 quosque
1681 2508 1735 2561 in
1766 2506 1966 2576 palatio

380 2596 714 2652 excellentia:
743 2606 955 2661 vestrae,
985 2606 1251 2666 quatenus
1297 2598 1350 2652 in
1381 2613 1444 2652 ea
1480 2597 1765 2667 proﬁciant
1809 2604 1967 2652 aetate

381 2686 613 2752 ﬂorida,
666 2695 726 2741 ut
776 2686 844 2741 ad
888 2688 1149 2742 honorem
1173 2688 1425 2742 canitiem
1475 2702 1625 2742 suam
1672 2687 1968 2756 perducere

382 2779 531 2849 digni
558 2779 890 2843 habeantur,
930 2787 984 2833 et
1026 2794 1123 2850 per
1146 2794 1266 2833 eam
1294 2779 1360 2833 ad
1395 2788 1709 2849 perpetuam
1752 2778 1967 2831 valeant

381 2870 665 2940 pervenire
684 2870 1088 2925 beatitudinem.
1117 2871 1230 2941 Ego
1254 2885 1402 2936 vero,
1429 2872 1723 2926 secundum
1749 2871 1967 2925 modum

384 2960 638 3030 ingenioli
665 2960 790 3025 mei,
817 2961 954 3030 apud
982 2976 1165 3016 servos
1186 2968 1396 3017 vestros
1424 2962 1478 3015 in
1506 2961 1592 3015 his
1617 2961 1862 3031 partibus
1886 2974 1971 3015 se-

2049 528 2290 582 meditati
2318 536 2444 583 sunt
2470 530 2557 584 die
2581 545 2646 584 ac
2671 538 2846 595 nocte,
2873 538 3030 585 aetate
3060 530 3120 585 fit
3144 531 3501 598 doctior,-usu
3536 537 3635 590 tri-

2050 616 2188 681 tior,
2220 631 2475 685 processu
2507 617 2762 686 temporis
2791 619 3121 687 sapientior;
3153 628 3209 674 et
3233 630 3478 677 veterum
3517 633 3634 679 δια·

2052 704 2261 759 diorum
2287 703 2625 759 dulcissimos
2651 704 2859 761 fructus
2900 708 3072 762 metit.
3110 728 3140 761 ι·
3165 710 3223 764 ln
3256 725 3363 780 qua
3388 709 3634 779 epistola,

2052 795 2119 850 de
2159 794 2437 862 sapientia:
2466 794 2641 861 laude,
2668 804 2723 850 et
2748 805 2989 852 veterum
3025 801 3233 856 studiis
3258 802 3413 871 plura
3439 809 3635 871 potest,

2052 886 2140 940 cui
2163 885 2445 954 placuerit,
2484 885 2681 955 legere,
2708 894 2762 941 et
2790 887 3089 958 intelligere
3129 899 3389 960 quantum
3428 900 3639 946 veteres

2054 976 2110 1031 in
2138 976 2331 1030 decore
2363 976 2639 1045 sapientia:
2666 975 2861 1032 ﬂorere
2904 978 3241 1033 studuerunt.
3279 980 3339 1034 In
3369 981 3508 1035 hane
3535 994 3625 1035 ve-

2054 1072 2223 1119 stram
2247 1065 2357 1120 Deo
2380 1065 2686 1131 amabilem,
2712 1074 2767 1121 et
2788 1065 2913 1121 vita:
2939 1066 3262 1121 laudabilem
3288 1082 3499 1136 semper
3518 1083 3643 1137 pro-

2054 1154 2218 1209 ﬁcere
2239 1160 2295 1209 et
2323 1154 2556 1224 gaudere
2584 1155 2777 1225 agnovi
2818 1155 3180 1226 diligentiam;
3229 1166 3285 1211 et
3310 1156 3641 1212 nobilitatem

2054 1245 2330 1302 saecularis
2375 1246 2639 1315 prosapiae
2689 1246 2893 1315 majore
2939 1248 3137 1302 mentis
3164 1247 3443 1303 nobilitate
3480 1262 3641 1303 exor-

2057 1350 2207 1390 nare.
2235 1335 2293 1389 In
2318 1350 2425 1404 qua
2451 1334 2715 1391 Dominus
2739 1344 2925 1391 noster
2960 1334 3117 1392 Jesus
3142 1335 3410 1401 Christus,
3441 1337 3533 1405 qui
3561 1342 3649 1392 est

2058 1425 2232 1480 virtus
2253 1432 2308 1479 et
2335 1425 2597 1495 sapientia
2622 1426 2739 1492 Dei,
2769 1432 2822 1481 te
2850 1427 3137 1492 custodiat,
3168 1434 3224 1481 et
3252 1425 3471 1491 exaltet,
3494 1433 3549 1481 et
3574 1425 3643 1480 ad

2059 1515 2285 1583 gloriam
2322 1515 2496 1569 beatae
2531 1521 2587 1568 et
2626 1521 2899 1584 perpetuae
2941 1514 3166 1569 visionis
3207 1528 3318 1570 suae
3361 1512 3645 1583 pervenire

2061 1605 2246 1661 faciat.

2554 1670 2583 1712 ι’
2604 1675 2934 1731 EPISTOLA
2975 1675 3154 1730 XLIV.

2440 1784 2518 1821 AD
2573 1782 2925 1821 DAMOETAS!
2987 1782 3255 1821 FILIUM.

2670 1836 2844 1906 (Anno
2872 1835 3019 1906 796.)

2064 1924 2323 1993 Prospera
2363 1933 2605 1993 precatur
2631 1924 2774 2045 amitti
2805 1925 2862 2046 ἱιί
2896 1925 3128 2005 Iros-tem,
3170 1936 3216 1979 et
3255 1924 3319 1978 de
3357 1924 3645 1977 amicorum

2674 2010 2702 2045 o
2727 2002 2773 2046 et
2799 2011 2829 2046 a
2866 2003 3055 2046 sentta.

2674 2002 2773 2046 olet
2799 2002 3055 2047 absentia.

2132 2082 2356 2135 Flaccus
2380 2080 2606 2135 Alliuus
2638 2090 2658 2118 ο
2692 2080 2874 2136 Flavio
2905 2082 3164 2137 Damoeta:
3190 2080 3299 2136 tilio
3331 2081 3648 2136 charissimo

2064 2172 2314 2227 salutem.

2137 2264 2265 2318 Tua:
2290 2264 2596 2333 congaudeo
2627 2262 2921 2329 dilectioni,
2949 2272 3003 2319 et
3030 2271 3296 2333 praestans
3333 2258 3648 2334 [praestitas]

2064 2352 2189 2408 fidei
2216 2352 2593 2422 congratulor:
2631 2353 2756 2423 quia
2785 2368 3000 2423 semper
3025 2354 3223 2423 ubique
3249 2361 3304 2408 te
3326 2352 3537 2407 ﬁdelem
3569 2351 3651 2405 in-

2065 2443 2186 2498 veni
2212 2483 2227 2510 ,
2271 2450 2326 2497 et
2354 2442 2672 2498 benevolum
2702 2458 2826 2512 erga
2866 2457 2951 2497 me
2989 2445 3200 2514 agnovi,
3231 2445 3371 2499 sicut
3400 2442 3568 2497 ﬁlium
3597 2441 3651 2496 in

2066 2542 2278 2603 patrem
2302 2548 2317 2588 :
2358 2549 2459 2588 nec
2486 2534 2645 2588 aliter
2671 2533 2868 2597 inveni,
2900 2534 3002 2587 nisi
3030 2541 3088 2586 ut
3117 2534 3363 2588 voluntas
3394 2541 3484 2586 tua
3511 2545 3653 2586 sem-

2065 2640 2164 2695 per
2196 2639 2368 2679 meam
2409 2623 2693 2678 subsecuta
2742 2629 2823 2677 est
2864 2622 3217 2676 voluntatem.
3265 2622 3390 2675 Ideo
3434 2620 3650 2675 taedium

2066 2718 2230 2771 habet
2255 2715 2467 2769 animus
2492 2729 2644 2767 meus
2673 2712 2737 2766 de
2767 2712 3006 2767 absentia
3032 2711 3185 2766 faciei
3217 2717 3351 2766 tum:
3387 2718 3565 2763 tamen
3598 2709 3652 2763 in

2070 2802 2332 2858 cbaritate
2378 2800 2557 2855 cordis
2586 2798 2693 2852 mei
2742 2806 2794 2852 te
2837 2812 3047 2867 seraper
3088 2804 3407 2868 praesentem
3437 2795 3649 2860 habeo,

2068 2890 2344 2958 Deumque
2370 2903 2467 2957 pro
2495 2896 2583 2941 tua
2615 2887 2872 2956 deprecor
2912 2887 3292 2956 prosperitate,
3327 2896 3387 2939 ut
3432 2893 3486 2939 te
3519 2884 3653 2938 mihi

2070 2982 2122 3035 in
2153 2978 2427 3051 gaudium,
2458 2978 2661 3047 tibique
2693 2976 2790 3045 ipsi
2817 2977 2870 3030 in
2900 2977 3128 3032 salutem
3158 2975 3413 3047 longaevis
3436 2988 3653 3029 conser-

384 3052 593 3106 minare
623 3052 898 3121 sapientiae
916 3066 1081 3121 grana
1104 3066 1294 3120 segnes
1321 3051 1449 3124 [Al.,
1483 3051 1683 3123 segnis]
1714 3067 1820 3107 non
1846 3065 1963 3115 ero,

2072 3085 2204 3124 vare
2231 3069 2478 3139 dignetur
2506 3067 2854 3136 temporibus.
2891 3065 2999 3121 Sed
3027 3066 3181 3121 valde
3223 3064 3482 3119 sollicitus
3531 3076 3652 3117 sum

388 3155 602 3196 memor
638 3142 783 3196 illius
815 3142 1093 3197 sententias
1119 3159 1131 3195 :
1166 3141 1323 3195 Mane
1363 3143 1561 3196 semina
1592 3159 1764 3196 semen
1796 3152 1963 3205 tuum,

386 3236 440 3282 et
482 3245 684 3298 vespere
732 3246 836 3284 non
867 3239 1026 3284 cesset
1067 3246 1254 3284 manus
1299 3239 1429 3295 tua;
1466 3231 1589 3300 quia
1632 3232 1795 3285 nescis
1843 3231 1967 3301 quid

385 3322 556 3391 magis
592 3322 812 3386 oriatur,
840 3322 938 3375 hoc
959 3338 1027 3375 an
1057 3321 1211 3376 illud.
1241 3320 1310 3375 Et
1342 3322 1387 3375 si
1410 3331 1628 3392 utraque
1648 3320 1824 3388 simul,
1858 3338 1970 3375 me-

390 3409 498 3464 lius
523 3419 598 3464 est
626 3410 818 3481 (Eccle.
848 3427 922 3476 ιιι,
950 3411 1027 3482 6).

472 3510 500 3540 ι
533 3496 691 3553 Mane
723 3498 847 3570 [Al.,
878 3499 1064 3572 Multa]
1087 3498 1400 3554 ﬂorentibus
1422 3512 1521 3567 per
1545 3506 1754 3554 aetatem
1781 3498 1973 3554 studiis

392 3590 656 3645 seminari
671 3590 725 3643 in
741 3591 1033 3647 Britannia.
1058 3590 1210 3645 Nune
1223 3604 1349 3645 vero
1369 3589 1692 3661 frigescente
1715 3592 1974 3662 sanguine

391 3680 550 3750 quasi
580 3693 802 3749 vespere
829 3679 884 3734 in
909 3679 1137 3734 Francia
1160 3679 1426 3734 seminare
1458 3693 1566 3733 non
1596 3693 1766 3735 cesso.
1811 3678 1971 3734 Utra-

395 3785 501 3840 que
524 3770 691 3835 enim,
717 3769 812 3824 Dei
837 3769 1010 3840 gratia
1036 3769 1288 3834 donante,
1315 3767 1449 3822 oriri
1472 3775 1685 3836 optans.
1717 3767 1842 3822 Mihi
1870 3766 1972 3822 fra-

395 3869 487 3916 cto
511 3875 737 3930 corpore
763 3860 956 3915 solatio
998 3868 1084 3915 est
1124 3859 1388 3915 sententia
1435 3858 1606 3914 sancti
1639 3858 1970 3930 Hieronymi,

396 3949 490 4020 qui
512 3950 588 4004 ait
608 3949 662 4003 in
684 3949 909 4019 epistola
925 3948 1119 4021 (Epist.
1138 3948 1229 4021 52)
1247 3950 1314 4004 ad
1333 3948 1718 4019 Nepotianum:
1739 3968 1758 4002 ι
1778 3948 1974 4006 Omnes

396 4054 535 4110 pene
561 4037 669 4111 54
693 4039 922 4095 virtutes
947 4040 1188 4109 corporis
1232 4047 1507 4094 mutantur
1536 4040 1590 4094 in
1625 4041 1839 4097 senibus
1865 4080 1879 4105 ,
1921 4046 1977 4096 et

400 4138 677 4184 crescente
705 4128 819 4185 sola
847 4130 1106 4200 sapientia
1131 4130 1449 4185 decrescunt
1471 4137 1687 4185 caetera.
1720 4149 1739 4183 ι
1767 4129 1833 4184 Et
1855 4136 1976 4200 post

401 4216 673 4286 paululum
700 4235 714 4270 :
757 4235 776 4270 ι
808 4216 1066 4274 Senectus
1081 4233 1212 4276 vero
1231 4233 1417 4274 eorum
1439 4218 1531 4289 qui
1560 4219 1974 4277 adolescentiam

474 4383 502 4412 ι
530 4370 689 4444 Hane
719 4412 734 4426 .
861 4412 877 4427 .
915 4373 1162 4444 seminari
1202 4373 1258 4427 in
1289 4372 1589 4444 Britannia.
1637 4372 1766 4444 Inde
1808 4374 1973 4444 aliqui

405 4441 747 4512 concludunt,
778 4442 1059 4512 Alcninum
1099 4444 1398 4512 praecipuas
1420 4442 1819 4512 Britanniarum
1853 4441 1976 4498 aca—

405 4510 611 4583 demias
624 4511 996 4583 perlustrasse.
1015 4510 1214 4583 Ferunt
1234 4511 1468 4583 Annales
1486 4510 1972 4583 cantabrigienses,

405 4579 549 4649 inea
575 4579 853 4649 academia
880 4588 1001 4649 post
1024 4580 1220 4635 Bedam
1250 4580 1498 4635 docuisse
1535 4579 1840 4635 Alcuintim.
1873 4580 1978 4636 Sed

406 4648 539 4718 nihil
564 4647 742 4704 obstat
762 4647 1068 4718 quo—minus
1108 4650 1334 4704 Eboraci
1359 4665 1671 4714 remanens,
1718 4651 1771 4703 in
1810 4659 1976 4705 totam

405 4717 651 4788 Angliam
677 4717 934 4774 doctrina:
964 4719 1136 4788 lucem
1163 4718 1428 4788 effuderit.
1458 4719 1535 4772 Ex
1564 4734 1629 4774 eo
1655 4719 1772 4773 loco
1792 4720 1981 4788 proba-

409 4793 496 4855 tur
520 4787 839 4852 evidentius,
869 4802 1051 4843 senem
1083 4786 1250 4842 fuisse
1270 4785 1578 4855 Alcuinum,
1608 4803 1731 4842 cum
1761 4785 1982 4844 Turoni-

407 4853 508 4908 bus
532 4855 773 4910 scholam
803 4858 993 4912 erexit.
1023 4856 1286 4910 BASNAGE.

479 4924 507 4963 ιι
535 4924 691 4997 Ιξξᾴἰι.Δ
712 4924 962 4997 Quercet.
996 4924 1315 4997 95Lcanisii
1338 4924 1407 4978 47
1437 4922 1828 4997 (Ριξοιιθιιηὸεὶ).

483 5003 505 5031 ο
536 4991 1020 5049 FlavioDomaztaz.
1069 4994 1257 5050 Fuisse
1298 4991 1456 5049 hunc
1481 4994 1657 5049 virum
1700 4991 1981 5060 illustrem,

413 5061 553 5135 domi
580 5062 891 5135 militiaeque
915 5071 1391 5135 strenuum,patet
1421 5078 1495 5135 ex
1513 5062 1615 5135 hac
1640 5072 1696 5135 et
1740 5066 1986 5135 sequenti

414 5131 657 5203 epistola,
684 5133 776 5203 ubi
798 5130 948 5203 Altunc
979 5133 1035 5187 in
1057 5130 1296 5203 exercitu
1323 5130 1499 5187 Caroli
1511 5130 1988 5203 _Magni,Sa_xones

412 5200 755 5284 debellatum,
787 5201 898 5284 j-uri
919 5203 1150 5284 dicundo
1192 5200 1700 5284 fuissenpraefectum
1729 5202 1988 5284 liquetex

410 5266 499 5322 his
518 5270 697 5327 verbis
723 5266 747 5325 ἐ
788 5266 1219 5354 universal-um
1265 5266 1450 5327 auditu
1476 5286 1756 5326 causarum
1775 5266 1989 5342 iustitia

408 5352 614 5408 semper
641 5350 841 5396 resonet
865 5342 919 5395 in
945 5358 1052 5396 ore.
1081 5341 1261 5397 CANIS.
1779 5341 1784 5342 γ

485 5405 512 5445 ει
538 5406 617 5462 De
641 5409 826 5465 itinere
868 5411 926 5464 in
951 5410 1168 5464 hostem.
1215 5409 1475 5475 Saxones,
1525 5417 1586 5464 ut
1618 5408 1778 5465 infra.
1816 5409 1873 5466 id
1911 5410 1990 5463 fa-

413 5482 564 5549 ctum
588 5487 772 5549 censet
799 5478 1136 5549 Mabillonius
1160 5496 1300 5534 anno
1331 5480 1452 5535 785.
1500 5479 1790 5549 Praaplacet
1808 5479 1990 5549 opinio

413 5544 591 5621 P_agii,
621 5548 735 5617 qui,
777 5564 927 5604 num.
953 5548 1043 5615 2‘2,
1079 5549 1313 5617 epistolae
1359 5549 1483 5604 huic
1516 5544 1714 5604 ann'um
1762 5544 1864 5604 796
1906 5563 1991 5603 as-

414 5623 663 5741 ﬂg'n
686 5694 833 5741 tuum
864 5686 1199 5759 confessione.
1232 5685 1487 5743 Hortatur
1509 5687 1732 5744 militem
1762 5696 1820 5743 ut
1868 5697 1991 5745 ante

2071 3160 2095 3201 ἀ
2126 3162 2191 3217 de
2215 3161 2407 3215 itinere
2437 3168 2541 3214 tua:
2566 3157 2913 3230 profectionis
2938 3159 2992 3211 in
3019 3158 3250 3223 hostem,
3271 3156 3395 3228 quia
3420 3156 3653 3227 plurima

2073 3251 2247 3306 solent
2283 3250 2339 3303 in
2382 3248 2577 3304 talibus
2603 3248 2816 3302 evenire
2854 3247 3090 3318 pericula
3119 3249 3299 3302 rebus.
3334 3246 3536 3300 Tamen
3563 3243 3655 3314 qui

2065 3335 2330 3407 justitiam
2351 3338 2513 3391 habet
2542 3336 2703 3390 eundi
2725 3342 2778 3390 et
2797 3350 2896 3405 pro
2918 3335 3028 3390 Deo
3056 3333 3651 3399 decertandi,liduciam

2071 3439 2252 3504 potest
2276 3431 2478 3485 habere
2509 3429 2573 3485 de
2598 3429 2797 3485 auxilio
2825 3429 2986 3494 illius,
3016 3444 3115 3500 pro
3139 3430 3292 3499 cujus
3320 3440 3504 3482 amore
3528 3433 3653 3479 tan-

2074 3529 2186 3577 tum
2228 3519 2409 3576 subire
2456 3519 2691 3573 laborem
2745 3534 2851 3572 non
2901 3516 3172 3572 formidat.
3221 3516 3302 3571 Tu
3343 3529 3471 3568 vero
3501 3524 3525 3551 θ
3557 3512 3657 3566 iter

2073 3621 2226 3667 tuum
2252 3608 2588 3665 confessione
2616 3606 2953 3670 confirmare,
2982 3604 3339 3675 eleemosynis
3373 3603 3654 3664 roborum,

2074 3700 2410 3757 orationibus
2438 3712 2714 3752 servorum
2740 3695 2835 3749 Dei
2859 3695 3093 3764 undique
3118 3693 3330 3748 munire
3350 3696 3653 3746 memento:

2074 3797 2134 3844 ut
2163 3786 2386 3857 angelus
2414 3784 2625 3839 Domini
2659 3791 2713 3838 te
2741 3783 2884 3837 inter
2909 3782 3087 3837 omnia
3116 3782 3342 3836 adversa
3368 3788 3582 3837 tueatur
3603 3789 3656 3836 et

2075 3876 2390 3938 comitetur,
2436 3878 2699 3943 quatenus
2740 3888 2861 3927 cum
2896 3872 3188 3927 securitate
3226 3870 3393 3925 vadas
3436 3880 3491 3925 et
3533 3887 3656 3927 cum

2074 3980 2207 4039 pace
2232 3962 2543 4019 revertaris.

2146 4053 2251 4127 55
2276 4054 2389 4123 Ego
2416 4067 2567 4123 pene,
2598 4051 2750 4121 quasi
2772 4050 2993 4105 orbatus
3020 4048 3166 4112 filiis,
3211 4060 3463 4102 remaneo
3484 4044 3655 4100 domi.

2074 4144 2315 4198 Damoeta
2339 4140 2651 4205 Saxoniam,
2675 4139 2940 4194 Homerus
2960 4135 3187 4198 Italiam,
3220 4135 3242 4173 ί
3257 4131 3525 4189 Candidus
3544 4132 3661 4187 Bri-

2075 4232 2316 4290 tanniam
2341 4231 2586 4297 recessit,
2616 4229 2879 4286 Martinus
2922 4230 2947 4269 8
2972 4228 3030 4282 in
3058 4225 3218 4294 Vicos
3244 4224 3384 4296 apud
3412 4221 3472 4278 S.
3500 4219 3663 4279 Jodo-

2075 4384 2320 4456 praelium
2333 4384 2709 4456 sacramenta“
2735 4383 3069 4456 confessione
3079 4379 3521 4456 peceata_expiet,
3544 4377 3660 4431 lau-

2078 4449 2205 4531 dato
2232 4454 2442 4531 priscis
2448 4453 2708 4531 militibus
2730 4467 2902 4531 more,
2927 4452 3018 4531 qui
3049 4449 3100 4507 ei
3128 4451 3269 4531 apud
3300 4449 3661 4531 Normanno§.

2081 4468 2205 4511 nato
2232 4470 2426 4534 priscis
2450 4468 2708 4534 mutunus
2734 4468 2902 4517 more,
2927 4468 3018 4573 qut
3049 4468 3100 4507 et
3128 4468 3269 4520 apua
3300 4468 3660 4509 uormannos,

2081 4528 2147 4580 de
2172 4524 2367 4592 quibus
2395 4521 2612 4592 thhel.
2642 4521 2914 4575 Malmesb.
2967 4522 3038 4575 ιι).
3066 4536 3151 4575 ιιι.
3177 4520 3309 4589 Reg.
3334 4517 3514 4588 Angl.,
3545 4523 3660 4592 tpta

2080 4585 2242 4649 nocte
2288 4589 2612 4646 confessioni
2658 4598 3003 4659 peccatorum
3049 4585 3320 4652 vacantes,
3372 4585 3529 4641 mane
3554 4585 3662 4640 Do-

2081 4662 2280 4716 minico
2303 4675 2529 4728 corpore
2558 4658 3059 4725 conimunicarunt;
3107 4658 3315 4728 pedites
3350 4671 3473 4711 cum
3500 4668 3657 4710 arcu,

2079 4733 2182 4810 bus
2211 4730 2660 4810 etsagilttisz‘etc.
2691 4728 2927 4810 ϐιαίας...
3057 4795 3093 4810 Α
3367 4793 3428 4810 ν

2156 4799 2177 4839 ί
2208 4791 2476 4854 Candidus
2500 4791 2850 4852 Britanniam.
2881 4797 3035 4852 Hunc
3054 4795 3347 4853 Candidum
3367 4791 3663 4848 Lindisfaro

2084 4870 2265 4924 nensis
2286 4868 2541 4925 Ecclesia:
2577 4867 2896 4937 alumnumt
2917 4866 3191 4937 Higebaldi
3227 4862 3465 4935 episcopi
3499 4860 3661 4937 disci-

2082 4939 2269 5010 pulum
2297 4938 2428 5010 facit
2465 4937 2731 5010 Lelandus
2759 4936 2826 4991 de
2860 4928 3065 5005 ’Script.
3096 4928 3497 5010 B_rita_ﬁn.ucap.
3528 4928 3660 5010 .400,

2083 4997 2138 5078 ί).
2170 5009 2293 5081 ἱᾷὄ,
2333 5007 2443 5081 ubi
2462 5005 2633 5081 refert
2656 4997 3015 5081 fragmentum
3060 5003 3295 5081 epistolze
3334 4997 3543 5081 Alcuini
3587 4998 3663 5081 ad

2086 5066 2334 5131 cumdem
2379 5066 2771 5146 Higebaldum:
2800 5089 2907 5144 quo
2932 5066 3250 5146 ACandidum
3281 5070 3443 5146 tacito
3483 5066 3665 5146 studio

2086 5135 2503 5270 ἓςξὲἑξιέηὲὲιξᾶ
2535 5145 2645 5200 vid.
2673 5135 2837 5215 supra
2862 5142 3018 5214 epist.
3059 5141 3094 5196 8
3128 5140 3294 5212 (nunc
3334 5138 3408 5209 9),
3443 5137 3511 5192 ad
3534 5135 3663 5190 Lin-

2124 5231 2140 5268 ι
2455 5251 2473 5265 .

2124 5231 2473 5268 tsrarnenses.

2164 5285 2190 5322 Β
2216 5280 2284 5353 1_n
2325 5279 2473 5353 Vicos
2499 5283 2639 5353 apud
2668 5280 2729 5353 S.
2757 5280 3042 5353 Jodocum.
3064 5278 3141 5353 De
3169 5275 3389 5353 cella_S.
3413 5272 3604 5353 _Jodo_ei
3631 5287 3663 5326 a

2090 5350 2281 5407 Carolo
2312 5349 2507 5405 collata
2531 5342 2789 5414 'Alcuino,
2828 5348 2953 5404 alibi
2993 5348 3244 5404 diximus.
3293 5348 3373 5401 Ex
3413 5347 3517 5401 hoc
3543 5342 3664 5398 loco

2090 5419 2338 5489 Baluzius
2366 5419 2422 5489 in
2444 5426 2557 5474 not.
2604 5419 2671 5475 ad
2695 5417 2942 5489 epist._ll
2973 5417 3110 5489 Lupi
3139 5418 3348 5489 abbatis
3371 5415 3666 5472 Ferraren-

2091 5490 2166 5546 sis
2204 5487 2426 5561 colligit,
2470 5489 2676 5561 Vieum_
2705 5486 3232 5561 sitquuentavicum
3270 5487 3408 5561 idem
3445 5497 3564 5541 esse
3599 5497 3665 5537 ac

2094 5555 2478 5615 monasterium
2532 5557 2589 5614 S.
2647 5556 2875 5625 Jodoei,
2929 5557 3085 5627 vulgo
3107 5598 3121 5622 ,
3190 5555 3666 5612 Saint-Josse-sur-

2092 5644 2221 5683 mer.
