4054 6182
407 355 506 418 ill

408 563 714 635 depreceris
758 560 1098 616 clementiam
1117 598 1134 623 ,
1184 558 1382 613 obnixe
1425 557 1627 627 ﬁagito.
1684 559 1758 613 De
1788 557 1992 628 Mopso,

406 653 501 723 qui
528 652 669 723 apud
699 651 756 706 S.
786 649 1099 714 Martinum,
1146 649 1284 703 sicut
1313 648 1532 713 audisti,
1559 648 1861 702 inﬁrmatus
1889 659 1993 713 est,

404 742 544 798 nihil
576 741 721 796 aliud
763 740 943 795 audivi
991 747 1240 804 certum;
1280 754 1379 794 nee
1417 747 1469 793 te
1512 741 1771 803 abeunte,
1802 740 1998 795 missos

402 833 548 888 illius
581 832 710 887 vidi.
760 830 867 886 Sed
891 844 1029 901 pene
1058 830 1277 885 tristitia
1313 837 1457 884 totus
1497 831 1782 899 absorptus
1822 829 1898 884 fui
1942 831 1996 884 in

402 934 430 963 ι
460 921 573 976 ﬁlia
596 936 738 986 mea,
788 936 907 990 quae
938 928 1049 975 tres
1083 920 1198 975 dies
1223 935 1360 991 pene
1390 919 1675 989 desperata
1712 917 1851 984 fuit;
1902 921 1995 975 sed

401 1012 585 1077 modo,
633 1012 865 1067 donante
892 1011 1071 1066 divina
1100 1010 1494 1074 misericordia,
1523 1025 1622 1080 per
1664 1024 1853 1079 preces
1884 1026 1997 1065 scr-

401 1115 595 1156 vorum
624 1099 721 1155 Dei
756 1106 812 1154 et
860 1099 1324 1170 eleemosynarum
1371 1099 1675 1169 largitatem
1708 1100 1843 1155 bene
1868 1116 1996 1155 cou-

401 1190 560 1246 solati
587 1204 773 1245 sumus
813 1188 867 1242 in
889 1203 975 1255 ea,
1006 1190 1130 1258 quia
1173 1190 1311 1244 bene
1353 1197 1670 1259 recuperata
1708 1199 1812 1245 est.
1857 1191 1995 1246 Ecce

402 1280 652 1351 qualibus
697 1287 854 1350 pater
881 1288 1005 1334 tuus
1048 1281 1284 1350 agitatus
1324 1288 1407 1335 est
1439 1280 1730 1335 ﬂuctibus!
1774 1281 1883 1345 Tu,
1919 1282 1992 1335 ﬁli

402 1369 761 1433 eharissime,
822 1383 943 1423 eum
1014 1377 1121 1424 tua:
1171 1368 1489 1422 reverentia:
1535 1369 1993 1424 commilitonibus

398 1473 501 1529 pro
533 1472 606 1513 eo
635 1458 967 1513 intercedere
1007 1467 1213 1529 satage,
1258 1466 1524 1528 quatenus
1549 1460 1775 1530 spiritus
1802 1475 1993 1516 conso-

400 1546 620 1602 lationis
646 1547 748 1602 bos
769 1545 886 1614 ejus
915 1548 1082 1602 animi
1127 1557 1306 1603 motus
1340 1549 1629 1617 tranquilla
1670 1563 1803 1619 pace
1840 1565 1989 1604 com-

397 1650 606 1705 ponere
639 1634 928 1706 dignetur;
965 1645 1020 1691 et
1066 1637 1232 1692 David
1277 1637 1534 1693 dilectum
1565 1654 1719 1693 suum
1744 1680 1758 1704 ,
1808 1649 1862 1693 et
1898 1656 1993 1696 vos

399 1743 593 1783 omnes
646 1728 881 1782 victores
930 1743 1051 1783 cum
1106 1729 1301 1797 gaudio
1351 1729 1575 1784 reducat
1630 1730 1683 1782 in
1736 1730 1986 1797 patriam.

1271 357 1331 412 B.
1372 357 1434 413 F.
1473 355 1700 412 ALBINI
1737 355 1868 413 SEU
1908 356 2183 414 ALCUINI
2220 355 2500 415 OPERUM
2540 353 2720 411 PARS
2757 353 2796 409 Ι.

406 488 534 530 cum
580 470 829 527 inﬁrmus
854 468 1129 531 remansit,
1181 482 1280 536 pro
1316 464 1471 536 cujus
1502 463 1765 533 sanitate,
1812 476 1875 522 ut
1899 468 1994 521 Dei
2022 480 2074 537 Α

3574 355 3684 411 219

2586 499 2608 527 ο
2636 485 2971 542 EPISTOLA
3009 482 3191 542 XLVI.

2689 658 2757 697 AD
2783 658 3084 699 DAIGTAI.

2096 772 2308 855 Gratias
2335 775 2569 855 agit-pro
2612 775 2789 855 dono;
2823 776 3066 855 hortatur
3110 778 3182 855 ad
3197 779 3468 855 justitiam
3504 784 3696 855 cuique

2253 844 2547 914 faciendam
2572 861 2590 909 ;
2623 854 2777 914 atque
2801 847 2957 899 amici
2984 844 3215 917 suspirat
3237 849 3537 906 adventum.

2171 999 2190 1038 ι
2218 997 2403 1052 Flavio
2440 998 2699 1053 Damoeta:
2736 999 2854 1053 viro
2898 998 3200 1054 clarissimo
3224 1000 3516 1069 plurimam
3540 1001 3695 1059 Albi~

2095 1106 2199 1145 nus
2218 1097 2495 1159 perpetua:
2525 1088 2677 1158 pacis
2701 1089 2951 1143 salutem.

2164 1205 2239 1258 De
2261 1211 2440 1258 vestra
2465 1203 2619 1258 valde
2648 1204 2857 1274 gaudeo
2885 1206 3263 1274 prosperitate,
3294 1213 3349 1260 et
3372 1206 3438 1262 de
3464 1224 3692 1265 munere

2093 1294 2377 1349 charitatis
2416 1301 2612 1349 vestrae
2653 1293 2879 1348 multum
2910 1296 3128 1363 gavisus
3175 1312 3293 1350 sum
3318 1337 3332 1361 ,
3387 1305 3466 1353 tot
3520 1314 3686 1369 agens

2093 1388 2296 1456 gratias
2326 1393 2459 1455 quot
2480 1384 2671 1440 dentes
2705 1386 2758 1439 in
2787 1387 2926 1440 dono
2955 1388 3255 1441 numeravi.
3292 1390 3318 1429 8
3346 1388 3539 1443 Mirum
3569 1391 3689 1444 ani-

2092 1478 2219 1541 mal,
2271 1477 2375 1530 duo
2404 1476 2608 1531 habens
2633 1477 2808 1545 capita
2834 1483 2887 1529 et
2917 1478 3105 1532 dentes
3142 1494 3209 1533 1.x
3229 1520 3243 1543 ,
3280 1494 3389 1534 non
3431 1480 3690 1550 elephan-

2093 1568 2219 1620 tinze
2248 1566 2654 1636 magnitudinis,
2702 1566 2797 1620 sed
2830 1567 3081 1623 eburnae
3109 1570 3548 1638 pulchritudinis.
3577 1572 3689 1628 Nec

2093 1672 2192 1727 ego
2245 1657 2404 1726 hujus
2443 1656 2629 1712 bestiae
2674 1658 2897 1712 territus
2934 1660 3162 1716 horrore
3186 1703 3201 1727 ,
3253 1663 3347 1718 sed
3390 1664 3689 1720 delectatus

2094 1752 2332 1813 aspectu.
2372 1744 2483 1799 Nec
2508 1759 2593 1799 me
2618 1744 2988 1802 frendentibus
3015 1746 3105 1802 illa
3134 1750 3405 1807 morderet
3433 1753 3689 1811 dentibus

398 1815 642 1871 :Etewae
665 1817 854 1886 patria:
888 1817 1059 1872 civem
1090 1825 1142 1872 te
1171 1817 1332 1870 faciat
1376 1816 1557 1871 divina
1585 1815 1886 1882 clementia,
1915 1818 1990 1872 di-

2097 1836 2267 1899 timui,
2319 1836 2413 1890 sed
2438 1835 2633 1890 blanda
2664 1836 2971 1892 adulatione
2997 1840 3192 1909 capitis
3217 1843 3322 1896 mei
3348 1842 3562 1912 placare
3584 1861 3683 1901 ca-

400 1907 694 1964 lectissime
723 1908 819 1962 ﬁli.

897 2063 925 2101 δ
966 2060 1301 2117 EPISTOLA
1333 2060 1492 2117 XLV.

406 2189 434 2216 ⁸
472 2193 537 2230 AD
590 2190 855 2229 RICUIJ‘L’M
913 2189 1365 2228 ARCHIEPISCOI‘UI
1417 2187 1670 2228 IAGENSIS
1719 2187 1991 2228 CIVITATIS

850 2257 1124 2297 COGNOHE‘N
1133 2258 1201 2298 το
1246 2258 1543 2299 DAIlETAI.

404 2374 484 2429 De
522 2374 757 2428 absentia
808 2373 1096 2434 amicorum
1142 2374 1416 2436 tristatur;
1466 2382 1514 2426 et
1559 2373 1627 2425 ad
1675 2382 1990 2428 a’ternorum

931 2458 1162 2496 antorem
1192 2442 1452 2495 hortatur.

460 2600 845 2655 Probatissimo
872 2596 1046 2653 amico
1069 2598 1328 2651 Dammtre
1352 2594 1578 2651 Albinus
1609 2596 1856 2651 salutem.

471 2688 707 2743 Nimium
739 2686 871 2740 mihi
913 2686 1130 2757 longum
1160 2686 1372 2739 videtur
1413 2692 1656 2754 tempus,
1707 2687 1849 2755 quod
1888 2694 1992 2741 tua:

405 2779 705 2836 dilectionis
734 2776 926 2833 faciem
952 2792 1059 2831 non
1082 2776 1211 2840 vidi,
1239 2776 1403 2829 verba
1429 2792 1537 2829 non
1559 2776 1759 2830 audivi.
1789 2776 1856 2830 Et
1876 2785 1993 2831 tan-

404 2882 522 2926 tum
542 2886 609 2926 ex
638 2869 924 2940 praesentia
946 2868 1022 2922 tui
1044 2866 1312 2937 gaudebat
1336 2867 1567 2932 animus,
1600 2875 1862 2937 quantum
1887 2866 1914 2906 d
1938 2868 1993 2922 in

403 2960 648 3018 absentia
678 2958 1051 3015 contristatur.
1101 2954 1238 3021 Quid
1263 2955 1423 3011 faciet
1448 2972 1621 3020 mens,
1655 2957 1758 3010 nisi
1790 2957 1986 3027 lugeat,

403 3053 531 3108 dum
555 3065 756 3120 paucos
776 3049 939 3103 habet
976 3046 1211 3101 amicos?
1232 3046 1373 3101 Proh
1402 3047 1591 3102 dolor!
1625 3047 1719 3101 sed
1746 3047 1823 3101 illi
1851 3063 1993 3102 sem-

2090 1927 2248 1995 pillos
2275 1927 2461 1982 adrisi.
2514 1927 2625 1983 Nec
2661 1926 2999 1984 ferocitatem
3030 1932 3084 1985 in
3131 1933 3381 1989 dentibus
3420 1935 3683 2003 intellexi,

2091 2020 2185 2074 sed
2207 2020 2527 2074 charitatem
2559 2020 2612 2073 in
2640 2021 2882 2075 mittente
2910 2022 3095 2089 dilexi,
3122 2039 3284 2093 quam
3311 2041 3525 2096 semper
3548 2027 3680 2084 ﬁde-

2090 2107 2215 2162 liter
2237 2109 2289 2163 in
2326 2108 2416 2163 illo
2442 2110 2684 2178 probavi.
2723 2109 2829 2165 Sed
2855 2121 3116 2181 quantum
3147 2114 3354 2182 gaudeo
3390 2116 3444 2170 in
3477 2119 3684 2174 amoris

2092 2196 2393 2263 dulcedine,
2438 2206 2643 2253 tantum
2666 2199 2821 2255 doleo
2848 2201 2875 2241 ιι
2904 2202 2957 2256 iu
2980 2204 3236 2259 absentite
3270 2205 3680 2277 longinquitate.

2091 2285 2392 2341 Noluissem
2428 2294 2579 2343 tanto
2603 2298 2845 2358 tempore
2890 2292 2958 2346 ab
2988 2291 3219 2348 invicem
3246 2297 3511 2365 separari;
3551 2312 3685 2365 quos

2092 2376 2331 2445 ejusdem
2362 2376 2642 2431 charitatis
2661 2377 2972 2433 dulcissima
2993 2381 3250 2451 colligant
3276 2382 3510 2437 vincula.
3547 2383 3685 2451 Quid

2093 2467 2308 2529 faciam,
2337 2466 2439 2519 nisi
2467 2466 2720 2536 lacrymis
2749 2484 2946 2537 sequar
2970 2471 3411 2538 amicum,donec
3424 2475 3683 2541 reveniat,

2094 2571 2256 2625 quem
2288 2556 2502 2611 animus
2530 2565 2680 2626 optat
2717 2559 2916 2614 habere
2946 2572 3290 2629 praesentem.

2166 2664 2211 2722 Ο
2240 2667 2315 2721 ﬁli
2344 2668 2698 2724 cbarissime!
2751 2671 2893 2725 inter
2921 2675 3301 2742 occupationes
3349 2679 3528 2733 saeculi
3573 2695 3682 2735 non

2094 2758 2414 2814 obliviscare
2462 2760 2578 2826 tui;
2638 2761 2730 2815 scd
2773 2762 2902 2816 dum
2953 2780 3149 2833 corpus
3198 2767 3373 2836 epulis
3419 2771 3682 2839 pascitur,

2095 2848 2274 2900 anima
2302 2848 2657 2919 eleemosynis
2684 2851 2979 2906 reliciatur.
3008 2852 3074 2909 Et
3096 2856 3227 2910 dum
3263 2857 3487 2930 fatigata
3509 2876 3574 2916 ex
3603 2862 3687 2917 iti-

2094 2954 2226 2991 nere
2248 2940 2488 2993 membra
2514 2940 2693 3008 quiete
2732 2943 3121 3012 refocillantur,
3165 2962 3317 3004 mens
3346 2951 3400 3005 in
3424 2952 3536 3008 Deo
3555 2970 3684 3009 ora-

2097 3029 2332 3084 tionibus
2363 3032 2685 3086 roboratur:
2734 3042 2790 3088 et
2818 3035 2871 3088 in
2914 3037 3246 3094 diversarum
3291 3042 3473 3097 auditu
3496 3060 3686 3098 causa-

402 3156 501 3211 per
524 3139 703 3211 (pene)
752 3140 1024 3193 absentes,
1072 3137 1275 3191 Tamen
1321 3138 1463 3206 quod
1494 3137 1646 3192 valeo
1674 3136 1889 3201 faciam,
1937 3145 1988 3191 ιε
2015 3156 2062 3219 C
2096 3136 2213 3219 rum
2231 3120 2444 3219 iustitia
2475 3138 2689 3219 semper
2715 3136 2931 3181 resonet
2953 3129 3007 3182 in
3034 3144 3147 3195 ore,
3184 3139 3236 3185 et
3256 3146 3322 3186 ex
3353 3133 3541 3189 intimo
3561 3150 3686 3190 cor-

402 3242 710 3283 memorans
744 3227 885 3296 apud
910 3226 1215 3291 Dominum,
1262 3226 1360 3279 tibi
1384 3240 1639 3295 prospera
1682 3241 1897 3295 semper
1922 3225 1984 3279 il-

402 3322 509 3377 lius
544 3319 842 3377 concedere
887 3320 1229 3377 clementiam
1273 3319 1604 3387 deprecans,
1657 3312 1811 3381 cujus
1856 3313 1985 3368 dile-

402 3414 582 3468 ctione
612 3421 763 3467 tuum
796 3426 1008 3479 semper
1037 3409 1319 3478 impleatur
1341 3416 1551 3477 pectus.
1578 3405 1672 3460 lla:
1693 3412 1819 3459 sunt
1848 3419 1988 3458 vene

405 3502 623 3568 divitiae,
664 3515 783 3569 quae
812 3515 1086 3569 nunquam
1115 3496 1390 3565 decipiunt
1423 3497 1727 3558 habentem,
1759 3493 1866 3565 56
1892 3508 1989 3548 nec

404 3593 461 3648 in
485 3592 601 3662 ipsa
631 3598 805 3646 morte
846 3590 1171 3644 amittantur
1193 3629 1208 3655 ,
1252 3589 1345 3643 sed
1388 3588 1509 3657 plus
1531 3586 1837 3650 abundant,
1864 3586 1990 3641 dum

401 3682 644 3737 cernitur
679 3682 833 3751 quod
866 3687 1105 3735 amatur.
1143 3677 1290 3733 Inter
1336 3676 1651 3748 temporalia
1695 3684 1751 3729 et
1789 3684 1991 3730 aeterna

403 3774 509 3829 hoc
550 3773 775 3829 interest
808 3770 975 3843 [quod
1010 3769 1327 3841 temporale]
1371 3768 1570 3839 aliquid
1598 3766 1717 3837 plus
1755 3767 1993 3837 diligitur

405 3872 695 3932 antequam
745 3862 1030 3927 habeatur,
1082 3860 1292 3915 vilescit
1336 3866 1516 3915 autem
1542 3874 1665 3914 cum
1694 3857 1987 3913 advenerit.

406 3950 693 4008 Eternum
735 3960 917 4006 autem
951 3951 1230 4007 ardentius
1267 3950 1507 4021 diligitur
1542 3950 1791 4020 adeptum
1829 3965 1991 4019 quam

401 4043 784 4100 desideratum.
811 4042 936 4100 Ideo
957 4043 1080 4115 plus
1100 4059 1342 4099 amemus
1363 4052 1564 4099 :etema
1594 4059 1755 4114 quam
1780 4053 1990 4114 tempo-

402 4136 561 4202 ralia,
600 4146 662 4191 ut
694 4136 749 4190 in
793 4136 1094 4190 aeternitate
1135 4136 1293 4191 beate
1321 4142 1377 4191 et
1415 4134 1646 4188 feliciter
1671 4136 1851 4189 vivere
1879 4150 1991 4189 me-

407 4241 643 4283 reamur.
679 4225 867 4283 Valete
901 4225 955 4280 in
979 4223 1205 4280 saecula-

478 4499 503 4528 ι
530 4486 673 4542 Filia
699 4499 833 4541 nica.
873 4486 1128 4552 Quaenam
1157 4480 1273 4540 haec
1295 4525 1308 4547 ,
1358 4494 1457 4553 pro
1491 4479 1643 4553 cujus
1682 4482 1986 4553 valetudine

408 4566 486 4647 t’ot
512 4572 721 4627 preces,
746 4556 1215 4647 tetel‘eem‘osyna},
1254 4552 1404 4647 tanta
1426 4552 1773 4635 sollicitudo?
1798 4553 1986 4607 Ausim

407 4623 609 4689 dicere,
639 4640 757 4680 esse
780 4623 1126 4694 Liutgardem
1144 4624 1321 4679 Caroli
1345 4623 1426 4678 Ma
1469 4623 1521 4677 ni
1550 4637 1794 4690 uxorem,
1826 4638 1987 4693 quam

410 4692 906 4772 ιιίριίξεὶειιιευειω
924 4700 1095 4772 veos“
1117 4691 1404 4772 ὲιοιξίηυὲλ
1422 4640 1602 4772 ξψξ-
1873 4760 1906 4772 -
1944 4762 1958 4772 .

478 4762 508 4803 ιι
529 4759 671 4816 Edit.
710 4760 960 4833 Quercet.
978 4761 1079 4833 μ,
1112 4758 1308 4833 _Canis.
1339 4760 1408 4815 50
1442 4761 1696 4831 (Froben.
1724 4760 1836 4833 40).
1867 4760 1989 4817 Col-

406 4831 516 4887 lata
544 4845 667 4886 cum
689 4830 810 4884 cod.
836 4845 938 4884 ms.
970 4829 1166 4884 Salisb.

486 4899 690 4996 {apud
721 4898 1024 4996 ‘CJanliJsiunt,
1052 4907 1106 4953 et
1132 4898 1187 4996 in
1214 4896 1409 4996 §alisb.
1454 4898 1571 4953 cod.
1603 4897 1871 4996 deest‘illa
1903 4898 1987 4952 in-

410 4966 635 5039 scriptio
661 4982 676 5021 :
706 4967 788 5048 Ad
824 4966 1093 5035 Riculfum
1120 4966 1585 5048 archiepiscopum,
1616 4966 1988 5048 etc._Querce-

406 5036 824 5118 tenus_illat_n_tn
848 5035 967 5118 cod.
1009 5035 1561 5118 Petanuonreperertt
1582 5052 1611 5118 ἰ
1634 5036 1769 5116 nihil
1804 5044 1985 5118 tamen

404 5108 617 5180 prohat,
640 5107 718 5180 ait
742 5106 1058 5180 Basuagius,
1084 5105 1238 5180 illum
1262 5105 1751 5180 Dammtam‘fuisse
1782 5107 1989 5176 episco-

405 5175 749 5260 pum.;_quin
778 5177 899 5261 imo
914 5175 1007 5261 1:er
1050 5175 1274 5258 epistola
1322 5176 1587 5261 superiori
1636 5184 1691 5231 ct
1738 5175 1985 5261 saguepti

406 5244 664 5317 coniicias
704 5247 883 5317 potius
911 5244 1277 5302 fuisse'virum
1303 5244 1640 5311 saecularem,
1673 5248 1764 5315 qui
1784 5244 1874 5314 jus
1902 5249 1985 5302 in-

407 5324 490 5370 ter
531 5316 730 5371 milites
755 5319 809 5372 in
852 5315 1085 5373 Saxonia
1128 5330 1336 5371 summa
1375 5330 1499 5371 eum
1536 5316 1792 5386 aequitate
1834 5318 1981 5373 dice-

404 5386 599 5526 ικιὲ’,1η
628 5454 870 5526 absentia
888 5457 1249 5526 contristatur.
1274 5454 1415 5526 Haec
1454 5463 1511 5511 et
1537 5456 1817 5526 sequentia
1852 5470 1981 5511 con-

404 5521 631 5596 cordant
647 5538 769 5596 eum
789 5524 949 5596 epist.
971 5525 1163 5596 priori,
1194 5525 1287 5596 ubi
1312 5521 1664 5596 conqueritur
1684 5526 1825 5596 quod
1843 5538 1981 5594 pene

404 5590 624 5646 orbatus
649 5591 771 5646 ﬁliis
795 5590 938 5648 domi
964 5590 1110 5649 solus
1132 5590 1353 5649 relictus
1378 5590 1468 5659 sit',
1495 5602 1557 5649 ut
1581 5590 1719 5650 adeo
1743 5590 1885 5649 idem
1910 5596 1982 5649 sit

403 5660 492 5717 hic
509 5668 565 5714 et
591 5660 679 5716 ille
700 5660 971 5726 Damnata,
990 5662 1071 5717 vir
1096 5677 1287 5732 nempe
1312 5663 1604 5729 secularis,
1631 5678 1738 5718 non
1767 5663 1979 5732 episco-

406 5744 527 5801 pus.

2092 3211 2176 3266 dis
2200 3211 2394 3267 all‘ectu
2417 3214 2737 3269 miserorum
2761 3221 3017 3286 procedat
3049 3220 3155 3293 [ΑΙ.
3178 3263 3191 3288 ,
3226 3225 3527 3298 proveniat]
3554 3243 3683 3282 con-

2087 3304 2300 3371 solatio,
2346 3314 2399 3359 et
2425 3321 2547 3375 spes
2571 3310 2842 3377 aequitatis
2866 3327 2974 3365 non
3009 3312 3160 3368 fallat
3181 3316 3543 3385 advenientes,
3579 3334 3682 3375 nec

2086 3396 2303 3465 pietatis
2333 3398 2509 3452 desint
2547 3398 2800 3471 suffragia
2829 3402 3266 3472 confugientibus
3300 3406 3367 3462 ad
3396 3422 3510 3473 vos,
3555 3409 3681 3476 quia

2086 3486 2261 3555 pietas
2289 3488 2343 3541 in
2372 3503 2634 3558 pauperes
2677 3501 2826 3562 gesta
2856 3502 3059 3549 :eterna
3103 3507 3482 3553 remuneratur
3505 3500 3681 3555 beati-

2091 3577 2294 3632 tudine.
2326 3578 2470 3645 Hmc,
2496 3580 2572 3635 ﬁli
2598 3583 2689 3647 mi,
2720 3582 2924 3640 faciens
2946 3584 3141 3642 ﬂoreas
3165 3587 3217 3641 in
3245 3588 3393 3641 omni
3417 3590 3678 3645 virtutum

2091 3668 2301 3734 decore,
2352 3679 2406 3725 et
2443 3680 2519 3738 te,
2554 3688 2883 3745 quocunque
2923 3679 3089 3734 vadas
3111 3719 3125 3742 ,
3173 3679 3348 3733 divina
3385 3681 3681 3737 comitetur

2089 3761 2375 3828 protectio,
2426 3771 2752 3834 euntemque
2782 3767 2982 3836 ubique
3011 3768 3240 3824 deducat
3283 3784 3557 3839 prospere,
3609 3787 3679 3827 ac

2092 3849 2404 3905 redeuntem
2444 3867 2566 3907 cum
2619 3854 2767 3908 omni
2825 3856 3184 3925 prosperitate
3239 3857 3398 3912 citius
3453 3859 3678 3913 reducat

2091 3938 2159 3992 ad
2197 3953 2315 4003 nos,
2347 3947 2406 3993 ut
2430 3940 2659 4010 gaudeat
2693 3957 2846 3998 amor
2877 3945 3051 4013 patris
3081 3944 3135 3999 in
3166 3944 3308 4011 ﬁlio,
3348 3956 3402 4000 et
3429 3946 3676 4002 laudetur

2091 4028 2231 4083 Deus
2257 4028 2474 4099 ubique,
2515 4030 2606 4099 qui
2635 4046 2762 4086 suos
2798 4030 3027 4088 famulos
3053 4035 3267 4089 sibimet
3290 4036 3516 4091 invicem
3541 4051 3676 4105 prae-

2090 4119 2325 4175 sentabit
2347 4128 2588 4176 ovantes.
2635 4122 2852 4191 Vigeas,
2880 4123 3082 4189 valeas,
3127 4131 3181 4177 et
3209 4123 3436 4191 ﬂoreas,
3474 4124 3676 4181 dulcis-

2090 4211 2225 4265 sime
2251 4211 2515 4270 Damoeta.

2014 4511 2068 4571 ι)
2167 4510 2189 4536 ο
2221 4496 2364 4553 Edit.
2396 4499 2647 4565 Quercet.
2678 4499 2765 4565 68,
2796 4499 2976 4556 Canis.
3007 4498 3070 4555 ll
3112 4501 3369 4573 (Froben.
3401 4502 3510 4572 41).

2167 4587 2187 4625 ί
2225 4585 2349 4660 Viro
2393 4587 2703 4660 clarissimo.
2755 4588 2880 4660 ljzec
2921 4592 3085 4646 verba
3130 4600 3186 4645 et
3226 4606 3346 4660 quze
3374 4599 3673 4660 sequuntur

2058 4730 2061 4731 ν
2090 4656 2314 4711 deerant
2337 4657 2392 4712 in
2413 4658 2535 4713 cod.
2569 4657 2996 4714 Sanct-Gallensi
3026 4662 3165 4731 apud
3185 4656 3480 4715 Gauisium'.

2162 4746 2268 4817 57
2299 4745 2545 4819 (Mirum
2564 4747 2785 4801 animal.
2817 4750 2893 4804 ita
2911 4748 3083 4817 jocari
3105 4750 3191 4804 hic
3213 4749 3415 4819 placuit
3441 4748 3671 4819 Alauiuo

2091 4818 2157 4873 de
2182 4816 2477 4888 ipectinea
2513 4818 2755 4888 Danueta
2785 4820 2887 4874 sibi
2915 4816 3134 4885 donato,
3181 4816 3324 4888 quod
3352 4826 3511 4887 caput
3550 4818 3670 4888 ani-

2092 4885 2248 4957 malis
2292 4885 2631 4954 prteferebat.
2679 4887 2795 4943 Huc
2838 4890 3072 4957 pertinet
3124 4885 3341 4944 carmen
3389 4885 3666 4957 impedit.

2091 4955 2367 5037 Qu_ercet.,
2395 4957 2561 5037 quod
2600 4972 2722 5012 cum
2768 4955 2871 5014 hac
2898 4959 3123 5024 epistola
3155 4974 3455 5014 connexum
3499 4955 3669 5011 fuisse

2091 5026 2327 5091 videtur,
2355 5034 2411 5079 et
2437 5026 2510 5080 ita
2538 5036 2692 5081 sonat
2719 5044 2731 5080 :

2215 5138 2378 5202 _Bestia
2400 5152 2507 5188 nam
2529 5141 2691 5202 statuto
2715 5144 2904 5202 nostras
2928 5140 3247 5202 subrepserat
3269 5138 3402 5188 aedes

2213 5198 2268 5249 In
2287 5212 2380 5260 qua
2404 5234 2416 5248 .
2444 5236 2459 5250 .
2488 5199 2617 5260 .iuit
2632 5200 2839 5259 capitum
2865 5198 3323 5260 miranda'duornm,

2215 5259 2335 5317 Quae
2359 5259 2549 5309 maxilla
2574 5268 2734 5306 tamen
2764 5261 2944 5318 pariter
2964 5264 3282 5317 coniunxerat
3303 5272 3418 5318 una,

2214 5320 2300 5371 Bis
2322 5324 2476 5369 ternis
2497 5321 2667 5367 decies
2688 5319 2775 5367 sed
2798 5319 3031 5370 dentibus
3050 5322 3235 5370 horruit
3254 5322 3353 5371 illa.

2207 5381 2329 5442 Esca
2358 5382 2447 5429 fuit
2468 5391 2698 5442 crescens
2719 5379 2899 5442 illisde
2921 5394 3128 5442 corpore
3150 5384 3273 5440 vivo,

2212 5441 2316 5491 Nec
2335 5453 2470 5501 caro,
2491 5452 2582 5501 nec
2597 5438 2782 5499 fruges,
2808 5439 2992 5490 fructus
3009 5438 3102 5492 uec
3124 5446 3232 5491 vina
3253 5438 3505 5492 bibentum

2208 5499 2670 5559 Deutibus‘edebat,
2695 5501 2856 5560 patulo
2879 5515 2973 5551 non
2993 5504 3148 5553 tabuit
3170 5516 3278 5553 ore.

2210 5563 2334 5622 Scis,
2361 5562 2581 5610 Damoeta
2604 5573 2761 5618 meus.
2782 5575 2892 5625 qua
2909 5566 2973 5614 sit
2994 5565 3100 5614 hac
3120 5565 3276 5615 bestia
3301 5562 3429 5613 talis.

2158 5664 2184 5702 δ
2216 5660 2286 5734 In
2310 5660 2556 5734 absentia:
2584 5660 2973 5734 longinquitate.
3008 5665 3064 5719 ln
3095 5664 3434 5734 expeditione
3460 5676 3662 5734 nempe

2091 5730 2374 5797 Saxonica,
2414 5731 2480 5787 de
2508 5746 2615 5802 qua
2644 5730 2806 5802 supra
2837 5733 2891 5790 in
2929 5734 3099 5804 Epist.
3127 5730 3196 5791 39
3223 5732 3520 5806 (nuncu).
