2035 3091
428 226 440 239 α
456 219 621 248 EPISTOLA
640 221 744 248 XLVII.

362 262 396 281 Αυ
413 255 426 274 ι’
438 263 523 282 οπως
543 262 628 283 REGI-1M
649 264 812 283 DIERCIORL'M.

486 289 574 324 (Anno
593 291 668 326 796.)

181 333 296 360 Nuntiat
318 333 442 361 Carolum
458 337 526 369 genti
548 336 820 363 Nortltanumbrorum
835 337 929 363 iratth
948 337 978 363 ob

420 378 506 396 necem
520 371 585 406 regis
599 371 741 397 Etlielredi.

218 413 292 441 Sciat
310 416 464 443 veneranda
487 417 596 444 dilectio
612 421 703 444 vestra
718 419 788 451 quod
803 418 916 445 domnus
931 425 977 444 rex

178 458 296 486 Carolus
311 461 465 488 amabiliter
477 465 504 488 et
520 461 634 488 ﬁdeliter
649 470 718 496 saepe
731 463 836 490 loeutus
856 466 898 488 cst
920 470 977 489 me-

179 512 245 531 cum
258 505 289 532 de
301 506 386 535 vobis,
403 510 429 533 et
442 506 467 532 in
484 514 516 533 eo
526 506 631 534 habetis
646 505 973 534 ﬁdelissimum'amicum.

180 550 245 577 Ideo
257 554 283 577 et
293 555 389 578 vestra:
402 551 538 578 dilectioni
555 551 635 586 (ligna
651 552 743 586 dirigit
759 560 870 579 munera
885 556 912 578 et
930 560 977 586 per

180 594 349 628 episcopales
357 594 435 621 sedes
444 595 518 629 regni
528 596 620 622 vestri.
630 595 760 623 Similiter
770 596 912 623 Ethelredo
920 596 975 630 regi

179 644 208 666 el
216 639 249 665 ad
257 645 319 665 suas
326 639 514 673 episcoporum
523 639 600 667 sedes
615 646 625 659 ε
642 640 710 667 dona
724 640 831 667 direxit.
841 640 893 667 Sed
905 641 956 667 lteu
967 642 972 667 ε

179 685 250 719 proh
260 684 336 711 dolor
344 686 350 711 ε
358 685 435 711 donis
442 685 511 712 datis
517 690 543 712 et
551 685 671 719 epistolis
679 686 705 712 in
718 686 961 719 manusfmissorum
967 707 973 717 ,

179 730 536 765 supervenittristislegatio
548 738 596 765 per
608 731 714 762 missos,
729 731 773 765 qui
782 732 814 758 de
827 731 916 758 Scotia
927 739 975 766 per

178 782 230 802 vos
248 775 349 802 reversi
363 779 438 806 sunt,
451 775 483 802 de
499 775 658 802 inﬁdelitate
679 776 765 810 gentis
779 779 805 802 et
817 775 830 794 ἀ
848 783 913 802 nece
933 783 974 802 re-

179 821 232 855 gis.
254 820 293 847 Ita
308 820 432 853 Carolus,
449 825 564 848 retracta
580 822 710 848 donorum
724 821 857 855 largitate,
872 821 897 847 in
913 825 972 847 tan-

180 870 239 892 tum
254 866 339 893 iratus
354 870 395 893 est
407 871 501 893 contra
514 869 619 901 gentem
635 866 719 898 illam,
736 870 766 893 ut
779 866 826 898 ait,
839 866 969 900 perﬁdam

179 915 207 938 et
221 918 390 945 perversam,
414 916 441 938 et
463 911 624 938 homicidam
649 911 819 938 dominorum
844 919 970 942 suorum,

179 955 300 990 peiorem
315 964 374 983 eam
388 957 499 991 paganis
521 957 698 984 existimans:
713 961 740 984 et
754 957 805 984 nisi
819 964 869 991 ego
889 957 972 983 inter-

179 1007 273 1027 cessor
294 1007 383 1027 essem
397 1008 445 1035 pro
460 1008 500 1033 ea,
518 1001 648 1035 quidquid
670 1001 709 1028 eis
732 1001 795 1028 boni
816 1001 973 1028 abstrahere

181 1045 314 1079 potuisset
326 1049 353 1072 et
369 1045 433 1071 mali
449 1045 607 1077 machinari,
622 1045 677 1079 jam
692 1045 809 1072 fecisset.

411 1096 422 1109 ε
438 1090 605 1118 EPISTOLA
624 1090 737 1117 XLVIII.

359 1132 392 1152 ΑΙ)
412 1133 497 1152 ΟΙ-ΊιἎΜ
519 1133 604 1152 REGE)!
625 1132 788 1152 MERCIORUM.

182 1169 212 1196 In
233 1170 348 1204 patriam
376 1169 535 1204 (Angliam)
558 1169 650 1195 reverti
673 1169 759 1196 volens
780 1169 921 1196 retrahitur
940 1169 971 1195 ob

349 1205 465 1238 perjuria
479 1209 502 1230 et
513 1204 681 1230 vastationem
694 1204 786 1238 gentis.

214 1250 269 1285 Ego
285 1253 398 1283 paratus
411 1257 484 1276 eram
499 1257 558 1275 cum
574 1249 731 1275 muneribus
750 1248 837 1276 Caroli
852 1250 923 1282 regis
938 1250 971 1277 ad

180 1301 226 1322 vos
242 1295 346 1326 venire,
362 1298 388 1320 et
404 1294 437 1321 ad
459 1294 573 1328 patriam
591 1294 704 1326 reverti;
722 1294 768 1320 sed
789 1294 884 1321 melius
906 1295 971 1321 mihi

181 1340 265 1366 visum
283 1344 326 1367 est
347 1344 456 1373 propter
472 1347 565 1374 pacem
584 1340 670 1374 gentis
692 1347 758 1366 meae
774 1340 800 1367 in
813 1340 970 1375 peregrina-

180 1385 251 1412 tione
274 1392 428 1416 remanere,
455 1385 577 1411 nesciens
593 1385 656 1419 quid
674 1384 796 1411 fecissent
821 1385 892 1412 inter
913 1392 970 1417 eos,

179 1430 249 1456 inter
261 1437 330 1464 quos
342 1429 430 1456 nullus
444 1437 554 1457 securus
565 1437 632 1460 esse,
650 1430 691 1457 vel
705 1430 731 1456 in
745 1429 845 1457 salubri
858 1430 970 1457 consilio

177 1475 309 1509 proﬁcere
321 1479 419 1509 potest.
434 1476 502 1503 Ecce
511 1476 521 1494 ί
534 1476 590 1502 loca
603 1480 695 1502 sancta
703 1483 717 1502 a
728 1476 839 1510 paganis
850 1480 953 1502 vastata
961 1496 967 1507 ,

178 1520 273 1546 altaria
283 1520 410 1554 perjuriis
421 1519 530 1552 fmdata,
538 1521 701 1548 monasteria
709 1520 847 1547 adulteriis
859 1520 967 1553 violata,

178 1569 251 1591 terra
264 1566 395 1598 sanguine
409 1565 578 1592 dominorum
590 1570 616 1593 et
627 1565 776 1599 principum
786 1565 894 1592 foedata.

421 1621 433 1639 ε
448 1620 614 1647 EPISTOLA
634 1620 714 1646 XLIX
720 1640 726 1646 .

341 1664 372 1681 AI)
392 1656 405 1674 ιι
424 1663 509 1682 OFFAM
528 1663 615 1682 REGE!
636 1663 798 1682 MERCIORL‘“.

462 1690 550 1725 (Anno
563 1690 688 1722 incerto.)

181 1733 347 1770 Discipulunt
357 1735 389 1760 nd
400 1735 626 1770 petitionemrregis
637 1735 663 1761 in
672 1734 792 1769 Angliam
802 1736 916 1766 remittit,
925 1736 970 1770 qui

219 1768 256 1794 ibi
270 1768 297 1794 in
309 1769 400 1795 scholis
414 1770 515 1796 doceat.
533 1768 663 1796 Hortatur
674 1770 707 1795 ad
715 1768 803 1804 regias
817 1771 932 1796 virtutes.

217 1812 330 1839 Domino
342 1814 566 1841 excellentissimo
578 1812 671 1841 Ofi‘ano
684 1814 751 1849 regi,
769 1815 877 1841 humilis
888 1814 968 1842 levita

180 1857 309 1885 Aleuinus
322 1859 445 1886 salutem.

217 1930 228 1960 Ρ
242 1923 298 1960 Hoc
321 1928 349 1951 et
361 1932 487 1960 sequens?
498 1924 677 1960 tragmentum
694 1925 822 1960 ejusdem,
847 1930 876 1952 ut
887 1930 966 1960 puto,

179 1959 316 1995 epistolae,
327 1964 448 1986 recenset
463 1959 601 1995 Malmesb.
615 1959 680 1995 libr.)
694 1959 759 1994 Reg.
771 1959 859 1995 Angl.,
872 1959 930 1994 cap.
939 1961 966 1987 5.

181 1993 209 2019 In
221 1993 285 2020 edit.
301 1994 440 2026 Quercet.,
452 2002 479 2028 p.
494 1994 559 2021 1667
573 1998 599 2021 et
612 1993 689 2021 1668.

216 2028 230 2047 δ
242 2029 282 2054 Ad
296 2028 384 2062 Olfam
406 2037 500 2064 regem,
521 2033 573 2056 etc.
597 2028 660 2056 Fuit
672 2028 730 2056 Oﬁ‘a
745 2036 792 2056 rex
807 2029 967 2056 Merciorum

180 2064 394 2096 potentissimus,
418 2071 582 2098 regnumque
597 2064 682 2091 tenuit
703 2064 737 2090 ab
756 2071 826 2091 anno
847 2063 898 2090 756
923 2072 968 2091 us-

181 2098 276 2158 g‘ue-ad
288 2106 387 2125 annum
400 2098 451 2126 796
468 2107 521 2133 quo
532 2099 599 2126 obiit
610 2106 647 2126 vn
659 2098 718 2125 Kal.
730 2098 812 2133 Aug.,
829 2102 859 2125 ut
873 2099 967 2126 scribit

205 2133 350 2158 medenus.
365 2141 425 2158 nan.
440 2133 502 2158 406.

205 2133 350 2168 credenus,
365 2141 425 2168 pag.
440 2133 502 2160 406.

216 2173 228 2186 ε
241 2166 316 2194 Dona
323 2166 427 2195 direxit.
437 2169 564 2202 Quaenam
575 2168 619 2195 illa
627 2168 695 2195 dona
704 2167 812 2197 fuerint,
820 2175 967 2202 cognosces

180 2209 213 2228 ex
227 2203 339 2236 epistola
353 2203 442 2230 Caroli
462 2203 547 2238 Magni
567 2203 600 2230 ad
616 2203 739 2238 eumdem
757 2201 842 2229 Oll‘am
856 2201 964 2238 regem,

180 2245 263 2275 quam
267 2238 293 2264 in
301 2238 445 2275 appendice
452 2237 647 2275 eghibebimlis,
654 2238 718 2275 edit.
727 2237 963 2275 Quercetprﬂﬂo.
980 2245 1005 2275 υ

214 2272 227 2291 ά
245 2272 282 2299 De
295 2282 354 2299 nece
370 2273 447 2307 regis.
470 2273 606 2300 Ethelredi
622 2273 747 2299 nimirum
764 2272 835 2307 regis
850 2272 966 2300 Northa-

179 2308 364 2339 numbrorum,
388 2316 468 2342 quem
488 2309 529 2335 sui
544 2307 736 2334 interfecerunt
759 2314 803 2333 xtv
821 2307 880 2333 Kal.
905 2308 965 2335 Maii

179 2349 250 2378 anno
264 2342 325 2378 796.
343 2342 408 2369 Data
420 2351 484 2378 ergo
497 2343 555 2370 haec
565 2342 677 2376 cpistola
690 2345 751 2376 post
761 2342 831 2368 diem
844 2342 877 2369 18
889 2343 967 2377 Apri-

180 2376 213 2403 lis
224 2377 344 2411 ejusdem
359 2377 432 2404 anni.

241 2412 270 2446 8
287 2417 298 2430 ε
317 2411 372 2438 Hoc
390 2412 503 2439 alterum
527 2412 707 2446 fragmentum
728 2414 769 2438 est
787 2411 907 2446 epistola).
932 2412 965 2439 ad

179 2445 266 2473 Oﬂ'am
282 2454 296 2473 a
319 2446 456 2474 Malmesb.
478 2447 529 2474 loc.
554 2445 601 2474 cit.
617 2446 738 2478 relatum,
756 2446 820 2472 edit.
838 2445 962 2479 Quercct.

179 2481 419 2555 μᾷιέοῗῗξαηςια
432 2525 448 2542 a
458 2517 577 2555 Philonis
591 2520 702 2555 vastata,
716 2519 768 2555 etc.
782 2513 866 2555 Ann-is
877 2516 964 2555 pitui-

219 2526 226 2534 '
244 2526 314 2542 Loca
331 2526 419 2543 sancta
432 2526 448 2542 a
479 2526 569 2551 agams
591 2526 702 2547 vastata,
716 2526 768 2542 CIC.
782 2526 866 2542 Allllls
884 2526 964 2542 l'llllll-

179 2557 240 2576 rum
257 2551 448 2584 superioribus.
458 2526 525 2578 eide
537 2552 616 2585 epist.
625 2551 641 2578 8
649 2551 730 2585 (nunc
741 2550 767 2584 9)
776 2549 809 2575 ad
816 2549 966 2577 Lindisfar-

179 2592 289 2620 penses,
303 2589 331 2612 et
340 2590 492 2620 sequentes.

218 2620 231 2639 ι
242 2619 313 2646 Edit.
327 2620 452 2653 Quercet.
465 2621 499 2647 58
511 2628 544 2647 ex
557 2628 608 2647 ms.
621 2619 746 2655 (Froben.
760 2619 816 2654 44).
828 2619 885 2652 Quo
896 2627 967 2646 anno

179 2654 242 2690 data
255 2655 291 2681 sit
307 2655 451 2686 incertum,
463 2655 624 2690 jungendum
639 2659 728 2682 tamen
743 2655 883 2682 commode
905 2661 967 2680 cen-

179 2689 361 2725 suimnsraliis
374 2690 407 2717 ad
419 2690 504 2725 Offam
517 2689 649 2725 epistolis.

139 2738 154 2759 ⁶ν
217 2722 342 2759 1ῆΟΙΪιηιυ
368 2726 430 2759 regi.
456 2722 566 2752 Oﬂ‘anus
589 2729 616 2751 et
638 2724 695 2751 Oﬁ'a
713 2724 783 2751 idem
807 2730 915 2759 nomen,
936 2726 966 2749 ut

180 2758 252 2785 Beda
263 2763 290 2785 et
301 2758 434 2792 Bedanus,
450 2760 578 2787 Columba
590 2763 618 2786 et
631 2759 821 2790 Columbanus,
836 2758 926 2792 Thega
939 2761 967 2784 et

181 2794 334 2828 'l'hcganus.
349 2793 406 2820 Non
418 2802 525 2828 possum
536 2794 600 2821 mihi
612 2798 761 2828 temperare
770 2795 834 2828 quin
848 2794 898 2820 hoc
908 2792 966 2819 loco

180 2829 349 2856 eruditorum
376 2829 524 2857 curiositati
548 2829 688 2856 exhibeam
710 2836 848 2855 nummum
870 2834 964 2861 argen-

180 2868 254 2891 teum
280 2863 451 2892 rarissimum
473 2864 544 2898 regis
566 2862 642 2897 Offae,
667 2863 791 2892 abannis
814 2863 915 2897 aliquot
939 2861 966 2889 iu

909 164 1097 193 EPISTOLE.

989 224 1014 251 A
1062 223 1191 251 Fideliter
1218 225 1345 252 voluntati
1370 229 1421 252 tuae
1445 233 1549 261 semper
1564 227 1669 260 placere
1692 229 1812 260 cupiens,

1761 168 1813 198 2H

1030 270 1101 296 hunc
1116 277 1203 297 meum
1227 271 1415 298 eharissimum
1429 272 1511 298 ﬁlium
1526 273 1560 299 ad
1573 280 1621 298 vos
1633 273 1725 299 remisi
1745 272 1814 299 sicut

1028 315 1129 349 petisti,
1144 315 1290 349 deprecans
1304 320 1334 342 ut
1348 324 1408 343 eum
1424 317 1570 344 honoriﬁce
1583 317 1715 350 habeatis,
1729 318 1814 345 donec

1029 362 1062 388 ad
1083 369 1139 393 vos,
1155 362 1260 388 volente
1274 362 1338 392 Deo,
1360 362 1464 389 veniam
1481 370 1488 389 :
1512 371 1560 390 nec
1573 371 1634 390 eum
1648 363 1728 390 sinite
1745 364 1813 390 otio-

1028 414 1087 433 sum
1109 415 1224 441 vagare.
1255 415 1305 434 nec
1324 408 1445 434 ebrietati
1465 409 1580 441 servire;
1604 409 1649 435 scd
1670 409 1814 443 prazvidete

1028 454 1052 480 ei
1079 453 1240 487 discipulos,
1269 457 1295 479 et
1318 454 1502 487 praecipientes
1529 454 1684 488 praecipito,
1706 459 1734 481 ut
1753 454 1814 481 dili-

1027 502 1121 532 genter
1146 498 1250 524 c‘oreat.
1277 497 1339 524 Scio
1365 498 1437 531 quod
1459 498 1526 524 bene
1559 498 1637 527 dicit,
1662 502 1687 524 et
1710 498 1812 525 utinam

1027 542 1094 570 i‘ene
1104 543 1226 577 proﬁciat
1241 544 1246 569 ε
1259 543 1321 576 quia
1333 543 1521 576 discipulorum
1535 550 1655 570 meorum
1666 543 1813 577 profectus,

1028 597 1131 616 merces
1155 593 1195 616 est
1212 589 1277 616 mihi
1300 590 1370 623 apud
1393 589 1487 616 Deum.
1500 589 1533 615 Et
1545 589 1622 616 valde
1635 589 1700 615 mihi
1714 589 1813 623 placet,

1027 635 1097 668 quo-l
1114 639 1214 661 tantam
1230 635 1335 662 habetis
1349 635 1523 662 intentionem
1540 635 1670 665 lectionis,
1686 639 1715 661 ut
1726 635 1814 661 lumen

1026 680 1162 713 sapientia:
1176 680 1262 706 luceat
1276 680 1303 706 in
1323 688 1405 714 regno
1419 684 1518 711 vestro,
1536 680 1606 714 quod
1624 680 1716 707 multis
1735 680 1814 707 modo

1025 727 1205 761 exstinguitur
1219 727 1245 753 in
1260 727 1335 754 locis.
1350 727 1402 754 Vos
1414 727 1478 754 estis
1491 726 1571 753 decus
1582 727 1737 758 Britanniae,
1750 727 1813 754 tuba

1024 772 1231 805 praedicationis,
1255 772 1357 807 gladius
1370 777 1463 799 contra
1483 773 1583 803 hostes,
1600 778 1704 799 scutum
1720 777 1813 800 contra

1025 817 1156 843 inimicos.
1181 816 1281 843 Habete
1299 817 1382 844 Deum
1406 825 1511 851 semper
1525 822 1587 844 ante
1606 818 1709 849 oculos,
1734 817 1813 845 facile

1020 859 1164 893 justitiam,
1179 865 1267 888 amate
1290 862 1500 888 misericordiam
1514 869 1521 887 ε
1534 862 1595 895 quia
1612 862 1656 895 qui
1678 862 1792 896 ignoscit
1804 882 1810 894 ,

1024 906 1170 940 ignoscitur
1188 907 1210 932 ei
1226 905 1332 940 (Manli.
1346 915 1382 937 vi,
1409 906 1461 941 Li).
1480 906 1581 934 Discite
1601 907 1713 941 diligere
1735 915 1812 934 man-

1023 950 1084 977 data
1098 950 1144 977 Dei
1157 951 1267 982 Christi,
1280 955 1310 977 ut
1324 951 1475 978 benedictio
1489 951 1559 977 illius
1571 952 1597 977 in
1608 952 1680 978 omni
1692 952 1813 979 bonitate

1023 999 1049 1022 et
1060 996 1237 1029 prosperitate
1244 1003 1291 1022 vos
1302 999 1459 1029 vestrosque
1472 1000 1582 1030 nepotes
1592 1000 1773 1031 consequatur
1784 996 1811 1023 in

1022 1045 1163 1067 aeternum.
1180 1041 1274 1068 Divina
1288 1046 1314 1068 te
1337 1046 1467 1076 tuumque
1491 1049 1604 1076 regnum
1620 1042 1729 1069 emlesti
1743 1043 1811 1069 bene

1022 1084 1139 1112 dictione
1154 1086 1296 1112 comitetur
1310 1086 1406 1121 gratia,
1422 1086 1529 1113 domine
1542 1087 1775 1114 excellentissime.

1244 1143 1297 1178 59
1320 1145 1328 1164 ί
1352 1143 1516 1171 EPISTULA
1537 1144 1566 1171 L.

1173 1186 1206 1205 AD
1221 1186 1371 1205 ECGFRIDL’M
1385 1186 1473 1205 REGE!
1491 1187 1654 1207 MERCIORUM.

1235 1223 1398 1250 Exhortntur
1414 1224 1448 1250 ad
1466 1225 1596 1251 virtutem.

1057 1267 1343 1302 Nohilissimojuvenii
1363 1268 1488 1304 Ecgfrido
1507 1269 1615 1296 humilis
1629 1270 1709 1297 levita
1720 1270 1809 1298 Alcui-

1022 1319 1073 1340 nus
1093 1313 1218 1339 salutem.

1057 1357 1123 1389 Quia
1137 1357 1254 1384 sciebam
1270 1362 1296 1384 te
1307 1358 1384 1385 home
1402 1358 1498 1384 indolis
1513 1362 1540 1384 et
1559 1366 1669 1385 summm
1685 1359 1810 1386 nobilita-

1022 1402 1056 1428 tis
1067 1402 1261 1429 adolescentem
1269 1403 1467 1430 exhortatorias
1474 1403 1630 1436 prazsumpsi
1642 1403 1688 1430 tibi
1696 1404 1811 1439 dirigere

1022 1446 1133 1472 litteras.
1158 1446 1215 1474 Non
1228 1447 1298 1481 quod
1326 1448 1372 1474 tibi
1387 1448 1488 1482 aliquid
1500 1448 1593 1474 desita
1607 1448 1811 1482 sapientissimis

1021 1494 1048 1518 et
1060 1491 1168 1526 optimis
1182 1492 1339 1525 parentibus
1360 1492 1549 1519 admonitionis
1559 1493 1726 1525 necessarire,
1741 1501 1809 1528 quo-

1022 1544 1081 1563 rum
1097 1537 1246 1563 honestatis
1266 1537 1387 1571 exempla
1405 1538 1502 1571 populo
1517 1538 1723 1572 prsedicamenta
1748 1543 1811 1565 sunt

1021 1580 1129 1612 salutis;
1143 1581 1188 1607 sed
1201 1584 1231 1607 ut
1244 1589 1309 1608 meie
1321 1582 1471 1608 dilectionis
1485 1582 1512 1608 in
1527 1586 1553 1608 te
1566 1582 1735 1608 ostenderem
1746 1582 1810 1609 tide-

1019 1624 1132 1657 litatem,
1153 1626 1262 1659 cupiens
1276 1630 1300 1652 te
1315 1626 1478 1660 proﬁcerein
1494 1627 1558 1658 Deo,
1571 1626 1754 1661 virtutumque
1764 1626 1812 1653 ilo-

1020 1672 1094 1698 ribus
1120 1671 1220 1703 ornari,
1234 1675 1260 1698 et
1278 1672 1382 1699 cunctis
1395 1672 1540 1706 Anglorum
1564 1672 1669 1706 populis
1683 1672 1810 1706 prodesse

1020 1717 1046 1743 in
1061 1718 1247 1752 prosperitate.
1273 1718 1341 1744 Ecce
1354 1725 1434 1752 quam
1446 1718 1619 1745 nobilissimis
1634 1722 1713 1744 natus
1725 1725 1753 1747 es
1764 1725 1810 1751 pa-

1021 1763 1151 1794 rentibus,
1167 1771 1245 1797 quam
1260 1771 1355 1798 magna
1369 1764 1502 1790 enutritus
1517 1771 1591 1790 cura.
1619 1762 1676 1789 Noii
1689 1763 1811 1790 moribus

1019 1816 1079 1835 esse
1091 1808 1216 1842 degener,
1235 1808 1281 1842 qui
1296 1808 1434 1835 nativitate
1449 1815 1594 1842 generosus
1606 1807 1709 1834 existis.
1732 1807 1810 1835 Disce

1020 1853 1160 1888 diligenter
1171 1853 1278 1880 illorum
1290 1852 1420 1887 exempla,
1434 1860 1449 1879 a
1463 1857 1539 1887 patre
1551 1852 1748 1886 auctoritatem,
1766 1853 1779 1872 ιι
1794 1861 1809 1879 a

1018 1922 1097 1948 horto
1111 1925 1202 1948 nostro
1224 1920 1350 1947 abbatiali
1365 1925 1511 1954 repertum,
1530 1925 1557 1948 et
1571 1921 1597 1948 in
1611 1927 1670 1947 meo
1683 1928 1806 1947 nummo-

1018 1955 1141 1990 phylacio
1156 1959 1302 1982 servatum.
1324 1955 1417 1982 Nullus
1430 1955 1522 1982 dubito
1548 1956 1613 1989 quin
1632 1956 1675 1982 hic
1688 1955 1808 1988 eiusdem

1018 1963 1053 1990 pn
1074 1963 1141 1982 laeto
1156 1963 1302 1982 servatum.
1326 1963 1417 1982 tVIlllUS
1430 1963 1522 1982 aumto
1548 1964 1613 1989 quin
1632 1963 1675 1982 mc
1688 1963 1808 1988 eumdem

1018 1963 1083 2017 Otila:
1096 1990 1167 2024 regis
1181 1990 1288 2016 bustum
1298 1990 1466 2021 exhibeatur,
1485 1991 1517 2016 ad
1530 1998 1609 2023 quem
1616 1989 1745 2016 Aletrinas
1759 1990 1808 2016 has

1018 2024 1166 2052 familiares
1179 2025 1287 2058 scripsit
1301 2024 1436 2059 epistolas.
1446 2025 1515 2057 Quid
1527 2024 1577 2051 sibi
1586 2024 1668 2050 velint
1680 2024 1807 2059 litterzein

1018 2060 1121 2094 postica
1134 2063 1211 2094 parte
1223 2061 1324 2086 nummi
1338 2067 1453 2091 excusaz,
1468 2059 1565 2086 aliasve
1575 2058 1608 2094 ad
1619 2058 1720 2094 nummi
1729 2058 1808 2092 hujus

1019 2092 1066 2121 aut
1081 2095 1119 2121 rei
1131 2092 1287 2121 inonetarize
1300 2094 1446 2129 Anglorum
1461 2095 1541 2121 medii
1554 2093 1603 2121 aevi
1618 2092 1748 2126 majorem
1760 2100 1808 2120 no-

1019 2130 1107 2156 titiam
1118 2129 1292 2164 pertinentia,
1304 2129 1401 2157 eruditi
1415 2129 1536 2156 Britanni
1550 2129 1705 2156 decernant.

1194 2197 1652 2379 ω

1056 2413 1063 2432 ί
1078 2412 1148 2439 Edit.
1160 2411 1285 2444 Quercet.
1302 2410 1336 2437 48
1349 2418 1379 2437 ex
1389 2417 1438 2436 ms.
1451 2409 1546 2436 collata
1557 2416 1618 2436 cum
1631 2411 1690 2438 cod.
1706 2410 1803 2438 Salisb.

1019 2447 1146 2482 (Froben.
1160 2446 1215 2481 45).

1055 2482 1061 2506 i
1087 2478 1221 2516 Ecgfrido.
1251 2479 1402 2516 Filio
1424 2478 1678 2516 regisililerciorurn,
1702 2479 1735 2506 de
1752 2486 1805 2513 quo

1018 2514 1147 2543 Alfordus‘
1160 2516 1194 2542 ad
1209 2523 1308 2542 annum
1322 2515 1383 2546 787,
1404 2522 1477 2541 num.
1497 2514 1544 2541 56:
1569 2524 1577 2538 ι
1596 2514 1695 2540 Eodem
1722 2522 1803 2544 anno.

1037 2558 1071 2578 uo
1096 2551 1186 2577 habita
1210 2550 1237 2576 in
1251 2549 1356 2576 Merciis
1381 2549 1507 2584 synodus,
1535 2548 1591 2575 Ofl'a
1618 2549 1699 2574 [ilium
1726 2556 1804 2576 suum

1037 2559 1071 2578 uo
1096 2559 1186 2577 [lablla
1210 2559 1237 2576 ιη
1251 2559 1356 2576 merens
1381 2559 1507 2584 SyllUllUS,
1535 2559 1591 2575 una
1618 2559 1699 2574 unum
1726 2559 1802 2576 suum

1018 2559 1173 2619 glcgfridum
1188 2584 1413 2619 regem-coronari
1434 2583 1527 2614 voluit,
1541 2587 1683 2619 prmsente,
1697 2584 1802 2617 opinor,

1019 2618 1129 2646 Patrum
1143 2618 1289 2650 conventu;
1311 2623 1340 2645 ut
1352 2618 1467 2644 disceret
1478 2622 1588 2651 parente
1596 2618 1656 2644 vivo
1668 2623 1809 2652 sceptrum

1020 2657 1147 2680 tractare.
1166 2662 1175 2678 ι
1198 2652 1330 2686 Seriptam
1341 2660 1399 2679 esse
1406 2652 1619 2686 hancepistolam
1633 2653 1803 2680 anteohitum

1019 2692 1170 2722 parentum,
1186 2691 1327 2714 contextus
1338 2687 1469 2720 loquitur;
1486 2694 1539 2720 quo
1546 2694 1609 2713 vero
1622 2695 1702 2719 anno,
1717 2688 1806 2715 incer-

1020 2721 1085 2749 tum.
1119 2721 1255 2749 Successit
1277 2722 1347 2756 patri
1362 2722 1389 2747 in
1401 2729 1512 2755 regnum
1524 2729 1594 2748 anno
1608 2722 1658 2749 796
1670 2726 1697 2748 et
1708 2722 1804 2749 eodem

1018 2757 1098 2784 etiam
1123 2763 1193 2783 anno
1221 2766 1230 2781 ‹
1251 2763 1321 2783 saeva
1345 2764 1418 2783 mors
1442 2756 1580 2783 vernantis
1598 2757 1686 2784 :etatis
1710 2757 1803 2785 dorem

1018 2791 1143 2823 messuit;
1164 2799 1225 2818 nam
1239 2791 1332 2825 quinto
1344 2791 1378 2818 ab
1397 2791 1462 2826 inito
1485 2791 1642 2826 magistratu
1653 2799 1743 2819 mense
1756 2798 1804 2818 na-

1019 2832 1085 2855 tura:
1095 2826 1237 2857 concessit,
1256 2837 1264 2851 ι
1282 2830 1310 2852 u‘t
1322 2826 1402 2853 habet
1417 2825 1554 2853 Malmesh.

1054 2862 1067 2882 ιι
1086 2860 1108 2889 A
1126 2865 1207 2889 matre
1218 2861 1350 2896 pietatem.
1366 2869 1373 2887 ι
1388 2860 1450 2889 Ηιεε
1460 2861 1637 2890 communiter
1651 2858 1802 2888 Lucndrida
