4070 6182
451 337 559 396 215

1312 329 1371 386 Β.
1412 328 1474 386 F.
1513 328 1736 385 ALBINI
1775 327 1904 386 SEU
1943 323 2220 383 ALCUINI
2257 319 2536 383 OPERUM
2575 325 2753 382 PARS
2789 323 2830 380 l.

3583 323 3688 380 216

449 459 620 511 matre
645 449 918 519 pietatem.
992 443 1074 496 Ab
1121 440 1211 495 illo
1245 445 1431 510 regere
1465 439 1717 509 populum
1744 437 2019 508 perjusti-
2045 439 2096 498 Α
2122 435 2280 492 factis
2291 435 2484 491 offerre
2495 435 2766 498 voluisset,
2796 435 3020 490 haberet
3043 435 3694 493 convenientesinterces-

453 541 600 602 tiam,
631 537 699 592 ab
723 535 828 590 ista
853 529 1087 599 eompati
1107 528 1320 583 miseris
1345 542 1442 597 per
1466 527 1924 592 misericordiam;
1949 526 2018 580 ab

449 637 676 696 utroque
687 622 1004 680 Christiana
1024 618 1299 690 religionis
1322 617 1680 681 devotionem,
1714 617 2021 672 orationum

450 715 782 778 instantiam,
813 712 1276 782 eleemosynarum
1300 707 1621 778 largitatem,
1647 716 1702 761 et
1723 706 2021 762 totiusvltaa

449 806 814 864 sobrietatem.
859 801 940 856 Tu
962 800 1186 857 baculus
1212 798 1502 854 senectutis
1529 797 1742 852 illorum
1759 805 1896 859 esto,
1925 796 2022 849 hu-

448 894 646 948 militer
669 893 882 947 illorum
904 889 1160 945 obediens
1179 889 1490 958 praeceptis;
1531 895 1796 958 quatenus
1811 885 2022 940 illorum

333 1020 350 1038 κ
451 995 504 1040 te
531 983 832 1039 benedictio
867 988 1228 1050 consequatur
1256 980 1311 1036 in
1363 988 1644 1034 aeternum.
1702 975 1838 1032 Nam
1868 975 2023 1044 juxta

452 1072 816 1137 Salomonem,
837 1068 1141 1125 benedictio
1164 1075 1452 1138 parentum
1466 1066 1604 1121 ﬁlios
1615 1062 2020 1136 exaltat(Eccli.

447 1179 532 1228 ιιι,
567 1163 676 1234 ll).
724 1163 856 1218 Item
891 1162 1034 1217 idem
1055 1161 1158 1214 ait:
1199 1157 1246 1212 F
1249 1159 1368 1212 ilius
1398 1159 1604 1228 sapiens
1633 1156 1802 1228 gloria
1828 1165 1902 1210 est
1925 1171 2024 1226 pa-

448 1254 546 1309 tris
590 1250 770 1324 (Prov.
799 1265 853 1315 ι,
885 1250 960 1321 1).
1025 1248 1144 1303 Noli
1179 1247 1426 1302 luxuritc’
1443 1246 1688 1301 subditus
1718 1258 1839 1300 esse
1868 1284 1885 1310 ,
1932 1244 2026 1299 sed

451 1345 587 1400 Deo:
618 1343 744 1411 quia
769 1349 975 1397 castum
1001 1347 1260 1409 corpuset
1285 1339 1517 1394 animam
1544 1337 1690 1392 vitiis
1714 1353 1820 1392 non
1846 1351 2027 1390 macu-

451 1441 616 1487 latam
653 1432 886 1502 Spiritus
915 1431 1179 1485 inhabitat
1200 1437 1438 1484 sanctus.
1471 1427 1588 1482 Non
1610 1427 1765 1483 decet
1791 1436 1842 1480 te
1871 1425 2029 1480 rusti-

449 1539 575 1578 cum
596 1538 715 1579 esse
751 1524 1012 1588 moribus,
1040 1521 1126 1576 vel
1152 1519 1332 1575 verbis
1358 1519 1719 1584 lasciviosum,
1750 1518 1842 1588 qui
1869 1523 2028 1571 natus

2120 527 2300 583 siones
2320 542 2436 582 sua!
2452 524 2731 580 voluntati.
2769 525 3020 580 Arbitror
3043 539 3139 579 vos
3161 525 3353 579 melius
3368 526 3487 581 haec
3513 527 3693 580 omnia

2120 616 2204 670 vel
2235 617 2286 670 in
2310 615 2660 670 sacramentis
2693 613 2888 669 vestris
2914 613 3242 684 conscripta,
3275 614 3360 668 vel
3388 615 3442 668 in
3469 630 3695 672 consue-

2123 706 2306 762 tudine
2325 706 2633 775 quotidiana
2663 704 2882 760 habcre.
2933 706 3134 760 Tamen
3160 720 3229 760 ne
3264 705 3578 762 inobediens
3596 722 3692 763 ve-

2123 805 2248 850 strae
2271 810 2446 851 essem
2470 795 2762 860 dilectioni,
2795 795 3007 865 scripsi,
3040 795 3184 866 quod
3204 811 3302 851 nos
3331 797 3385 850 in
3403 806 3694 856 consuetu--

2122 887 2247 942 dine
2271 888 2550 952 habemus,
2583 896 2637 942 et
2658 889 2810 943 vobis
2834 888 3132 958 proﬁcuum
3159 903 3280 944 esse
3298 889 3503 958 putavi,
3539 891 3698 945 obse-

2123 994 2282 1034 crans
2312 988 2370 1033 ut
2393 980 2498 1034 mei
2518 979 2751 1035 nominis
2772 981 3087 1035 memoriam
3117 981 3384 1048 habeatis,
3432 981 3518 1036 vel
3554 983 3699 1038 inter

2125 1067 2242 1131 has,
2272 1066 2358 1121 vel
2379 1067 2519 1121 inter
2551 1067 2684 1123 alias
2707 1077 2899 1123 vestra:
2923 1069 3226 1124 sanctitatis
3257 1069 3696 1126 intercessiones.

2128 1155 2197 1210 Ut
2223 1171 2349 1211 vere
2388 1155 2579 1221 fateor,
2634 1159 2858 1212 multam
2899 1159 3073 1214 habeo
3122 1159 3373 1215 ﬁduciam
3419 1161 3472 1216 in
3505 1163 3702 1218 vestris

2126 1247 2328 1303 sanctis
2361 1249 2696 1305 orationibus
2719 1251 2788 1305 ad
2826 1251 3240 1319 promerendam
3275 1251 3698 1308 misericordiam

2126 1337 2338 1393 Domini
2350 1340 2520 1394 nostri
2532 1338 2660 1394 Jesu
2671 1339 2894 1406 Christi,
2910 1341 3003 1410 qui
3016 1357 3111 1396 vos
3125 1342 3390 1396 custodiat
3405 1351 3461 1397 et
3486 1343 3542 1398 in
3553 1345 3701 1400 omni

2127 1427 2366 1482 bonitate
2387 1427 2648 1497 proficere
2677 1428 2860 1494 faciat,
2899 1437 2954 1484 et
3003 1429 3275 1485 orationes
3299 1438 3510 1486 vestras
3535 1447 3704 1486 exau-

2129 1517 2243 1572 dire
2277 1517 2528 1586 dignetur
2553 1517 2636 1572 vel
2664 1533 2763 1587 pro
2804 1519 3048 1574 vivorum
3092 1519 3284 1584 salute,
3323 1519 3404 1574 vel
3458 1535 3557 1589 pro
3584 1536 3702 1575 mo-

450 1627 510 1668 es
541 1614 594 1668 in
645 1614 780 1669 solio
809 1613 979 1681 regni.
1045 1611 1421 1680 Temperantia
1451 1619 1505 1665 et
1525 1610 1780 1663 honestas
1810 1607 1934 1660 vita:
1979 1615 2030 1658 te
2130 1607 2382 1662 ricntium
2410 1607 2676 1678 profectu.
2733 1610 2832 1666 Vos
2859 1626 3007 1676 vero,
3042 1611 3143 1665 viri
3164 1609 3390 1665 fratres!
3419 1611 3472 1664 in
3500 1612 3705 1667 unitate

455 1705 739 1760 amabilem
771 1713 823 1759 et
847 1705 1166 1759 laudabilem
1197 1703 1407 1757 cunctis
1433 1701 1626 1756 eiliciet
1651 1699 1881 1769 populis.
1946 1697 2030 1751 ln-
2131 1701 2411 1756 charitatis
2436 1703 2665 1756 ﬁrmiter
2689 1712 3018 1771 permanete,
3069 1710 3124 1756 et
3149 1703 3205 1757 in
3231 1702 3546 1758 humilitatis
3573 1704 3706 1760 obe-

454 1797 574 1866 cipe
609 1799 750 1852 bona
805 1795 1102 1866 promereri
1137 1794 1568 1859 conversatione,
1621 1793 1789 1848 Deum
1835 1791 2032 1860 ubique
2063 1781 2106 1842 Β
2133 1791 2333 1845 dientia
2359 1791 2586 1846 solerter
2611 1793 2866 1848 assistite.
2888 1793 2994 1848 Iste
3016 1801 3100 1848 est
3119 1793 3292 1848 honor
3314 1801 3490 1848 vester
3517 1809 3703 1849 coram

451 1887 652 1941 habere
674 1893 1056 1954 protectorem.
1107 1885 1186 1938 Ex
1207 1884 1348 1939 illius
1371 1884 1511 1937 enim
1544 1881 1912 1938 misericordia
1940 1889 2032 1934 tua
2133 1882 2470 1948 hominibus;
2496 1883 2596 1937 ista
2621 1891 2706 1938 est
2727 1884 2812 1937 via
2841 1893 3021 1940 vestra
3042 1884 3108 1938 ad
3128 1899 3351 1954 regnum
3376 1884 3490 1938 Dei.
3537 1885 3594 1938 In
3625 1885 3708 1938 his

452 1976 701 2031 consistit
723 1975 1074 2046 prosperitas.
1122 1973 1180 2028 Si
1207 1975 1356 2030 illum
1391 1982 1504 2029 toto
1552 1973 1718 2028 corde
1745 1970 2030 2034 amaveris,

451 2073 508 2120 et
528 2065 670 2120 illius
695 2072 805 2120 tota
833 2065 1126 2120 intentione
1153 2064 1379 2132 teipsum
1405 2063 1708 2118 subdideris
1745 2059 2030 2124 voluntati,

451 2155 711 2210 exaltabit
725 2163 776 2210 te
791 2157 847 2210 in
859 2170 1023 2224 regno
1038 2155 1308 2222 praesenti,
1339 2161 1393 2207 et
1417 2153 1472 2206 in
1493 2151 1676 2207 futuro
1696 2151 1920 2220 gloriam
1937 2150 2032 2204 tibi

455 2245 711 2298 concedet
735 2245 1133 2312 sempiternam.
1191 2243 1380 2297 Divina
1413 2251 1465 2296 te
1504 2243 1560 2296 in
1594 2241 1742 2298 omni
1792 2241 2032 2296 bonitate

454 2332 628 2402 pietas
647 2331 836 2389 ﬂorere
861 2332 1042 2398 faciat,
1069 2331 1142 2386 ﬁli
1166 2333 1509 2388 charissime!

981 2457 1006 2486 α
1043 2443 1376 2498 EPISTOLA
1414 2443 1498 2497 LI.

871 2532 936 2569 AD
975 2529 1248 2569 NONACHOS
1279 2529 1620 2569 VEDASTINOE.

949 2605 1128 2676 (Circa
1155 2621 1354 2659 annum
1383 2605 1532 2676 796.)

465 2695 657 2755 Versus
679 2709 726 2752 et
749 2713 933 2751 tmssas
957 2695 1155 2765 aliquot
1175 2695 1366 2756 mittit;
1399 2692 1611 2765 illorum
1636 2711 1690 2765 se
1710 2694 2030 2748 orationibus

563 2767 903 2829 commendat,
946 2775 993 2820 et
1022 2763 1090 2818 ad
1116 2766 1329 2819 virtutes
1357 2763 1625 2835 religiosas
1662 2764 1923 2817 hortatur.

523 2874 865 2931 Charissimis
889 2875 944 2928 in
977 2874 1192 2930 Christo
1222 2873 1482 2930 fratribus
1512 2874 1730 2930 humilis
1751 2873 1912 2928 levita
1937 2873 2031 2928 Al-

453 2968 616 3022 binus
631 2965 880 3021 salutem.

527 3057 682 3110 Sicut
715 3054 916 3110 domini
937 3054 1166 3120 abbatis,
1199 3063 1485 3125 vestraque
1506 3055 1826 3111 suavissima
1852 3052 2030 3108 chari-

455 3155 540 3200 tas
562 3145 924 3208 demandavit,
956 3145 984 3184 b
1013 3159 1199 3200 versus
1217 3158 1316 3213 per
1365 3145 1603 3216 singulos
1647 3145 1832 3201 titulos
1859 3145 2031 3200 eccle-

455 3234 660 3288 siarum
695 3240 751 3287 et
778 3232 968 3287 altaria
989 3232 1196 3300 singula
1227 3234 1570 3299 dictavimus,
1604 3242 1656 3290 et
1685 3235 1892 3288 utinam
1919 3241 2031 3286 tam

454 3320 844 3376 rationabiliter
871 3337 1030 3390 quam
1054 3322 1319 3388 libenter;
1353 3323 1480 3392 quia
1514 3333 1708 3378 vestra:
1730 3323 2032 3379 sanctitatis

450 3413 625 3482 iussio
649 3413 920 3482 compellit
947 3414 1114 3468 citato
1136 3414 1338 3468 dictare
1365 3429 1632 3480 sermone;
1659 3426 1837 3470 tamen
1853 3423 2030 3470 vestra

454 3505 629 3577 pietas
641 3503 912 3570 defendat,
937 3520 1057 3574 qua:
1076 3512 1260 3559 nostra
1283 3505 1556 3560 humilitas
1579 3505 1892 3560 obedienter
1909 3520 2032 3560 exa-

455 3595 614 3650 ravit.
658 3606 680 3635 ο
713 3595 904 3650 Missas
933 3609 1146 3665 quoque
1171 3595 1458 3666 aliquasde
1482 3605 1668 3651 nostro
1697 3596 1793 3650 tuli
1818 3595 2032 3652 Missale

456 3686 525 3741 ad
551 3683 661 3757 ϐο
689 3685 1003 3754 quotidiana
1033 3693 1086 3741 et
1114 3685 1496 3741 ecclesiasticae
1523 3687 1924 3742 consuetudinis
1943 3687 2028 3741 of-

454 3778 597 3833 ﬁcia.
647 3777 829 3831 Primo
853 3777 906 3830 in
930 3779 1133 3832 honore
1161 3793 1384 3834 summa:
1419 3779 1722 3843 Trinitatis,
1744 3779 1934 3834 deinde
1962 3779 2030 3834 ad

455 3873 764 3924 sanctorum
794 3865 1204 3922 intercessiones
1230 3865 1617 3936 deprecandas,
1667 3867 1830 3921 etiam
1856 3873 1910 3921 et
1935 3882 2030 3921 an-

452 3957 696 4029 gelorum
709 3955 961 4029 suffragia
973 3958 1312 4028 postulanda,
1337 3973 1456 4028 qua!
1471 3959 1698 4014 multum
1725 3958 2030 4014 necessaria

451 4055 580 4104 sunt
631 4047 687 4102 in
739 4047 841 4103 hac
879 4049 1314 4120 peregrinatione
1365 4049 1752 4105 laborantibus.
1836 4048 2029 4105 Postea

2131 1971 2275 2024 enim
2308 1971 2608 2026 mercedem
2631 1988 2659 2026 a
2689 1965 2798 2028 Deo
2823 1989 3042 2042 sperare
3069 1973 3306 2037 debetis;
3350 1974 3416 2028 ad
3438 1975 3536 2028 hos
3559 1974 3702 2028 enim

2131 2062 2500 2117 sanctissimos
2521 2064 2783 2129 tramites,
2813 2065 3056 2119 seniores
3076 2065 3165 2134 qui
3188 2073 3330 2129 sunt,
3354 2063 3597 2132 iuniores
3611 2064 3705 2118 de-

2130 2152 2347 2206 ducant.
2421 2151 2690 2224 Corripite
2728 2169 2822 2208 eos
2842 2155 2896 2209 in
2923 2155 3115 2224 spiritu
3160 2154 3610 2218 mansuetudinis,
3655 2161 3709 2208 et

2130 2242 2269 2298 bona
2290 2242 2394 2296 illis
2441 2245 2677 2312 praebete
2705 2244 2967 2314 exempla,
3013 2252 3075 2299 ut
3119 2246 3316 2299 vestris
3347 2244 3712 2300 sanctissimis

2128 2333 2371 2404 vestigiis
2392 2333 2716 2390 inhaerentes
2743 2336 2908 2390 vitam
2930 2337 3207 2392 vobiscum
3237 2337 3290 2390 in
3324 2336 3542 2392 Christo
3567 2351 3709 2391 sem-

2129 2425 2396 2493 piternam
2419 2425 2618 2481 habere
2643 2437 2970 2482 mereantur.
3025 2427 3290 2483 Saeculum
3316 2429 3458 2498 quod
3503 2427 3709 2498 sprevi-

2131 2515 2246 2579 stis,
2279 2515 2445 2570 nolite
2464 2531 2729 2586 quierere,
2768 2518 2963 2587 saepius
2983 2534 3106 2573 cum
3119 2519 3387 2587 Propheta
3413 2519 3710 2572 decantan-

2129 2616 2241 2663 tes:
2282 2607 2489 2662 Inclina
2525 2625 2615 2663 cor
2637 2626 2806 2664 meum
2835 2611 2892 2664 in
2937 2611 3233 2664 testimonia
3277 2619 3388 2673 tua,
3427 2617 3474 2662 et
3520 2624 3622 2662 non
3655 2609 3712 2661 in

2130 2697 2405 2750 avaritiam
2435 2695 2606 2766 (Psal.
2647 2714 2833 2764 cxvm,
2879 2698 2991 2768 56).
3053 2699 3224 2754 Radix
3279 2699 3422 2754 enim
3469 2698 3708 2753 omnium

2129 2786 2392 2840 malorum
2423 2787 2686 2856 cupiditas
2723 2797 2824 2843 cst.
2894 2789 3084 2845 Melius
3111 2797 3193 2844 est
3234 2788 3378 2844 enim
3404 2788 3572 2842 Deum
3618 2788 3714 2842 ha-

2129 2875 2257 2931 bere
2284 2876 2337 2930 in
2364 2878 2546 2942 corde,
2589 2895 2750 2949 quant
2786 2895 3035 2936 nummos
3058 2881 3110 2935 in
3139 2881 3372 2935 sacculo.
3443 2877 3715 2934 Lectionis

2129 2981 2302 3020 sacrae
2325 2967 2500 3021 studia
2525 2968 2666 3023 inter
2700 2969 2912 3026 labores
2932 2970 3250 3026 obedientia:
3269 2977 3460 3024 vestra:
3491 2967 3718 3038 diligen-

2133 3057 2340 3114 tissime
2364 3068 2630 3122 exercete,
2659 3061 2732 3115 ita
2754 3061 2906 3116 utvel
2932 3077 3087 3131 opus,
3114 3062 3196 3116 vel
3220 3060 3430 3115 libellus
3456 3060 3510 3114 in
3538 3059 3715 3112 mani-

2134 3147 2235 3203 bus
2261 3163 2472 3218 semper
2499 3151 2744 3205 videatur
2783 3151 2994 3216 vestris,
3046 3151 3171 3220 quia
3211 3150 3265 3204 in
3311 3149 3463 3204 libris
3509 3147 3716 3204 sanctis

2132 3240 2274 3295 Deus
2295 3239 2536 3310 loquitur
2563 3241 2630 3296 ad
2675 3241 2966 3306 hominem,
3022 3251 3078 3295 et
3121 3241 3174 3295 in
3223 3240 3560 3296 orationibus
3600 3240 3716 3295 suis

2131 3331 2292 3386 homo
2334 3331 2572 3401 loquitur
2617 3333 2686 3387 ad
2711 3332 2900 3387 Deum.
2979 3332 3116 3397 Quid
3168 3331 3377 3386 dulcius
3407 3332 3565 3386 debet
3594 3346 3716 3386 esse

2129 3437 2292 3492 quam
2316 3420 2483 3476 Deum
2509 3421 2696 3476 audire
2717 3421 3060 3492 loquentem?
3118 3421 3174 3476 In
3199 3422 3287 3476 his
3311 3421 3454 3476 enim
3485 3431 3539 3477 et
3569 3420 3711 3476 sola-

2130 3513 2206 3566 tia
2247 3519 2520 3581 peccator,
2578 3521 2634 3568 et
2656 3513 2848 3582 gaudia
2879 3513 3192 3568 benefactor
3239 3513 3496 3567 inveniet.
3562 3511 3713 3566 Sicut

2129 3601 2218 3656 lux
2244 3602 2480 3656 laetiﬁcat
2499 3603 2705 3668 oculos,
2733 3602 2807 3656 ita
2829 3587 2990 3656 l'cctio
3011 3602 3192 3657 corda.
3254 3600 3566 3656 Custodiam
3596 3601 3711 3655 oris

2128 3689 2414 3759 diligenter
2437 3690 2750 3744 observate:
2798 3689 2964 3744 verba
3005 3703 3126 3758 qua:
3175 3689 3244 3744 ad
3294 3687 3710 3744 aediﬁcationem

2129 3777 2468 3833 audientibus
2495 3775 2697 3833 faciant
2721 3793 2932 3848 semper
2946 3777 3202 3846 proferte,
3223 3778 3348 3847 quia
3369 3777 3596 3832 aliorum
3623 3791 3713 3831 sa-

2128 3865 2210 3923 lus
2226 3875 2404 3923 vestra
2429 3877 2513 3924 est
2529 3867 2830 3924 retributio.
2855 3868 2999 3924 Laus
3023 3869 3232 3924 Domini
3258 3883 3472 3939 semper
3486 3875 3641 3924 sonet
3656 3868 3713 3922 in

2127 3973 2224 4013 ore
2251 3967 2434 4014 vestro
2481 3959 2693 4015 dicente
2720 3959 3018 4030 Propheta:
3076 3960 3393 4016 Benedicam
3423 3958 3710 4014 Dominum

2130 4050 2184 4104 in
2208 4050 2616 4120 omnitempore,
2638 4066 2838 4121 semper
2867 4051 2984 4106 laus
3003 4053 3060 4105 in
3081 4050 3196 4120 ejus
3227 4051 3281 4104 in
3300 4065 3388 4103 ore
3399 4064 3512 4102 meo
3533 4046 3707 4118 (Psaf.

452 4147 652 4194 sanctae
672 4137 764 4194 Dei
791 4139 1066 4210 genitricis
1086 4155 1403 4210 semperque
1427 4141 1650 4212 virginis
1674 4140 1856 4196 Maria:
1903 4141 2035 4196 mis-
2131 4156 2324 4206 χχχιιι,
2353 4139 2430 4210 2).
2493 4138 2561 4194 Et
2597 4140 2794 4196 iterum
2831 4159 2844 4194 :
2882 4139 3217 4210 Sacriﬁcium
3257 4139 3429 4193 laudis
3456 4135 3713 4206 honorifi-

452 4245 567 4286 sam
588 4230 1048 4301 superaddidimus
1071 4245 1169 4300 per
1195 4231 1309 4285 dies
1321 4231 1545 4300 aliquot,
1567 4231 1719 4287 sicui
1743 4231 2028 4301 placuerit,

450 4319 871 4385 decantandam;
901 4334 1002 4375 nec
1026 4335 1134 4375 non
1159 4327 1212 4374 et
1239 4319 1409 4375 sancti
1424 4320 1642 4376 Vedasti
1666 4319 1843 4376 Patris
1867 4321 2031 4378 vestri

449 4416 506 4464 et
529 4407 558 4449 ιι
587 4407 908 4478 pretectoris
929 4409 1099 4465 nostri
1146 4409 1466 4466 dictavimus
1486 4409 1726 4475 missam,
1764 4419 2031 4480 quatenus

450 4497 596 4553 illius
615 4496 896 4554 familiaris
917 4499 1198 4556 advocatio
1219 4500 1600 4570 sempiternum
1627 4501 1740 4556 suis
1765 4499 2030 4556 famulan-

449 4589 595 4644 tibus
621 4589 836 4646 aﬁ‘erret
863 4591 1131 4646 solatium.
1169 4591 1276 4647 Pro
1311 4591 1546 4661 peccatis
1577 4606 1791 4662 quoque
1811 4599 1865 4648 et
1889 4593 2032 4649 elee-

449 4693 732 4750 mosynam
745 4679 1062 4736 facientibus
1088 4679 1428 4748 adjunximus
1447 4683 1741 4749 orationes,
1765 4690 2030 4752 quatenus

451 4769 500 4824 si
529 4768 649 4838 quis
677 4769 760 4824 vel
778 4785 877 4840 pro
905 4771 1016 4826 suis
1041 4770 1382 4842 negligentiis
1398 4771 1482 4827 vel
1504 4787 1602 4842 pro
1615 4773 1841 4828 aliorum
1866 4774 2030 4829 bene-

451 4882 522 4938 ab
542 4881 851 4937 auctoribus
871 4882 1188 4951 appellatur,
1210 4897 1348 4951 quae,
1377 4882 1421 4937 si
1438 4882 1744 4937 Matthazum
1757 4882 2030 4939 Parisien-

449 4965 563 5022 sem
578 4951 851 5022 audimus,
866 4950 1060 5022 Ca_rolo
1074 4950 1266 5022 magno
1287 4951 1460 5022 aliinis
1481 4951 1601 5015 fuit,
1633 4960 1688 5006 et
1699 4951 1860 5022 Drida
1877 4954 2029 5022 prius

451 5021 614 5092 dicta,
659 5035 818 5089 quam
841 5019 1253 5092 inABritanniam
1276 5021 1532 5076 venisset.
1554 5060 1581 5092 ί.
1610 5061 1625 5075 .
1655 5060 1668 5074 .
1721 5021 1827 5076 Sed
1854 5019 2028 5092 pietas

449 5087 567 5158 ejus
594 5087 711 5163 erat
729 5089 944 5163 generis
964 5087 1237 5163 Afeminini,
1284 5099 1350 5163 et
1364 5091 1658 5163 potentiam
1685 5099 1842 5146 nacta
1857 5087 2024 5163 dege-

450 5160 660 5230 peravit
689 5159 870 5216 statim
887 5159 942 5230 in
961 5159 1040 5225 id,
1059 5161 1205 5229 quod
1225 5161 1475 5230 impietas
1499 5160 1716 5216 dicitur.
1756 5181 1779 5214 ι
1817 5159 2024 5219 Alford.

449 5226 553 5284 loc.
575 5229 668 5283 cit.
701 5245 850 5284 num.
878 5229 968 5285 58.

519 5297 743 5370 g_Edita
776 5299 1072 5370 aiMartene
1098 5308 1152 5355 et
1173 5300 1424 5356 Durando
1450 5308 1582 5356 tom.
1603 5301 1645 5357 ῐ.
1673 5303 1793 5357 Vet.
1823 5301 2022 5370 Script.

450 5375 506 5422 et
530 5365 674 5422 Mou.
694 5369 855 5440 ampl.
885 5369 1006 5425 coll.
1035 5385 1158 5440 pag.
1189 5371 1382 5434 49-51,
1399 5387 1466 5427 ex
1492 5372 1894 5428 ms.Vedastino
1920 5365 2026 5440 800

451 5446 760 5512 annorum._
787 5439 1084 5512 Datacirca
1107 5439 1461 5512 annum_79li
1477 5457 1584 5512 quo
1611 5441 1763 5498 Rado
1811 5439 2026 5512 abbatia

451 5506 874 5629 nigtisgedasti
899 5507 1128 5566 donatus
1149 5519 1254 5566 est.
1286 5506 1608 5568 Mabillilib.
1639 5527 1766 5568 xxvi
1783 5551 1797 5578 ,
1826 5507 2022 5565 Annal.

448 5591 600 5631 Imm.
635 5591 724 5629 ου.

520 5643 552 5685 δ
598 5642 810 5715 [φημι.
839 5645 1070 5702 Exstant
1093 5648 1150 5703 hi
1175 5664 1365 5706 versus
1385 5659 1517 5705 tom.
1543 5648 1607 5715 Η,
1623 5665 1654 5704 a
1677 5663 1825 5704 num.
1842 5644 2022 5715 41-66.

521 5715 544 5744 ⁶
590 5712 800 5769 Missas.
838 5715 1079 5784 Intelligo
1107 5717 1326 5774 Librum
1352 5712 1858 5783 Sacramentorum;
1885 5714 2023 5772 infra

2131 4231 2288 4295 oabit,
2309 4228 2420 4284 illic
2439 4230 2560 4296 iter,
2587 4247 2690 4302 quo
2721 4230 2988 4285 ostendam
3027 4230 3107 4285 illi
3141 4229 3373 4285 salutare
3397 4227 3495 4283 Dei
3535 4225 3708 4298 (Psal.

2133 4336 2279 4385 mx,
2303 4320 2418 4392 2'5).
2455 4319 2695 4377 Necdum
2712 4321 2866 4386 mihi,
2895 4322 3197 4377 charissimi
3226 4317 3714 4385 fratres,occurrit

2134 4417 2346 4478 tempus
2388 4409 2625 4464 dictandi
2666 4419 2690 4450 ο
2737 4409 3076 4466 homiliarem
3131 4409 3570 4468 admonitionem,
3616 4405 3711 4460 sed

2133 4498 2242 4552 vita
2269 4499 2487 4564 comite,
2513 4497 2717 4570 Spiritu
2738 4508 2924 4555 sancto
2951 4499 3268 4571 inspirante,
3283 4513 3389 4554 non
3410 4512 3504 4554 cro
3527 4497 3710 4551 imme-

2130 4607 2252 4648 mor
2278 4591 2553 4660 petitionis
2571 4599 2768 4647 vestra:
2795 4600 2852 4646 et
2889 4591 3262 4662 promissionis
3290 4605 3445 4645 meas.
3517 4587 3708 4642 Divina

2128 4696 2227 4736 vos
2253 4679 2538 4736 clementia
2569 4679 2624 4735 in
2657 4680 2804 4738 omni
2833 4681 3075 4736 bonitate
3120 4680 3313 4734 florere
3349 4686 3404 4734 et
3445 4675 3710 4748 proﬁcere

2128 4767 2315 4835 faciat,
2343 4767 2538 4823 fratres
2567 4767 2893 4824 charissimi.
2943 4768 3115 4823 Amen
3153 4765 3175 4805 τ
3193 4769 3205 4821 !

2130 4891 2261 4950 tom.
2290 4879 2335 4935 ll
2365 4879 2457 4936 ubi
2491 4880 2656 4936 etiam
2679 4881 2790 4950 vid.
2817 4881 3076 4950 praeviam
3105 4877 3547 4950 admonitionem.

2198 4949 2227 4990 ἀ
2258 4950 2583 5025 Protectoris
2606 4949 2790 5025 nostri.
2821 4943 3218 5025 'Alcuinu§_hoc
3239 4963 3306 5002 ex
3337 4947 3453 5025 loco
3485 4943 3718 5025 agectus

2128 5021 2364 5094 maxime
2392 5019 2565 5094 fuisse
2589 5021 3046 5094 _videtur_sancto
3063 5019 3313 5094 Vedasto,
3343 5015 3496 5084 cujus
3525 5015 3706 5094 Vitam

2127 5091 2291 5145 etiam
2340 5090 2408 5143 ad
2451 5089 2764 5160 petitionem
2787 5089 3068 5160 “Badonis
3123 5087 3351 5160 abbatis
3392 5084 3714 5152 conscripsit

2127 5160 2273 5233 circa
2296 5156 2501 5233 annum
2530 5160 2632 5214 796
2661 5158 2862 5233 Mabill.
2886 5159 2989 5233 loc.
3008 5159 3100 5233 cit_.
3150 5157 3267 5233 Quo
3281 5156 3444 5233 etiam
3473 5162 3715 5233 tempore

2165 5229 2402 5284 rohabile
2421 5236 2524 5294 est,
2554 5244 2675 5283 eum
2697 5227 2881 5282 titulos
2907 5229 2961 5282 in
2983 5227 3210 5282 ecclesia
3220 5225 3498 5280 vedastina
3518 5224 3712 5277 inscri-

2195 5298 2329 5353 ndos
2354 5298 2605 5352 dictasse.
2647 5295 2931 5351 Murena.

2203 5380 2226 5406 ο
2266 5365 2616 5420 Homiliarem
2643 5364 3072 5421 admonitionem.
3115 5365 3447 5420 Promissum
3469 5357 3715 5430 implevit

2125 5435 2383 5491 Alcuinus
2408 5435 2464 5489 in
2496 5433 2748 5498 Humilia,
2799 5448 2895 5490 seu
2920 5436 3300 5491 adhortatione
3321 5433 3390 5488 ad
3421 5428 3712 5486 imitandae

2125 5505 2352 5573 virtutes
2366 5503 2540 5559 sancti
2562 5503 2801 5568 Vedasti,
2829 5517 2994 5573 quam
3015 5505 3264 5560 dabimus
3292 5502 3434 5558 infra
3457 5498 3709 5573 suoloeo.

2202 5573 2222 5612 ί
2264 5572 2320 5626 In
2335 5573 2546 5647 codice,
2595 5585 2704 5647 quo
2731 5569 3000 5647 usus—West
3035 5574 3300 5647 Martene,
3343 5569 3712 5647 sequebantur

2123 5657 2315 5698 versus
2335 5642 2389 5697 in
2419 5636 2645 5697 ecclesia
2673 5645 2845 5700 sancti
2877 5645 3095 5702 Vedasti
3120 5636 3549 5710 scribendi,'qui
3577 5636 3708 5694 editi

2127 5721 2252 5768 sunt
2281 5720 2409 5769 tom.
2437 5711 2504 5780 ll,
2540 5727 2686 5768 num.
2718 5713 2803 5769 41.
