4070 6182
337 344 458 400 an

789 454 894 524 σι
938 466 962 494 α
1005 450 1334 509 EPISTOLA
1373 452 1479 508 LII.

336 559 418 600 ΑΙ)
455 557 698 600 ηΑτιιεε
740 558 794 597 IN
839 558 1087 599 ECCLESIA
1135 559 1321 600 SANCTI
1367 560 1637 601 LIUDGABII
1676 562 1930 602 EPISCOPI.

968 633 1145 704 (Anno
1173 633 1320 704 796.)

336 723 584 780 Excute:
595 740 669 787 se,
685 722 826 793 quod
848 722 917 776 ad
937 723 1075 792 ipsos
1101 739 1203 776 non
1224 724 1452 788 venerit;
1474 725 1713 777 hortatur
1735 724 1805 778 ad
1826 727 1931 780 uir-

726 802 862 846 tates
889 792 1158 846 monachis
1186 795 1560 851 convenientes.

414 903 831 961 Venerabilibus
843 903 897 957 in
917 902 1131 958 Christo
1150 901 1431 957 Fratribus
1448 902 1477 941 ιι
1490 902 1543 957 in
1558 902 1796 959 Ecclesia
1810 887 1933 959 san-

335 998 421 1054 cti
448 996 725 1067 Liudgarii
752 994 988 1065 episcopi
1024 992 1398 1059 servientibus,
1423 992 1680 1049 Alcuinus
1709 995 1932 1049 devotus

331 1090 516 1145 vestri
540 1087 815 1157 profectus
841 1086 895 1141 in
920 1085 1135 1141 Christo
1163 1084 1410 1139 salutem.

419 1176 840 1233 Desiderabilem
888 1183 1083 1231 vestra:
1126 1174 1475 1230 beatitudinis
1516 1174 1927 1240 salutationem,

336 1283 512 1340 quam
540 1282 676 1323 meat
710 1266 991 1335 parvitatis
1029 1266 1249 1321 auribus
1284 1265 1459 1321 ﬁdelis
1493 1266 1662 1321 frater
1693 1266 1928 1321 0dilleoz

338 1360 546 1425 attulit,
570 1358 959 1430 gratiosissimo
982 1357 1193 1425 suscepi
1217 1358 1416 1421 animo,
1438 1358 1593 1413 valde
1619 1359 1931 1413 desiderans

337 1449 404 1506 in
430 1458 626 1506 vestrae
653 1448 957 1505 sanctitatis
976 1447 1331 1509 orationibus,
1360 1447 1414 1501 in
1438 1447 1594 1515 hujus
1618 1447 1929 1517 procellosat

336 1540 474 1596 vita:
525 1539 738 1609 navigio
780 1537 1040 1606 adjuvari,
1075 1546 1342 1607 quatenus
1366 1537 1604 1607 piissima
1635 1537 1928 1593 Salvatoris

1796 338 2172 396 EPISTOLzE.

1951 455 1998 510 Δ
2029 461 2083 509 et
2111 455 2305 524 quibus
2331 463 2457 510 ante
2492 470 2586 510 eos
2622 455 2767 509 vivat
2809 456 3085 524 exemplis.
3130 455 3279 511 Sicut
3314 466 3366 511 et
3410 458 3527 523 ﬁlii,
3556 471 3610 515 et

3495 345 3602 402 2!8

2033 560 2185 615 grex,
2214 560 2318 613 qua
2342 545 2623 600 devotione
2641 547 2879 614 paternis
2902 547 3265 614 obtemperant
3285 546 3465 615 jussis,
3495 563 3609 602 om-

2031 635 2179 689 nium
2203 633 2370 704 judici
2400 635 2664 688 rationem
2688 636 2946 690 reddituri
2975 645 3155 689 erunt.

2100 724 2270 795 Igitur
2309 739 2496 794 pacem
2541 732 2598 777 et
2630 725 2970 779 concordiam
3007 740 3071 779 ex
3098 724 3287 779 intimo
3314 725 3493 779 cordis
3534 724 3611 778 af-

2031 815 2173 870 fectu
2202 815 2344 869 inter
2366 831 2463 870 vos
2484 816 2695 869 habete.
2726 814 2858 881 Quia
2893 815 3024 868 nihil
3054 816 3170 870 sine
3195 831 3326 885 pace
3360 815 3469 869 Deo
3500 815 3612 884 pla-

2030 914 2133 967 cet,
2166 920 2267 959 nec
2305 920 2497 959 munus
2523 905 2588 958 ad
2625 919 2793 958 aram.
2830 904 3206 973 Unusquisque
3242 905 3426 969 alium,
3457 905 3609 974 juxta

2028 994 2359 1065 Apostolum,
2375 995 2579 1047 honore
2599 994 2891 1063 prteveniat
2913 991 3089 1063 (Rom.
3107 1008 3206 1057 ιιι,
3230 992 3338 1063 iii).
3358 993 3610 1048 Seniores

2031 1087 2083 1141 in
2112 1086 2304 1157 spiritu
2332 1086 2779 1149 mansuetudinis,
2804 1087 2956 1156 quasi
2980 1086 3117 1140 ﬁlios
3138 1086 3459 1139 admoneant
3484 1086 3610 1139 ado-

2030 1175 2293 1229 lescentes
2328 1173 2381 1244 (I
2422 1174 2565 1227 Petr.
2604 1175 2682 1245 v).
2726 1174 2831 1230 Sed
2859 1182 2911 1230 et
2950 1174 3024 1229 illi
3064 1174 3285 1228 Patrum
3321 1183 3607 1243 praecepta,

2028 1265 2181 1334 quasi
2231 1265 2486 1319 divinitus
2524 1265 2686 1329 dicta,
2735 1280 2859 1320 cum
2909 1265 3054 1319 omni
3108 1263 3411 1318 humilitate
3455 1263 3612 1333 perti—

2029 1357 2174 1411 ciant
2207 1373 2220 1408 :
2264 1363 2539 1410 servantes
2584 1356 2639 1409 in
2681 1356 2875 1408 timore
2917 1354 3014 1409 Dei
3061 1354 3265 1423 proprii
3307 1355 3610 1408 castitatem

2028 1448 2290 1517 corporis,
2329 1456 2390 1501 ut
2440 1445 2675 1516 Spiritus
2717 1452 2936 1500 sanctus
2975 1444 3222 1499 habitare
3266 1443 3520 1513 dignetur,
3554 1442 3609 1496 in

2026 1538 2122 1602 eis,
2164 1538 2374 1592 dicente
2411 1536 2666 1606 Apostolo
2715 1550 2729 1588 :
2763 1533 3029 1605 Templum
3077 1534 3174 1587 Dei
3231 1542 3468 1587 sanctum
3513 1541 3606 1596 est,

338 1631 520 1685 nostri
545 1630 931 1699 gubernatione
960 1628 1026 1683 ad
1051 1636 1265 1697 portum
1287 1637 1558 1698 perpetua:
1584 1630 1800 1698 quietis,
1827 1645 1925 1683 vo-
2025 1630 2164 1701 quod
2188 1630 2309 1683 estis
2339 1645 2424 1683 vos
2454 1627 2507 1699 (I
2540 1627 2662 1681 Cor.
2686 1643 2768 1690 ιιι,
2800 1626 2911 1696 i7).
2943 1626 3008 1679 Et
3038 1626 3090 1679 in
3123 1632 3428 1680 sanctarum
3459 1622 3608 1677 Scri-

337 1719 430 1774 bis
458 1719 933 1784 intercedentibus,
953 1720 1238 1788 pervenire
1264 1733 1491 1773 merear.
1516 1731 1539 1758 c
1564 1718 1715 1786 Quod
1744 1722 1809 1774 ad
1830 1736 1926 1776 vos
1960 1787 1973 1789 _
2028 1727 2305 1789 pturarum
2336 1718 2565 1771 lectione
2593 1716 2817 1770 studiosi
2861 1722 3055 1778 estote,
3091 1721 3151 1766 ut
3185 1713 3403 1783 possitis
3447 1711 3610 1768 alter-

337 1827 451 1868 non
481 1813 790 1877 veniebam,
822 1825 930 1865 non
955 1787 1194 1879 alicujus
1230 1811 1394 1881 (Deus
1425 1811 1578 1866 testis
1604 1810 1708 1881 est)
1736 1812 1924 1882 despe-
1957 1787 2000 1845 Β
2029 1787 2210 1864 utrum
2250 1809 2517 1865 aediﬁcare
2545 1818 2601 1863 et
2624 1808 2889 1863 consolari
2932 1825 2944 1860 :
2986 1807 3111 1875 quia
3141 1806 3230 1874 qui
3273 1820 3379 1859 non
3408 1804 3517 1857 vult
3556 1804 3609 1857 in

334 1900 541 1956 ctionis
567 1916 726 1955 causa
758 1899 892 1965 feci;
934 1900 1025 1954 sed
1056 1914 1122 1954 ne
1157 1900 1468 1955 scandalum
1507 1900 1752 1970 religioni
1789 1902 1920 1972 [Al.,

336 1989 576 2061 regioni]
613 1998 805 2045 vestra:
843 2004 977 2044 mete
1015 1990 1331 2044 inordinata:
1366 1991 1787 2045 conversationis
1817 1992 1925 2045 vita

337 2088 656 2152 generaret;
688 2081 909 2150 cupiens
943 2079 1228 2143 aediﬁcare,
1258 2094 1365 2133 non
1397 2080 1673 2135 destruere
1720 2080 1738 2149 (
1754 2079 1919 2133 Eccli.

338 2184 529 2234 xutv,
558 2169 682 2241 28);
714 2184 1060 2239 congregare,
1084 2184 1191 2223 non
1221 2183 1495 2239 spargere.
1526 2168 1678 2223 Nulla
1703 2177 1785 2223 est
1811 2169 1928 2223 ovi-

336 2261 444 2315 bus
472 2259 673 2315 Christi
693 2259 865 2329 major
888 2260 1179 2324 damnatio,
1205 2274 1364 2329 quam
1388 2269 1573 2329 pastor
1591 2261 1927 2315 errabundus

336 2362 395 2409 et
415 2354 687 2410 seductor.
706 2353 807 2420 Qui
835 2370 933 2425 per
964 2355 1115 2410 devia
1146 2355 1363 2419 orbitat,
1398 2356 1666 2425 quomodo
1696 2371 1926 2427 sequens

338 2443 519 2497 viator
564 2448 709 2498 vlam
754 2444 954 2499 incedit
994 2445 1233 2517 regiam?
1278 2447 1465 2503 Nonne
1515 2449 1708 2505 hastile
1753 2452 1924 2505 aciem

340 2533 545 2589 lancea:
565 2535 810 2605 sequitur
836 2534 891 2589 in
920 2535 1065 2590 ictu?

413 2627 522 2682 Vos
547 2642 698 2693 vero,
731 2626 925 2683 fratres
960 2628 1262 2684 cbarissimi
1283 2670 1297 2694 ,
1340 2630 1466 2685 totis
1491 2631 1694 2685 viribus
1714 2638 1927 2685 sancto-

340 2733 465 2773 rum
506 2716 725 2773 Patrum
756 2719 1041 2787 sequimini
1083 2720 1353 2789 exempla,
1388 2721 1706 2789 illorumque
1731 2720 1926 2774 unani-

343 2809 509 2862 miter
547 2807 866 2862 obedientia:
905 2807 1128 2877 pedibus
1177 2807 1364 2879 [Edit.,
1413 2809 1682 2880 precibus]
1733 2810 1929 2863 intrate

340 2898 591 2967 vestigia.
626 2896 895 2962 Charitas,
927 2897 1247 2961 obedientia,
1279 2908 1334 2953 et
1350 2898 1625 2953 humilitas
1650 2898 1931 2953 monachis

342 2987 467 3042 (δαεΙί
486 2988 678 3058 januas
697 2989 962 3059 aperient.
984 2989 1099 3043 Non
1121 2990 1208 3043 illa
1231 2992 1486 3060 charitas,
1510 3007 1629 3061 qua:
1653 2992 1704 3045 in
1725 2990 1750 3030 ἀ
1774 2992 1930 3061 pleno

2020 1902 2300 1972 juventute
2327 1901 2553 1964 discere,
2584 1899 2635 1951 in
2665 1903 2942 1952 senectute
2979 1898 3118 1949 scire
3158 1909 3265 1947 non
3304 1894 3520 1962 poterit.
3544 1893 3611 1946 Et

2025 1996 2165 2048 sicut
2211 1992 2393 2047 saeculi
2437 2006 2631 2045 avarus
2687 1988 2929 2058 quotidie
2985 1987 3089 2041 sibi
3143 1986 3357 2039 divitias
3414 2001 3610 2054 augere

2023 2091 2221 2153 studet,
2249 2088 2329 2142 sic
2362 2101 2551 2141 servus
2579 2084 2673 2138 Dei
2703 2082 2978 2151 sapientia:
3004 2094 3163 2150 gazas
3185 2079 3237 2132 in
3261 2078 3343 2132 sui
3376 2078 3611 2147 pectoris

2025 2194 2212 2234 saccos
2239 2176 2481 2247 quotidie
2515 2187 2845 2243 congregare
2875 2172 3106 2233 studeat,
3140 2178 3198 2223 ut
3239 2169 3311 2223 sit
3346 2168 3513 2221 scriba
3556 2168 3611 2220 in

2024 2268 2264 2323 Ecclesia
2284 2266 2380 2319 Dei
2402 2265 2603 2327 doctus,
2627 2261 2895 2333 proferens
2922 2260 2986 2313 de
3015 2260 3257 2313 thesauro
3284 2257 3461 2312 cordis
3482 2274 3612 2311 nova

2023 2366 2072 2411 et
2096 2365 2265 2409 vetera
2286 2353 2561 2409 conservis
2582 2351 2694 2405 suis
2714 2349 2950 2405 coelestis
2971 2348 3216 2403 scientia:
3234 2347 3372 2401 dona
3395 2346 3609 2416 (Matth.

2025 2462 2146 2511 χιιι,
2193 2444 2304 2516 52),
2344 2450 2607 2512 quatenus
2638 2441 2796 2511 juxta
2830 2439 3066 2494 Danielis
3108 2438 3442 2507 prophetiam
3485 2452 3611 2490 eru-

2024 2538 2179 2591 diens
2202 2534 2416 2597 multos,
2456 2534 2596 2588 sicut
2630 2531 3027 2585 firmamentum
3066 2529 3237 2583 stellis
3273 2537 3525 2583 ornatum
3557 2528 3608 2581 in

2023 2636 2281 2698 perpetua
2307 2626 2503 2695 fulgeat
2525 2624 2859 2679 beatitudine
2885 2623 3047 2693 (Dan.
3078 2639 3180 2688 xu,
3209 2620 3285 2691 ὅ).

2098 2718 2213 2772 Non
2243 2732 2347 2779 me,
2380 2716 2622 2777 obsecro,
2667 2719 3153 2782 prtesumptuosum
3184 2711 3466 2774 aestimate,
3503 2711 3609 2765 fra-

2027 2817 2156 2871 tres,
2176 2822 2275 2877 pro
2295 2806 2454 2875 hujus
2477 2803 2858 2859 admonitionis
2884 2800 3149 2856 chartula.
3181 2800 3287 2855 Sed
3322 2801 3462 2869 quod
3491 2800 3611 2855 cha-

2029 2898 2208 2951 ritatis
2240 2895 2419 2965 lingua
2459 2894 2673 2956 dictavi,
2711 2908 2807 2946 vos
2844 2890 3164 2945 humilitatis
3189 2889 3445 2960 perlegite
3483 2904 3610 2943 ocu-

2028 2989 2113 3052 lis,
2146 3000 2429 3055 meamque
2459 2984 2806 3051 fragilitatem
2838 2982 3141 3036 orationum
3172 2980 3371 3034 auxilio
3400 2988 3609 3035 vestra-

342 3086 567 3149 potatur
608 3077 795 3143 calice,
827 3079 919 3134 scd
960 3078 1048 3133 illa
1076 3096 1193 3148 quae
1229 3080 1282 3133 in
1311 3088 1528 3149 pectore
1568 3081 1682 3135 sine
1711 3079 1929 3138 simula-
1956 3110 2003 3171 ϐ
2033 3094 2154 3133 rum
2182 3078 2448 3139 roborata,
2488 3082 2546 3128 ut
2579 3074 2672 3127 Dei
2697 3072 2930 3128 donante
2961 3071 3243 3127 clementia
3267 3079 3609 3140 peccatorum

341 3168 496 3222 tione
521 3178 769 3223 versatur
791 3167 1028 3223 fraterno
1065 3187 1078 3222 :
1115 3185 1222 3223 non
1259 3185 1353 3223 sua
1386 3186 1651 3239 quaerens,
1688 3172 1781 3226 sed
1810 3187 1929 3240 qua:

342 3255 572 3309 alterius
593 3265 714 3310 sunt
744 3256 795 3327 (I
822 3255 945 3311 Cor.
972 3273 1091 3323 χιιι,
1119 3258 1205 3325 5);
1246 3260 1494 3313 omnibus
1529 3261 1783 3328 prodesse
1822 3276 1928 3314 non

341 3346 454 3400 sibi
497 3345 761 3414 placuisse
804 3362 1069 3415 quaerens.
1124 3347 1240 3402 Non
1292 3347 1378 3401 illa
1419 3347 1691 3402 humilitas
1720 3356 1929 3401 tantum

345 3453 478 3507 qua:
509 3438 562 3490 iu
599 3438 786 3507 capitis
822 3440 1166 3494 inclinatione
1198 3438 1331 3495 foris
1362 3439 1677 3503 ostenditur,
1710 3439 1802 3494 sed
1839 3438 1929 3492 illa

345 3542 479 3597 quas
495 3527 548 3581 in
571 3528 745 3583 cordis
768 3530 1195 3586 consideratione
1221 3539 1345 3585 ante
1366 3538 1708 3600 conspectum
1735 3530 1930 3584 summi

343 3616 544 3688 judicis
573 3618 817 3675 omnibus
851 3635 910 3675 se
944 3620 1254 3675 inferiorem
1283 3634 1403 3675 esse
1430 3618 1657 3687 judicat.
1693 3618 1830 3685 Quid
1865 3619 1932 3673 de

345 3703 656 3760 obedientia
701 3705 889 3775 loquor
919 3706 1108 3777 |Mab.,
1150 3705 1394 3777 loquar],
1427 3707 1554 3761 dum
1594 3715 1707 3761 tota
1745 3722 1932 3760 mona-

345 3795 576 3849 chorum
620 3796 728 3850 vita
779 3797 832 3850 in
881 3796 1224 3865 simplicitate
1277 3796 1526 3850 consistit
1572 3795 1932 3849 obedientiae?

345 3886 511 3940 Pater
535 3899 664 3940 vero
684 3894 738 3940 et
762 3896 947 3956 pastor
967 3887 1075 3942 Deo
1098 3886 1361 3942 rationem
1390 3886 1578 3942 reddet
1601 3886 1730 3956 quid
1743 3885 1934 3954 jubeat

418 3999 527 4122 bc?
554 4011 580 4039 ιι
611 3999 751 4082 Edit.
781 3999 1030 4083 Quercet.
1062 3999 1151 4054 64.
1179 3999 1358 4082 Canis.
1384 3998 1473 4063 22,
1503 3999 1736 4081 Froben.
1770 3998 1857 4052 52.

527 4068 712 4122 cclesra
745 4080 911 4122 sancti
944 4068 1236 4122 Lmdaarn.
1270 4070 1581 4122 Leodetzarn
1613 4068 1739 4122 lenit
1769 4066 1857 4121 Cat

421 4066 461 4108 ιῖ
480 4066 712 4140 Ecclesia
745 4066 924 4140 sancti,
944 4068 1236 4140 Liudgarii.
1270 4069 1590 4140 Leodegarii
1613 4068 1739 4138 legit
1769 4066 1930 4140 Cani-

349 4137 484 4202 sius,
507 4140 649 4210 quod
674 4138 789 4208 ipse
809 4138 876 4192 de
901 4137 1487 4210 Augustodunensibus,
1512 4137 1934 4210 cujus’ecclesia:

352 4207 574 4279 sanctus
610 4207 1294 4279 hendegarius'episcopus
1340 4207 1549 4272 fuerat;
1583 4207 1935 4279 'Mabillonius

350 4291 483 4331 vero
514 4276 590 4347 de
610 4276 1061 4334 Morbacensibus'
1088 4276 1367 4334 monachis
1386 4318 1400 4341 ,
1442 4291 1670 4347 quorum
1710 4276 1933 4347 basilica

349 4355 539 4418 sancto
570 4345 907 4418 Leodegario
940 4356 1241 4418 nuncupata
1280 4355 1383 4413 est,
1419 4345 1803 4416 interpretatur
1835 4345 1929 4401 lib.

350 4363 912 4472 mcum
940 4364 1165 4487 "figi"

427 4495 450 4524 ε
484 4484 636 4550 Quod
667 4486 735 4540 ad
764 4503 849 4541 vos
875 4484 980 4541 non
1012 4488 1291 4542 veniebam.
1335 4485 1391 4542 Si
1426 4486 1647 4550 epistola
1679 4485 1744 4541 ad
1785 4484 1930 4539 Mur-

349 4553 615 4625 bacenses
643 4557 843 4625 scripta
871 4564 974 4621 est,
1002 4565 1064 4611 ut
1093 4567 1276 4613 censet
1307 4553 1660 4620 Mabiﬂonius,
1691 4556 1927 4620 credam,

2032 3181 2274 3222 meorum
2304 3179 2515 3220 merear
2539 3163 2783 3232 accipere
2810 3161 3043 3225 veniam,
3072 3177 3136 3217 ac
3169 3161 3444 3216 vobiscum
3472 3161 3611 3214 desi-

2028 3256 2320 3312 derabilem
2344 3254 2530 3308 audire
2550 3267 2738 3307 vocem
2768 3269 2781 3304 :
2819 3250 2993 3305 Venite
3014 3250 3266 3304 benedicti
3290 3248 3468 3302 Patris
3489 3250 3609 3312 mei,

2026 3346 2272 3417 percipite
2311 3360 2544 3414 regnum,
2580 3341 2719 3413 quod
2755 3342 2895 3396 vobis
2921 3350 3166 3411 paratum
3202 3349 3276 3394 est
3312 3339 3377 3393 ab
3415 3339 3614 3409 origine

2029 3438 2211 3492 mundi
2240 3437 2453 3509 (Matth.
2487 3452 2616 3501 xxv,
2644 3435 2759 3507 54).

2558 3526 2893 3581 EPISTOLA
2943 3526 3075 3580 LIII.

2425 3610 2448 3638 θ
2486 3614 2553 3652 ΑΙ)
2589 3612 2827 3652 ιἰιειτιιεδ
2858 3610 3225 3650 (ῑοιιιιειειιεεε.

2029 3668 2238 3723 Laudat
2277 3668 2490 3722 illorum
2530 3667 2717 3719 bonum
2757 3665 3192 3718 conversationem
3232 3681 3264 3717 a
3292 3680 3347 3717 se
3374 3664 3497 3718 olim
3523 3680 3615 3719 ea:—

2099 3735 2680 3807 pertam.i(.'omm_endat
2702 3751 2760 3807 _s_e
2777 3733 2987 3787 illorum
3010 3732 3352 3797 orationibus,
3370 3743 3417 3787 et
3438 3734 3615 3788 horta-

2100 3802 2243 3859 tatur
2269 3806 2337 3858 ad
2362 3804 2565 3858 virtutis
2592 3802 2842 3856 studium.

2103 3893 2473 3951 Sanctissimis
2497 3893 2553 3947 in
2582 3890 2799 3947 Christo
2832 3891 3106 3956 fratribus,
3145 3898 3245 3948 sub
3283 3901 3617 3963 protectione

2030 4022 2154 4064 men
2192 4004 2464 4061 adversari
2499 4004 2709 4059 videtur
2752 4004 2865 4071 ipsa
2907 4000 3066 4069 hujus
3105 4003 3343 4071 epistola:
3387 4020 3617 4070 sequens

2031 4077 2318 4150 inscriptio
2342 4089 2357 4127 :
2388 4072 2671 4150 Fratribus
2694 4070 3129 4150 suhfrotectione
3157 4070 3293 4150 beati
3328 4071 3616 4150 Leodegari

2029 4140 2254 4217 episco'pi
2276 4145 2385 4198 Deo
2412 4142 2767 4217 seruientibus.
2794 4140 3020 4196 Curbeia
3039 4140 3083 4194 si
3108 4140 3324 4217 quidem
3364 4140 3612 4217 utraque,

2026 4209 2269 4271 vetuset
2297 4229 2433 4268 nova
2454 4213 2678 4267 aliorum
2703 4222 3008 4266 sanctorum
3039 4209 3340 4279 patrocinio
3366 4209 3615 4266 dedicata

2032 4285 2236 4350 fuerat;
2286 4283 2376 4337 illa
2424 4283 2638 4354 quidem
2673 4281 2845 4354 sancti
2885 4280 3030 4335 Petri
3077 4279 3302 4354 apostoli
3345 4288 3530 4354 prout_
3548 4281 3615 4335 ad

2030 4357 2189 4426 epist.
2223 4354 2321 4409 i9l
2373 4349 2708 4426 notavimus;
2756 4353 2873 4406 hazc
2917 4351 3244 4426 vero__initio
3279 4350 3450 4426 sancti
3474 4349 3618 4426 _Ste-

1955 4451 2006 4513 ο
2029 4419 2192 4513 phani
2220 4423 2657 4513 protomartyris;
2849 4421 3027 4513 sancti
3043 4420 3440 4513 Vriti'martyris.
3474 4419 3617 4513 lira}-

2033 4488 2274 4550 cedentis
2305 4488 2542 4563 epistola:
2572 4490 2847 4563 inscriptio
2888 4507 2900 4542 :
2945 4490 3027 4563 4d
3069 4488 3258 4563 fratres
3303 4488 3360 4563 i_n_
3399 4489 3616 4563 ecclesia

2031 4566 2200 4618 sancti
2235 4557 2508 4632 Liudgarii
2551 4578 2640 4632 seu
2688 4557 2993 4632 Leodegarii
3028 4559 3271 4632 episcopi,
3299 4557 3616 4632 _Mabilloniu

349 4623 640 4703 ⁸ξιίειιίιιιιιιι
786 4625 906 4703 loco
930 4642 989 4703 se
1011 4627 1454 4703 excusarelquod
1478 4627 1545 4703 a_d_
1568 4640 1661 4703 eos
1685 4640 1749 4678 ea
1776 4639 1931 4703 oeca-

2028 4632 2231 4703 judice,
2273 4623 2615 4703 intelligenda
2649 4639 2733 4687 est
2766 4631 2832 4684 de
2859 4623 3163 4703 'monac'his
3185 4623 3617 4703 Morbaccnsiiqis

352 4694 506 4748 sione
531 4709 639 4748 non
668 4695 927 4761 inviserit,
953 4697 1077 4751 dum
1109 4712 1249 4752 anno
1275 4694 1376 4753 796
1406 4698 1459 4752 in
1484 4695 1740 4751 Alsatiam
1764 4695 1929 4760 venit,

353 4763 446 4818 ubi
473 4764 823 4839 res_al_iquas,
845 4766 983 4822 forte
1006 4781 1110 4821 non
1136 4767 1291 4839 longe
1314 4783 1345 4839 a
1373 4766 1700 4839 monasterio
1724 4763 1935 4819 Murba—

354 4832 525 4894 censi,
560 4832 826 4905 habebat,
871 4845 931 4890 ut
970 4844 1118 4905 patet
1156 4832 1405 4905 ex'epist.
1437 4835 1505 4890 55
1545 4836 1617 4905 ad
1638 4833 1932 4898 Arnoncm,

354 4902 603 4976 quamvis
646 4903 904 4959 Alcuinus
951 4902 1057 4960 alio
1096 4907 1261 4959 etiam
1282 4902 1541 4976 tempore
1587 4904 1713 4959 illuc
1752 4905 1937 4958 venire

427 4972 609 5027 tuerit.

353 4986 651 5113 pangitur
679 5050 893 5113 potatur
921 5042 1353 5113 calice._Alludit,
1381 5043 1551 5112 inquit
1580 5040 1935 5113 Mabillonius,

353 5109 426 5163 ad
464 5125 648 5166 mores
679 5109 1060 5168 Germanicos.
1088 5111 1338 5168 Canisius
1372 5109 1501 5167 vero
1539 5113 1615 5166 ait
1654 5112 1935 5167 Alcuinum

353 5178 593 5235 alludere
613 5181 687 5252 ad
712 5180 862 5252 illum
882 5198 1111 5248 morem,
1136 5197 1244 5252 quo
1273 5182 1488 5252 nomine
1520 5190 1578 5252 et
1601 5197 1784 5252 amore
1812 5198 1937 5236 san-

353 5250 1002 5331 ctorum-benedictionis
1022 5250 1379 5331 adipiscenda:
1390 5250 1838 5331 ergo,_bibcbant.
1855 5252 1940 5331 De

429 5333 465 5372 ο
492 5328 682 5374 auctor
705 5320 798 5375 lib.
828 5321 904 5378 De
931 5319 1207 5379 miraculis
1234 5321 1403 5379 sancti
1433 5319 1665 5387 Udalrici
1692 5333 1752 5372 ca
1798 5358 1810 5370 .
1849 5320 1935 5372 10.

353 5332 509 5440 nde
544 5387 764 5440 Arnoldi
804 5392 1205 5440 Vohhumensis
1232 5392 1599 5440 narrationem
1640 5388 1705 5440 de
1747 5335 1935 5440 διιοηο

405 5387 509 5463 dde
544 5387 765 5463 Arnoldi
804 5392 1205 5463 Vobburgensis
1232 5392 1599 5463 narrationem
1640 5388 1705 5463 de
1747 5387 1941 5463 Qttone

357 5453 555 5527 “agno
589 5458 683 5515 lib.
727 5460 794 5515 de
834 5453 1108 5517 miracuiis
1140 5463 1314 5518 sancti
1353 5458 1699 5527 Emmerami.
1740 5457 1940 5513 Contra

357 5526 588 5582 abusum
615 5529 733 5596 ejus
758 5531 836 5585 rei
860 5531 1025 5586 etiam
1052 5533 1106 5586 in
1128 5534 1360 5587 maxime
1384 5530 1587 5587 dissitis
1603 5543 1634 5584 a
1653 5526 1942 5584 Germania

357 5596 672 5673 regionibus
698 5599 906 5673 legatur
932 5602 1103 5673 sancti
1136 5602 1271 5673 Aug.
1307 5601 1491 5673 Serm.
1513 5599 1637 5663 252,
1678 5599 1744 5654 de
1760 5607 1936 5673 temp.

436 5676 461 5746 ξ
495 5667 578 5750 Ad
624 5667 1331 5750 [ratresJCorbeiensesz'lta
1369 5672 1582 5750 quidem
1623 5667 1943 5750 exprimitur

361 5733 525 5806 hujus
554 5733 796 5808 epistolae
828 5741 1012 5799 titulus
1049 5741 1103 5796 in
1131 5742 1247 5797 cod.
1274 5733 1709 5801 msfliarleiano',
1748 5738 1833 5794 cui
1865 5746 1942 5793 ta-

2034 4698 2090 4759 in
2114 4703 2337 4759 Alsatia.
2369 4698 2502 4756 Illud
2532 4701 2672 4755 enim
2698 4699 3083 4755 monasterium
3116 4698 3260 4752 circa
3291 4714 3488 4752 annum
3514 4698 3615 4751 727

2034 4792 2067 4830 a
2096 4782 2284 4829 sancto
2303 4771 2562 4826 Pirminio
2584 4771 2855 4825 conditum
2875 4776 2973 4829 est,
3002 4775 3057 4821 et
3082 4767 3295 4835 quidem
3322 4768 3617 4822 honoribus

2036 4844 2209 4899 sancti
2234 4840 2547 4911 Leodegarii
2581 4847 2861 4911 propterea
2894 4838 3148 4899 dicatum,
3181 4838 3322 4904 quod
3350 4837 3620 4890 Eberhar-

2036 4915 2135 4967 dus
2161 4926 2360 4973 comes,
2389 4908 2491 4965 loci
2520 4908 2789 4973 fundator,
2827 4909 2972 4963 hunc
3005 4914 3251 4961 sanctum
3277 4920 3341 4958 ex
3374 4916 3617 4958 materna

2036 4983 2175 5056 linea
2201 4980 2599 5056 propinquitate
2637 4976 3137 5056 att.inebat._Aviam
3188 4975 3385 5056 quippe
3429 4974 3618 5028 habuit

2036 5044 2453 5126 Beresiginiiani,
2505 5048 2742 5117 Sigradze
2788 5045 3098 5126 Leodegarii
3143 5044 3621 5126 genitricis‘sorov-

2036 5136 2173 5175 rem.
2206 5120 2461 5187 Ejusdem
2504 5114 2716 5188 quoque
2742 5116 2914 5188 sancti
2946 5114 3200 5188 martyris
3220 5121 3381 5182 caput
3405 5114 3471 5166 ab
3502 5114 3617 5188 ipsa

2037 5183 2349 5245 monasterii
2375 5183 2580 5258 origine
2606 5183 2801 5242 ibidem
2828 5183 3125 5258 depositum
3140 5192 3252 5258 est,
3269 5191 3427 5250 atque
3450 5183 3621 5258 etiam

2038 5274 2182 5313 nunc
2224 5250 2563 5320 asservatur;
2613 5250 2938 5325 quapropter
2983 5255 3081 5307 etsi
3138 5252 3291 5305 initio
3335 5250 3615 5325 praefatum

2038 5329 2423 5403 monasterium
2458 5326 2510 5378 in
2546 5321 3058 5403 honorequuoque
3094 5329 3294 5403 sanctae
3332 5321 3434 5403 Dei
3466 5323 3625 5391 geni-

2039 5397 2195 5452 tricis
2240 5396 2439 5459 Mariae,
2482 5394 2762 5461 sanctique
2806 5391 3083 5447 Michaelis
3129 5391 3437 5463 archangeli
3486 5407 3616 5463 conf

2040 5473 2305 5523 structum
2349 5464 2528 5527 fuerit,
2560 5460 2714 5532 lapsu
2749 5462 3227 5533 tamen‘temporis
3260 5460 3473 5517 caeteris
3508 5460 3617 5533 lori

2039 5536 2281 5615 patronis
2306 5530 2669 5615 przelatusest
2696 5539 2930 5615 sanctus.
2942 5530 3327 5615 Leodegarius,
3355 5539 3415 5615 ut
3441 5546 3507 5586 ex
3525 5530 3618 5615 di:

2074 5601 2360 5662 lomatibus
2397 5602 2571 5674 Caroli
2618 5602 2789 5674 Magni
2819 5610 2873 5657 et
2908 5601 3146 5674 Dotharii
3176 5601 3395 5674 Augusti
3424 5601 3615 5671 probat

2045 5671 2240 5732 Mabill.
2271 5675 2395 5732 libr.
2436 5689 2504 5728 xx
2534 5671 2751 5739 AnnalL,
2780 5687 2899 5742 pag.
2930 5671 3015 5725 77.
