4070 6182
435 345 538 401 εις)

1299 335 1357 387 Β.
1401 333 1462 386 F.
1504 329 1730 386 ALBlNl
1771 328 1904 386 SEU
1940 328 2218 386 ALCUINI
2254 327 2535 384 OPERUM
2573 325 2752 382 PARS
2789 325 2829 383 Ι.

3591 330 3698 383 (ὶὲο

433 437 580 493 beati
608 429 898 502 Leodegari
929 425 1166 497 episcopi
1201 424 1312 478 Deo
1346 424 1726 486 servientibus,
1757 421 2014 476 Alcuinus
2039 427 2092 482 Α
2187 420 2336 492 Rogo
2373 435 2470 474 vos
2507 434 2606 486 per
2641 416 2926 474 charitatis
2961 415 3139 478 ﬁdem,
3183 424 3242 471 ut
3272 416 3500 473 fideliter
3527 429 3581 473 et

436 527 688 583 wmwm.

507 616 645 673 Olim
675 627 701 654 ι
731 609 974 680 magistri
1015 607 1118 662 mei
1162 605 1384 675 vestigia
1407 613 1636 658 secutus
1674 609 1866 656 vestrae
1889 615 2018 656 con-

435 704 764 780 gregationis
811 699 1133 756 laudabilem
1176 697 1638 754 conversationem
1681 693 1926 748 videbam
1964 702 2018 748 et

437 797 708 858 amabam,
741 808 934 862 meque
973 792 1146 860 ipsum
1184 790 1325 843 inter
1351 802 1448 841 vos
1475 801 1596 840 esse
1623 783 2016 846 desiderabam,

433 887 592 957 quasi
619 901 759 940 unus
780 900 847 939 ex
873 883 1046 938 vobis.
1079 881 1230 936 Unde
1266 879 1543 948 deprecor,
1570 873 1874 930 cbarissimi
1907 872 2018 927 fra-

436 978 575 1032 tres!
617 984 853 1031 vestram
880 973 1182 1044 piissimam
1226 969 1587 1031 dilectionem,
1627 974 1688 1020 ut
1727 966 2020 1036 dignemini

437 1083 525 1124 me
568 1068 622 1122 in
675 1067 877 1123 sanctis
917 1065 1250 1122 orationibus
1293 1063 1491 1117 vestris
1533 1060 1752 1115 fratrem
1796 1059 2019 1122 habere,

437 1159 594 1230 quasi
619 1174 787 1214 unum
815 1173 882 1213 ex
908 1157 1080 1220 vobis,
1111 1163 1170 1209 ut
1195 1161 1388 1209 vestrae
1423 1151 1722 1207 sanctitatis
1759 1153 2021 1205 interces-

437 1253 590 1308 sione
613 1259 957 1321 peccatorum
985 1263 1228 1304 meorum
1257 1262 1470 1302 merear
1495 1262 1526 1300 a
1554 1247 1664 1301 Deo
1690 1243 1818 1300 Jesu
1857 1244 2027 1298 indul-

437 1345 676 1415 gentiam
701 1344 960 1413 accipere,
993 1342 1086 1410 qui
1113 1347 1198 1394 est
1222 1338 1368 1395 salus
1391 1345 1448 1394 et
1474 1337 1752 1392 beatitudo
1784 1337 2024 1392 omnium

439 1437 495 1492 in
527 1451 586 1490 se
623 1435 984 1505 sperantium;
1018 1447 1180 1502 quem
1216 1447 1314 1486 vos
1356 1431 1408 1485 in
1439 1439 1626 1486 sancta
1655 1430 1912 1500 religione
1943 1443 2028 1483 re-

438 1528 644 1599 gularis
683 1528 808 1582 vitae
851 1541 1068 1596 semper
1111 1526 1398 1588 honorate,
1437 1531 1494 1577 et
1530 1530 1722 1585 amate,
1763 1529 2028 1590 quatenus

441 1622 658 1692 dignam
691 1620 745 1673 in
775 1619 946 1683 vobis,
975 1619 1115 1672 sicut
1137 1617 1438 1672 certissime
1466 1615 1756 1680 credimus,
1792 1613 2028 1666 mansio-

441 1726 564 1766 nem
589 1711 692 1765 sibi
715 1709 971 1764 inveniat.
997 1707 1134 1775 Quid
1175 1707 1248 1762 illi
1269 1705 1671 1778 congregationi
1698 1703 2026 1774 prosperita-

2117 510 2328 577 pienter
2358 509 2413 563 in
2440 508 2702 563 electione
2733 507 3004 576 pontificis
3031 505 3262 572 faciatis,
3291 509 3337 564 si
3363 525 3584 568 necesse
3609 517 3699 582 sit,

2116 601 2433 654 electionem
2468 599 2586 653 fieri
2619 609 2640 637 ο
2667 606 2954 666 antequam
2986 599 3218 653 veniam.
3246 599 3445 656 lterum
3474 603 3700 660 iterum-

2117 705 2224 760 que
2249 691 2490 746 obtestor
2508 703 2604 743 vos
2621 703 2719 757 per
2737 701 2934 742 nomen
2960 687 3174 742 Domini
3200 689 3372 744 nostri
3401 689 3527 745 Jesu
3549 693 3704 748 Chri-

2119 778 2210 842 sti,
2258 783 2319 831 ut
2357 776 2662 831 nullatenus
2707 775 2940 845 aliquem
2985 776 3176 830 sinatis
3221 791 3320 845 per
3355 780 3703 838 simoniacam

2117 868 2367 924 hmresim
2390 868 2757 938 episcopatum
2785 865 3083 935 acquirere,
3115 867 3240 936 quia
3277 870 3500 925 omnino
3527 873 3708 941 perdi-

2121 957 2198 1012 tio
2235 958 2408 1028 gcntis
2453 964 2556 1022 est,
2603 957 2648 1011 si
2696 955 2806 1010 fiet.
2843 956 2910 1010 Et
2955 963 3038 1010 est
3083 958 3302 1014 hieresis
3333 963 3590 1030 pessima,
3633 967 3706 1020 si-

2123 1049 2366 1104 moniaca
2389 1048 2656 1112 videlicet,
2681 1063 2842 1118 quam
2873 1055 3091 1103 sanctus
3126 1049 3318 1106 Petrus
3345 1062 3551 1109 aeterno
3577 1070 3707 1110 ana-

2124 1139 2356 1193 themate
2381 1137 2656 1192 damnavit
2681 1137 2818 1208 (Act.
2846 1153 2963 1201 vm,
2990 1137 3075 1203 14,
3099 1137 3189 1202 20,
3214 1139 3367 1210 δρψ).
3398 1140 3500 1207 Qui
3525 1143 3709 1198 vendit

2124 1231 2522 1300 episcopatum,
2565 1243 2754 1282 aurum
2798 1227 3056 1296 accipiet,
3109 1228 3203 1283 sed
3246 1237 3302 1283 et
3345 1246 3567 1301 regnum
3610 1233 3706 1288 Dei

2125 1321 2332 1390 perdet.

2197 1411 2484 1481 [lucusque
2511 1417 2697 1466 sancta
2723 1410 3081 1465 Eboracensis
3111 1409 3338 1464 ecclesia
3369 1412 3423 1464 in
3447 1411 3709 1467 electione

2127 1518 2222 1558 sua
2259 1502 2513 1558 inviolata
2543 1503 2855 1572 permansit.
2893 1502 3080 1557 Videte
3117 1518 3187 1557 ne
3215 1503 3270 1557 in
3295 1503 3484 1559 diebus
3517 1505 3710 1560 vestris

2127 1594 2442 1648 maculetur.
2477 1592 2532 1647 Si
2572 1591 2684 1657 illa,
2713 1591 2855 1661 quod
2899 1593 3061 1657 absit,
3099 1593 3477 1648 auctoritatem
3510 1595 3714 1648 amittit

2126 1675 2562 1746 ecclesiasticam,
2589 1682 2754 1736 timeo
2781 1695 2850 1735 ne
2877 1697 2974 1736 vos
3007 1697 3230 1752 regnum
3265 1683 3523 1738 amittatis
3546 1691 3710 1738 aeter-

441 1765 513 1856 us
538 1801 724 1856 deesse
745 1799 965 1870 poterit,
987 1765 1078 1852 ιιῖί
1103 1798 1192 1852 ille
1227 1805 1310 1852 est
1341 1765 1406 1850 ίιῖ
1427 1765 1624 1859 medio,
1649 1765 1742 1863 qui
1772 1765 1849 1848 ait
1877 1811 1890 1846 ε
1923 1791 2025 1847 Ubi
2060 1765 2100 1824 Β
2127 1789 2276 1828 num-
2303 1772 2731 1870 Judasjendidit
2762 1787 3041 1870 εροιξεξιων
3067 1773 3257 1870 ίά-θεξ.
3285 1772 3576 1870 Ψινίειιιξιι·
3603 1775 3710 1870 Qui

437 1900 562 1944 sunt
583 1891 688 1943 duo
714 1889 791 1944 vel
819 1898 921 1942 tres
949 1887 1246 1958 congregati
1271 1888 1327 1940 in
1350 1889 1559 1940 nomine
1578 1902 1711 1951 meo,
1734 1884 1806 1940 ibi
1833 1901 1948 1939 sum
1970 1885 2025 1938 in

441 1980 610 2034 medio
639 1997 818 2034 eorum
845 1977 1058 2050 (Matth.
1085 1995 1276 2043 xxvm,
1307 1977 1423 2048 '20).

513 2071 707 2126 Pacem
735 2084 949 2138 semper
975 2069 1170 2123 habete
1203 2083 1389 2122 veram
1425 2067 1478 2120 in
1503 2068 1766 2121 charitate
1805 2073 2022 2130 sancta;

441 2171 495 2216 et
532 2161 894 2216 obedientiam
935 2139 1539 2222 sine’murmuratione,
1582 2165 1638 2211 et
1673 2157 2028 2210 humilitatem

444 2252 561 2304 sine
587 2247 948 2311 simulatione,
977 2262 1096 2316 qua:
1131 2255 1255 2300 sunt
1289 2248 1524 2301 maxime
1553 2247 1880 2300 monachicae
1904 2245 2031 2300 vitae

371 2337 380 2346 ’
445 2342 692 2405 virtutes,
717 2347 771 2394 et
799 2337 1024 2408 Spiritui
1060 2345 1249 2397 sancto
1286 2338 1545 2393 amabiles
1581 2338 1650 2393 ad
1680 2337 2029 2392 habitandum

446 2435 500 2488 in
527 2435 607 2488 eis
643 2450 656 2485 :
687 2439 850 2501 atque
886 2431 1096 2486 erudite
1135 2445 1334 2499 pueros
1372 2437 1427 2484 et
1473 2429 1896 2484 adolescentulos
1941 2445 2032 2484 ve-

446 2536 610 2591 stros,
637 2539 758 2580 cum
791 2523 937 2578 omni
967 2523 1260 2593 diligentia,
1293 2523 1346 2575 in
1371 2521 1620 2576 castitate
1644 2529 1700 2576 et
1725 2521 2028 2584 sanctitate,

447 2627 504 2672 et
521 2615 802 2686 disciplina
823 2613 1208 2677 ecclesiastica,
1225 2621 1282 2666 ut
1304 2613 1448 2682 digni
1471 2613 1774 2667 habeantur
1794 2621 2033 2666 vestrum

449 2715 570 2778 post
595 2721 691 2760 vos
717 2713 900 2760 tenere
927 2704 1122 2767 locum,
1155 2711 1210 2757 et
1237 2718 1334 2774 pro
1362 2703 1513 2765 vobis
1545 2703 1744 2758 sanctis
1775 2703 2035 2758 orationi-

449 2798 572 2864 bus,
601 2797 814 2866 Deoque
839 2794 1260 2864 acceptabilibus
1288 2794 1503 2849 assidua
1532 2793 1917 2849 consuetudine
1955 2793 2036 2847 in-

451 2887 747 2942 tercedere.

523 2979 781 3033 Dominus
813 2977 951 3032 Deus
975 2977 1068 3046 qui
1092 2991 1188 3031 vos
1228 2975 1280 3030 in
1314 2976 1453 3030 ovile
1487 2974 1791 3030 sanctitatis
1815 2989 2038 3045 congre-

450 3069 619 3139 gavit,
656 3068 772 3138 ipse
804 3081 1085 3121 numerum
1120 3073 1359 3120 vestrum
1392 3081 1591 3137 augere
1627 3066 1896 3136 dignetur,
1925 3073 1980 3120 et
2005 3081 2036 3118 a
2064 3097 2113 3161 α

453 3159 658 3214 dextris
682 3157 782 3211 sibi
808 3157 860 3210 in
891 3157 977 3210 die
1005 3157 1191 3228 judicii
1229 3165 1372 3212 stare
1401 3158 1678 3220 concedat,
1710 3157 1777 3212 ad
1815 3157 2036 3212 audien-

453 3249 576 3303 dam
624 3245 908 3300 amabilem
957 3247 1296 3310 sententiam,
1344 3263 1450 3316 qua
1497 3247 1737 3302 dicturus
1773 3249 1879 3302 erit
1913 3262 2038 3302 san-

451 3337 560 3392 ctis
601 3337 714 3392 suis
754 3355 766 3390 :
815 3334 992 3390 Venite
1029 3337 1277 3392 benedicti
1313 3337 1491 3392 Patris
1519 3338 1641 3401 mei,
1676 3339 1920 3408 percipite
1957 3355 2037 3392 re-

456 3445 634 3500 gnum,
682 3429 821 3499 φιοά
874 3429 1012 3484 vobis
1071 3439 1316 3500 paratum
1363 3441 1437 3484 est
1495 3431 1559 3484 ab
1609 3431 1808 3502 origine
1854 3433 2036 3486 mundi

459 3519 674 3590 (Matth.
704 3537 831 3587 xxv,
860 3521 984 3631 ὅθί)
1022 3590 1350 3646 EPISTOLA
1399 3590 1512 3645 LW

957 3626 981 3631 —
1023 3626 1088 3645 ιυι
1113 3626 1350 3646 ιυιυυιι
1400 3626 1532 3645 μιν.

679 3677 746 3714 Λι)
783 3677 1175 3716 ωιεςτιεειιιοε
1211 3675 1400 3715 Λυιεοε
1434 3675 1813 3715 ειιοιιλοεκεεε.

824 3730 1000 3800 (Anno
1025 3731 1146 3794 796,
1177 3746 1362 3785 mense
1387 3729 1674 3800 Augusto.)

462 3819 740 3884 Hortatur,
779 3829 834 3873 ut
872 3821 926 3874 in
967 3819 1461 3903 electioneepiscopi
1496 3822 1836 3876 simoniacam
1871 3821 2038 3876 labem

1147 3900 1352 3944 evitent.

531 3981 904 4038 Dilectissimis
937 3982 1127 4038 amicis
1156 3981 1404 4038 salutem.

533 4113 557 4140 ι
587 4098 726 4178 Olim
753 4097 990 4178 magistri
1009 4095 1343 4178 mei‘vestigia
1365 4106 1592 4178 secutus.
1612 4097 2039 4178 Duos‘alcuinus

461 4168 687 4246 Eboraci
718 4166 1004 4246 magistros
1045 4166 1250 4229 habuit,
1286 4167 1577 4246 Egbertum
1617 4176 1671 4246 et
1709 4166 2036 4246 Elhertom,

458 4249 620 4306 prout
665 4239 718 4292 in
755 4235 1070 4306 praefatione
1107 4235 1349 4306 generali
1385 4235 1790 4306 declaravimus.
1833 4236 1908 4292 De
1936 4237 2039 4306 Eg-

459 4287 620 4367 Ῑίὲῖἱὲὶ
642 4287 747 4362 iis“
758 4287 992 4360 issam;
1006 4287 1162 4373 quoa
1177 4287 1473 4372 aliquando
1495 4287 1552 4358 in
1568 4287 1806 4359 naias
1833 4287 1923 4360 ia
1936 4287 2038 4360 λ’ῑ-

461 4379 678 4443 saliam,
705 4376 796 4431 ubi
822 4375 1166 4430 Morbacense
1199 4375 1584 4428 monasterium
1615 4375 1776 4428 situm
1812 4383 1916 4442 est,
1946 4391 2037 4430 ve-

2123 1875 2304 1918 autem
2345 1863 2528 1918 vendit
2571 1877 2840 1932 sponsam,
2885 1863 2936 1917 id
2971 1871 3073 1928 est,
3115 1863 3433 1930 Ecclesiam,
3469 1865 3708 1935 ejusdem

2125 1953 2370 2012 criminis
2406 1967 2532 2006 reus
2563 1960 2647 2006 est
2675 1967 2690 2006 :
2721 1952 2848 2022 quia
2888 1951 3135 2007 Christus
3167 1960 3224 2007 et
3266 1953 3502 2008 Ecclesia
3542 1969 3709 2009 unum

2125 2059 2322 2114 corpus
2346 2051 2492 2108 sunt,
2517 2043 2773 2113 Apostolo
2803 2053 2937 2098 teste
2976 2043 3188 2114 (Ephea.
3224 2059 3278 2108 v,
3307 2044 3421 2115 εδ).
3453 2043 3712 2100 Venditor

2127 2153 2255 2192 vero
2281 2151 2501 2192 necesse
2543 2143 2628 2191 est
2667 2143 2823 2190 extra
2867 2135 3162 2189 Ecclesiam
3203 2133 3309 2199 sit;
3349 2142 3404 2188 at
3441 2133 3532 2204 qui
3555 2141 3712 2188 extra

2127 2227 2423 2283 Ecclesiam
2453 2234 2554 2290 est,
2585 2225 2676 2280 ubi
2705 2225 2832 2289 erit,
2860 2224 2963 2278 nisi
2990 2240 3114 2278 cum
3157 2223 3371 2279 diabolo
3417 2225 3471 2278 in
3509 2233 3714 2278 aeterna

2126 2316 2460 2386 perditione?
2485 2314 2661 2369 Nolite
2689 2322 2928 2368 metuere
2956 2314 3236 2368 veritatem
3268 2315 3422 2369 vobis
3445 2314 3711 2370 dicentem

2129 2409 2363 2463 audisse.
2389 2407 2502 2461 Hoc
2523 2407 2666 2461 enim
2689 2405 2832 2475 quod
2856 2405 2995 2468 dico,
3017 2404 3140 2460 libri
3163 2403 3367 2474 Spiritu
3389 2413 3576 2460 sancto
3595 2419 3716 2474 pro-

2131 2497 2222 2550 lati
2256 2505 2543 2551 testantur.
2587 2495 2726 2564 Opto
2766 2495 2912 2550 enim
2946 2509 3044 2550 vos
3081 2495 3454 2551 immaculatos
3489 2496 3543 2550 in
3581 2509 3712 2550 eon-

2132 2596 2317 2657 spectu
2344 2586 2437 2640 Dei
2464 2601 2605 2650 esse,
2635 2595 2690 2640 et
2709 2585 2760 2639 in
2781 2585 2884 2640 hoc
2906 2585 3102 2639 seculo
3129 2585 3362 2640 feliciter
3383 2599 3628 2656 regnare,
3658 2591 3720 2639 et

2133 2677 2186 2732 in
2214 2685 2473 2746 perpetuo
2499 2676 2732 2746 gaudere
2756 2690 2879 2730 cum
2906 2675 3143 2730 Christo.
3168 2677 3343 2732 Vivite
3359 2683 3415 2730 et
3442 2675 3613 2730 valete
3637 2673 3717 2730 fe-

2135 2767 2264 2824 lices
2285 2767 2340 2821 in
2365 2766 2602 2822 Christo.

2556 2874 2665 2946 33
2721 2873 2747 2912 τι
2789 2872 3120 2929 EPISTOLA
3153 2873 3262 2929 LV.

2731 2983 2796 3036 qn
2845 2981 3119 3029 QUEIIDAII.

2493 3076 2670 3148 (Anno
2692 3075 2815 3142 796,
2855 3091 3039 3132 mense
3071 3075 3357 3148 Augusto.)

2135 3187 2304 3258 Rogat
2335 3197 2389 3260 ut
2442 3187 2735 3260 ecclesiam,
2791 3187 2916 3260 dum
2944 3204 3106 3260 novus
3143 3188 3410 3260 episcopus
3440 3187 3712 3260 eligendus

2202 3255 2295 3322 est,
2329 3256 2392 3310 ab
2436 3258 2575 3328 omni
2623 3255 2864 3310 violentia
2919 3255 3186 3326 defendat,
3225 3255 3433 3328 dieique
3485 3255 3710 3313 (eterna:

2205 3328 2258 3380 in
2285 3335 2453 3380 mente
2481 3325 2690 3379 habeat.

2205 3438 2432 3492 Domino
2476 3437 2717 3492 omnium
2773 3436 3131 3495 dilectissimo
3167 3448 3425 3495 aeternam
3475 3441 3528 3495 in
3556 3439 3709 3496 Cbri--

2135 3536 2221 3584 sto
2259 3527 2510 3582 salutem.

2205 3617 2442 3672 Audiens
2485 3617 2553 3672 ab
2604 3628 2627 3657 ε·
2681 3616 2960 3673 Eanbaldo
3012 3616 3214 3673 famulo
3271 3627 3455 3675 vestro
3509 3629 3710 3691 optatae

2135 3711 2512 3781 prosperitatis
2560 3717 2755 3764 vestrae
2795 3711 3133 3780 sospitatem,
3170 3710 3322 3765 valde
3350 3727 3436 3766 me
3462 3713 3705 3782 gavisum

2135 3803 2346 3870 fateor;
2387 3803 2511 3874 quia
2538 3803 2776 3858 charitas
2819 3810 2875 3858 et
2901 3803 3034 3858 fides
3067 3819 3187 3873 qum
3225 3804 3352 3860 olim
3393 3805 3449 3863 in
3491 3813 3712 3874 pectore

2136 3903 2322 3951 nostro
2349 3895 2594 3949 habitare
2620 3894 2802 3964 coepit,
2858 3910 3134 3965 nunquam
3187 3895 3442 3950 recedere
3483 3897 3702 3965 poterit.

2139 3985 2425 4054 thuanto
2447 3983 2568 4054 plus
2585 3990 2793 4054 tempus
2815 3985 3268 4039 remunerationis
3293 3985 3704 4054 appropinquat,

2136 4095 2203 4150 ad
2244 4094 2418 4164 ipsum
2465 4094 2702 4165 directus
2742 4093 2938 4150 fuerat.
2979 4115 2996 4147 ι
3039 4095 3115 4149 De
3144 4095 3246 4150 hoc
3281 4111 3490 4165 quoque
3518 4097 3714 4153 itinere

2137 4163 2278 4220 ante
2301 4179 2498 4218 annum
2535 4163 2638 4219 780
2681 4174 2948 4286 suscepto,
2995 4163 3389 4236 intelligendum
3404 4163 3420 4165 ἡ
3440 4165 3710 4227 existimo.

2137 4234 2281 4286 quod
2299 4233 2366 4286 de
2385 4234 2561 4286 seinse
2581 4243 2767 4286 narrat
2785 4233 2828 4286 A
2851 4235 3041 4286 cuinus
3066 4235 3118 4286 in
3144 4235 3398 4286 enist.lOl
3413 4276 3428 4286 .
3443 4251 3501 4286 se
3521 4251 3710 4286 nemne

2137 4234 2281 4306 quod
2299 4233 2366 4288 de
2385 4234 2767 4306 seipsoAnarrat
2785 4233 3041 4306 Alcuinus
3066 4235 3118 4289 in
3144 4233 3398 4306 epistdm
3413 4276 3428 4299 ,
3443 4251 3501 4289 se
3521 4251 3714 4306 nempe

2137 4303 2532 4374 adolescentem
2560 4303 2785 4359 Romam
2813 4304 3135 4372 perrexisse,
3176 4303 3231 4358 et
3266 4305 3566 4374 aliquantos
3602 4303 3715 4361 dies

2139 4375 2193 4455 in
2218 4373 2380 4455 Papia
2407 4374 2571 4455 regali
2595 4375 2810 4454 civitate
2833 4373 3190 4455 demoratom,
3219 4373 3563 4444 disputationi
3589 4374 3714 4430 Julii

461 4436 633 4514 nerit;
665 4436 748 4502 'de
793 4444 1038 4500 {Elberto
1074 4458 1222 4507 vero,
1263 4443 1352 4512 qui
1399 4443 1477 4514 ab
1513 4444 1744 4514 Egberto
1787 4436 2038 4514 episcopo
2062 4436 2116 4496 1)
2139 4436 2310 4514 Judazj
2333 4436 2642 4514 cumfPetro
2667 4443 2923 4514 magistro
2948 4436 3276 4514 interfuisse.

462 4513 804 4576 antecessore
826 4530 924 4570 suo
945 4515 1140 4570 scholis
1161 4513 1585 4584 Eboracensibus
1606 4513 1887 4584 praefectus
1914 4513 2034 4582 fuit,

462 4595 715 4645 narratur
741 4586 883 4655 quod
908 4585 1184 4654 amplioris
1215 4583 1468 4638 doctrina:
1490 4583 1688 4655 avidus
1715 4594 1926 4641 exteras
1956 4600 2043 4640 re-

501 4659 652 4712 iones
677 4653 915 4710 scientiae
945 4653 1130 4708 amore
1163 4653 1547 4724 peragraverit,
1575 4654 1620 4708 si
1649 4656 1776 4724 quid
1801 4655 1940 4710 forte
1974 4655 2040 4708 li-

501 4677 652 4712 101188
677 4677 915 4710 δῠιθιιιιω
945 4677 1130 4708 ειιιιυιτ
1164 4677 1547 4722 ρει-ἱιδινίυέινιι,
1575 4677 1620 4708 SI
1649 4677 1776 4724 qum
1801 4677 1940 4710 ιυῐιθ
1974 4677 2038 4708 ιι-

463 4677 708 4789 grorum,
731 4732 824 4778 aut
841 4738 990 4779 nova:
1009 4722 1325 4779 eruditionis
1354 4723 1615 4793 inveniret
1637 4732 1692 4778 et
1713 4733 2038 4793 reportaret;

467 4797 696 4854 Romam
719 4808 932 4864 quoque
957 4793 1228 4864 profectus
1250 4807 1280 4844 a
1316 4791 1530 4862 regibus
1557 4791 1886 4864 summisque
1913 4795 2044 4849 viris

467 4864 763 4922 honoriﬁce
787 4871 1058 4932 acceptus,
1082 4870 1137 4916 et
1160 4870 1366 4932 tantum
1397 4877 1501 4932 non
1528 4870 1769 4917 retentus
1794 4864 1912 4926 fuit,
1935 4873 2040 4918 etc.

469 4934 670 4992 Mabill.
704 4934 798 4988 lib.
837 4930 962 4986 xxiv
1002 4931 1220 4996 Annal.,
1243 4946 1364 5000 pag.
1395 4930 1520 4994 ΞΗ,
1551 4947 1698 4986 num.
1731 4933 1815 4985 l2.
1841 4933 2043 4987 A‘uctor

470 5020 686 5089 quoque
725 5002 986 5127 poematis
1015 5003 1090 5056 De
1116 5000 1378 5083 episcopis
1406 5000 1852 5065 Eboracensibus,
1883 5017 2045 5072 quem

473 5089 647 5127 ipsum
679 5074 725 5127 A
747 5073 962 5127 cuinum
989 5085 1108 5126 esse
1143 5071 1429 5127 credimus.
1460 5085 1601 5124 vers.
1635 5069 1789 5127 1525.
1819 5080 2045 5127 testatur

473 5069 647 5136 ipsum
679 5069 962 5128 Alcuinnm
989 5085 1108 5126 esse
1143 5069 1429 5133 credimus,
1460 5085 1601 5124 vers.
1635 5069 1789 5136 1525,
1819 5069 2048 5128 testatur

523 5143 759 5200 Iculnum
783 5142 922 5212 patri
949 5157 1013 5197 ac
1037 5140 1294 5211 magistro
1317 5155 1414 5194 suo
1440 5139 1686 5195 Elberto
1713 5156 1925 5212 semper
1953 5143 2042 5198 ad-

476 5215 701 5270 haesisse
737 5230 751 5267 :

664 5323 884 5373 Tradidit
905 5327 978 5372 ast
999 5321 1076 5372 alii
1099 5321 1272 5372 charas
1292 5331 1442 5382 super
1462 5320 1623 5369 omnia
1642 5331 1786 5381 gazas

658 5383 912 5435 Librorum
937 5391 1068 5446 nato,
1088 5385 1219 5434 Patri
1242 5385 1324 5446 qui
1341 5395 1536 5444 semper
1556 5383 1780 5432 adbaasit.

549 5485 788 5558 Credam,
810 5485 973 5558 igitur
1006 5484 1295 5558 _Alcuinul_n
1336 5492 1462 5539 tunc
1496 5497 1706 5558 quoque
1736 5481 2049 5558 magistrum

481 5570 638 5610 suum
657 5555 713 5609 in
733 5553 925 5611 itinere
947 5555 1112 5610 fuisse
1132 5555 1443 5610 comitatum
1460 5571 1480 5613 :4
1493 5563 1548 5609 et
1563 5553 1750 5606 eadem
1771 5553 2052 5607 occasione

481 5625 538 5678 in
575 5625 820 5678 notitiam
847 5625 1055 5678 venisse
1089 5623 1266 5678 Caroli
1307 5623 1498 5692 Magni,
1527 5642 1545 5672 ι
1590 5620 1699 5692 qui,
1739 5627 1876 5692 teste
1919 5621 2052 5675 Vitae

483 5693 768 5764 scriptore,
817 5699 1035 5746 noverat
1081 5706 1220 5754 eum,
1271 5689 1554 5758 quia’olim
1593 5689 1624 5744 εἰ
1662 5689 1919 5758 magistro
1954 5706 2052 5747 suo

2211 4511 2414 4584 bAEdit.
2447 4512 2696 4584 Quercet.
2725 4511 2793 4584 88
2825 4528 2892 4567 ex
2919 4528 3019 4584 ms.
3049 4512 3298 4581 (Froben.
3332 4512 3446 4584 48.)
3475 4513 3606 4568 Data
3634 4521 3717 4568 est

2142 4583 2208 4639 ad
2237 4579 2429 4636 fratres
2453 4582 2809 4638 Eboracensis
2829 4579 3089 4646 ecclesiaé,
3116 4591 3242 4636 tunc
3264 4579 3478 4646 pastore
3503 4599 3600 4638 suo
3625 4599 3718 4638 va-

2142 4651 2334 4724 cantis,
2375 4667 2566 4724 nempe
2591 4667 2737 4724 anno
2760 4651 2862 4724 79_6
2886 4666 2992 4720 quo
3018 4667 3070 4705 1v
3095 4652 3212 4724 Kal.
3236 4651 3382 4724 Aug.
3418 4653 3556 4724 obiit
3578 4653 3720 4708 Ean-

2141 4719 2332 4842 lialdus
2371 4722 2570 4858 se)nior,
2611 4722 2698 4776 cui
2719 4719 3187 4788 junior'sucoessit
3213 4719 3478 4792 (Rogcrus
3516 4721 3715 4779 Hoved.

2163 4804 2248 4842 ioc
2271 4804 2412 4843 anno
2441 4828 2455 4842 .

2163 4804 2248 4842 ιοο
2271 4804 2455 4843 annon.

2218 4869 2240 4896 ο
2271 4859 2558 4930 Antequam
2601 4859 2822 4930 veniam.
2868 4859 3104 4930 Vocatus
3141 4876 3272 4930 ergo
3311 4859 3566 4915 Alcuinus
3601 4871 3720 4919 tan-

2144 4941 2306 4996 quam
2351 4929 2650 4982 membrum
2693 4929 2836 4983 illius
2884 4929 3145 4993 ecclesiae,
3191 4929 3249 4983 ut
3285 4944 3437 4984 novae
3470 4930 3719 4992 electioni

2145 4996 2374 5068 adesset,
2413 4997 2508 5052 sed
2551 4999 2853 5068 prohibitus
2886 5005 2970 5068 est
3003 5013 3076 5068 ne
3109 4999 3334 5062 veniret,
3365 4999 3435 5052 ob
3472 5002 3718 5056 morbum

2145 5064 2388 5149 febrilem
2421 5075 2477 5120 et
2507 5064 2650 5149 regis
2690 5083 2896 5122 moram
2941 5067 2997 5120 in
3045 5066 3301 5134 Saxonia,
3337 5076 3396 5122 ut
3430 5067 3624 5139 legitur
3665 5072 3722 5127 in

2145 5135 2366 5203 epistola
2392 5152 2448 5190 se
2491 5135 2656 5191 uetiti.
3486 5135 3508 5139 θ

2189 5203 2244 5286 Ad
2283 5205 2426 5286 E_dit.
2449 5153 2696 5286 guercet.
2725 5203 2814 5286 ξε,
2841 5204 3037 5286 Canis;
3052 5206 3121 5286 30
3147 5205 3542 5286 (Froben.il9).
3571 5206 3721 5286 Scri-

2150 5280 2240 5342 pta
2266 5276 2334 5330 ad
2360 5278 2610 5337 amicum,
2638 5275 2971 5345 episcopum
3009 5273 3168 5345 forte,
3203 5284 3294 5330 aut
3331 5273 3598 5345 potestate
3623 5278 3724 5332 ali-

2149 5359 2255 5413 qua
2295 5343 2873 5425 saecularipol‘lentem,
2930 5344 3022 5425 qui
3059 5347 3232 5425 possit
3283 5343 3600 5401 electionem
3627 5362 3724 5402 no-

2153 5412 2273 5494 vam
2329 5413 2566 5494 episcopi
2608 5412 2988 5494 (Eboracensis
3027 5412 3204 5486 puto,)
3260 5425 3447 5470 contra
3505 5431 3722 5472 omnem

2151 5480 2463 5536 violentiam
2488 5480 2648 5536 tueri.

2227 5561 2252 5588 ο
2289 5551 2366 5605 Ab
2398 5549 2693 5606 Eanbaldo.
2730 5549 2830 5607 Hic
2849 5551 3154 5609 Eanbaldus
3180 5554 3319 5610 idem
3353 5553 3595 5610 fortassis
3614 5564 3721 5618 est,

2156 5635 2314 5687 quem
2334 5621 2512 5694 _Epist.
2532 5620 2764 5694 _7‘(nun_c
2783 5621 2836 5692 6)
2869 5632 3025 5694 vocat
3063 5624 3455 5694 presbyterum,
3476 5639 3540 5694 ac
3561 5625 3722 5692 paulo

2159 5698 2280 5759 post
2300 5691 2498 5747 electus
2524 5689 2625 5748 fuit
2657 5689 2938 5765 episcopus
2971 5689 3328 5751 Eboracensis
3349 5689 3611 5752 ecclesiae.
