4070 6182
306 366 417 430 ἵει

1776 360 2129 415 EPISTULA
2143 400 2156 413 .

3465 365 3569 415 2‘1?!

316 492 470 543 tanto
497 478 672 552 magis
700 476 987 534 observare
1034 476 1249 532 debebit
1273 493 1284 528 :
1319 481 1376 528 ut
1402 472 1493 544 qui
1527 472 1678 544 prius
1713 478 1889 525 trans-
1914 474 1965 532 Α
1990 469 2084 525 lilii
2115 469 2219 525 mei
2245 469 2544 525 charissiiui
2568 470 2897 526 exaltatione
2920 470 3232 542 gauderem,
3255 480 3310 526 et
3331 471 3569 542 aliquem

310 576 442 634 ierit
463 589 494 628 a
524 570 742 634 saeculo,
781 567 1016 623 amicum
1040 567 1140 622 sibi
1167 565 1366 621 sentiat
1399 562 1681 632 reliquisse
1708 562 1763 615 in
1789 574 1891 616 ste-

313 665 458 723 culo.
490 661 574 716 Me
595 674 725 715 vero
750 657 920 712 ﬁlium
946 665 1097 711 tuum
1122 654 1352 710 febrium
1380 652 1648 707 acerbitas
1670 658 1728 704 et
1750 660 1775 688 α
1806 663 1893 703 re-

310 756 397 828 gis
426 751 662 810 tardatio
689 750 745 804 in
780 747 1045 828 Saxonia‘
1073 744 1316 807 retinuit,
1367 750 1428 796 ut
1456 741 1523 796 ad
1568 755 1665 794 vos
1709 738 1894 793 venire

309 824 423 902 non
447 842 741 914 potuerim,
771 838 911 893 sicut
949 824 1267 890 desideravi.
1327 831 1598 887 Concedat
1627 829 1761 883 mihi
1786 828 1895 883 cle-

309 936 520 993 mentia
570 932 753 987 divina
782 929 978 984 faciem
1018 936 1165 981 tuam
1192 927 1246 980 in
1274 926 1458 980 lmtitia
1487 925 1691 988 videre,
1743 928 1893 975 ante-

307 1042 478 1098 quam
506 1024 728 1079 moriar.
770 1020 909 1089 Opto
938 1029 995 1075 et
1018 1020 1265 1082 obsecro,
1312 1026 1372 1071 ut
1400 1017 1454 1071 in
1479 1030 1543 1072 ea
1570 1024 1625 1070 te
1668 1014 1893 1070 honoris

310 1118 599 1189 dignitate,
631 1115 677 1169 si
707 1113 824 1167 ﬁeri
853 1110 1358 1183 possit,,inveniam,
1383 1109 1437 1163 in
1464 1123 1567 1178 qua
1593 1116 1644 1162 te
1663 1121 1893 1177 pergens

309 1209 584 1265 videbam.
625 1204 850 1269 Tamen,
882 1204 927 1258 si
974 1202 1118 1257 aliud
1156 1202 1356 1270 aliquid
1401 1208 1496 1254 tuo
1532 1198 1740 1268 placeat
1773 1198 1895 1251 ani-

311 1313 426 1363 mo,
454 1311 587 1367 rogo
609 1300 669 1350 ut
692 1294 895 1348 nullam
912 1293 1219 1347 violentiam
1245 1284 1405 1360 super
1432 1288 1713 1344 ecclesiam
1740 1287 1896 1342 Chri-

314 1388 390 1443 sti
416 1384 535 1441 fieri
585 1385 855 1439 ullatenus
910 1383 1231 1452 permittas;
1290 1381 1384 1436 sed
1429 1381 1626 1436 fratres
1658 1381 1687 1420 ι’
1724 1381 1895 1435 libera

312 1470 583 1533 electione
629 1476 684 1529 in
713 1475 909 1529 timore
940 1473 1034 1528 Dei
1090 1472 1307 1537 summi,
1359 1472 1621 1541 optimum
1659 1473 1769 1526 Deo
1795 1471 1894 1526 do-

313 1579 487 1624 nante
519 1567 739 1637 eligant.
780 1564 915 1633 Quia
962 1565 1016 1619 in
1050 1565 1251 1620 sanctis
1304 1564 1602 1619 canonibus
1653 1562 1895 1618 terribile

313 1660 608 1716 anathema
645 1659 842 1729 legitur
869 1672 1031 1726 super
1084 1672 1292 1721 omnes,
1320 1657 1413 1725 qui
1461 1656 1775 1711 violentiam
1798 1656 1896 1710 ali-

314 1766 483 1822 quam
529 1749 769 1807 inferunt
821 1763 981 1818 super
1036 1747 1322 1803 ecclesiam
1371 1746 1593 1802 Christi.
1656 1745 1805 1801 Scito
1843 1756 1895 1802 te

1993 576 2094 630 ego
2121 560 2343 616 ultimus
2371 561 2625 617 Ecclesiae
2672 562 3010 626 vernaculus,
3041 562 3160 633 ejus
3188 564 3422 619 donante
3450 581 3571 636 gra-

1993 653 2067 706 tia
2096 652 2187 722 qui
2212 660 2294 707 est
2331 653 2571 707 omnium
2616 653 2880 707 bonorum
2907 653 3155 723 largitor,
3202 655 3473 710 erudirem
3502 670 3570 710 ex

1993 741 2115 796 filiis
2138 742 2272 797 meis
2292 742 2384 811 qui
2409 741 2604 813 dignus
2624 743 2915 797 haberetur
2933 742 3043 814 64
3070 745 3411 814 dispensator
3447 760 3571 801 esse

1992 833 2372 903 mysteriorum
2399 831 2600 886 Christi
2645 831 2698 902 (Ι
2732 830 2855 885 Cor.
2897 847 2976 896 ιν,
3003 830 3079 902 1),
3127 841 3181 887 et
3208 833 3458 887 laborare
3481 834 3567 887 vi-

1994 939 2055 977 ce
2082 940 2199 978 mea
2238 924 2293 978 in
2319 923 2585 987 Ecclesia,
2608 923 2699 976 ubi
2721 937 2821 992 ego
2845 923 3083 977 nutritus
3105 932 3160 977 et
3186 925 3430 979 eruditus
3449 923 3567 979 fue-

1994 1029 2130 1078 ram,
2159 1000 2214 1068 Et
2240 1028 2473 1083 praeesse
2524 1013 2794 1067 thesauris
2830 1013 3128 1080 sapientiae,
3158 1014 3213 1066 in
3262 1014 3458 1082 quibus
3486 1029 3573 1069 me

1993 1104 2254 1172 magister
2298 1117 2450 1156 meus
2484 1101 2711 1157 dilectus
2752 1100 2773 1139 ί
2816 1100 3175 1155 Ilelbrechtus
3205 1101 3572 1170 archiepisco-

1992 1208 2094 1261 pus
2126 1195 2151 1233 ε
2196 1193 2464 1247 hzeredcm
2516 1191 2753 1260 reliquit.
2795 1190 2950 1245 Nune
2976 1206 3106 1245 vero
3143 1191 3275 1245 mihi
3314 1191 3464 1244 omni
3491 1192 3575 1245 in-

1995 1282 2234 1336 tentione
2289 1282 2559 1351 precanda
2610 1289 2694 1336 est
2749 1281 2928 1336 divina
2991 1280 3295 1345 clementia,
3335 1288 3394 1334 ut
3441 1281 3577 1335 mihi

1996 1380 2267 1440 superstes
2312 1373 2384 1427 sit
2422 1372 2475 1426 in
2506 1373 2608 1426 hac
2631 1371 2763 1437 vita,
2792 1371 2882 1440 qui
2933 1371 3065 1425 mihi
3120 1371 3311 1426 solatio
3363 1385 3578 1440 semper

1995 1457 2097 1513 fuit
2154 1459 2209 1512 in
2261 1473 2357 1513 sua
2409 1458 2710 1513 obedientia
2740 1475 2752 1510 :
2788 1472 2894 1511 non
2941 1459 3085 1527 quod
3125 1467 3353 1513 mortem
3400 1474 3574 1513 meam

1996 1561 2184 1620 optare
2201 1551 2379 1613 velim,
2401 1551 2496 1606 sed
2515 1558 2575 1604 ut
2596 1551 2704 1603 vita
2732 1550 2875 1604 illius
2895 1551 3265 1620 prolongetur.
3292 1550 3408 1605 Non
3432 1551 3577 1605 enim

1998 1641 2094 1695 ﬁlii
2147 1642 2413 1710 patribus,
2446 1638 2540 1694 sed
2579 1647 2763 1709 patres
2802 1639 2927 1694 ﬁliis
2966 1640 3288 1696 hmreditare
3329 1639 3573 1712 debent].

2067 1747 2222 1809 Ecce,
2249 1745 2566 1800 charissime
2593 1744 2666 1797 Illi
2690 1745 2703 1797 ε
2730 1745 2908 1798 omnia
2938 1760 3035 1813 per
3056 1746 3224 1799 Deum
3248 1744 3433 1809 habes,
3457 1761 3578 1815 qua:

315 1856 539 1911 semper
576 1840 827 1894 dilexisse
855 1839 1111 1893 familiam
1160 1847 1421 1903 nostram,
1450 1848 1504 1894 et
1529 1840 1760 1910 plurima
1788 1839 1894 1894 illis
1927 1829 1971 1888 Β
1997 1852 2217 1907 sperare
2252 1835 2427 1903 potuit
2481 1835 2661 1895 homo,
2718 1835 2883 1888 etiam
2940 1843 2994 1888 et
3020 1835 3139 1904 plus
3173 1851 3333 1904 quam
3389 1844 3576 1889 nostra

312 1928 464 1984 bona
504 1927 716 1983 fecisse.
758 1927 863 1982 Sed
886 1943 1028 1981 nunc
1054 1929 1289 1981 maxime
1320 1927 1640 1999 indigemus,
1671 1938 1733 1983 ut
1756 1930 1894 1984 bene

317 2018 432 2074 illis
475 2032 735 2088 agamus;
766 2017 943 2071 utubi
989 2017 1143 2071 nobis
1173 2017 1386 2086 requies
1422 2018 1527 2071 erit
1571 2026 1794 2084 aeterna,
1822 2018 1896 2073 ibi

316 2113 431 2169 sint
454 2124 668 2181 quoque
692 2109 1077 2164 intercessores
1101 2108 1344 2178 perpetui
1367 2123 1465 2177 pro
1493 2109 1669 2163 nobis.

393 2221 418 2248 ο
463 2208 697 2277 Tempus
725 2216 809 2262 est
840 2224 982 2262 nunc
1003 2208 1159 2262 nobis
1180 2208 1477 2275 pratvidere
1506 2207 1621 2262 dies
1641 2215 1895 2272 mternos,

320 2308 377 2356 et
399 2314 524 2355 cum
554 2297 701 2352 omni
744 2296 1006 2352 modestia
1034 2306 1089 2350 et
1130 2296 1452 2367 integritate,
1489 2304 1546 2351 et
1594 2296 1892 2367 eleemosy-

320 2404 517 2452 narum
564 2386 829 2456 largitate,
892 2387 1033 2440 viam
1061 2386 1216 2441 nobis
1263 2401 1566 2455 praeparare
1617 2386 1687 2441 ad
1710 2387 1894 2441 caelos.

323 2478 518 2535 Omnis
547 2477 717 2547 gloria
768 2476 1076 2531 transitoria
1102 2482 1186 2531 est
1210 2484 1266 2530 et
1289 2476 1442 2544 quasi
1469 2476 1660 2530 umbra
1689 2477 1900 2531 recedet

321 2571 470 2640 (Job.
526 2584 646 2632 vni,
675 2568 729 2630 8,
758 2567 834 2636 9).
875 2565 999 2621 ldeo
1040 2566 1108 2619 ad
1156 2573 1412 2620 aeternam
1452 2565 1609 2619 bonis
1647 2565 1900 2633 operibus

320 2673 676 2731 properemus
711 2657 955 2727 gloriam.
1008 2654 1206 2711 Omnes
1242 2655 1423 2711 sarculi
1466 2656 1699 2710 vitemus
1744 2655 1898 2708 vani-

327 2760 487 2812 tates.
519 2757 576 2803 ut
601 2748 669 2802 ad
698 2747 1056 2802 beatitudines
1102 2746 1352 2817 caelestes
1380 2748 1662 2814 pervenire
1687 2762 1896 2801 merea—

328 2856 473 2895 mur.
516 2839 643 2894 Dies
671 2837 833 2906 hujus
880 2838 1021 2902 vitaa,
1051 2838 1143 2906 qui
1191 2839 1346 2892 nobis
1391 2848 1597 2893 restare
1625 2839 1895 2906 videntur,

322 2933 571 2986 vivamus
594 2931 723 2993 Deo,
753 2938 813 2982 ut
844 2937 965 2997 post
984 2929 1124 2982 hanc
1152 2928 1293 2982 illius
1320 2943 1715 2998 consequamur
1739 2930 1900 2984 mise-

325 3024 637 3079 ricordiam.
680 3023 870 3077 Divina
902 3022 1000 3076 tibi
1032 3021 1318 3076 clementia
1349 3021 1507 3089 hujus
1535 3022 1659 3077 vita:
1686 3022 1803 3078 dies
1824 3021 1902 3076 fe-

324 3114 460 3168 lices
478 3113 754 3178 concedat,
785 3121 842 3167 et
867 3119 1123 3167 aeternam
1149 3127 1271 3166 cum
1302 3112 1504 3167 sanctis
1528 3112 1639 3167 suis
1662 3113 1900 3169 tribuere

323 3200 554 3270 gloriam
579 3202 843 3272 dignetur,
889 3201 1101 3255 domine
1123 3208 1277 3270 pater
1312 3201 1679 3257 dilectissime.

812 3311 838 3351 ἀ
881 3310 1209 3367 EPISTOLA
1241 3312 1372 3366 LVI.

725 3420 789 3456 AD
814 3419 1129 3458 EANBALDUM
1170 3419 1481 3459 εριεοοιιωι.

550 3491 723 3562 (Anno
748 3493 866 3560 796,
899 3495 1045 3549 circa
1072 3509 1311 3549 mensem
1336 3494 1683 3566 Augustum.)

320 3604 647 3677 Gratulatur
686 3605 924 3676 adeptam
976 3606 1323 3677 dignitatem;
1361 3607 1603 3661 hortatur
1628 3608 1697 3661 ad
1719 3625 1901 3662 curam

394 3674 731 3745 pastoralem,
759 3674 805 3730 et
833 3677 956 3730 bene
981 3674 1156 3729 omnia
1184 3677 1521 3745 ordinanda;
1568 3694 1621 3731 se
1644 3694 1762 3732 vero
1790 3695 1898 3733 me-

396 3744 580 3798 moria
605 3753 654 3798 et
687 3746 1009 3799 orationibus
1044 3744 1390 3799 commendat.

397 3832 756 3888 Dilectissimo
781 3833 834 3887 in
863 3833 1077 3889 Christo
1122 3834 1233 3890 tilio
1264 3845 1287 3873 ε
1329 3834 1606 3890 Eanbaldo
1630 3837 1899 3906 archiepi-

323 3939 491 3994 scopo
510 3924 735 3979 devotus
752 3938 850 3992 per
870 3926 1050 3979 omnia
1079 3933 1234 3993 pater
1257 3925 1481 3981 Albinus
1504 3926 1753 3981 salutem.

396 4014 583 4087 [Laus
628 4021 684 4067 et
726 4013 893 4082 gloria
940 4015 1169 4071 Domino
1213 4013 1323 4069 Deo
1373 4016 1751 4085 omnipotenti,
1803 4018 1894 4086 qui

326 4105 442 4160 dies
467 4118 620 4158 meos
667 4102 722 4157 in
770 4104 1129 4173 prosperitate
1170 4104 1313 4159 bona
1360 4106 1720 4171 conservavit,
1758 4107 1896 4162 utin

396 4246 423 4273 ι
462 4232 618 4292 Regis
673 4232 903 4287 tardatio
929 4235 985 4288 in
1024 4233 1280 4289 Saxonia.
1322 4236 1399 4290 De
1448 4235 1550 4289 ista
1591 4237 1894 4292 tardatione

324 4304 470 4373 regis
506 4303 799 4373 chronicon
840 4303 1187 4359 Moisiaeense
1212 4307 1279 4360 ad
1300 4321 1500 4359 annum
1525 4304 1629 4361 796
1663 4308 1778 4361 haec
1799 4308 1894 4361 ha-

323 4372 453 4430 bet:
493 4372 613 4442 ¢_ln
644 4373 759 4441 ipsa
788 4380 974 4427 testate
1012 4374 1122 4442 ipse
1179 4389 1273 4428 rex
1313 4374 1538 4430 Carolus
1586 4375 1895 4431 demoratus

321 4450 408 4497 est
432 4443 488 4496 in
516 4440 752 4497 Saxonia
789 4459 911 4496 cum
949 4440 1155 4498 duobus
1188 4443 1313 4499 ﬁliis
1337 4446 1469 4512 suis,
1494 4446 1547 4500 id
1569 4454 1673 4511 est,
1701 4445 1894 4502 Carolo

321 4522 379 4566 et
406 4512 700 4577 Ludovico,
730 4519 835 4567 etc.
874 4532 892 4564 ι

393 4582 422 4623 1³
460 4581 939 4655 μὸενα-ειεοιίρηε.
979 4582 1099 4639 Vid.
1128 4584 1417 4655 epistolam
1436 4586 1690 4655 priorem.

350 4724 363 4735 _
392 4664 417 4691 ε
460 4651 899 4735 ΗοηειῑίξηξειιιέιᾹ
921 4669 1041 4722 quis
1074 4655 1350 4735 sequitur,
1390 4651 1542 4710 deest
1567 4656 1708 4725 apud
1737 4654 1898 4711 Cani-

321 4724 496 4786 sium;
538 4722 780 4790 suppleta
806 4736 837 4774 a
858 4720 1198 4787 Qiiercetano
1232 4738 1298 4777 ex
1335 4739 1438 4777 ms.
1600 4720 1619 4725 “

386 4793 418 4871 ξι
458 4791 802 4871 Clarissimus
842 4790 1027 4871 Justus
1066 4792 1397 4871 Fontaninus
1442 4794 1582 4871 hanc
1601 4796 1896 4871 epistolam

319 4864 527 4932 primus
541 4860 743 4932 edidit,
766 4877 888 4915 cum
913 4863 1053 4915 notis
1080 4862 1291 4932 abbatis
1315 4861 1574 4916 Dominici
1601 4860 1895 4929 Passionei,

320 4929 506 5003 postea
533 4929 592 4984 S.
616 4930 682 4984 Β.
704 4930 1102 5003 E._cardinalis,
1128 4932 1182 4985 in
1208 4930 1513 5003 Appepdice
1538 4934 1607 5003 ad
1629 4934 1899 4990 Vindicias

321 4999 1035 5071 antiquorumdiplomatum
1056 5017 1177 5071 pag.
1202 4999 1639 5071 266._Basnagius
1657 5006 1900 5059 eamdem

319 5068 622 5127 collectioni
646 5068 945 5124 Cariisianae
973 5068 1267 5137 subjunxit.
1301 5069 1508 5137 Ubique
1529 5068 1656 5125 vero
1676 5072 1828 5127 initio
1847 5083 1901 5128 et

319 5142 430 5196 ﬁne
469 5140 656 5195 mutila
693 5147 804 5203 est;
848 5139 935 5194 hic
964 5141 1224 5209 integram
1255 5138 1532 5208 magisque
1568 5142 1899 5197 emendatam

318 5226 389 5266 ex
415 5211 537 5265 cod.
569 5224 670 5263 ms.
703 5209 1000 5280 Salisburg.
1036 5208 1369 5280 exhibemus.
1408 5208 1901 5280 ProlixioresEmi-

318 5287 471 5336 neut.
504 5279 778 5334 Passionei
809 5278 981 5344 notas,
1022 5294 1174 5334 sacra
1214 5279 1339 5333 licet
1371 5278 1672 5335 eruditione
1695 5279 1901 5348 plenas,

321 5349 713 5406 contraximus.

397 5430 424 5457 ε
463 5417 758 5501 ξᾳηρειΙᾴο.
789 5417 956 5501 Quem
980 5418 1138 5501 tertio
1158 5419 1513 5501 locoEgberti
1538 5433 1902 5501 successorem

322 5487 558 5571 appellat
593 5487 1046 5571 hialmesb."lleg.
1083 5488 1235 5558 Angl.
1267 5487 1365 5543 lib:
1398 5507 1455 5571 i,_
1477 5504 1594 5557 cap.
1632 5491 1770 5570 5,.p.
1812 5488 1900 5571 ἓξ,

318 5560 453 5640 edit.
481 5555 935 5640 Περι-ιειιιξῳίιιιιζ
959 5557 1096 5639 Hinc
1122 5558 1494 5640 procul-dubio
1515 5572 1670 5640 error
1690 5567 1906 5640 irrepsit

319 5629 377 5684 in
409 5628 663 5684 eumdem
697 5625 1225 5697 Malinesburiensem
1272 5625 1363 5679 lib.
1410 5642 1472 5680 in
1515 5626 1670 5697 Pont.
1721 5625 1901 5697 Angl.,

318 5713 377 5767 p.
426 5698 551 5763 ἦε),
598 5696 945 5767 ubiomisso
980 5696 1198 5767 Egberti
1245 5708 1567 5767 successore
1594 5696 1903 5767 Ethelberto

323 5760 553 5831 interque
593 5765 900 5823 Eanbaldus
937 5766 993 5822 in
1027 5760 1197 5821 unum
1237 5760 1640 5826 conﬂatumhis
1679 5765 1853 5821 verbis
1884 5783 1897 5821 :

1996 1927 2234 1996 parvitas
2260 1924 2394 1997 [AI.,
2421 1923 2681 1997 pravitas]
2727 1940 2945 1993 sperare
2984 1925 3225 1980 auderet.
3264 1926 3420 1981 Modo
3446 1942 3577 1980 vero

1997 2017 2226 2071 viriliter
2259 2016 2346 2071 fac
2369 2024 2422 2071 et
2462 2015 2692 2071 fortiter.
2722 2015 2869 2085 Opus
2894 2017 3105 2071 Domini
3150 2018 3294 2087 quod
3321 2018 3492 2072 habes
3518 2018 3574 2072 in

1996 2107 2245 2160 manibus
2272 2105 2470 2177 perfice
2497 2106 2565 2160 ad
2608 2107 2912 2160 mercedem
2968 2107 3161 2162 anima:
3193 2114 3392 2162 nostra:
3418 2116 3472 2161 et
3505 2106 3575 2161 ad

1998 2194 2225 2249 salutem
2251 2195 2543 2249 multarum
2571 2194 2897 2248 animarum.
2932 2194 3050 2249 Non
3083 2203 3260 2250 cesset
3282 2196 3465 2265 lingua
3486 2205 3578 2249 tua

1998 2293 2052 2346 in
2082 2292 2445 2360 praedicando,
2498 2305 2603 2343 non
2632 2303 2727 2358 pes
2751 2295 2875 2342 tuus
2901 2288 2954 2342 in
3003 2289 3332 2344 circueundo
3359 2303 3577 2360 gregem

1998 2381 2096 2436 tibi
2115 2379 2484 2444 commissum,
2509 2394 2614 2433 non
2640 2392 2832 2432 manus
2861 2385 2953 2431 tua
2982 2392 3012 2431 a
3040 2376 3357 2443 laborando,
3386 2383 3446 2430 ut
3472 2376 3580 2430 ele-

1998 2486 2270 2541 emosyna:
2299 2470 2451 2535 ﬁant,
2492 2478 2546 2523 et
2574 2476 2759 2522 sancta
2812 2468 2907 2522 Dei
2952 2467 3152 2537 ubique
3186 2466 3457 2521 exaltetur
3480 2466 3581 2519 Ec-

1999 2562 2182 2617 clesia.
2225 2561 2353 2616 Esto
2391 2559 2562 2613 forma
2610 2559 2802 2612 salutis
2825 2558 3087 2610 omnium.
3125 2556 3182 2609 In
3212 2564 3265 2609 te
3292 2556 3363 2610 sit
3393 2571 3579 2611 exem-

1998 2652 2143 2721 plum
2191 2647 2617 2704 conversationis
2665 2645 3021 2700 sanctissima:
3055 2643 3108 2715 (1
3141 2643 3376 2697 Thassal.
3418 2661 3457 2708 ι,
3491 2644 3570 2713 7),

2000 2742 2052 2795 in
2082 2750 2132 2796 te
2161 2741 2229 2794 sit
2258 2738 2507 2793 solatium
2545 2738 2881 2794 miserorum.
2910 2735 2963 2788 in
2989 2744 3041 2788 te
3066 2732 3391 2789 confortatio
3414 2734 3575 2788 dubi-

2001 2828 2252 2891 tantium,
2293 2826 2344 2879 in
2373 2832 2425 2879 te
2450 2823 2742 2893 disciplina:
2765 2827 2927 2893 rigor.
2970 2822 3027 2875 In
3054 2833 3107 2876 te
3147 2822 3393 2876 veritatis
3442 2822 3577 2875 fidit-

2000 2921 2104 2983 cia,
2146 2918 2200 2971 in
2231 2927 2282 2971 te
2313 2917 2478 2971 totius
2528 2916 2783 2970 bonitatis
2809 2930 2949 2984 spes.
2991 2913 3106 2969 Non
3134 2922 3186 2969 te
3213 2913 3391 2969 saeculi
3420 2928 3573 2982 pom—

2000 3025 2068 3079 pa
2094 3009 2313 3069 exaltet,
2346 3021 2451 3060 non
2480 3006 2723 3061 ciborum
2782 3005 2939 3059 luxus
2988 3012 3227 3068 enervet,
3282 3019 3388 3057 non
3414 3004 3578 3057 vcsti-

2004 3107 2308 3152 mentorum
2336 3096 2544 3150 vanitas
2592 3093 2851 3157 emolliat,
2886 3109 2991 3147 non
3020 3093 3353 3147 adulantium
3383 3092 3578 3162 lingua:

1926 3156 1973 3219 c
2004 3189 2289 3258 decipiant,
2319 3202 2426 3241 non
2466 3156 2864 3239 detrahentium
2915 3182 3214 3237 adversitas
3267 3156 3575 3244 conturbet,

2004 3297 2108 3335 non
2157 3280 2329 3334 tristia
2392 3277 2663 3347 frangant,
2718 3291 2826 3329 non
2872 3274 2990 3328 hsta
3057 3273 3287 3328 clevent.
3329 3272 3444 3326 Non
3504 3274 3581 3327 sis

2004 3371 2213 3425 arundo
2260 3376 2421 3423 vento
2461 3367 2662 3437 agitata
2712 3364 2929 3435 (Matth.
2958 3361 3120 3434 ΜΠ),
3181 3377 3287 3416 non
3318 3359 3415 3415 {los
3446 3376 3579 3414 aura

2005 3458 2341 3529 tempestatis
2368 3455 2623 3511 decidens
2673 3452 2881 3525 (Iacob.
2912 3469 2953 3516 ι,
2991 3450 3102 3520 ll),
3134 3466 3238 3506 non
3266 3449 3448 3519 paries
3471 3450 3583 3502 rui-

2002 3566 2165 3605 nosus
2201 3547 2370 3620 (Psal.
2401 3563 2511 3610 ut,
2538 3544 2615 3617 4),
2660 3560 2768 3598 non
2820 3543 3011 3597 domus
3038 3557 3201 3610 super
3235 3556 3453 3595 arenam
3487 3556 3585 3609 po-

2001 3641 2103 3696 sita
2136 3637 2448 3711 (Matth.vn,
2503 3635 2595 3699 24,
2616 3633 2728 3704 26),
2764 3633 2857 3687 sed
2909 3631 3164 3699 templum
3203 3637 3321 3685 esto
3351 3630 3444 3685 Dei
3473 3631 3582 3684 vivi

2002 3744 2161 3797 super
2182 3727 2391 3781 firmam
2454 3732 2665 3794 petram
2723 3728 3115 3786 constructum,
3177 3719 3330 3789 cujus
3360 3722 3476 3792 ipse
3511 3723 3585 3777 sit

2001 3819 2235 3888 Spiritus
2283 3816 2601 3885 Paraclytus
2643 3813 2992 3869 inhabitator.
3035 3812 3236 3879 Quanti
3273 3821 3433 3883 putas
3461 3828 3585 3883 pos-

2000 3917 2126 3965 sunt
2148 3923 2269 3963 esse
2308 3908 2405 3963 tibi
2434 3907 2595 3961 dies?
2623 3905 2790 3975 Finge
2820 3906 2874 3959 in
2921 3906 3102 3960 animo
3129 3906 3284 3976 quasi
3314 3906 3573 3974 quinquac

1998 4002 2142 4070 ginta
2172 4016 2343 4055 annos
2374 4018 2387 4053 :
2424 4007 2478 4055 et
2501 4015 2628 4054 ecce
2655 3999 2768 4053 haec
2799 3997 2962 4053 ﬁnem
2990 3999 3208 4053 habent.
3246 3998 3356 4053 Nec
3384 3999 3448 4053 ad
3476 4001 3582 4055 hoc

1997 4092 2280 4163 pervenire
2320 4091 2615 4163 putandum
2664 4096 2765 4146 est.
2804 4089 3094 4143 Inﬁrmitas
3139 4089 3386 4158 corporis
3422 4088 3499 4141 tui
3531 4097 3582 4143 te

2003 4261 2021 4292 ‹
2057 4239 2227 4307 Hujus
2260 4254 2452 4309 nempe
2489 4239 2706 4309 Egberti
2745 4252 3039 4309 successor
3059 4251 3220 4309 senex
3243 4236 3584 4309 substitutus

1996 4322 2079 4387 est
2115 4305 2418 4387 Eanbaldus
2454 4305 2669 4387 Alduini
2698 4308 2990 4387 discipulus
3028 4306 3351 4387 industrius.
3390 4305 3581 4387 L‘Qufe

1997 4384 2074 4437 sic
2108 4380 2439 4437 emendanda
2476 4385 2601 4432 sunt
2639 4395 2650 4429 :
2690 4396 2707 4427 ‹
2746 4374 2915 4443 Hujus
2950 4392 3233 4431 successor
3260 4375 3359 4428 fuit
3392 4374 3579 4429 Ethel-

1996 4453 2201 4515 bertus,
2224 4449 2311 4504 cui
2334 4449 2526 4502 deinde
2546 4463 2709 4500 senex
2731 4446 3049 4499 substitutus
3070 4453 3153 4499 est
3179 4445 3505 4515 Eanbaldus,
3526 4452 3584 4500 et

1921 4494 1970 4553 θ
1996 4494 2321 4575 ἷξε-’ὧδνῖυο
2367 4518 2503 4571 alter
2549 4514 3107 4584 Eanbaldus_Alcuiui
3157 4514 3451 4584 discipulus
3490 4494 3580 4584 in-

1997 4588 2256 4643 dustrius.
2294 4608 2313 4638 ι
2356 4585 2499 4641 Obiit
2527 4600 2654 4639 vero
2689 4582 2995 4639 Eanbaldus
3031 4583 3051 4637 l
3083 4600 3222 4638 anno
3252 4582 3354 4638 796
3379 4599 3431 4638 iv
3460 4583 3579 4638 Kal.

1997 4659 2281 4727 Augustas,
2315 4657 2401 4727 cui
2438 4653 2914 4727 statimﬁsull‘ectus
2936 4661 3019 4707 est
3053 4653 3262 4727 Alcuini
3291 4651 3587 4727 discipulus

1998 4723 2303 4781 Eai'iltaldus
2326 4725 2368 4778 ll
2401 4726 2491 4795 qui
2516 4740 2581 4778 ex
2613 4724 2757 4780 Urbe
2794 4723 3013 4791 pallium
3049 4724 3262 4795 accepit
3289 4739 3430 4795 anno
3444 4723 3577 4795 7797.

1997 4797 2296 4852 ALFURDUS.
2325 4826 2397 4835 —
2419 4791 2503 4849 'Ad
2539 4795 2681 4848 hunc
2708 4810 2837 4863 ergo
2862 4808 3016 4863 suum
3042 4791 3358 4860 discipulum
3394 4793 3579 4863 Alcui-

1999 4885 2100 4922 nus
2148 4867 2285 4922 hanc
2327 4864 2607 4933 epistolam
2649 4862 2865 4932 scripsit
2897 4862 2999 4917 796
3040 4870 3100 4916 ut
3137 4876 3262 4916 eum
3300 4864 3367 4916 de
3406 4862 3585 4916 ollicio

1999 4937 2287 5009 episcopali
2316 4933 2921 5009 dqccret._P_assrqusus.

2074 5008 2094 5046 ἲ
2138 4999 2498 5060 Helbrechtus.
2531 5001 3021 5057 Malmesburiensis
3050 5002 3212 5056 habet
3248 5015 3263 5054 :
3304 4999 3578 5068 Egbertus.

1998 5077 2304 5152 Lec_tionem
2329 5074 2661 5152 codicisms.
2704 5072 3129 5152 Sal‘isburgensis
3162 5069 3579 5152 praeferendam,

2000 5155 2054 5200 et
2100 5146 2200 5200 hoc
2244 5144 2458 5197 nomine
2503 5144 2732 5197 alterum
2778 5141 2988 5196 Alcuini
3032 5141 3372 5205 magistrum,
3415 5141 3505 5206 qui
3546 5156 3577 5192 a

1998 5222 2150 5285 poeta
2188 5214 2470 5285 Anonymo
2501 5212 2797 5285 /E_Ibertus;
2840 5211 2893 5264 in
2921 5211 3039 5264 Vita
3069 5208 3278 5285 A_l_cuini
3309 5206 3581 5285 Elcbertas

1998 5277 2238 5347 vocatur,
2269 5277 2667 5350 intelligendum
2698 5295 2817 5334 esse
2846 5293 3057 5350 censeo.
3091 5277 3579 5350 Mahnesburiensis

2001 5355 2079 5407 uti
2105 5354 2237 5407 duos
2279 5346 2581 5405 Eanbaldos
2621 5354 2674 5402 in
2715 5364 2879 5402 unum
2906 5346 3181 5417 conflavit,
3214 5354 3272 5401 ut
3305 5355 3416 5401 not.
3456 5362 3587 5417 su],-

2001 5423 2265 5485 diximus;
2308 5421 2383 5474 ita
2412 5420 2503 5473 hic
2535 5418 2826 5487 Egbertum
2859 5426 2916 5472 et
2943 5416 3324 5487 llelbrechtum
3352 5414 3574 5471 confun-

2000 5490 2098 5545 dit.
2130 5489 2262 5545 Vide
2299 5489 2353 5544 in
2384 5497 2514 5543 tom.
2546 5485 2844 5542 ll'carmen-
2867 5488 2933 5543 de
2967 5485 3122 5541 Pont.
3162 5495 3218 5541 et
3249 5486 3452 5543 sanctis
3488 5501 3579 5541 ec-

2001 5561 2129 5616 cles.
2160 5560 2484 5614 Eboracens.
2514 5573 2657 5612 vers.
2687 5557 2823 5612 {552
2851 5572 2965 5613 seu.

2076 5633 2100 5671 ε
2144 5628 2414 5705 Ha'redem
2463 5625 2688 5705 reliquit.
2745 5628 2863 5682 V’id.
2919 5641 3135 5684 carmen
3185 5626 3251 5682 de
3302 5625 3583 5705 Episcopis

2003 5699 2430 5759 Eboracensihus
2459 5696 2555 5752 cit.
2572 5696 2577 5697 “
2853 5738 2878 5759 τ,
2918 5755 2931 5759 Α
3352 5696 3358 5705 ‘
