4070 6182
508 348 614 401 225

1361 336 1421 390 Β.
1462 336 1523 390 F.
1565 331 1788 388 ALBlNl
1828 329 1958 386 SEU
1997 327 2274 383 ALCUINI
2313 325 2592 384 OPERUM
2631 327 2808 382 PARS
2845 327 2885 380 1.

3641 330 3750 383 εειι

509 463 705 514 fortem
735 457 891 511 faciat
919 454 972 507 in
1002 450 1200 512 anima,
1244 457 1300 502 et
1353 462 1476 502 cum
1520 444 1778 515 Apostolo
1804 457 1818 494 :
1852 437 2076 506 Quando
2103 441 2152 500 Α
2182 447 2292 504 tua,
2324 451 2428 491 una
2455 437 2511 490 in
2541 435 2812 490 salvaudis
2861 431 3164 499 animabus,
3218 435 3388 490 altera
3420 436 3472 490 in
3499 435 3750 504 adjuvan-

507 549 765 614 inﬁrmor,
794 555 918 598 tunc
954 539 1143 610 fortior
1194 553 1311 592 sum
1349 535 1435 606 (II
1467 535 1590 590 Cor.
1624 550 1725 597 xu,
1757 531 1867 601 10).
1899 529 2074 584 Casti-

508 635 652 706 gatio
679 632 922 702 corporis
947 627 1220 700 profectus
1243 626 1314 682 sit
1349 625 1563 679 animae.
1601 622 1782 677 Mitem
1811 628 1863 674 te
1887 626 1942 674 et
1975 618 2076 672 hu-

508 727 690 782 milem
737 722 805 776 ad
837 721 1089 776 meliores
1137 718 1385 782 ostende,
1432 715 1627 769 durum
1650 722 1706 768 et
1750 711 1980 779 rigidum
2007 707 2076 762 ad

507 813 785 882 superbos,
813 810 1064 866 omnibus
1087 807 1267 862 omnia
1323 804 1516 865 factus,
1543 810 1604 856 ut
1649 815 1837 856 omnes
1866 798 2078 852 lucrare

508 921 698 977 posses
737 903 789 974 (ι
819 903 941 958 Cor.
976 917 1054 966 ix,
1091 899 1207 968 εἳ).
1239 897 1450 952 Habeas
1488 896 1540 950 in
1566 893 1815 948 manibus
1845 890 1952 944 tuis
1973 887 2080 942 mel

507 1005 563 1052 et
591 993 943 1056 absinthium,
969 987 1228 1058 quidquid
1279 986 1366 1041 cui
1417 984 1645 1054 placeat,
1691 980 1816 1036 edat
1855 993 1922 1033 ex
1950 977 2075 1031 illis.

510 1084 610 1139 Cui
642 1084 708 1139 de
744 1082 832 1152 pia
866 1077 1247 1150 praxlicatione
1269 1073 1414 1130 vesci
1464 1071 1649 1134 libeat,
1679 1067 1908 1137 accipiat
1932 1063 2074 1128 mel;

509 1173 602 1244 qui
631 1173 763 1228 dura
798 1170 1100 1225 invectione
1118 1166 1376 1236 indigeat,
1403 1161 1555 1216 bibat
1589 1175 1657 1214 ex
1686 1155 1980 1220 absinthio,
2005 1154 2080 1207 ita

510 1273 711 1327 tamen,
739 1269 802 1315 ut
835 1259 996 1314 liceat
1019 1257 1070 1312 ei
1093 1254 1199 1310 mel
1240 1252 1410 1308 venia:
1438 1264 1675 1322 sperare,
1703 1249 1747 1305 si
1775 1261 1928 1304 rosea
1955 1259 2083 1300 con-

512 1352 651 1408 fusio
677 1349 1004 1420 paenitentiae
1031 1344 1324 1416 praecedat.

583 1459 775 1516 Omnia
813 1465 993 1513 vestra
1023 1457 1248 1510 honeste
1300 1467 1424 1507 cum
1473 1449 1661 1507 ordine
1697 1445 1829 1503 ﬂant
1873 1443 1924 1516 (Ι
1955 1442 2080 1496 Cor.

511 1565 624 1612 xw,
651 1548 764 1619 40).
797 1547 1030 1616 Tempus
1053 1552 1322 1600 statuatur
1362 1541 1603 1604 lectioni,
1627 1546 1682 1594 et
1713 1533 1933 1610 [oratio]
1959 1545 2085 1586 suas

512 1638 712 1695 habeat
751 1639 934 1703 horas,
964 1645 1019 1692 et
1064 1635 1350 1689 missarum
1405 1630 1664 1687 solemnia
1709 1625 1927 1697 proprio
1951 1631 2086 1678 tem-

513 1743 644 1800 pore
665 1729 1004 1784 conveniant.
1037 1726 1139 1791 Qui
1159 1725 1296 1778 diem
1311 1723 1466 1793 sapit,
1497 1721 1720 1774 Domino
1743 1717 1877 1788 sapit
1903 1713 2080 1786 (Rom.

513 1833 624 1881 xiv,
656 1819 732 1888 6).
777 1817 861 1871 Sit
886 1814 1127 1869 modesta
1175 1813 1230 1866 in
1279 1811 1542 1867 conviviis
1580 1809 1763 1872 laititia
1789 1823 1805 1873 ;
1835 1806 1906 1860 sit
1932 1811 2083 1858 casta

511 1906 567 1960 in
590 1904 810 1976 jejuniis
849 1903 1071 1969 lmtitia;
1105 1902 1314 1957 lavetur
1373 1899 1689 1972 pmnitentia
1747 1897 1952 1954 facies:
1981 1911 2086 1949 un-

513 2005 671 2066 gatur
697 1994 815 2050 oleo
867 1992 1253 2049 misericordia:
1283 1999 1466 2060 caput,
1495 1999 1555 2045 ut
1602 1989 1784 2044 omnia
1837 1993 2087 2054 accepta-

511 2085 639 2141 bilia
685 2085 816 2139 fiant
863 2083 1088 2138 Domino
1122 2083 1252 2147 Deo,
1291 2081 1383 2150 qui
1425 2090 1477 2136 te
1505 2079 1668 2149 elegit
1711 2078 1814 2134 sibi
1839 2074 2090 2132 sacerdo-

515 2187 644 2230 tem.
679 2174 862 2229 Omnis
900 2189 1124 2243 namque
1169 2171 1403 2242 pontifex
1437 2169 1500 2222 ab
1544 2167 1843 2221 hominibus
1885 2180 2090 2219 assum-

512 2274 632 2334 ptus
660 2280 753 2334 pro
782 2263 1075 2316 hominibus
1125 2260 1460 2314 constituitur
1486 2259 1541 2312 in
1579 2258 1681 2321 his,
1713 2273 1830 2327 qua:
1859 2265 1978 2309 sunt
2018 2254 2088 2308 ad

516 2354 682 2408 Deum
713 2352 899 2424 (Hebr.
941 2369 996 2419 v,
1021 2352 1094 2422 i).
1133 2350 1313 2405 Aaron
1349 2351 1530 2404 stabat
1561 2364 1684 2403 cum
1717 2346 1982 2401 turribulo
2007 2346 2089 2400 di-

515 2441 738 2512 gnitatis
765 2456 874 2495 sum
903 2441 1043 2495 inter
1080 2439 1232 2492 vivos
1277 2453 1343 2492 ac
1374 2444 1636 2500 mortuos,
1669 2443 1730 2488 ut
1758 2435 1838 2488 ira
1863 2433 1958 2488 Dei
1981 2449 2088 2488 non

517 2529 825 2583 ardesceret
864 2527 980 2598 plus
1025 2528 1079 2580 in
1116 2525 1312 2596 populo
1369 2524 1558 2594 (Num.
1589 2539 1702 2588 xvr,
1725 2523 1814 2587 47,
1838 2522 1950 2595 48).
1985 2523 2088 2578 Sa-

517 2620 708 2672 cerdos
745 2632 873 2671 vero
895 2617 986 2670 Dei
1020 2612 1230 2688 [Verbi]
1270 2622 1324 2668 et
1371 2612 1660 2667 voluntatis
1706 2612 1850 2666 illius
1895 2613 2091 2682 praedi-

520 2721 672 2767 cator
716 2712 875 2767 debet
920 2723 1039 2765 esse
1090 2711 1143 2765 in
1204 2709 1481 2780 populum,
1533 2716 1589 2763 et
1643 2708 1970 2762 intercessor
2021 2703 2089 2757 ad

519 2803 686 2857 Deum
715 2818 812 2872 pro
830 2801 1042 2870 pepulo,
1069 2801 1223 2870 quasi
1260 2799 1524 2854 mediator
1561 2797 1701 2853 inter
1720 2799 1887 2852 Deum
1917 2803 1970 2850 et
1994 2795 2090 2848 ho-

518 2891 708 2944 mines.
743 2890 846 2956 Qui
873 2889 1158 2944 sublimem
1181 2889 1424 2943 ascendit
1459 2887 1659 2952 locum,
1711 2901 1904 2942 cavere
1931 2885 2090 2939 debet

515 2994 584 3035 ne
610 2981 789 3044 cadat,
818 2979 942 3048 quia
995 2978 1150 3032 ruina
1202 2977 1409 3033 altioris
1444 2977 1548 3033 loci
1593 2977 1948 3047 periculosior
1969 2988 2089 3028 esse

516 3070 872 3141 dignoscitur.
917 3069 1017 3136 Qui
1071 3078 1197 3136 stat,
1244 3070 1425 3126 videat
1463 3085 1530 3124 ne
1576 3068 1751 3124 cadat.
1807 3067 1858 3139 (1
1884 3068 2084 3129 Cor.x,
2113 3105 2160 3169 ϐ

515 3161 626 3231 12).
659 3160 762 3227 Qui
783 3159 948 3228 jacet,
997 3161 1306 3226 contendat,
1341 3169 1402 3214 ut
1430 3169 1716 3230 resurgat:
1761 3167 1818 3213 et
1845 3157 1936 3227 qui
1965 3173 2088 3212 cur-

516 3251 613 3312 rit,
645 3256 832 3303 caveat
855 3264 922 3304 ne
947 3247 1200 3314 offendat,
1232 3264 1300 3304 ne
1344 3249 1589 3304 bravium
1618 3247 1758 3302 illius
1791 3247 1928 3302 alter
1949 3247 2092 3302 acci-

519 3335 653 3406 piat.
685 3334 884 3392 Omnes
908 3337 1126 3408 quidem
1156 3348 1300 3393 stare
1331 3354 1430 3393 nos
1453 3345 1666 3408 oportet
1697 3347 1821 3391 ante
1851 3337 2087 3391 tribunal

521 3425 724 3481 Christi
748 3433 808 3480 ut
831 3425 1032 3481 referat
1056 3427 1443 3496 unusquisque,
1496 3426 1756 3496 quidquid
1785 3427 1838 3480 in
1866 3441 2091 3495 corpore

517 3515 688 3585 gessit
735 3513 912 3586 (Rom.
938 3530 1049 3580 xiv,
1076 3515 1181 3581 10;
1218 3515 1282 3569 II
1311 3515 1434 3570 Cor.
1463 3531 1518 3581 v,
1549 3515 1657 3586 10).
1693 3515 1843 3571 Tunc
1862 3533 1967 3572 non
1989 3517 2094 3572 erit

519 3613 732 3674 tempus
757 3603 933 3659 oleum
960 3605 1192 3669 emendi,
1223 3605 1343 3659 ideo
1373 3612 1496 3659 ante
1531 3605 1955 3674 praavideamus;
1994 3620 2093 3660 nec

519 3705 648 3750 tunc
677 3711 847 3750 vacua
875 3711 1004 3751 vasa
1035 3697 1329 3751 habeamus
1364 3695 1578 3767 (Matth.
1605 3695 1756 3768 xxv).
1791 3695 1912 3751 Sint
1937 3697 2093 3751 modo

521 3785 690 3841 lumbi
741 3785 1014 3854 praecincti
1039 3794 1094 3840 et
1144 3785 1378 3842 lucerna:
1433 3788 1684 3842 ardentes
1733 3787 1788 3841 in
1843 3786 2093 3842 manibus

521 3877 892 3948 prtedicatoris
923 3877 1074 3948 (Luc.
1101 3893 1200 3943 xu,
1228 3877 1341 3949 55),
1368 3886 1428 3932 ιιι
1451 3885 1578 3934 tunc
1624 3877 1826 3950 fulgeat
1850 3879 1991 3933 sicut
2011 3877 2092 3932 sol

522 3968 577 4022 in
619 3982 784 4038 regno
820 3966 999 4023 Patris
1051 3967 1157 4034 sui,
1199 3976 1255 4024 et
1280 3983 1380 4038 pro
1437 3967 1882 4038 multiplicatione
1931 3983 2095 4037 pecu-

521 4059 626 4114 nia:
661 4059 763 4114 sibi
793 4059 1094 4114 commissa:
1130 4058 1382 4113 laudetur
1420 4073 1451 4111 a
1482 4057 1710 4113 Domino
1764 4073 1882 4122 suo,
1915 4064 1972 4110 et
1997 4057 2094 4112 ho-

522 4159 746 4206 noretur
803 4158 1005 4204 interna
1067 4148 1256 4218 gloria.
1299 4147 1416 4201 Noli
1469 4147 1755 4202 Dominum
1794 4155 1846 4201 te
1898 4155 2094 4215 putare

519 4231 726 4304 saeculi,
758 4237 852 4292 sed
910 4235 1376 4305 dispensatorem;
1413 4249 1521 4288 non
1563 4242 1617 4288 te
1671 4248 1926 4288 numerus
1973 4249 2096 4304 pro-

521 4327 846 4396 pinquorum
876 4337 1097 4377 avarum
1140 4321 1322 4385 faciat,
1364 4321 1518 4390 quasi
1571 4321 1676 4376 illis
1711 4321 1768 4376 in
1812 4321 2095 4377 haeredita-

522 4422 631 4468 tem
660 4427 989 4484 congregare
1013 4409 1229 4466 debeas.
1259 4410 1375 4466 Non
1408 4409 1580 4466 deerit
1618 4411 1832 4466 occasio
1867 4426 2094 4482 congre-

522 4501 704 4573 gandi,
739 4501 784 4556 si
809 4500 1136 4570 cupiditatis,
1181 4515 1301 4569 qua:
1325 4507 1410 4554 cst
1453 4499 1692 4554 omnium
1741 4499 1894 4555 radix
1928 4499 2095 4553 malo-

524 4607 663 4654 rum,
725 4590 940 4663 [fomes]
997 4590 1307 4646 inardescit.
1362 4589 1548 4646 Nullus
1581 4591 1754 4646 haeres
1798 4589 1988 4645 melior
2012 4597 2096 4645 est

524 4687 742 4742 Christo
769 4706 782 4741 :
824 4702 982 4741 nemo
1008 4686 1083 4740 tui
1115 4684 1348 4739 thesauri
1375 4684 1585 4740 fidelior
1607 4695 1789 4741 custos
1819 4692 1920 4738 est.
1957 4683 2094 4738 Nam

525 4794 719 4834 manus
769 4779 1018 4848 pauperis
1061 4776 1169 4848 65
1223 4776 1660 4846 gazophylacium
1725 4785 1809 4831 est
1867 4775 2091 4830 Christi.

524 4868 678 4937 Quod
709 4885 776 4923 ex
807 4869 910 4923 tuis
933 4868 1210 4922 obtutibus
1238 4867 1310 4920 illi
1333 4866 1712 4921 commendare
1732 4867 1964 4934 placeat,
1988 4867 2090 4921 hoc

524 4975 622 5030 per
648 4973 841 5012 manus
867 4957 1190 5011 miserorum
1215 4955 1388 5008 mitte.
1418 4955 1621 5025 Duplex
1643 4953 1736 5008 fiat
1755 4953 2094 5024 eleemosyna

596 5170 623 5199 ι
665 5156 962 5228 ᾖξιιιιὶζαηάο
990 5153 1225 5228 psalmos
1252 5154 1550 5228 decentem.
1569 5152 2098 5228 __Vide__disquisitiof

526 5241 648 5282 nem
670 5223 868 5280 Mabill.
892 5227 956 5280 de
977 5223 1146 5280 Cursu
1168 5225 1356 5280 Gallic.
1379 5240 1498 5293 pag.
1522 5223 1625 5277 443
1643 5231 1699 5277 et
1723 5223 1898 5277 Vitam
1923 5224 2095 5278 sancti

526 5295 807 5366 Epiphanii
843 5296 1077 5366 episc0pi
1104 5294 1421 5366 Ticinensis,
1449 5309 1567 5366 qua;
1591 5308 1712 5366 cum
1751 5294 2098 5366 scriptitarin-

526 5361 673 5420 nod‘ii
701 5361 929 5434 habetur
953 5361 1080 5420 tom.
1110 5365 1129 5418 ι
1155 5365 1253 5434 Op.
1287 5361 1577 5434 Sirmondi,
1607 5361 1899 5434 col._i666.
1936 5362 2096 5418 Varia

525 5433 774 5505 exempla
795 5434 1186 5505 episcoporum,
1201 5432 1305 5505 qui
1327 5433 1599 5505 psallendo
1619 5432 2097 5505 equitahant,_con-

526 5500 699 5569 gessit
717 5500 1098 5558 Thoinassinus
1121 5500 1341 5558 Prtefat.
1364 5505 1416 5558 in
1453 5501 1614 5556 Psalt.
1641 5501 1886 5556 secundae
1908 5500 2096 5556 editio-

528 5571 632 5625 nis.
664 5571 904 5641 Passmu.
932 5601 1001 5612 —
1030 5572 1208 5626 Codex
1253 5581 1430 5628 tamen
1478 5571 1772 5641 Salisburg.
1807 5571 1929 5641 loco
1956 5571 2097 5641 equi—

530 5641 706 5710 tando,
739 5640 902 5695 habet
922 5641 1196 5710 «quando,
1218 5643 1369 5710 quasi
1399 5639 1586 5710 aequali
1613 5639 1744 5710 voce
1765 5639 2092 5710 alternando.

594 5710 626 5752 ’δ
665 5702 929 5766 Romanos
959 5702 1154 5765 discere
1188 5702 1413 5766 ordines.
1446 5702 1832 5764 Testimonium
1871 5707 1942 5766 sit
1981 5707 2097 5766 hac

2175 526 2258 582 dis
2284 526 2604 594 corporibus
2623 525 2915 594 egentium.
2955 524 3077 580 Ideo
3106 526 3408 597 presbyteri
3437 527 3635 597 duplici
3659 528 3754 584 ho-

2176 628 2325 678 nore,
2357 613 2514 684 juxta
2527 612 2866 682 Apostolum,
2889 613 3034 681 digni
3065 613 3296 668 habendi
3325 622 3470 680 sunt,
3499 617 3626 685 quia
3653 617 3753 670 du-

2175 703 2302 772 plici
2345 703 2644 772 probantur
2695 700 2843 772 fungi
2906 699 3205 758 ministerio
3261 703 3313 772 (ι
3361 702 3498 758 Tim.
3555 705 3752 778 v.17).

2176 795 2414 851 Hilarem
2440 795 2684 851 datorem
2721 794 2895 865 diligit
2915 796 3056 850 Deus
3093 795 3178 868 (II
3236 796 3359 850 Cor.
3389 813 3468 863 ix,
3495 797 3546 862 6,
3578 797 3634 870 7)
3661 815 3676 864 ;
3703 811 3759 856 et

2176 885 2270 956 qui
2295 886 2525 940 seminat
2557 886 2612 940 in
2641 887 3032 951 benedictione,
3059 885 3126 941 de
3155 887 3619 944 benedictionibus
3645 906 3751 944 me

2178 983 2273 1040 tet,
2313 984 2368 1030 et
2393 975 2483 1046 qui
2511 975 2629 1045 plus
2657 975 2886 1042 laborat,
2915 976 3034 1048 plus
3070 976 3338 1032 mercedis
3357 979 3605 1046 accipiet.
3637 978 3757 1035 Sint

2180 1066 2256 1122 tui
2285 1065 2414 1121 socii
2452 1065 2690 1120 honestis
2737 1066 2978 1120 moribus
3026 1065 3224 1130 ornati,
3269 1080 3378 1119 non
3406 1067 3752 1124 vestimento—

2180 1171 2300 1210 rum
2329 1154 2566 1208 vanitate
2591 1153 2873 1216 notabiles,
2901 1153 2996 1208 sed
3021 1169 3233 1208 morum
3275 1153 3537 1225 dignitate
3567 1156 3754 1212 lauda-

2180 1245 2335 1300 biles.
2359 1244 2540 1302 Gloria
2563 1245 2755 1315 patris,
2781 1243 2923 1299 ﬂlius
2947 1245 3181 1314 sapiens.
3205 1243 3322 1299 Non
3351 1246 3459 1300 sint
3479 1247 3760 1304 ebrietatis

2182 1345 2497 1401 sectatores,
2536 1336 2630 1391 sed
2681 1335 2993 1390 sobrietatis
3037 1342 3329 1400 amatores,
3358 1343 3419 1389 ut
3451 1351 3518 1390 ex
3539 1335 3758 1392 illorum

2182 1425 2338 1479 bonis
2389 1423 2648 1494 exemplis
2700 1421 3032 1479 aedificentur
3056 1423 3296 1493 plurimi.
3361 1423 3480 1479 Non
3531 1426 3759 1481 inanilo-

2185 1513 2370 1581 quium
2397 1513 2480 1567 vel
2511 1512 2830 1578 scurrilitas,
2884 1512 2977 1567 sed
3002 1520 3190 1567 sancta
3237 1525 3305 1568 ex
3327 1527 3424 1568 ore
3455 1527 3640 1568 eorum
3665 1529 3760 1568 au-

2187 1603 2366 1657 diatur
2387 1603 2704 1673 psalmodia.
2753 1602 2868 1656 Non
2892 1617 2989 1672 per
3015 1617 3238 1672 campos
3259 1603 3624 1658 discurrentes
3644 1603 3760 1658 vul-

2185 1709 2280 1764 pes
2302 1694 2553 1764 agitando
2571 1694 2886 1758 declament,
2917 1695 3012 1749 sed
3033 1703 3210 1749 tecum
3235 1707 3262 1734 ι
3285 1694 3578 1763 equitando
3603 1692 3758 1766 [ϐοά.

2117 1773 2162 1832 Β
2191 1781 2330 1849 Sal.,
2365 1781 2672 1854 aequando],
2711 1783 2948 1853 psalmos
2980 1783 3126 1838 dulci
3175 1783 3536 1839 modulamine
3565 1783 3764 1838 decan-

2189 1882 2324 1928 teut.
2357 1872 2640 1943 Nunquam
2683 1889 2851 1929 sacra:
2891 1873 3280 1929 benedictionis
3321 1872 3484 1942 pallio
3521 1872 3764 1928 induaris

2188 1965 2390 2033 absque
2413 1963 2762 2020 diaconorum
2795 1965 3087 2020 astantium
3117 1965 3432 2019 ministerio.
3463 1964 3673 2020 Habeas
3695 1975 3749 2020 et

2189 2055 2567 2120 subdiaconos,
2617 2063 2951 2125 ceterosque
3001 2055 3292 2110 ordinatim
3340 2055 3542 2126 gradus
3576 2054 3763 2110 Eccle-

2188 2145 2301 2208 εἰπε,
2348 2152 2612 2213 quatenus
2658 2145 3064 2214 septiformisiu
3112 2145 3267 2200 donis
3306 2145 3480 2200 sancti
3520 2145 3754 2215 Spiritus

2188 2235 2427 2291 Ecclesia
2453 2235 2751 2306 septiformi
2777 2238 3262 2294 ecclesiasticarum
3287 2241 3548 2310 graduum
3574 2240 3764 2294 distin-

2188 2326 2364 2381 ctione
2391 2325 2609 2398 fulgeat.
2652 2327 2858 2383 Habeat
2889 2329 3254 2399 unusquisque
3303 2328 3503 2400 gradus
3527 2329 3761 2400 dignita—

2191 2418 2260 2472 tis
2299 2433 2409 2472 sua:
2455 2417 2631 2473 locum
2673 2426 2727 2473 et
2777 2419 3200 2486 vestimentum;
3240 2429 3294 2474 et
3320 2420 3366 2474 si
3419 2420 3474 2474 in
3502 2421 3764 2476 conviviis

2189 2507 2321 2564 ordo
2345 2509 2618 2564 seniorum
2643 2517 2698 2563 et
2726 2509 3045 2580 dignitatum
3098 2511 3394 2567 servandus
3418 2520 3521 2577 est,
3561 2521 3764 2582 quanto

2189 2601 2360 2670 magis
2386 2600 2438 2654 in
2470 2600 2708 2654 Ecclesia
2755 2602 2952 2657 Christi
2980 2608 2994 2656 ζ
3029 2601 3110 2657 Sit
3152 2603 3330 2658 clerus
3372 2604 3424 2656 in
3453 2605 3636 2659 habitu
3664 2605 3762 2660 hoc

2190 2692 2438 2756 aestatis,
2467 2701 2521 2746 et
2547 2691 2699 2746 vultu
2739 2693 3096 2758 constantiae;
3129 2701 3180 2747 et
3210 2693 3264 2746 in
3302 2707 3433 2749 voce
3478 2692 3754 2749 moderata

2190 2790 2493 2848 cantantes,
2551 2784 2724 2854 magis
2759 2785 2868 2838 Deo
2914 2785 3126 2855 placere
3168 2785 3401 2840 nitentes
3451 2801 3613 2856 quam
3659 2787 3758 2841 ho-

2190 2873 2424 2928 minibus
2476 2872 2530 2944 (Ι
2593 2872 2826 2928 Thessal.
2857 2892 2925 2939 ιι,
2956 2874 3035 2946 4).
3095 2875 3363 2930 Exaltatio
3411 2875 3760 2931 immoderata

2191 2964 2342 3018 vocis
2391 2965 2670 3034 jactantia:
2713 2964 2925 3034 signum
2964 2973 3049 3020 est
3077 2983 3089 3018 :
3121 2964 3215 3020 sed
3236 2967 3416 3020 omnia
3447 2967 3500 3020 in
3550 2965 3764 3020 humili-

2191 3063 2303 3111 tate
2329 3065 2382 3110 et
2407 3057 2632 3111 honeste
2683 3055 2836 3123 fiant,
2865 3065 2918 3110 et
2943 3073 3047 3111 non
3091 3055 3391 3127 despiciant
3429 3056 3458 3096 ιι
3489 3056 3765 3112 Romanos

2192 3146 2400 3201 discere
2439 3145 2678 3210 ordines,
2727 3155 2993 3215 quatenus
3019 3154 3178 3216 caput
3219 3145 3580 3201 Ecclesiarum
3605 3145 3763 3200 Chri-

2189 3236 2280 3300 sti,
2316 3235 2608 3290 secundum
2636 3234 2947 3291 facultatem
2992 3235 3187 3290 virium
3227 3234 3502 3290 imitantes
3543 3234 3764 3289 benedi-

2189 3326 2422 3379 ctionem
2450 3340 2481 3378 a
2503 3325 2662 3379 beato
2694 3325 2856 3380 Petro
2897 3325 3141 3395 principe
3187 3324 3572 3394 apostolorum,
3600 3339 3761 3392 quem

2192 3415 2449 3470 Dominus
2471 3423 2655 3470 noster
2688 3413 2845 3470 Jesus
2866 3414 3113 3470 Christus
3142 3422 3306 3483 caput
3326 3414 3482 3469 electi
3520 3413 3622 3468 sibi
3643 3425 3761 3484 gre-

2191 3505 2272 3574 gis
2297 3505 2503 3570 statuit,
2536 3505 2735 3560 habere
2769 3513 3081 3560 mereantur
3128 3513 3410 3558 aeternam.
3454 3503 3606 3559 Sicut
3645 3503 3762 3573 apis

2191 3595 2588 3665 sapientissima
2614 3595 2817 3660 omnia,
2843 3611 2964 3664 qua:
2991 3593 3287 3650 honestatis
3332 3600 3476 3656 sunt,
3507 3593 3763 3648 discendo

2191 3690 2436 3758 probate,
2465 3698 2521 3743 et
2545 3705 2664 3758 qua:
2699 3690 2900 3759 optima
2931 3704 3050 3744 esse
3097 3687 3366 3754 videntur,
3397 3687 3642 3759 eligendo
3679 3703 3765 3742 re-

2193 3780 2378 3834 tinete.
2437 3777 2738 3834 Prmvideat
2784 3786 2972 3834 sancta
3027 3778 3246 3834 solertia
3298 3786 3390 3832 tua
3421 3788 3444 3816 ο
3477 3776 3766 3846 magistros

2192 3869 2395 3938 pueris,
2421 3868 2569 3924 clero
2598 3868 2838 3942 [Baluz.,
2886 3869 3093 3942 clerici]
3128 3875 3492 3940 segregentur,
3528 3866 3764 3936 separati

2193 3975 2344 4015 more
2369 3959 2598 4023 illorum,
2624 3959 2717 4028 qui
2743 3959 2911 4016 libros
2933 3959 3132 4030 legant,
3172 3957 3264 4028 qui
3289 3955 3572 4012 cantilenas
3593 3955 3766 4010 inser-

2192 4050 2363 4114 viant,
2414 4049 2506 4120 qui
2545 4047 2815 4104 scribendi
2861 4049 3038 4104 studio
3074 4048 3413 4118 deputentur.
3465 4043 3679 4098 Habeas
3704 4052 3762 4099 et

2195 4141 2420 4212 singulis
2464 4140 2550 4196 his
2605 4139 2886 4195 ordinibus
2913 4142 3202 4210 magistros
3229 4152 3374 4202 suos,
3415 4150 3482 4190 ne
3507 4142 3767 4190 vacantes

2200 4231 2334 4304 [Al.,
2393 4229 2673 4303 vagantes]
2723 4231 2838 4285 otio
2890 4229 3012 4298 vagi
3068 4229 3371 4285 discurrant
3396 4241 3494 4297 per
3543 4227 3682 4292 loca,
3711 4233 3767 4280 et

2194 4323 2384 4378 inanes
2433 4329 2721 4378 exerceant
2770 4320 2942 4385 ludos,
2970 4319 3056 4374 vel
3099 4319 3220 4374 aliis
3255 4319 3630 4387 mancipentur
3652 4317 3766 4371 ine-

2118 4447 2172 4509 Β
2195 4413 2342 4482 ptiis.
2382 4413 2510 4468 Haec
2555 4411 2735 4468 omnia
2757 4419 2812 4467 et
2857 4409 3231 4476 solertissima,
3288 4409 3365 4465 fili
3401 4408 3717 4465 cbarissime
3747 4409 3760 4460 !

2197 4510 2289 4556 tua
2313 4501 2634 4570 consideret
2669 4500 3024 4570 providentia,
3071 4509 3336 4570 quatenus
3372 4499 3429 4553 in
3456 4497 3584 4553 sede
3618 4497 3766 4566 prin-

2195 4593 2352 4663 cipali
2391 4593 2565 4664 gentis
2610 4602 2809 4647 nostra:
2849 4591 3012 4647 totius
3072 4590 3330 4645 bonitatis
3357 4596 3412 4644 et
3439 4587 3758 4644 eruditionis

2195 4684 2315 4740 fons
2340 4684 2664 4750 inveniatur,
2705 4691 2760 4739 et
2779 4697 2846 4737 ex
2877 4697 2941 4739 eo
2971 4682 3161 4738 sitiens
3185 4682 3360 4735 viator
3395 4680 3482 4735 vel
3509 4679 3767 4735 ecclesia-

2195 4776 2344 4832 sticm
2379 4773 2676 4844 disciplina:
2710 4786 2942 4838 amator,
2994 4772 3257 4842 quidquid
3284 4770 3556 4827 desiderat
3576 4770 3760 4824 anima

2195 4879 2313 4930 sua,
2367 4863 2588 4919 haurire
2624 4864 2821 4919 valeat.
2862 4863 3107 4936 [Habetis
3138 4877 3223 4916 me
3277 4860 3680 4929 devotissimum
3713 4859 3771 4912 in

2195 4955 2280 5010 his
2312 4955 2583 5022 omnibus,
2637 4956 2765 5012 licet
2814 4957 2869 5011 in
2899 4955 3198 5026 peregrinis
3233 4955 3584 5019 habitantem,
3614 4953 3772 5025 adju-

2194 5154 2416 5225 epistola
2459 5156 2794 5226 antiquitatis
2835 5155 3041 5212 ordinis
3084 5155 3332 5219 Romani,
3374 5156 3440 5210 de
3475 5169 3584 5225 quo
3625 5162 3778 5226 certe

2194 5226 2396 5296 mentio
2425 5225 2566 5296 nulla
2594 5225 2964 5296 hacgravior,
2995 5234 3088 5296 aut
3113 5227 3386 5296 antiquior
3411 5226 3671 5296 hactenus
3695 5225 3779 5296 al-

2195 5293 2448 5417 ξιέειὲἰι.
2495 5294 2570 5348 De
2609 5308 2676 5348 eo
2719 5293 2865 5365 legas
2910 5295 3112 5350 Mabill.
3157 5293 3290 5350 tom.
3335 5294 3381 5349 ιι
3423 5293 3605 5350 Μυεωί
3649 5293 3773 5349 Ital.

2237 5380 2270 5417 Α
2385 5401 2436 5416 ..

2237 5378 2436 5418 ASSION.

2265 5443 2289 5470 ο
2329 5431 2607 5502 Magistros
2631 5431 2824 5502 pueris.
2852 5431 2929 5488 De
2948 5433 3034 5488 bis
3053 5432 3312 5489 Alcuinus
3333 5431 3545 5502 saapius.
3570 5431 3777 5486 Morem

2196 5499 2641 5573 instruendorum
2663 5515 2953 5570 puerorum
2978 5504 3033 5573 in
3054 5503 3301 5573 Angliam
3325 5499 3534 5573 (induxit
3556 5509 3780 5557 sanctus

2195 5568 2526 5643 {tugustﬁipus
2553 5567 2742 5643 illuc_a
2763 5581 2949 5643 sancto
2977 5567 3236 5643 Gregorio
3253 5571 3781 5643 imissu_s,_utgnarrat

2193 5635 2347 5762 ἓξὲξ.
2374 5636 2538 5763 ἹΒῘῖἓ.
2586 5639 2641 5695 in
2685 5639 2806 5697 Vita
2850 5641 2992 5699 illius
3034 5635 3206 5700 sancti
3249 5640 3526 5703 Pontificis
3565 5639 3778 5714 ιίῢηιι,
