4070 6182
272 354 382 411 Ξῖὶὸ

271 556 639 628 eleemosynis
669 552 891 628 [pietas]
920 553 1010 607 ubi
1039 565 1064 592 ι
1096 551 1449 615 xenodochia,
1478 551 1532 605 id
1562 559 1664 615 est,
1690 552 1870 618 hospi-

273 651 404 704 talia
431 648 550 702 fieri
585 646 803 717 jubeas,
838 645 890 698 in
915 644 1112 711 quibus
1135 641 1205 695 sit
1231 641 1543 711 quotidiana
1571 655 1870 710 paupermn

272 749 331 796 et
366 739 781 811 peregrinorum
836 733 1128 802 susceptio,
1157 731 1233 803 [et
1257 745 1325 784 ex
1378 732 1578 785 nostris
1623 732 1873 785 substan-

275 831 372 886 tiis
399 831 644 885 habeant
667 826 885 882 solatia.

350 922 499 976 Ecce
525 936 626 990 ego
662 918 862 989 duplici
891 915 1143 986 fatigatus
1179 914 1452 980 molestia,
1493 914 1547 967 id
1581 922 1692 979 est,
1721 931 1875 969 senc-

277 1020 437 1066 ctute
464 1018 518 1065 et
546 1009 858 1063 inﬁrmitate
887 1024 899 1058 :
930 1015 985 1059 et
1022 1005 1161 1060 forte
1186 1004 1579 1074 appropinquat
1607 1004 1721 1059 dies
1761 1020 1875 1058 me-

276 1102 542 1165 tuendus,
570 1115 675 1169 quo
699 1105 1013 1154 conteratur
1038 1096 1226 1167 hydria
1255 1111 1416 1165 supra
1441 1094 1670 1161 fontem,
1702 1105 1759 1151 et
1794 1111 1878 1150 re-

274 1201 468 1248 currat
497 1192 633 1245 vitta
670 1205 834 1244 aurea
863 1186 1063 1260 (Eccle.
1092 1202 1191 1251 xu,
1228 1185 1303 1255 6).
1344 1185 1667 1240 Revertatur
1702 1187 1877 1256 pulvis

276 1282 338 1335 in
368 1289 578 1334 terram
622 1294 792 1342 suam,
838 1276 1060 1346 spiritus
1103 1277 1170 1330 ad
1206 1276 1372 1329 Deum
1409 1276 1498 1344 qui
1541 1277 1688 1331 dedit
1728 1277 1877 1332 illum

279 1370 487 1442 (Eccle.
512 1386 613 1433 χιι,
645 1368 722 1438 7),
749 1376 805 1421 et
829 1368 983 1421 valde
1012 1367 1230 1421 timidus
1252 1382 1499 1437 pavesco,
1533 1383 1639 1437 quo
1667 1369 1877 1423 exami-

278 1471 393 1523 net,
431 1470 561 1513 tunc
582 1460 908 1527 iudicandus
940 1459 1029 1512 sit.
1065 1457 1173 1522 Tu,
1208 1458 1282 1511 ﬁli
1320 1457 1660 1512 ﬁdelissime!
1693 1460 1879 1514 labora

278 1570 381 1623 pro
409 1553 589 1606 anima
622 1551 800 1605 Patris
831 1551 935 1614 tui,
978 1550 1091 1604 sive
1113 1565 1256 1604 nunc
1282 1549 1336 1603 in
1364 1549 1467 1604 hoc
1492 1550 1712 1621 pulvere
1738 1567 1880 1605 mor-

278 1645 385 1705 tis;
433 1642 547 1696 sive
581 1650 709 1696 tunc
750 1642 804 1694 in
829 1638 1090 1708 judicium
1132 1641 1496 1709 properantis,
1542 1650 1601 1696 ut
1640 1643 1879 1712 requiem

1742 349 2121 406 EPISTULA?“

274 461 497 540 torem].
560 462 883 521 Consideret
946 476 1161 532 quoque
1222 468 1311 515 tua
1368 460 1775 531 diligentissima
1823 462 1875 514 in
1910 474 1952 528 Α

3450 353 3556 410 529.6

2473 460 2501 498 Β
2543 460 2871 515 EPISTULA
2914 461 3067 517 LVII.

2102 564 2122 587 ε
2147 565 2477 605 ΑἰΤῐΙῐΞΙΛὶΕῡο
2500 568 2765 617 EPISCOPO,
2807 570 2871 606 NE
2911 568 3120 609 GRECEM
3160 568 3417 610 DESERAT.

2583 642 2759 712 (Anno
2791 643 2939 713 796.)

1972 731 2287 785 Cousolalur
2306 733 2360 785 in
2379 734 2734 802 persecutione
2751 751 2811 786 ac
2827 734 3189 799 tribulatione;
3208 746 3254 790 et
3275 737 3344 790 ad
3362 737 3563 792 virilem

2102 803 2555 871 perseverantiam,
2582 818 2645 856 ne
2667 803 2731 855 ab
2757 804 2932 857 ovibus
2956 804 3144 873 fugiat,
3169 807 3429 861 hortatur.
3466 864 3469 871 ,

2044 914 2293 982 Acceptis
2318 912 2510 968 litteris
2536 914 2660 977 tuis,
2686 912 2855 968 frater
2877 917 3091 970 sancte!
3122 916 3275 972 lmtus
3302 919 3366 972 de
3389 919 3561 977 salute

1976 1014 2086 1071 tua,
2129 1005 2223 1059 sed
2270 1005 2442 1059 tristis
2484 1005 2551 1060 de
2593 1006 2939 1061 tribulatione
2984 1016 3039 1062 et
3077 1010 3564 1077 persecutionibns,

1975 1108 2112 1161 quas
2147 1100 2199 1145 te
2224 1094 2335 1162 pati
2369 1109 2399 1147 a
2429 1102 2585 1163 gente
2617 1102 2706 1147 tua
2736 1094 2788 1148 in
2818 1094 2921 1149 illis
2948 1096 3054 1149 tuis
3082 1097 3325 1166 apicibus
3350 1101 3562 1168 agnovi.

1976 1179 2227 1238 Attamen
2270 1186 2443 1239 beatos
2484 1203 2612 1249 esse,
2661 1188 2889 1242 Domino
2927 1188 3160 1255 dicente,
3191 1189 3438 1255 legimus,
3477 1193 3567 1261 qui

1976 1273 2381 1341 persecutionem
2424 1272 2696 1343 patiuntur
2738 1287 2948 1346 propter
2985 1278 3277 1346 justitiam,
3319 1281 3567 1350 quoniam

1979 1360 2209 1429 ipsorum
2251 1370 2322 1414 est
2369 1379 2579 1431 regnum
2626 1363 2872 1417 caelorum
2916 1364 3130 1435 (Matth.
3175 1382 3228 1428 v,
3272 1367 3380 1432 10).
3426 1367 3568 1434 Qua-

1977 1458 2200 1518 propter
2228 1452 2424 1506 suadeo
2454 1453 2584 1514 tibi,
2614 1452 2782 1507 frater
2813 1456 3142 1510 venerande!
3177 1464 3236 1509 nt
3262 1457 3486 1511 viriliter
3514 1458 3570 1511 in

1980 1539 2085 1595 ﬁde
2116 1541 2318 1612 integra
2351 1551 2406 1597 et
2437 1544 2720 1600 devotione
2758 1544 3108 1616 infatigabili,
3139 1564 3236 1618 pro
3267 1551 3569 1605 commissis

1984 1630 2078 1684 tibi
2105 1647 2135 1684 a
2165 1632 2381 1687 Christo
2403 1635 2595 1689 ovibus
2616 1643 2826 1690 certare
2849 1652 2952 1691 non
2980 1652 3176 1705 cesses,
3202 1654 3269 1692 ne
3294 1655 3571 1696 mercena-

278 1733 484 1787 habeat
512 1738 567 1784 et
592 1730 756 1784 etiam
783 1731 993 1785 veniam
1022 1739 1366 1799 peccatorum
1391 1748 1614 1788 suorum
1633 1774 1647 1799 ,
1678 1743 1738 1788 ut
1765 1750 1880 1789 ma-
1913 1798 1947 1803 _
1982 1722 2094 1776 rius
2121 1722 2349 1794 fugiens,
2381 1735 2435 1780 ct
2461 1744 2565 1783 non
2600 1738 2787 1798 pastor
2808 1730 2999 1786 ﬁrmus
3022 1732 3088 1786 ab
3116 1732 3230 1803 ipso
3268 1732 3495 1788 Domino
3517 1744 3572 1787 ct

280 1823 438 1887 cute,
482 1838 602 1892 quae
637 1821 977 1876 adhaeserunt
1016 1798 1093 1875 illi
1118 1837 1185 1876 ex
1223 1823 1325 1876 hac
1366 1822 1628 1878 lutulenta
1669 1825 1878 1879 babita—
1913 1798 1955 1857 Β
1983 1820 2199 1881 Ρλδῐοτθ
2227 1815 2466 1869 omnium
2495 1818 2768 1886 tie-puteris
2800 1819 2979 1889 (Joan.
3010 1820 3089 1892 ι).

280 1912 434 1968 tione
479 1912 801 1981 corpusculi,
849 1910 1089 1965 fraterna
1133 1912 1518 1969 intercessione
1568 1916 1875 1970 abluantur.

281 2004 394 2059 Sed
423 2011 481 2059 et
517 2011 639 2073 post
674 2003 814 2058 hanc
841 2003 1291 2072 conscriptionem
1331 2005 1526 2060 anima:
1554 2022 1688 2062 meae
1716 2008 1877 2062 etiam

277 2107 478 2149 omnes
506 2092 645 2148 ﬁlios
671 2108 841 2159 meos,
867 2092 1063 2148 fratres
1088 2102 1142 2149 et
1166 2095 1389 2161 amicos,
1417 2096 1531 2151 sive
1552 2099 1645 2168 qui
1669 2115 1881 2155 mecum

282 2190 412 2238 sunt
441 2183 495 2235 in
517 2182 969 2253 peregrinatione,
997 2183 1109 2238 sive
1135 2184 1226 2252 qui
1252 2194 1426 2239 tecum
1453 2202 1672 2243 versare
1696 2190 1881 2244 viden-

283 2278 376 2324 tur
404 2270 460 2327 in
500 2270 697 2340 patria,
743 2277 848 2325 tuae
888 2273 1207 2326 commendo
1244 2273 1669 2344 diligentissima:
1713 2279 1883 2334 fideli-

284 2361 409 2423 tati,
431 2369 493 2415 ut
518 2360 718 2415 habeas
745 2360 865 2415 illos
883 2362 1035 2431 quasi
1058 2363 1326 2432 proprios,
1352 2373 1408 2418 et
1432 2381 1537 2420 non
1567 2374 1875 2423 extraneos.

283 2450 369 2506 Ad
397 2458 451 2504 te
477 2450 769 2520 respiciant
791 2466 999 2517 omnes,
1031 2452 1085 2506 in
1113 2461 1166 2507 te
1192 2455 1493 2524 gaudeant,
1524 2457 1578 2510 in
1608 2465 1659 2511 te
1684 2472 1878 2513 conso-

288 2541 545 2597 lationem
573 2543 827 2609 habeant,
856 2551 908 2598 te
933 2544 1198 2599 honorent
1225 2546 1379 2615 quasi
1406 2555 1644 2616 patrem;
1674 2556 1729 2601 tu
1760 2548 1882 2603 illos

288 2644 412 2683 ama
441 2631 597 2700 quasi
622 2631 779 2695 filios,
808 2641 867 2685 ut
896 2633 965 2687 sit
987 2648 1092 2687 una
1118 2649 1221 2703 pax
1248 2635 1491 2689 omnium
1514 2643 1569 2689 et
1596 2636 1882 2691 concordia

290 2719 346 2772 in
385 2720 648 2774 charitate
676 2720 901 2789 Christi,
949 2723 1041 2791 qui
1080 2739 1176 2777 vos
1216 2738 1404 2779 omnes
1445 2725 1500 2779 in
1546 2740 1642 2779 sua
1687 2741 1881 2797 magna

287 2810 491 2880 pietate
513 2819 568 2865 et
588 2812 959 2868 misericordia
980 2813 1187 2868 caelesti
1211 2815 1585 2872 benedictione
1609 2816 1884 2872 abundare

286 2900 477 2968 faciat,
515 2911 782 2973 protegat,
824 2915 997 2974 regat,
1036 2914 1199 2974 atque
1235 2907 1518 2976 gubernet,
1556 2917 1609 2962 et
1648 2907 1703 2962 in
1737 2908 1881 2963 omni

286 2995 530 3049 bonitate
556 2996 818 3065 proﬁcere
846 2996 1010 3050 faciat
1035 2997 1102 3050 ad
1127 3006 1477 3068 augmentum
1503 2999 1700 3054 mentis
1722 3015 1875 3067 mete,

285 3092 343 3138 et
370 3086 673 3153 profectum
704 3086 894 3140 salutis
920 3095 1137 3151 vestrae,
1168 3087 1235 3141 ad
1264 3088 1643 3143 exaltationem
1678 3090 1877 3144 multo-

283 3191 431 3237 rum,
476 3186 738 3245 quatenus
780 3178 995 3248 plurimi
1035 3179 1231 3232 vestris
1273 3179 1384 3249 66
1426 3180 1580 3234 bonis
1618 3181 1878 3251 exemplis

282 3266 634 3331 erudiantur,
665 3276 824 3336 atque
849 3269 915 3323 ad
941 3268 1106 3322 vitam
1133 3268 1408 3323 vobiscum
1446 3277 1755 3323 mereantur
1790 3285 1879 3325 ve-

282 3356 411 3411 nire
441 3358 841 3424 sempiternam.

364 3441 518 3505 Bazc,
570 3458 720 3513 rogo,
766 3446 1004 3501 chartula
1047 3447 1240 3502 melius
1280 3447 1565 3513 scribatur,
1607 3456 1661 3503 et
1704 3457 1879 3506 tecum

284 3539 508 3603 pergat,
536 3539 711 3587 tecum
742 3544 971 3602 maneat,
994 3546 1049 3591 et
1070 3538 1265 3606 saepius
1287 3537 1400 3592 vice
1427 3538 1621 3607 linguae
1644 3549 1881 3608 paterna:

286 3632 475 3677 tecum
520 3621 788 3692 loquatur,
828 3624 904 3679 ﬁli
942 3626 1046 3680 mi!
1096 3626 1173 3681 ﬁli
1216 3627 1563 3681 charissime!
1608 3637 1663 3683 et
1706 3629 1782 3684 ﬁli
1825 3629 1880 3683 in

288 3710 510 3765 Christo
549 3711 1061 3769 desiderantissime.
1102 3713 1455 3785 Omnipotens
1496 3715 1639 3770 Deus
1684 3717 1738 3771 in
1783 3732 1880 3771 sua

292 3815 487 3869 magna
525 3802 726 3871 pietate
759 3818 856 3859 vos
891 3803 958 3858 ad
984 3805 1364 3860 exaltationem
1401 3814 1599 3860 saneta:
1634 3822 1743 3862 suae
1779 3808 1881 3863 Ec-

288 3890 470 3945 clesiae
498 3892 682 3946 multis
705 3892 932 3948 feliciter
956 3895 1112 3949 anuis
1142 3895 1196 3949 in
1222 3896 1322 3950 hac
1346 3896 1596 3964 praesenti
1622 3896 1729 3950 vita
1757 3913 1881 3967 pro-

292 3985 455 4039 ﬁcere
480 3983 670 4050 faciat,
700 3994 755 4040 et
783 3986 837 4041 in
879 3986 1055 4043 futura
1084 3988 1308 4059 gloriam
1348 3988 1443 4043 tibi
1468 3997 1726 4045 :cternam
1751 4006 1879 4047 con-

293 4073 484 4130 cedere
512 4074 807 4150 dignetur].

2049 1901 2158 1971 67
2221 1902 2414 1972 Aspice
2467 1905 2520 1958 in
2579 1921 2731 1972 eum,
2785 1909 2875 1978 qui
2933 1925 3027 1979 pro
3078 1910 3254 1964 ovibus
3301 1913 3411 1965 suis
3448 1913 3566 1965 ani-

1980 2006 2120 2044 mam
2142 2009 2290 2046 suam
2313 1996 2483 2064 posuit
2512 1996 2691 2067 (Joan.
2720 2014 2774 2063 κ,
2801 1998 2910 2068 Il),
2942 1999 3034 2070 qui
3063 2002 3312 2056 omnibus
3338 2017 3565 2072 genera-

1982 2080 2107 2135 liter
2133 2084 2450 2153 prtecipiens
2479 2087 2616 2141 dixit
2654 2107 2667 2141 :
2706 2088 2807 2154 Qui
2849 2090 2955 2144 vult
2983 2094 3156 2146 venire
3182 2092 3293 2163 post
3324 2111 3433 2159 me,
3472 2098 3567 2149 ab-

1982 2181 2127 2239 neget
2159 2175 2516 2244 semetipsum,
2556 2188 2603 2230 et
2639 2177 2788 2232 tollat
2820 2197 3022 2234 crucem
3058 2199 3206 2236 suam
3242 2193 3288 2236 et
3322 2196 3571 2255 sequatur

1982 2278 2063 2315 me
2090 2261 2239 2332 (Luc.
2269 2281 2343 2330 IX,
2371 2266 2484 2338 25).
2520 2266 2616 2322 Cui
2645 2283 2860 2340 gregem
2889 2269 3091 2326 Christi
3123 2273 3368 2328 abiturus
3402 2274 3569 2329 relin-

1982 2352 2139 2421 quis?
2177 2353 2285 2408 Nec
2325 2355 2439 2409 haec
2475 2357 2596 2412 dico
2623 2360 2775 2428 quasi
2808 2375 2894 2414 me
2920 2363 3225 2417 excusando
3252 2364 3319 2418 ad
3347 2364 3568 2419 benefa-

1984 2445 2232 2501 ciendum
2276 2448 2445 2503 servis
2489 2449 2607 2514 Dei,
2657 2451 2749 2504 sed
2792 2453 2963 2522 magis
3009 2462 3061 2507 te
3107 2453 3459 2520 adhortando,
3511 2465 3570 2510 ut

1982 2538 2145 2603 bona,
2177 2554 2296 2608 qua:
2335 2540 2578 2608 incepisti
2612 2540 2809 2607 facere,
2847 2545 2912 2598 ad
2944 2545 3104 2599 ﬁnem
3134 2555 3350 2602 aeterna:
3380 2550 3569 2605 salutis

1982 2629 2266 2696 perducas.
2292 2628 2395 2694 Qui
2414 2633 2808 2699 perseveraverit
2834 2650 2992 2703 usque
3012 2635 3065 2687 in
3089 2635 3266 2703 ﬁnem,
3288 2637 3373 2692 hic
3393 2640 3568 2694 salvus

1982 2719 2079 2771 erit
2112 2717 2324 2789 (Matth.
2357 2734 2423 2784 x,
2451 2718 2563 2790 22).
2606 2718 2810 2775 Idcirco
2832 2720 2857 2760 ἀ
2887 2722 3077 2792 scripsi
3113 2725 3179 2777 ad
3205 2722 3451 2779 Olfanum
3483 2743 3568 2781 re-

1982 2823 2101 2878 gem
2131 2815 2191 2862 ut
2227 2815 2279 2863 te
2319 2806 2623 2876 adjuvaret,
2669 2818 2725 2865 et
2751 2810 3063 2868 defenderet
3104 2824 3345 2869 sanctam
3385 2817 3569 2873 Eccle-

1983 2899 2118 2959 siam
2166 2900 2459 2955 secundum
2506 2917 2658 2956 suam
2710 2903 3117 2972 possibilitatem
3163 2905 3295 2978 [Al.,
3333 2916 3568 2978 potesta-

1984 2989 2116 3062 tem]
2158 3008 2169 3043 :
2209 3000 2473 3061 quatenus
2503 2993 2598 3048 tibi
2640 2994 2798 3049 liceat
2826 2996 2934 3052 Deo
2963 2998 3164 3053 servire
3183 3040 3197 3064 ,
3226 3008 3281 3054 et
3311 3001 3567 3057 talentum

1985 3088 2136 3134 tuum
2184 3080 2538 3151 multiplicare
2588 3085 2640 3137 in
2689 3084 2825 3151 loco,
2876 3086 2967 3140 ubi
3015 3088 3269 3157 accepisti
3314 3104 3469 3154 eum;
3513 3101 3568 3146 et

1982 3169 2284 3224 mercedem
2310 3180 2622 3240 exspectare
2646 3182 2916 3244 perpetuae
2944 3175 3322 3242 beatitudinis,
3352 3178 3564 3233 dicente

1982 3260 2208 3316 Domino
2222 3268 2314 3317 tuo
2332 3280 2343 3315 :
2364 3261 2511 3332 Euge
2527 3280 2667 3318 serve
2684 3264 2813 3318 bone
2831 3273 2877 3318 et
2890 3264 3058 3329 ﬁdelis
3076 3265 3290 3336 (Matth.
3309 3284 3433 3334 xxv,
3450 3269 3510 3322 21
3524 3272 3562 3340 ).

2495 3397 2828 3454 EPISTULA
2867 3399 3057 3455 LVIIL

2198 3487 2560 3543 Consolatoria
2588 3489 2658 3543 ad
2695 3500 2912 3543 matrem
2941 3492 3006 3544 de
3035 3501 3199 3544 morte
3226 3491 3345 3560 lilii.

2595 3579 2773 3649 (Anno
2812 3579 2959 3650 796.)

2057 3702 2080 3730 ο
2102 3689 2448 3746 Charissima:
2477 3690 2531 3744 in
2557 3690 2774 3745 Christo
2801 3691 2981 3759 matri,
3014 3692 3186 3749 ﬁdelis
3213 3694 3265 3748 in
3293 3695 3562 3752 charitate

1981 3781 2123 3836 ﬁlius
2147 3781 2407 3837 Alcuinus
2432 3783 2690 3836 diaconus
2718 3782 2967 3838 salutem.

2053 3873 2201 3927 Multi
2233 3879 2358 3927 sunt
2399 3873 2453 3927 in
2498 3875 2854 3942 prosperitate
2888 3874 3086 3941 amici,
3134 3876 3188 3930 in
3235 3877 3563 3933 adversitate

1981 3963 2124 4029 rari;
2163 3972 2218 4018 et
2252 3978 2317 4019 eo
2354 3963 2630 4017 chariores
2665 3978 2773 4033 quo
2809 3964 3075 4029 rariores;
3117 3973 3171 4019 et
3206 3981 3328 4019 cum
3364 3967 3565 4020 szeculo

1980 4064 2258 4112 mutantur
2282 4063 2511 4110 mentes.
2549 4054 2777 4122 Quidam
2807 4056 2861 4110 in
2891 4055 3145 4111 felicitate
3175 4057 3397 4119 alterius
3425 4057 3561 4111 hila—

1980 4154 2218 4212 rcseunt,
2245 4143 2575 4200 infelicitatis
2603 4153 2978 4216 tempestatem
3005 4144 3276 4217 refugiunt
3301 4143 3449 4217 (Ms,
3474 4161 3560 4200 re-

1979 4235 2159 4309 fugit].
2186 4234 2323 4290 Nam
2347 4236 2484 4291 sicut
2504 4236 2595 4289 lux
2617 4244 2673 4291 et
2692 4236 2927 4291 tenebrze
2949 4236 3226 4289 variantur
3243 4236 3387 4289 vices
3410 4244 3571 4299 suas,

1977 4328 2053 4382 ita
2089 4325 2248 4397 hujus
2284 4327 2409 4383 vitae
2454 4328 2784 4399 prosperitas
2829 4335 2883 4383 et
2930 4327 3226 4382 adversitas
3269 4325 3561 4380 variabiles

358 4499 389 4573 ξ
431 4485 789 4573 Χςηεάοσή-ξα.
810 4490 895 4573 _De
920 4492 1005 4573 his
1026 4492 1366 4573 vidLLudov.
1402 4494 1787 4573 Thomassinus
1815 4497 1871 4550 in

1979 4504 2230 4561 defensor
2267 4504 2524 4559 adversus
2561 4502 2695 4557 alios
2735 4510 3104 4573 persecutores
3143 4500 3460 4570 imploratur
3488 4501 3560 4573 ab

290 4555 502 4638 γει-μ
536 4558 670 4613 Nov.
699 4561 906 4618 Eccles.
949 4563 1230 4635 disciplina
1259 4573 1402 4635 part.
1441 4581 1484 4632 ι,
1521 4564 1614 4622 lib.
1646 4582 1711 4634 ιι,
1749 4582 1869 4638 cap.

291 4626 381 4682 89.
416 4624 671 4684 PASSION.
1085 4624 1100 4635 ’
1259 4624 1280 4635 ³
1468 4624 1481 4632 ’
1696 4624 1709 4634 ’

360 4696 392 4787 ξ
430 4697 862 4787 Quercet.
888 4701 974 4767 77,
1002 4702 1184 4787 Carnis.
1215 4702 1294 4786 44.
1318 4702 1569 4787 (Froben.
1599 4704 1710 4776 51).

361 4776 389 4845 ξ
428 4766 752 4845 Jthelredg
780 4766 1036 4845 episcopo.
1089 4773 1239 4845 Hanc
1274 4766 1731 4845 inscriptionem,
1756 4790 1876 4845 qua:

291 4834 530 4908 habetur
547 4839 689 4908 apud
713 4834 1014 4907 Canisium,
1045 4844 1228 4898 omisit
1262 4834 1646 4908 Quercétanus.
1689 4834 1876 4901 Nullus

292 4917 425 4981 vero
444 4906 651 4981 dubitp,
676 4909 960 4981 legendum
980 4927 1099 4968 esse
1125 4930 1136 4966 :
1167 4906 1498 4967 xEtIietardo.
1529 4913 1707 4970 Monet
1731 4916 1874 4969 enim

292 4985 359 5053 pe
398 4972 655 5053 fugiendo
694 4972 870 5053 géntis
909 4996 1020 5053 suze
1056 4982 1393 5053 vexationem
1413 5021 1428 5047 ,
1458 4997 1672 5053 gregem
1711 4984 1813 5038 sibi
1843 5001 1872 5039 a

290 5040 405 5120 039
422 5040 489 5120 ad
511 5040 803 5120 regendum
826 5052 1172 5106 commissum
1193 5040 1434 5116 deserat;
1455 5040 1596 5120 quod
1615 5053 1874 5108 monitum

289 5109 701 5203 ἒίὲἰηιπδμ
728 5119 1189 5203 metarum
1217 5109 1526 5203 θρῖεοοιὲιιίξι
1556 5122 1757 5203 metu.»
1783 5138 1877 5203 £2-

281 5180 374 5252 jus
400 5185 569 5239 etiam
596 5184 796 5241 factam
819 5188 1009 5244 deinde
1039 5188 1215 5260 fugam
1244 5180 1514 5260 improbat
1538 5180 1761 5261 epistola
1785 5191 1871 5245 75.

354 5251 389 5293 ἀ
426 5252 632 5326 Scripsi
658 5257 729 5310 ad
756 5256 1006 5327 Oﬁ'anum
1042 5276 1229 5327 regem.
1264 5259 1389 5314 Haec
1416 5261 1637 5327 epistola
1668 5260 1871 5314 deside-

848 5276 1006 5312 anum
1042 5276 1229 5314 reaem.
1267 5276 1389 5314 ιιίιξο
1416 5276 1637 5314 θοιειοιδ
1668 5276 1877 5314 085108-

354 5272 389 5293 ιι
426 5272 632 5326 aerum
658 5272 728 5310 aa
756 5272 1006 5327 uganum
1042 5276 1229 5329 regem.
1267 5272 1389 5314 meo
1416 5272 1637 5328 epistula
1668 5272 1877 5314 desme-

285 5329 474 5399 ηεξατ)
519 5340 587 5399 ex
624 5341 731 5397 qua
761 5329 887 5399 sciri
930 5328 1177 5399 fortassis
1214 5338 1395 5398 posset
1436 5343 1555 5399 qua:
1600 5329 1760 5384 fuerit
1788 5329 1877 5384 illa

286 5390 571 5470 {titillatio
592 5390 762 5470 quam
784 5396 1171 5470 Aithelhardus
1189 5390 1233 5470 α’
1242 5408 1389 5468 gente
1413 5390 1509 5470 sua
1537 5400 1648 5470 pati
1669 5399 1874 5470 debuit.

284 5457 577 5540 Nou_ergo_
604 5457 671 5521 de
708 5466 799 5520 illa
837 5468 924 5540 hic
947 5457 1328 5540 persecutione
1361 5457 1876 5540 agitur'quamAOll'a

284 5531 1008 5621 rexhllerciommecclesiie
1031 5531 1424 5621 Cautum-iens?
1439 5531 1647 5621 intulit,
1673 5538 1879 5621 episco-

286 5609 447 5668 patus
484 5604 615 5661 huic
644 5607 758 5661 sedi
788 5607 1193 5678 metropolitica:
1221 5608 1489 5676 subjectos
1518 5604 1876 5664 Lichefeldam

286 5674 689 5741 transferendo,
732 5684 791 5729 ut
819 5675 1067 5732 Canisius
1103 5676 1206 5730 hoc
1242 5675 1361 5731 loco
1393 5679 1735 5732 existimavit.
1766 5679 1877 5732 lmo

284 5755 386 5795 rex
411 5743 524 5801 Oﬁ‘a
558 5746 647 5802 hic
680 5762 784 5801 non
811 5754 870 5800 ut
899 5755 1212 5817 persecutor
1240 5747 1662 5817 reprehenditur,
1690 5747 1784 5803 sed
1819 5755 1877 5801 ut

1975 4574 2223 4630 Alcuino.
2254 4574 2382 4630 Inde
2403 4588 2532 4628 vero
2557 4574 2722 4628 etiam
2737 4571 2926 4641 'palam
2952 4580 3065 4641 est,
3091 4571 3558 4641 praesentemuepif

1977 4644 2171 4701 stolam
2207 4644 2348 4698 ultra
2375 4658 2577 4699 annum
2611 4642 2713 4700 796
2738 4638 2845 4712 quo
2873 4640 2989 4698 Offa
3017 4638 3113 4696 rei
3141 4640 3307 4707 obiit,
3349 4638 3555 4696 differri

1976 4730 2086 4771 non
2114 4729 2293 4771 00558.

2054 4777 2439 4861 °_Cltarissimte
2472 4783 2527 4838 in
2566 4782 2772 4861 Christo
2806 4782 2986 4861 matri.
3044 4779 3303 4861 Matrona:
3339 4777 3554 4861 cuidam

1975 4854 2283 4924 Anglicanae
2304 4894 2318 4916 ,
2364 4861 2525 4924 prout
2571 4853 2763 4922 colligo
2810 4867 2876 4924 es
2922 4851 3008 4924 his
3049 4848 3286 4924 epistolae
3324 4848 3504 4904 verbis
3531 4861 3550 4900 :

1977 4922 2238 4994 Ignorans
2286 4923 2342 5000 in_
2385 4922 2544 5000 hujus
2577 4922 2893 5000 tempestatis
2935 4922 3143 5000 miseria
3166 4961 3190 5000 ,_
3229 4934 3353 5000 quur
3378 4932 3555 5000 ,πωρον

1977 4988 2209 5069 nostram
2238 4988 2466 5046 turbavit
2491 4988 2711 5069 gentem.
2747 4990 2955 5069 Turbas
2988 4990 3128 5069 illas‘
3142 4988 3429 5069 abs'du'bio
3462 4988 3552 5069 in-

1978 5061 2205 5130 telligit,
2252 5076 2373 5130 quae
2414 5056 2556 5115 anno
2588 5060 2690 5130 796
2716 5067 2839 5130 post
2864 5056 3359 5130 necedethelredi
3407 5056 3554 5126 regis

1976 5127 2533 5184 Nortbanumbrorum
2561 5138 2616 5185 et
2640 5127 2849 5199 ngridi‘
2871 5129 3012 5198 regis
3041 5127 3361 5182 Mercion
3378 5142 3420 5199 _a
3448 5141 3548 5180 va-

1977 5200 2075 5254 riis
2098 5200 2249 5269 regni
2277 5200 2612 5254 invasoribus
2640 5196 2799 5253 motae
2825 5196 3063 5253 fuerunt.
3111 5204 3342 5251 matrem
3376 5197 3547 5260 hanc.

1978 5284 2140 5331 quam
2165 5267 2424 5322 Alcuinus
2452 5270 2525 5328 oh
2548 5276 2774 5323 mortem
2804 5267 2898 5321 ﬁ-lii
2927 5265 3254 5331 consolatur,
3285 5265 3551 5331 Quendri-

2016 5284 2140 5322 uam
2165 5284 2424 5322 AJCIIII'IUS
2452 5284 2525 5328 011
2548 5284 2774 5323 mortem
2804 5284 2898 5321 IHII
2927 5284 3254 5331 ωηεοωιιιτ,

2016 5284 2140 5322 uam
2165 5284 2424 5322 Atcmnus
2452 5284 2525 5328 on
2548 5284 2774 5323 mortem
2804 5284 2898 5321 nm
2927 5284 3254 5331 conseratur,
3285 5284 3550 5331 quonon-

1978 5284 2101 5413 3am
2146 5335 2641 5413 seu_Quindred_am
2660 5376 2676 5401 ,
2725 5335 2934 5413 praefati
2983 5334 3188 5413 ngridi
3235 5334 3550 5413 genitricem

1977 5405 2145 5461 fuisse
2179 5401 2793 5486 quispiamexistimare
2826 5405 2939 5461 fors
2961 5401 3176 5486 posset;
3215 5401 3321 5486 nisi

1977 5490 2102 5546 gere
2130 5470 2280 5531 malit
2305 5470 2675 5554 Edilthrudam
2692 5515 2708 5540 ,
2731 5489 2907 5554 quam
2918 5470 3285 5554 similiter.»
3317 5470 3550 5554 similem

1978 5541 2196 5601 causam
2230 5544 2537 5600 consolatur
2568 5544 2625 5598 in
2660 5541 2884 5613 epistola
2916 5544 3041 5599 200.
3100 5543 3205 5599 Sed
3246 5556 3350 5598 cur
3391 5541 3551 5613 binas

1977 5614 2365 5670 consolatorias
2397 5614 2466 5669 ob
2492 5609 2735 5671 eamdem
2765 5628 2879 5671 rem
2905 5614 3168 5670 scriberet
3188 5613 3447 5668 Alcuinus
3478 5609 3548 5665 ad

1977 5684 2223 5741 eamdem
2252 5690 2476 5740 matrem
2496 5683 2519 5736 ἲ
