4054 6182
502 355 608 409 227

1373 343 1435 398 Β.
1471 345 1532 398 F.
1576 343 1804 398 ALBINI
1843 340 1974 398 SEU
2010 331 2286 392 ALCUINI
2325 327 2606 386 OPERUM
2641 325 2822 382 PARS
2859 325 2902 380 l.
2971 367 2990 392 ,

3655 322 3769 380 128

498 475 644 522 sunt.
679 465 785 519 Sed
811 461 936 516 forti
963 457 1144 512 animo
1177 457 1454 512 toleranda
1482 464 1608 510 sunt
1638 453 1814 509 tristia
1843 467 1963 522 quae
1988 464 2077 504 ac-
2105 499 2107 508 ι

2188 442 2394 497 latronis
2420 439 2672 510 prohibet
2697 435 3032 492 dulcedinem
3051 474 3065 498 ,
3097 435 3257 488 datur
3281 432 3436 489 nobis
3460 434 3768 507 litterarum

499 558 685 612 cidunt
723 551 878 625 [Ms.,
912 549 1131 604 tristitia
1167 561 1288 618 quze
1324 545 1646 618 accedunt],
1702 552 1758 599 et
1800 543 2077 597 moderata

499 648 687 702 lmtitia
715 640 1052 711 suscipienda
1083 653 1201 708 quae
1229 638 1578 692 hilarescunt.
1615 635 1739 689 Ideo
1765 640 1940 688 mater
1965 646 2080 685 mo-

499 738 652 792 desta
679 743 734 788 et
761 731 851 802 pia
877 731 933 784 in
955 729 1050 784 ﬁlii
1078 737 1253 782 morte
1278 743 1388 782 non
1413 725 1641 780 multum
1667 725 1856 793 lugere
1881 723 2076 777 debet:

497 824 672 893 magis
697 823 929 892 seipsam
955 833 1261 890 praeparare
1286 819 1445 872 debet
1469 814 1644 885 dignis
1670 811 1898 875 meritis,
1925 817 1986 864 ut
2014 810 2079 864 ad

499 916 647 970 illam
680 913 958 986 perveniat
985 911 1179 974 vitam,
1225 909 1318 964 ubi
1359 923 1518 962 nemo
1548 907 1770 960 timetur
1797 903 2076 964 inimicus,

500 1019 660 1059 nemo
690 1003 957 1059 deseritur
979 1001 1205 1055 amicus.
1245 999 1417 1052 liabet
1443 999 1581 1052 bona
1611 1004 1786 1051 mater
1806 994 2081 1050 Christum

499 1095 897 1151 consolatorem
947 1107 1046 1162 pro
1093 1092 1204 1146 ﬁlio
1231 1133 1245 1158 ,
1299 1091 1391 1161 qui
1437 1103 1714 1160 nunquam
1761 1086 2084 1155 derelinqnit

501 1192 780 1256 sperantes
817 1183 873 1236 in
912 1197 989 1236 se.
1043 1179 1230 1234 Melius
1269 1179 1502 1250 gaudere
1539 1179 1595 1232 in
1625 1179 1870 1239 vivente,
1921 1189 2082 1244 quam

502 1281 684 1337 dolere
713 1281 766 1334 in
795 1279 1060 1334 moriente
1085 1275 1237 1348 [δίδη
1259 1275 1553 1336 viventem,
1579 1267 1944 1340 morientem].
1974 1267 2084 1322 Cur

501 1369 806 1440 plangimus
833 1367 976 1436 quod
1006 1366 1292 1420 immutare
1327 1378 1435 1418 non
1471 1361 1798 1431 possumus?
1841 1358 2085 1413 Mortuus

503 1463 574 1517 ad
609 1462 772 1516 vitam
807 1466 1129 1529 praesentem
1166 1453 1408 1510 revocari
1442 1469 1549 1507 non
1589 1451 1770 1516 valet;
1819 1449 1974 1502 vivus
2016 1445 2084 1500 ad

504 1557 778 1604 mortuum
807 1549 1088 1619 pervenire
1111 1547 1330 1617 poterit.
1369 1544 1576 1614 Corpus
1605 1543 1750 1612 quod
1775 1548 1922 1594 tanta
1955 1554 2086 1593 cura

505 1639 752 1705 colimus,
787 1638 1126 1708 postmodum
1151 1636 1417 1692 vermium
1443 1649 1567 1688 esca
1592 1633 1716 1686 erit.
1752 1631 1944 1684 Anima
1981 1629 2086 1682 ita-

507 1743 612 1798 que
641 1729 960 1784 meritorum
987 1726 1242 1796 qualitate
1271 1724 1354 1778 vel
1385 1722 1658 1794 gaudebit,
1685 1721 1770 1775 vel
1797 1719 2088 1774 contrista-

2178 530 2352 587 ollicio
2375 528 2652 585 eharitatis
2674 529 3045 584 demonstrare
3065 525 3405 588 suavitatem,
3430 533 3492 579 ut
3511 523 3668 597 [Hs.,
3691 526 3770 597 et]

2178 619 2321 690 quod
2361 633 2465 672 vox
2509 633 2614 672 non
2656 615 2816 681 valet,
2864 617 2968 670 hoc
3013 615 3203 668 charta
3240 612 3524 682 loquatur;
3566 614 3772 670 idcirco

2179 713 2518 766 hortamenta
2553 707 2740 763 salutis
2768 722 2876 762 non
2904 705 3114 761 minore
3136 705 3394 760 debemus
3421 707 3772 762 veneratione

2179 817 2370 856 curare
2413 815 2575 870 quam
2612 799 2894 868 praesentis
2933 796 3184 866 colloquii
3221 797 3665 852 admonitionem.
3711 799 3772 851 ln

2181 893 2284 948 ista
2312 907 2455 962 saepe
2506 891 2668 946 timor
2713 890 2902 945 suadet
2933 889 3385 953 consensionem;
3422 889 3475 942 in
3519 887 3608 942 illa
3637 888 3773 944 ﬁdes

2182 982 2408 1052 legentis
2435 987 2756 1050 cooperatur
2780 977 2960 1033 saluti.
3007 977 3142 1043 Quae
3169 984 3244 1043 te,
3272 978 3598 1033 venerabilis
3629 977 3767 1041 ﬁlia,

2181 1071 2398 1128 conscia
2425 1085 2650 1125 summa:
2679 1069 2978 1124 divinitatis
3006 1068 3310 1138 cognitione
3339 1069 3626 1134 admonui,
3655 1069 3772 1124 haec

2183 1171 2237 1216 te
2263 1170 2472 1217 tantum
2502 1159 2780 1230 deprecari
2805 1167 2876 1213 'ut
2909 1167 3090 1214 mente
3119 1158 3354 1212 retineas
3388 1158 3545 1212 ﬁrma
3570 1199 3586 1223 ,
3635 1159 3773 1214 satis

2181 1251 2550 1308 necessarium
2592 1249 2843 1304 duximus
2879 1247 3034 1320 [Με.,
3063 1247 3362 1319 diximus]:
3412 1247 3522 1303 Nec
3565 1249 3773 1318 aliquid

2183 1345 2306 1398 novi
2347 1341 2542 1396 litteris
2577 1341 2904 1396 demandare
2945 1355 3163 1410 possum
3206 1340 3349 1409 quod
3392 1349 3522 1394 tunc
3557 1339 3769 1412 [βω-ιε,

2183 1432 2350 1505 nunc]
2383 1447 2633 1488 sermone
2667 1432 2762 1486 tibi
2801 1431 3122 1502 ingererem.
3164 1429 3286 1486 Scis
3313 1431 3428 1501 ipsa
3457 1446 3624 1500 quam
3649 1431 3772 1487 dili-

2184 1533 2372 1596 genter
2402 1532 2456 1578 te
2485 1523 2552 1578 de
2579 1523 2825 1592 corporis
2851 1521 3102 1576 castitate
3130 1529 3185 1575 et
3212 1521 3407 1576 anima:
3437 1519 3623 1589 rogavi
3649 1535 3775 1576 san-

2185 1615 2388 1680 ctitate,
2407 1613 2640 1683 qualiter
2661 1620 2712 1665 te
2734 1612 2800 1666 de
2823 1609 3146 1665 humilitatis
3165 1607 3360 1673 cilicio,
3379 1608 3446 1664 de
3467 1611 3775 1665 orationum

2185 1699 2462 1771 vigilantia
2487 1739 2501 1760 ,
2553 1699 2619 1752 de
2649 1697 3112 1766 eleemosynarum
3151 1695 3426 1766 largitate,
3470 1695 3538 1750 de
3563 1695 3776 1752 confes-

509 1785 626 1884 tiir;
663 1827 717 1872 et
745 1817 957 1887 qualem
989 1785 1089 1871 sibi
1130 1815 1185 1869 in
1219 1785 1414 1884 paucis
1432 1814 1516 1867 his
1547 1810 1736 1867 diebus
1761 1809 2088 1880 praeparabit

2189 1790 2357 1846 sionis
2382 1789 2617 1858 puritate
2653 1793 2708 1840 et
2745 1785 2870 1840 ﬁdei
2896 1785 3152 1840 ﬁrmitate
3176 1825 3190 1848 ,
3241 1793 3296 1839 et
3337 1793 3538 1840 sanctae
3573 1785 3777 1854 ubique

509 1909 897 1965 habitationem
925 1948 940 1973 ,
991 1907 1150 1962 talem
1201 1907 1418 1960 aeternis
1466 1904 1688 1974 recipiet
1735 1902 2084 1972 temporibus.

505 1998 843 2068 Quapropter
879 1997 1104 2068 singulis
1140 1997 1430 2052 momentis
1467 1994 1819 2050 laborandum
1865 2000 1948 2048 est
1991 2007 2089 2062 pro

506 2089 692 2158 requie
720 2088 934 2151 animze,
964 2095 1024 2140 ut
1052 2086 1179 2140 dum
1209 2099 1424 2154 semper
1446 2085 1628 2138 vivere
1657 2083 1834 2146 debet,
1867 2089 1922 2136 et
1949 2096 2090 2136 sem-

503 2193 603 2248 per
637 2180 796 2232 beate
833 2184 890 2232 et
925 2175 1152 2230 feliciter
1188 2175 1352 2229 vivat.
1409 2173 1616 2228 Habeto
1662 2187 1748 2226 me
1771 2212 1786 2237 ,
1839 2171 2086 2234 obsecro,

508 2277 683 2323 mater
709 2267 1048 2331 dulcissima,
1081 2266 1206 2320 licet
1235 2265 1510 2335 indignum
1539 2263 1691 2334 [Ms.,
1721 2261 1962 2334 indigno]
1992 2277 2090 2332 pro

506 2357 712 2412 carnali
738 2356 848 2412 ﬁlio
873 2356 1172 2426 spiritalem
1201 2354 1392 2418 ﬁlium,
1421 2369 1528 2408 non
1556 2353 1766 2408 minore
1791 2351 1897 2405 ﬁde
1929 2360 1982 2406 te
2010 2351 2090 2404 di-

507 2449 794 2522 ligentem,
827 2446 1075 2517 quamvis
1107 2445 1316 2500 minore
1349 2444 1609 2513 dignitate
1635 2443 1900 2512 vigentem
1930 2457 1944 2494 :
1991 2455 2090 2496 nec

508 2541 576 2596 de
602 2539 992 2609 longinquitate
1019 2536 1103 2590 vel
1129 2535 1336 2589 villtate
1368 2533 1520 2588 faciei
1559 2547 1693 2587 meae
1727 2531 2084 2595 contristeris,

511 2629 640 2682 dum
671 2643 788 2682 mea
822 2635 999 2680 tecum
1027 2621 1196 2696 [cum]
1236 2621 1602 2677 consolatione
1643 2620 1816 2676 sancti
1860 2620 2092 2690 Spiritus

509 2716 748 2771 charitas
774 2713 1004 2770 ﬁdeliter
1027 2721 1236 2776 manet;
1266 2720 1318 2765 et
1341 2711 1486 2780 quod
1514 2711 1566 2764 in
1591 2723 1677 2764 me
1696 2709 1958 2779 optimum
1984 2718 2086 2774 est,

509 2808 564 2862 id
588 2815 673 2860 est
701 2805 834 2860 ﬁdes
863 2820 970 2858 non
1001 2803 1125 2857 ﬁcta
1163 2810 1218 2857 et
1251 2801 1491 2856 cbaritas
1519 2799 1861 2866 indcﬁeiens,
1913 2807 2088 2854 tecum

507 2894 722 2967 semper
741 2895 986 2951 habebis.

577 2989 835 3058 Ignorans
865 2988 920 3042 in
951 2983 1110 3053 hujus
1143 2983 1473 3053 tempestatis
1501 2983 1718 3037 miseria
1751 2981 1905 3055 [Ms.,
1929 2981 2092 3036 mise-

509 3078 670 3150 riam]
707 3093 829 3146 qua:
864 3091 1036 3144 nuper
1069 3082 1311 3128 nostram
1349 3073 1586 3128 turbavit
1611 3080 1854 3143 gentem,
1893 3087 2002 3140 quo
2038 3081 2089 3126 te

508 3179 600 3224 tua
629 3167 845 3222 fortuna
876 3165 1042 3221 ferret
1067 3164 1154 3220 vel
1179 3165 1460 3229 voluntas;
1501 3164 1704 3218 idcirco
1739 3163 1942 3218 nescivi
1980 3178 2087 3232 quo

509 3267 563 3312 te
593 3257 818 3312 consilio
856 3255 1201 3318 roborarem,
1247 3254 1352 3308 nisi
1393 3261 1450 3308 ut
1487 3261 1600 3308 toto
1635 3252 1798 3308 corde
1827 3253 1938 3308 Deo
1961 3252 2089 3308 Jesu

508 3349 772 3412 servires,
811 3353 866 3401 et
903 3352 1072 3400 totam
1105 3353 1212 3399 tua:
1249 3343 1632 3399 consolationis
1665 3359 1816 3412 spem
1854 3344 1908 3398 in
1947 3344 2091 3399 illius

508 3450 860 3508 componeres
887 3433 1174 3504 pietatem,
1204 3431 1297 3500 qui
1322 3431 1400 3485 ait
1426 3449 1440 3484 :
1486 3429 1664 3486 Venite
1689 3431 1759 3484 ad
1785 3448 1866 3486 me
1891 3449 2088 3498 omnes,

507 3527 599 3598 qui
643 3525 894 3580 laboratis
938 3531 986 3578 et
1031 3521 1234 3576 onerati
1277 3521 1420 3586 estis,
1475 3529 1524 3576 et
1567 3537 1660 3591 ego
1703 3521 1936 3589 reﬁciam
1982 3539 2088 3576 eos.

513 3614 700 3670 Tollite
719 3615 910 3685 jugum
937 3628 1110 3668 meum
1141 3627 1296 3682 super
1321 3628 1431 3676 vos,
1471 3620 1517 3666 et
1545 3611 1730 3664 discite
1757 3628 1789 3664 a
1813 3627 1926 3676 me,
1965 3613 2091 3682 quia

510 3707 650 3762 mitis
677 3721 792 3760 sum
820 3714 868 3758 et
893 3703 1106 3758 humilis
1133 3702 1310 3768 corde,
1341 3712 1391 3756 ct
1428 3694 1695 3758 invenietis
1724 3703 1948 3774 requiem
1975 3702 2092 3757 ani-

509 3795 694 3848 mabus
723 3795 901 3848 vestris
929 3793 1140 3865 (Matth.
1168 3809 1246 3860 ιι,
1272 3793 1360 3857 28,
1387 3792 1500 3866 29).

1047 3903 1381 3962 EPISTOLA
1420 3906 1555 3962 LIX.

1069 3993 1138 4030 AD
1177 3993 1535 4032 EDILBUBGAII.

1122 4065 1298 4138 (Anno
1335 4067 1484 4138 796.)

513 4153 733 4226 Revocat
764 4155 819 4226 in
846 4158 1150 4210 memoriam
1176 4157 1447 4226 doctrinas
1475 4156 1553 4210 illi
1582 4157 1866 4226 aliquando
1905 4163 2092 4224 datas;

581 4223 716 4278 dolet
745 4225 810 4278 de
817 4227 1023 4346 fama:
1051 4224 1388 4293 inﬁdelitate;
1418 4223 1739 4280 commendat
1769 4223 2094 4284 orationibus

584 4293 816 4346 Lindaar
853 4310 938 4346 am
969 4293 1192 4346 nobilem
1225 4293 1494 4346 feminam.

584 4293 938 4364 Liudgardam
969 4293 1192 4347 nobilem
1223 4293 1494 4363 feminam.

581 4383 640 4438 In
665 4383 886 4438 Domino
901 4382 1260 4439 dilectissime
1279 4383 1401 4438 ﬁlize
1414 4396 1438 4423 ει
1455 4383 1758 4458 Edilburgae
1776 4387 2021 4443 salutem.

585 4475 719 4542 Quia
741 4475 918 4531 invida
945 4483 1210 4532 terrarum
1233 4476 1592 4548 longinquitas
1612 4487 1809 4535 mutua:
1835 4479 2092 4537 confabu-
2125 4467 2171 4524 ο

585 4621 612 4649 ι
640 4609 1280 4682 Edilburgw,__sbbatiss:e
1322 4613 1420 4668 abs
1461 4612 1626 4668 dubio
1667 4613 1944 4682 cujusdam
1974 4631 2090 4670 mo-

516 4678 737 4758 nasterii
756 4679 826 4758 _in_
841 4677 1033 4758 Anglia
1051 4694 1082 4758 ;_
1103 4689 1256 4747 rogat
1268 4682 1422 4758 enim
1446 4677 1812 4758 Alcuinnsfut
1834 4684 2092 4758 Liu_dgar-_-

515 4746 640 4826 dam
679 4745 1216 4826 nobilem’fe‘minafn
1261 4747 1539 4826 (fortassis
1585 4745 1865 4826 reginam,
1913 4745 2090 4808 Garuli

518 4815 695 4883 Magni
730 4815 1032 4884 coniugem)
1068 4815 1122 4868 in
1157 4815 1373 4872 chartas
1410 4815 1800 4875 ecclesiasticas
1845 4815 2090 4876 Sororum

517 4897 758 4955 suarum,
781 4883 966 4955 utique
996 4885 1327 4950 monialium,
1350 4887 1581 4942 describi
1611 4888 1790 4942 faciat.
1823 4889 1940 4955 Quo
1963 4906 2092 4946 vero

517 4966 713 5022 genere
736 4953 852 5006 haec
875 4953 1026 5021 virgo
1050 4961 1176 5008 nata
1203 4955 1294 5019 sit,
1323 4965 1417 5008 aut
1442 4971 1562 5024 quae
1585 4955 1748 5011 fuerit
1774 4953 1918 5013 illius
1941 4974 2094 5016 soror

517 5020 883 5100 thalamo
911 5021 995 5075 sui
1019 5023 1230 5100 orbata,
1253 5025 1642 5100 incompertum
1672 5027 1864 5082 habeo.
1901 5027 2095 5100 Patria:

517 5089 956 5170 suminﬁdelitas,
985 5105 1155 5170 quam
1170 5094 1258 5148 hic
1277 5089 1536 5170 Alcainus
1561 5106 1800 5161 accusat,
1823 5106 1878 5152 et
1901 5098 1966 5154 de
1989 5115 2094 5170 qua

517 5160 646 5240 alibi
677 5160 872 5229 saepius
903 5163 1272 5240 conqueritur,
1311 5163 1400 5217 illa
1439 5173 1588 5218 certe
1623 5174 1706 5240 est
1742 5160 1905 5240 quam
1942 5160 2094 5240 prin-

520 5229 670 5308 cipes
696 5245 762 5284 ac
787 5229 1304 5308 populus_’adversus
1331 5247 1487 5308 reges
1513 5250 1642 5290 suos
1658 5229 2094 5308 ‘legitimos'per-

518 5306 972 5379 petrarum-anno
1001 5300 1103 5379 796
1131 5303 1198 5358 de
1225 5317 1330 5372 qua
1365 5300 1552 5379 videas
1587 5300 1842 5379 epistolas
1862 5300 1984 5379 A746,-
2025 5311 2092 5364 i7

520 5376 577 5448 et
599 5367 753 5423 alias.
805 5367 966 5426 Binas
995 5385 1060 5426 eo
1079 5367 1330 5448 tempore
1364 5375 1578 5448 reperio
1605 5367 2096 5448 feminasjllus'tres

520 5442 763 5516 virorum
787 5442 1292 5516 [suorumultalamo
1326 5442 1582 5516 orbatae;
1633 5461 1805 5516 ninam,
1838 5447 2094 5504 Elﬁedam

782 5504 911 5589 pila
935 5509 1078 5579 regis
1099 5511 1422 5589 Merciorum
1443 5504 1628 5577 ﬁliam,
1643 5515 1926 5589 _E_thel_redi
1953 5519 2096 5589 regis

523 5570 1024 5642 Nerthumbrorum'
1042 5593 1073 5632 a
1102 5581 1214 5636 suis
1246 5583 1352 5638 hoc
1376 5597 1518 5638 anno
1542 5570 1707 5639 occisi
1743 5570 2096 5642 relictamvvi;

527 5640 735 5726 ψιξσῃᾲςί
751 5641 980 5726 pigram
994 5645 1305 5726 Alfridam,
1332 5665 1428 5706 seu
1454 5651 1760 5726 alaeam,
1797 5654 1881 5708 vel
1921 5640 2091 5726 uta-[ii

528 5709 788 5770 scribunt.
819 5711 1170 5773 Etheldritam
1197 5709 1686 5783 regiamvirainem
1711 5709 1938 5780 alteram
1963 5709 2092 5783 Olli;

2187 1879 2470 1935 charitatis
2496 1876 2839 1932 observantia
2869 1875 3262 1930 studiosissime
3288 1875 3548 1940 instruxi,
3587 1883 3649 1929 ut
3686 1875 3776 1930 his

2187 1969 2442 2038 gradibus
2489 1968 2557 2022 ad
2607 1966 2843 2021 cmlestis
2891 1965 3074 2034 gloriae
3121 1964 3444 2020 ascenderes
3491 1964 3773 2020 celsitudi-

2188 2074 2332 2114 nem.

2259 2147 2432 2202 Ecce!
2471 2161 2556 2201 me
2591 2147 2751 2200 modo
2782 2144 3074 2200 inﬁdelitas
3107 2145 3296 2214 patria:
3323 2145 3376 2199 in
3405 2153 3619 2200 tantum
3647 2147 3776 2202 hor-

2189 2247 2302 2301 ret,
2350 2245 2410 2291 ut
2449 2237 2646 2291 reverti
2679 2235 2896 2305 timeam
2928 2233 3082 2306 [Ms.,
3113 2232 3332 2306 timeo],
3370 2236 3619 2292 nesciens
3645 2238 3775 2306 quid

2189 2329 2254 2382 de
2283 2327 2371 2382 illa
2397 2327 2660 2397 proﬁcere
2685 2325 2912 2388 valeam,
2949 2325 3052 2380 nisi
3083 2325 3381 2394 perituram
3413 2325 3688 2397 plangere,
3716 2336 3776 2381 et

2189 2415 2536 2486 lacrymantis
2556 2413 2804 2469 Ieremia:
2825 2414 3238 2470 lamentationes
3259 2415 3454 2484 smpius
3477 2416 3773 2480 revolvere,

2189 2506 2281 2575 qui
2308 2503 2652 2575 quadrivario
2679 2503 2950 2573 alpliabeti
2981 2503 3134 2575 [Ms.,
3162 2503 3422 2576 albabeti]
3450 2505 3640 2560 ordine
3664 2507 3774 2561 rui-

2192 2603 2366 2648 turam
2404 2593 2539 2647 luxit
2571 2591 2902 2656 Jerusalem,
2941 2602 2998 2647 et
3031 2592 3191 2662 hujus
3226 2594 3396 2649 ruina:
3435 2611 3558 2664 pars
3593 2595 3773 2666 aliqua

2193 2685 2287 2739 tibi
2311 2683 2531 2748 calidas,
2561 2691 2620 2736 ut
2649 2699 2793 2746 rear,
2819 2698 2920 2752 pro
2949 2699 3112 2738 causa
3143 2684 3350 2740 dilecta:
3379 2684 3531 2757 [Μεη
3555 2687 3774 2760 delicto]

2190 2775 2394 2830 sororis
2421 2775 2677 2830 excitavit
2711 2775 2998 2843 lacrymas.
3038 2777 3240 2832 Tamen
3271 2780 3535 2835 hortanda
3563 2791 3676 2849 est,
3715 2793 3776 2840 ut

2191 2865 2244 2920 in
2273 2865 2520 2921 coenobio
2550 2865 2743 2918 militet
2771 2863 3008 2930 Christo,
3042 2882 3162 2936 qua:
3191 2869 3429 2922 thalamo
3457 2871 3666 2940 privata
3691 2887 3778 2933 est

2191 2954 2294 3008 viri
2321 2972 2334 3007 :
2368 2963 2422 3010 et
2450 2953 2543 3009 ﬁat
2574 2954 2625 3010 ei
2661 2954 2972 3024 temporalis
2999 2957 3218 3012 tristitia
3249 2957 3655 3018 incitamentum
3681 2963 3780 3021 lte-

2192 3047 2324 3102 titize
2349 3046 2710 3116 sempiternze.
3277 3035 3280 3038 ’

2115 3123 2162 3186 C
2262 3135 2341 3190 Tu
2380 3136 2612 3190 nominis
2647 3137 2820 3190 nostri
2860 3136 3088 3192 ﬁdeliter
3124 3153 3248 3194 cum
3287 3141 3390 3195 tuis
3424 3142 3681 3198 omnibus
3722 3145 3778 3199 in

2189 3227 2518 3284 sacrosacris
2541 3227 2876 3282 orationibus
2896 3229 3092 3283 vestris
3115 3245 3323 3285 memor
3341 3241 3476 3298 esto,
3521 3233 3779 3289 obsecro.

2191 3316 2550 3386 Liudgardam
2601 3330 2814 3386 quoque
2869 3317 3104 3372 nobilem
3155 3318 3410 3376 feminam
3435 3363 3450 3388 ,
3509 3339 3629 3392 quae
3679 3325 3779 3380 tibi

2192 3406 2497 3461 munusculi
2524 3405 2643 3462 loco
2670 3406 2892 3476 pallium
2920 3408 3148 3473 direxit,
3175 3410 3372 3466 habeto
3401 3411 3458 3466 in
3489 3413 3778 3470 dilectione

2191 3503 2251 3548 nt
2289 3509 2562 3561 sororem;
2610 3495 2858 3566 illiusque
2899 3512 3095 3552 nomen
3129 3515 3252 3554 cum
3286 3503 3595 3558 nominibus
3629 3519 3772 3560 soro-

2193 3603 2312 3641 rum
2344 3595 2554 3642 tuarum
2582 3601 2682 3656 per
2703 3587 3102 3645 ecclesiasticas
3125 3590 3343 3647 chartas
3369 3594 3610 3650 scribere
3624 3594 3779 3665 jube.

2193 3676 2534 3732 Honorabilis
2563 3676 2662 3732 tibi
2689 3685 2773 3732 est
2796 3678 3035 3732 amicitia
3082 3679 3223 3736 illius
3249 3689 3304 3736 et
3333 3683 3500 3738 utilis.
3550 3684 3672 3740 Misi
3695 3685 3780 3742 di-

2193 3767 2407 3822 lectioni
2438 3776 2544 3822 lue
2577 3768 2864 3838 ampullam
2907 3778 2962 3824 et
3006 3779 3258 3840 patenam
3288 3774 3316 3814 δ
3342 3775 3410 3830 ad
3447 3775 3780 3834 offerendam

2195 3859 2249 3913 in
2273 3859 2356 3914 eis
2383 3859 2609 3914 Domino
2633 3860 2744 3914 Deo
2769 3860 2874 3914 tuis
2897 3863 3146 3918 manibus
3169 3864 3516 3921 oblationem.
3557 3867 3624 3922 Et
3651 3869 3782 3925 dum

2195 3951 2368 4006 oculis
2402 3950 2492 4004 illa
2525 3951 2774 4020 aspicias,
2811 3951 3012 4007 dicito:
3045 3953 3261 4010 Christe
3285 3957 3542 4012 miserere
3560 3957 3780 4014 Alcuini

2193 4040 2392 4096 servuli
2415 4040 2512 4094 tui.
2535 4039 2602 4094 Et
2619 4041 2782 4098 velim
2807 4048 2858 4096 te
2880 4042 3190 4110 quotidiana
3211 4045 3591 4101 consuetudine
3611 4063 3779 4103 usum

2195 4136 2397 4190 habere
2421 4133 2680 4190 efferendi
2711 4135 2822 4192 Deo
2855 4151 3050 4192 munus
3081 4139 3148 4194 ad
3178 4139 3360 4205 altare,
3391 4139 3520 4209 quia
3553 4150 3779 4210 aposto-

2198 4225 2297 4279 lica
2331 4225 2630 4281 auctoritas
2655 4225 2794 4281 hanc
2827 4227 3110 4282 constituit
3135 4229 3612 4296 consuetudinem;
3652 4231 3779 4288 ideo

2197 4331 2304 4372 non
2329 4324 2413 4372 est
2434 4317 2728 4372 omittenda
2755 4317 2849 4373 sed
2875 4316 3162 4389 diligenter
3182 4322 3580 4391 prosequenda.

2373 4407 2507 4460 Vive
2533 4407 2643 4462 Deo
2672 4405 2802 4461 felix
2832 4407 3148 4463 charissima
3178 4410 3306 4476 ﬁlia,
3333 4425 3547 4480 semper

2457 4495 2526 4551 Et
2552 4511 2760 4552 memor
2781 4498 2990 4554 Alcuini
3019 4500 3190 4556 dulcis
3218 4502 3392 4558 amica
3420 4502 3555 4560 vale.

2193 4626 2392 4691 ﬁliam,
2443 4625 2756 4682 Ethelberto
2788 4626 3139 4703 Orientalium
3185 4630 3481 4703 Anglorum
3521 4633 3634 4703 regi
3678 4634 3778 4690 de-

2193 4711 2466 4765 sponsam,
2485 4711 2610 4778 quae
2639 4704 2816 4778 tamen
2837 4699 2908 4778 ad
2933 4700 3229 4754 thalamum
3249 4699 3349 4756 viri
3375 4718 3487 4778 non
3505 4699 3776 4778 pervenit,

2192 4779 2390 4836 sponso
2416 4767 2568 4833 prius
2590 4781 2690 4847 per
2714 4767 2936 4830 insidias
2949 4778 3018 4850 .et
3045 4785 3207 4851 suasu
3235 4772 3426 4826 matris
3451 4767 3779 4838 (luendi-idat

2193 4849 2336 4888 anno
2362 4833 2465 4888 793
2488 4850 2687 4890 occiso.
2725 4837 2994 4892 Fortassns
3019 4838 3338 4898 Edllbuma.
3369 4841 3435 4894 ad
3465 4857 3624 4898 quam
3655 4842 3778 4898 inec

2193 4855 2336 4888 anno
2371 4855 2465 4888 tu.)
2488 4855 2687 4890 occtso.
2725 4855 2994 4892 rortaSSIs
3019 4855 3338 4910 nulloul‘ga,
3369 4855 3435 4894 ac
3504 4857 3624 4896 nam
3655 4855 3778 4898 naec

2193 4903 2419 4972 epistola
2461 4912 2680 4958 exarata
2722 4915 2843 4973 est,
2893 4908 3104 4962 diversa
3150 4910 3292 4965 haud
3331 4918 3415 4965 est
3457 4857 3526 4964 alb
3562 4909 3778 4967 Alfrida

2193 4973 2412 5048 élﬁedae
2443 4989 2822 5048 _s_orore,gquae
2853 4985 2974 5048 post
3009 4993 3195 5032 necem
3234 4981 3416 5048 sponsi
3453 4981 3776 5036 monasterii

2193 4991 2412 5028 Aineaae
2450 4991 2664 5039 sorore,
2703 4991 2822 5098 quae
2853 4991 2974 5046 post
3009 4993 3195 5032 necem
3234 4994 3416 5048 sponsi
3453 4991 3776 5036 monasterii

2193 5042 2527 5128 Croylandiae
2543 5045 2718 5128 monia
2745 5047 2788 5101 is
2806 5055 2862 5099 et
2879 5047 3151 5102 abbatissa
3172 5049 3293 5128 fuit.
3309 5049 3602 5128 Plurimum
3622 5057 3778 5128 certe

2194 5117 2407 5194 variant
2444 5117 2665 5194 nomina
2693 5129 3047 5194 personarum
3081 5119 3222 5194 apud
3251 5130 3465 5194 veteres
3491 5117 3777 5194 inusserit

2193 5190 2406 5252 ptores;
2434 5192 2490 5238 et
2514 5185 2569 5237 in
2589 5186 2752 5239 rebus
2775 5185 3018 5240 obscuris
3036 5185 3198 5241 etiam
3221 5188 3548 5258 coniecturis
3571 5187 3777 5256 aliquid

2195 5252 2427 5306 dandum
2447 5261 2548 5307 est.
2574 5253 2696 5308 Vid.
2711 5251 2904 5308 Alfort.
2921 5255 3116 5310 Annal.
3139 5257 3345 5312 Eccles.
3361 5255 3687 5313 Annio-Sex.
3704 5256 3776 5313 ad

2195 5271 2427 5306 annuum
2447 5271 2548 5307 εει.
2577 5271 2612 5308 ‘V
2624 5271 2696 5306 ια.
2711 5271 2904 5308 Μιοη.
2921 5271 3116 5310 Ληῐιειι.
3139 5271 3345 5312 b00185.
3361 5271 3687 5326 Angio-aax.
3704 5271 3736 5311 ἓ

2195 5335 2320 5376 ann.
2349 5321 2471 5384 792,
2499 5337 2646 5375 num.
2671 5323 2727 5384 2,
2753 5331 2810 5376 et
2832 5323 2955 5388 794,
2983 5340 3133 5380 num.
3157 5325 3212 5389 6,
3239 5336 3294 5383 et
3317 5326 3466 5382 alibi.

2228 5459 2240 5472 .
2265 5391 2296 5430 ιι
2315 5391 2396 5443 Ad
2418 5389 2804 5472 operculum":
2827 5392 3160 5472 oblationem.
3279 5395 3780 5472 quotidianis_prin-

2195 5459 2374 5528 cipum
2411 5458 2483 5528 et
2505 5458 2731 5528 aliorum
2773 5460 3007 5516 ﬁdelium
3048 5458 3409 5522 oblationibus
3446 5466 3515 5521 ad
3551 5458 3780 5521 missam

2194 5527 2386 5596 legesis
2413 5527 2820 5584 celeberrimum
2843 5531 2905 5587 Ι).
2930 5531 3170 5589 Martene
3196 5536 3264 5590 de
3284 5535 3537 5596 Antiquis
3562 5535 3774 5592 Eccles.

2195 5595 2532 5679 Ritibusolib.
2561 5607 2770 5679 1,-231‘}.
2799 5615 2837 5666 ι,
2867 5615 2990 5675 pag.
3017 5604 3122 5662 578
3149 5613 3205 5660 et
3232 5621 3385 5678 seqq.
3427 5595 3573 5662 Edit.
3603 5603 3776 5661 Roto-

2194 5667 2464 5736 magensis
2489 5681 2578 5722 an.
2603 5667 2765 5725 1700.
