4070 6182
270 360 382 416 2.29

826 468 1159 524 EPISTOLA
1199 469 1311 522 LX.

732 566 798 602 AD
836 564 1168 602 EBDUULFUM
1210 562 1405 600 REGEM.

894 637 1071 707 (Anno
1098 636 1247 704 796.)

276 732 541 791 Hortatur
578 746 748 799 regem
786 728 855 781 ad
893 728 1082 780 solium
1109 737 1356 799 #evectum
1382 767 1396 788 ,
1447 735 1500 778 ut
1540 735 1587 778 et
1625 740 1774 777 suam
1804 732 1861 799 et

349 802 524 924 pepuli
553 793 774 854 salutem
800 806 1057 867 procuret.
1098 796 1348 865 Exemplo
1380 806 1762 849 muecessorum
1797 793 1863 846 il-

372 889 462 925 um
494 880 671 924 terret.

352 963 485 1015 Viro
528 958 721 1014 illustri
766 969 791 997 α
819 954 1103 1010 :Erduulfo
1152 955 1265 1023 regi
1308 954 1563 1007 Alcuinus
1608 953 1864 1008 diaconus

276 1052 534 1106 salutem.

354 1141 562 1195 Memor
580 1138 816 1207 antiqua:
842 1137 981 1191 inter
1002 1152 1100 1192 nos
1127 1135 1385 1190 condicta:
1408 1134 1563 1189 amici
1574 1135 1675 1197 tize,
1702 1135 1866 1188 etiam

278 1240 341 1284 et
366 1228 687 1283 veneranda:
718 1225 1054 1281 salutationis
1088 1233 1285 1279 vestrae
1315 1224 1469 1278 valde
1503 1224 1863 1293 congaudens,

279 1321 474 1389 paucis
509 1320 812 1373 litterarum
852 1317 1094 1386 apicibus
1125 1325 1359 1371 vestram
1393 1315 1717 1370 laudabilem
1747 1329 1869 1384 per-

283 1426 474 1467 sonam
506 1411 572 1464 de
607 1409 965 1479 prosperitate
1004 1407 1155 1477 regni
1193 1406 1344 1460 tibia
1370 1406 1480 1459 Deo
1512 1403 1692 1459 collati
1716 1402 1868 1474 [Ms.,

285 1500 534 1573 conlati],
579 1508 634 1555 et
668 1500 734 1554 de
774 1498 945 1552 salute
978 1498 1170 1551 anima:
1208 1505 1313 1551 tum
1349 1496 1637 1550 admonere
1664 1493 1869 1557 curavi,

285 1601 345 1647 et
382 1606 490 1661 quo
527 1588 687 1644 modo
729 1588 937 1643 stabilis
978 1588 1075 1642 tibi
1120 1588 1348 1642 traditus
1389 1585 1562 1658 [Ms.,
1600 1583 1871 1656 traditur]

287 1682 486 1745 honor,
531 1680 641 1734 Deo
684 1678 955 1743 donante,
1004 1687 1336 1748 permaneat.
1397 1675 1517 1731 Scis
1564 1675 1764 1745 optime
1808 1675 1873 1729 de

286 1770 488 1839 quibus
524 1777 577 1822 te
614 1767 793 1822 divina
838 1767 1203 1839 misericordia
1240 1766 1486 1820 liberavit
1510 1764 1786 1833 periculis,
1815 1771 1872 1819 et

289 1875 456 1928 quam
498 1858 653 1912 facile
695 1867 780 1922 te,
830 1858 954 1912 dum
996 1857 1196 1921 voluit,
1241 1856 1490 1926 provexit
1530 1856 1585 1909 in
1626 1869 1869 1925 regnum.

289 1953 426 2007 Esto
467 1965 677 2020 semper
719 1965 927 2004 memor
965 1958 1021 2003 et
1059 1958 1243 2019 gratus
1283 1956 1393 2001 tam
1436 1947 1793 2001 maximorum
1821 1946 1875 2000 in

291 2053 348 2096 te
389 2042 485 2097 Dei
512 2041 797 2103 donorum,
844 2040 896 2094 in
938 2056 1004 2095 eo
1046 2040 1297 2103 maxime,
1341 2047 1400 2093 ut
1438 2047 1696 2107 quantum
1725 2037 1879 2091 intel-

293 2135 463 2205 ligere
502 2133 701 2196 valeas,
730 2132 872 2187 illius
904 2132 959 2186 in
992 2140 1104 2186 toto
1130 2131 1291 2185 corde
1314 2128 1482 2184 facias
1505 2129 1835 2184 voluntatem
1862 2147 1873 2181 :

295 2236 352 2281 et
384 2226 464 2280 sis
492 2225 749 2280 obediens
792 2223 962 2277 servis
1002 2223 1118 2288 Dei,
1146 2222 1237 2291 qui
1280 2229 1330 2275 te
1370 2221 1436 2276 de
1476 2220 1743 2275 mandatis
1766 2218 1881 2287 ejus

297 2316 646 2369 admoneant.
697 2311 850 2366 Scito
875 2310 1177 2365 certissime
1202 2310 1345 2378 quod
1369 2308 1548 2362 nullus
1572 2307 1710 2362 alius
1735 2314 1880 2360 tuam

294 2406 467 2459 vitam
509 2415 833 2457 conservare
874 2406 1069 2470 potest,
1099 2399 1200 2452 nisi
1246 2397 1334 2452 ille
1374 2396 1467 2466 qui
1511 2404 1563 2450 te
1604 2395 1670 2450 de
1710 2402 1882 2449 morte

301 2493 555 2549 liberavit
593 2490 878 2562 praesenti;
925 2505 1023 2545 nec
1066 2494 1170 2544 isto
1206 2496 1487 2558 protegere
1525 2494 1579 2541 et
1614 2486 1883 2541 custodire

302 2586 548 2647 honore,
611 2581 712 2637 nisi
768 2580 853 2635 ille
908 2579 999 2649 qui
1053 2582 1286 2649 gratuita
1340 2577 1542 2647 pietate
1586 2576 1741 2630 istam
1786 2574 1883 2630 tibi

304 2674 571 2731 concessit
604 2673 940 2741 dignitatem.
993 2670 1159 2724 Serva
1199 2668 1485 2738 diligenter
1512 2669 1564 2721 in
1589 2669 1767 2721 animo
1794 2675 1885 2720 tuo

304 2775 359 2820 et
395 2778 559 2835 regno
596 2761 1024 2817 misericordiam
1055 2769 1109 2815 et
1132 2759 1419 2828 justitiam,
1447 2760 1573 2828 quia
1601 2758 1886 2813 Salomone

305 2855 539 2917 dicente,
584 2867 649 2907 ac
694 2851 867 2921 magis
907 2851 1014 2905 Deo
1059 2851 1405 2911 concedente,
1441 2849 1797 2902 misericordia
1838 2858 1886 2902 et

294 2946 512 3016 justitia
560 2944 859 3013 ﬁrmabitur
909 2941 1099 2995 solium
1159 2942 1302 3012 regni
1353 2940 1555 3013 (Prov.
1593 2956 1713 3004 xvt,
1757 2939 1883 3010 12).

305 3034 601 3091 Considera
646 3031 1036 3095 intentissime,
1083 3046 1181 3100 pro
1222 3030 1418 3098 quibus
1458 3029 1693 3098 peccatis
1736 3037 1888 3083 ante-

1719 356 2095 413 EPISTOI.A"..

1885 474 1931 524 Α
1964 466 2243 534 Nunquam
2279 472 2455 519 tantus
2493 463 2751 519 nobilium
2796 471 2845 516 et
2889 469 3160 518 rectorum
3200 462 3418 532 sanguis
3450 462 3533 514 ef-

3422 355 3538 411 9.50

1963 558 2275 612 funderetur
2315 558 2367 611 in
2410 572 2472 611 ea
2498 597 2512 619 ,
2560 572 2659 609 nec
2700 556 2779 610 sic
2818 556 2934 609 loca
2976 564 3161 609 sancta
3202 554 3393 624 pagani
3433 552 3529 606 de-

1964 654 2256 710 vastarent,
2300 655 2353 699 et
2396 656 2542 698 tanta
2592 644 2846 712 injustitia
2893 655 2946 699 et
2990 644 3296 714 arrogantia
3332 644 3535 698 valeret

1963 739 2017 791 in
2058 737 2289 807 populo,
2342 737 2442 789 nisi
2487 737 2765 805 perspicua
2815 735 2907 789 Dei
2953 736 3185 789 vindicta
3233 734 3537 788 immineret

1964 828 2359 882 habitatoribus
2397 835 2573 880 terrae.
2617 826 2694 878 Tu
2731 841 2859 878 vero
2894 825 2958 879 ad
2993 826 3234 885 meliora,
3272 831 3329 878 ut
3354 824 3535 887 credo,

1965 925 2208 972 servatus
2254 924 2493 983 tempora
2521 955 2534 976 ,
2600 922 2653 968 et
2699 914 2765 967 ad
2812 914 3198 967 correctionem
3242 914 3543 967 custoditus

1964 1008 2172 1079 patriae,
2214 1007 2308 1060 Dei
2352 1015 2403 1059 te
2444 1005 2738 1059 auxiliante
2779 1004 2970 1072 gratia.
3011 1018 3235 1071 operare
3274 1003 3418 1057 omni
3460 1003 3544 1057 in-

1967 1096 2203 1150 tentione
2244 1095 2296 1147 in
2337 1094 2433 1147 Dei
2474 1093 2749 1145 voluntate
2791 1091 3016 1145 salutem
3062 1090 3254 1144 anima:
3298 1097 3440 1154 tum,
3488 1097 3544 1143 et

1966 1187 2376 1258 prosperitatem
2413 1185 2602 1253 patriae
2639 1191 2693 1236 et
2735 1182 2914 1252 populi
2957 1181 3051 1236 tibi
3092 1181 3386 1244 commissi,
3413 1196 3545 1250 qua-

1969 1284 2127 1332 tenus
2166 1292 2233 1331 ex
2276 1276 2609 1330 correctione
2653 1273 3017 1341 subjectorum
3066 1271 3253 1325 ditioni
3300 1278 3405 1325 tuae
3449 1271 3546 1324 tibi

1972 1367 2183 1434 tuisque
2215 1365 2497 1434 nepotibus
2518 1376 2756 1431 praesens
2778 1361 3007 1415 feliciter
3030 1359 3275 1413 firmetur
3298 1373 3542 1429 regnum,

1970 1464 2026 1509 et
2066 1454 2227 1509 futuri
2270 1453 2421 1522 regni
2466 1451 2631 1519 gloria
2670 1451 2996 1504 mternaliter
3030 1449 3375 1503 concedatur.
3422 1448 3548 1502 Haec

1973 1546 2240 1609 chartula,
2284 1545 2509 1597 obsecro
2549 1541 2824 1596 vobiscum
2874 1551 3119 1595 servetur
3154 1547 3209 1593 et
3242 1540 3438 1610 smpius
3474 1541 3551 1596 le-

1974 1646 2149 1708 gatur,
2198 1636 2266 1691 ob
2309 1632 2625 1688 memoriam
2677 1631 2865 1686 salutis
2908 1641 3100 1686 vestra:
3147 1636 3201 1683 et
3247 1630 3550 1686 dilectionis

1973 1734 2191 1789 nostrse,
2219 1734 2278 1778 ut
2309 1724 2453 1777 Deus
2482 1723 2820 1791 omnipotens
2850 1722 2905 1776 in
2929 1721 3170 1792 profectu
3212 1728 3413 1776 sancta:
3441 1737 3551 1776 sum

1903 1802 1949 1863 Β
1976 1816 2234 1874 Ecclesize
2276 1817 2339 1868 ad
2382 1812 2792 1883 prOSperitatem
2832 1819 3070 1865 nostram
3109 1811 3275 1865 multo
3314 1822 3555 1879 tempore

1976 1912 2030 1965 in
2068 1923 2235 1979 regno
2276 1906 2587 1966 ﬂorentem,
2628 1912 2681 1956 et
2723 1903 2777 1956 in
2820 1902 2964 1957 omni
3006 1902 3147 1955 bono
3186 1902 3551 1971 proficientem

1978 2012 2298 2054 conservare
2333 1995 2602 2063 dignetur.
2646 1993 2778 2047 Vive
2820 1998 2876 2045 et
2914 1990 3033 2044 vale
3072 1990 3183 2044 Deo
3224 1990 3459 2045 donante
3497 1989 3554 2043 in

1978 2088 2168 2144 s:ecula
2209 2086 2555 2154 sempiterna.

2525 2169 2851 2225 EPISTOLA
2891 2170 3024 2224 LXI.

2566 2279 2632 2316 AD
2672 2277 2967 2316 οειτλωωι.

2590 2353 2766 2425 (Anno
2797 2352 2947 2423 796.)

1985 2450 2288 2511 Osbaldum,
2335 2452 2823 2518 quemnsuspectum
2874 2442 3024 2518 hnbet
3064 2442 3124 2497 ob
3172 2444 3473 2514 regiridium
3511 2454 3563 2498 et

2055 2520 2233 2573 turbas
2258 2514 2455 2587 populi,
2485 2514 2744 2587 hortatur,
2776 2522 2833 2565 ut
2878 2514 3033 2566 vitam
3073 2523 3254 2577 mtuet,
3278 2524 3325 2566 et
3346 2530 3457 2568 sua:
3497 2531 3559 2566 uc

2054 2590 2218 2663 gentis
2248 2583 2406 2644 saluti
2429 2583 2688 2639 consulat.

2054 2681 2263 2736 Dilecto
2288 2676 2463 2731 amico
2500 2674 2529 2714 ιι
2554 2672 2786 2728 Osbaldo
2830 2670 3088 2725 Alcuinus
3128 2671 3386 2726 diaconus
3414 2673 3560 2727 salu-

1988 2779 2117 2826 tem.

2054 2858 2286 2913 Paenitet
2314 2871 2401 2912 me
2454 2856 2531 2911 tui
2561 2856 2686 2924 quia
2720 2869 2827 2909 non
2857 2854 3082 2909 obedisti
3128 2854 3279 2917 mihi,
3306 2855 3397 2924 qui
3440 2864 3567 2910 ante

1985 2949 2261 3006 biennium
2288 2948 2531 3017 persuasi
2562 2946 2657 3000 tibi
2683 2946 2735 3000 in
2766 2945 2960 2999 litteris
2985 2944 3120 2998 meis
3163 2944 3354 2999 laicam
3384 2953 3434 2999 te
3468 2945 3562 3000 de-

1987 3042 2204 3096 mittere
2255 3040 2742 3102 conversationem,
2787 3046 2841 3093 et
2889 3038 2999 3092 Deo
3032 3038 3233 3092 servire
3274 3040 3566 3094 secundum

306 3140 554 3181 cesseres
589 3124 667 3178 tui
707 3122 1067 3192 perdidissent
1098 3121 1266 3175 vitam
1306 3128 1360 3175 et
1401 3136 1651 3190 regnum;
1682 3129 1736 3175 et
1764 3136 1888 3176 cau-

1994 3141 2175 3187 votum
2198 3139 2368 3184 tuum.
2389 3130 2530 3185 Ecce
2559 3129 2719 3183 modo
2745 3129 2897 3198 pejor
2921 3127 3082 3191 fama,
3110 3126 3374 3182 infelicior
3405 3144 3567 3184 causa

304 3216 518 3270 tissime
543 3216 796 3275 observa,
826 3227 926 3267 nec
961 3212 1087 3266 talia
1121 3226 1267 3281 agas,
1311 3225 1379 3263 ne
1423 3210 1526 3263 tale
1555 3210 1650 3265 tibi
1680 3210 1892 3265 eveniat

301 3306 592 3376 judicium.
632 3304 874 3360 Aliorum
901 3301 1135 3371 perjuria
1158 3302 1301 3355 Deus
1326 3301 1630 3365 damnavit;
1664 3301 1893 3356 aliorum

308 3395 581 3451 adulteria
604 3393 755 3465 μὴ..
783 3390 1047 3462 adultera]
1079 3391 1318 3462 punivit;
1354 3390 1582 3444 aliorum
1609 3391 1892 3445 avaritiam

309 3497 371 3543 et
412 3484 631 3539 fraudes
663 3482 982 3546 vindicavit;
1036 3481 1264 3535 aliorum
1305 3479 1581 3549 injustitia:
1622 3495 1729 3533 non
1772 3478 1891 3549 pla-

312 3578 553 3632 cuerunt
591 3571 685 3626 illi.
729 3571 849 3625 Non
871 3581 943 3625 est
967 3585 1306 3641 personarum
1332 3579 1571 3639 acceptor
1590 3568 1730 3621 Deus
1755 3568 1888 3639 (Act.

314 3682 370 3729 ι,
402 3664 517 3735 54),
556 3662 648 3716 sed
686 3662 778 3731 qui
820 3662 949 3715 talia
992 3669 1175 3731 agunt,
1219 3675 1444 3730 regnum
1485 3658 1578 3713 Dei
1628 3674 1731 3713 nou
1773 3673 1895 3728 pos-

314 3760 586 3816 sidebunt.
635 3756 798 3810 Erudi
846 3764 897 3809 te
937 3755 1110 3824 ipsum
1158 3754 1334 3823 primo
1372 3753 1425 3805 in
1466 3751 1611 3806 omni
1653 3752 1894 3805 bonitate

316 3858 371 3905 et
414 3847 737 3911 sobrietate;
784 3853 968 3914 postea
1016 3852 1228 3914 gentem
1271 3843 1357 3897 cui
1401 3856 1630 3912 prmesse
1664 3842 1892 3907 videris,

318 3940 373 3995 in
418 3937 563 3994 omni
608 3934 871 3990 modestia
897 3934 1016 3987 vitm
1048 3940 1103 3985 et
1129 3932 1373 3993 vestitus,
1417 3930 1468 3983 in
1497 3930 1642 3983 omni
1670 3929 1895 3983 veritate

321 4032 442 4086 ﬁdei
488 4038 544 4084 et
583 4028 909 4098 judiciorum
934 4066 949 4092 ,
1002 4027 1055 4079 in
1103 4024 1477 4080 observatione
1519 4022 1894 4076 mandatorum

323 4121 454 4185 Dei,
502 4128 557 4174 et
598 4120 879 4173 honestate
920 4131 1151 4171 morum.
1215 4112 1306 4167 Sic
1350 4114 1529 4181 itaque
1573 4121 1627 4167 et
1672 4128 1894 4182 regnum

325 4210 421 4264 tibi
459 4209 739 4271 ﬁrmabis,
792 4214 847 4261 et
887 4216 1099 4276 gentem
1147 4204 1381 4259 salvabis
1406 4243 1421 4269 ,
1471 4211 1526 4257 et
1566 4203 1634 4256 ab
1677 4203 1757 4256 ira
1801 4203 1895 4256 Dei

325 4301 579 4356 liberabis
611 4299 780 4364 illam,
807 4314 925 4368 qua:
950 4299 1112 4353 certis
1143 4296 1311 4368 signis
1341 4296 1431 4350 diu
1459 4293 1770 4349 imminebat
1798 4294 1892 4348 illi.

393 4444 420 4471 ι
450 4428 742 4499 Aerduulfo
771 4430 896 4498 regi.
925 4428 1078 4483 Hunc
1120 4429 1429 4499 scriptores
1448 4436 1676 4499 veteres,
1706 4429 1896 4498 primis

323 4484 530 4556 duabus
575 4484 772 4553 litteris
821 4484 1199 4560 commutatis,
1230 4484 1549 4553 'Eardulfum
1600 4484 1898 4554 norninant.
1934 4484 1980 4541 Ῑ)

325 4570 375 4625 Is
399 4569 536 4625 teste
562 4568 856 4637 Hovcdeno
878 4567 968 4622 fol.
1001 4567 1125 4631 406,
1155 4569 1438 4622 Ethelredo
1465 4569 1573 4637 regi
1610 4567 1903 4622 Northum—

326 4640 456 4694 bria:
505 4653 650 4693 anno
698 4636 801 4694 796
845 4653 876 4692 a
918 4638 1030 4692 suis
1071 4638 1251 4693 occiso
1297 4638 1349 4691 in
1380 4636 1571 4691 solium
1622 4638 1899 4692 successit.

335 4727 353 4758 ι
378 4706 621 4777 Eardulf,
656 4707 854 4777 inquit,
884 4706 1024 4777 filius
1066 4707 1414 4777 Earnultigde
1444 4706 1634 4761 exsilio
1684 4717 1906 4761 vocatus

330 4776 693 4849 regniinjulis
733 4775 820 4849 est
861 4776 1285 4849 sublimatus,_et
1310 4775 1647 4849 Eboraciuin
1679 4778 1907 4849 ecclesia

330 4842 496 4902 sancti
546 4845 697 4902 Petri
739 4847 806 4901 ad
830 4846 998 4900 altare
1026 4846 1166 4900 beati
1197 4842 1346 4899 Pauli
1374 4843 1486 4914 (ubi
1532 4845 1621 4898 illa
1644 4860 1774 4913 gens
1794 4846 1905 4914 pri-

330 4932 471 4973 mum
500 4922 822 4987 perceperat
862 4916 1088 4987 gratiam
1116 4914 1391 4987 baptismi)
1413 4924 1781 4987 consecratus
1826 4922 1909 4969 est

329 4983 554 5055 septimo
574 4983 1050 5055 Kaiendasflunii.
1092 5007 1110 5037 ι
1143 4983 1274 5039 Vide
1300 4983 1520 5055 Pagium
1548 4985 1614 5055 ad
1642 4984 1785 5055 hunc
1812 5000 1910 5038 an-

330 5052 476 5120 num,
510 5072 566 5108 ιι.
592 5054 689 5118 25,
717 5062 773 5108 et
800 5054 994 5109 Alfort.
1030 5055 1095 5107 ad
1121 5070 1321 5109 annum
1352 5052 1474 5115 794,
1492 5068 1556 5123 in.
1584 5054 1637 5105 6.
1663 5052 1775 5107 Hac
1798 5055 1911 5123 epi-

298 5152 303 5156 ι
332 5125 469 5179 stola
514 5124 778 5178 Alcuinus
824 5123 1166 5178 IErduult'um
1194 5141 1225 5178 a
1252 5122 1607 5192 priesentibus
1654 5122 1910 5189 periculis

284 5196 301 5249 ἐ
332 5194 638 5255 liberatum,
663 5201 718 5246 et
738 5193 885 5263 regio
906 5208 1076 5261 nuper
1104 5194 1236 5263 solio
1258 5193 1601 5247 sublimatum
1643 5192 1908 5257 hortatur,

335 5271 393 5317 ut
410 5263 786 5333 etApropriarn
808 5262 865 5317 et
889 5263 1071 5333 populi
1097 5262 1320 5318 salutem
1344 5269 1612 5331 procuret.

402 5332 432 5403 ιτ
457 5329 717 5403 Osbaldo.
741 5329 904 5403 Hune
921 5329 1178 5386 Alcuinus
1216 5329 1491 5403 patritium
1536 5338 1694 5403 vocat
1719 5329 1772 5383 in
1802 5330 1915 5403 epi-

336 5401 469 5472 stola
501 5402 588 5472 H,
610 5410 663 5456 et
704 5402 796 5455 hic
821 5401 968 5472 illum
1014 5401 1320 5472 suspectum
1350 5402 1513 5456 habet
1551 5401 1776 5472 de_nece
1821 5401 1915 5472 do:

336 5469 464 5525 mini
496 5471 604 5532 sui,
648 5485 842 5539 nempe
876 5468 1144 5526 Ethelredi
1176 5473 1336 5540 regis,
1389 5480 1550 5540 atque
1574 5469 1729 5524 etl‘usi
1760 5468 1913 5540 multi

336 5540 616 5621 sanguinis
656 5538 959 5622 principum
998 5556 1062 5596 ac
1092 5538 1286 5663 popluli
1344 5542 1396 5596 in
1424 5538 1529 5594 iliis
1558 5540 1747 5594 turbis.
1799 5538 1915 5593 Huc

338 5618 575 5663 pertinet
620 5619 868 5663 narratio
910 5608 1127 5663 Roaern
1232 5611 1453 5663 ovedeni
1503 5624 1627 5663 nae.
1682 5608 1807 5663 406.
1858 5608 1912 5661 in

338 5608 575 5680 pertinet
620 5608 868 5680 narratio
910 5608 1137 5680 Rogerii
1182 5608 1453 5680 liovedeni
1503 5624 1627 5680 pag.
1682 5608 1807 5667 406.
1858 5608 1912 5661 in

340 5624 575 5680 pertinet
620 5624 868 5665 narratio
911 5624 1127 5680 ttogern
1185 5624 1453 5664 noveuem
1503 5624 1569 5679 pa
1613 5648 1627 5662 .
1682 5624 1807 5667 auo.
1858 5624 1912 5661 in

340 5678 503 5808 priori
532 5679 760 5748 epistola
783 5680 970 5742 citata,
1004 5679 1091 5761 ubi
1127 5679 1200 5732 ita
1236 5679 1423 5734 scribit
1452 5693 1466 5731 :
1496 5696 1513 5727 ‹
1548 5624 1747 5733 ἔοάεω
1774 5692 1915 5731 anno

374 5747 485 5808 :96)
510 5748 764 5804 Ethelred
791 5763 886 5803 rex
934 5764 1143 5805 ocelsus
1170 5756 1251 5802 est
1279 5747 1416 5808 apud
1453 5747 1645 5808 Cobre,
1674 5762 1765 5800 xiv
1793 5746 1910 5800 Kal.

374 5747 485 5818 796)
510 5746 764 5804 Ethelred
791 5763 886 5803 rex
934 5749 1143 5805 occisus
1170 5756 1251 5802 est
1279 5747 1416 5817 apud
1453 5747 1645 5813 Cobre,
1674 5762 1765 5800 xiv
1793 5746 1910 5800 Kal.

1993 3222 2231 3276 turbavit
2256 3221 2424 3274 vitam
2457 3230 2624 3274 tuam.
2653 3218 2946 3273 Revertere
2988 3225 3191 3282 tamen,
3224 3228 3497 3273 revertere
3517 3226 3573 3273 et

1995 3312 2155 3381 imple
2175 3311 2317 3380 quod
2341 3309 2559 3374 vovisti,
2573 3317 2627 3363 et
2657 3322 2837 3376 quam
2859 3321 3076 3362 causam
3102 3308 3368 3375 quomodo
3389 3308 3456 3363 ad
3477 3307 3570 3361 Dei

1993 3401 2268 3456 servitium
2294 3399 2576 3469 pervenire
2602 3398 2805 3463 valeas,
2828 3412 2897 3451 ne
2918 3411 3109 3466 pereas
3153 3412 3272 3451 cum
3301 3397 3498 3467 impiis,
3526 3397 3573 3451 si

1994 3493 2251 3548 innocens
2271 3507 2331 3547 es
2370 3491 2437 3546 de
2464 3491 2725 3560 sanguine
2764 3490 2977 3545 Domini
3002 3490 3106 3554 tui;
3150 3490 3194 3542 si
3219 3504 3346 3543 vero
3375 3506 3574 3544 nocens

1995 3584 2048 3638 in
2079 3599 2344 3640 consensu
2364 3582 2447 3636 vel
2468 3581 2714 3644 consilio,
2747 3580 3003 3634 confitere
3024 3588 3300 3648 peccatum
3323 3588 3493 3644 tuum,
3518 3589 3575 3635 et

1995 3674 2280 3730 reconcilia
2314 3684 2365 3726 te
2396 3673 2526 3735 Deo,
2551 3680 2606 3726 et
2635 3670 2756 3739 fuge
2806 3670 3117 3724 societatem
3167 3671 3570 3726 sceleratorum.

1995 3765 2184 3821 Melius
2221 3772 2305 3818 est
2348 3763 2445 3817 tibi
2470 3762 2707 3815 amicitia
2750 3762 2845 3816 Dei
2872 3770 2925 3816 et
2956 3773 3262 3819 sanctorum
3284 3780 3445 3834 quam
3475 3765 3577 3820 ini-

1994 3871 2099 3924 que
2142 3853 2433 3924 agentium.
2492 3850 2609 3907 Noli
2660 3852 2859 3907 addere
2896 3862 3171 3922 peccatum
3201 3870 3363 3924 super
3389 3871 3578 3924 pecca-

1996 3954 2108 4000 tum
2132 3959 2227 4013 per
2250 3942 2599 3998 vastationem
2632 3941 2843 4010 patriae,
2893 3956 2990 4010 per
3038 3944 3314 4009 sanguinis
3357 3944 3574 3999 effusio-

1997 4051 2138 4092 nem.
2163 4034 2347 4105 Cogita
2374 4042 2608 4103 quantus
2642 4034 2860 4103 sanguis
2882 4047 2977 4101 per
3004 4042 3073 4097 te,
3104 4033 3191 4087 vel
3231 4048 3328 4102 per
3352 4035 3573 4104 propin-

1996 4141 2131 4195 quos
2163 4136 2282 4179 tuos
2310 4138 2517 4192 regum,
2546 4123 2849 4192 principum
2897 4130 2952 4177 et
2998 4122 3180 4192 populi
3225 4121 3427 4177 effusus
3472 4132 3574 4176 est.

1995 4215 2185 4271 Infelix
2207 4213 2500 4285 generatio,
2522 4229 2620 4283 per
2640 4228 2799 4283 quam
2826 4220 2973 4267 tanta
3000 4213 3138 4266 mala
3168 4221 3462 4267 evenerunt
3483 4226 3578 4280 pa-

1996 4307 2133 4361 trize.
2157 4305 2351 4360 Libera
2379 4310 2450 4369 te,
2473 4304 2698 4359 obsecro
2728 4318 2824 4373 per
2859 4304 3045 4367 Deum,
3072 4319 3140 4358 ne
3169 4304 3344 4357 anima
3371 4312 3460 4356 tua
3483 4316 3581 4372 pe-

2004 4434 2149 4505 Maji.
2175 4432 2374 4505 Osbald
2403 4447 2531 4505 vero
2548 4432 2797 4502 patritius
2831 4447 2861 4485 a
2904 4432 3217 4505 quibusdam
3257 4433 3426 4503 ipsius
3452 4447 3581 4505 gen-

2005 4502 2550 4573 tis'principibus__in
2585 4517 2807 4573 regnum
2848 4510 2932 4573 est
2961 4502 3316 4573 constitutus,
3364 4511 3419 4556 et
3459 4502 3582 4572 post

2004 4569 2192 4644 viginti
2217 4569 2563 4644 septemdies
2591 4569 2924 4644 omuiAregize
2952 4569 3165 4626 familiae
3193 4587 3256 4644 ac
3275 4569 3578 4643 principum

2007 4637 2091 4699 es't
2120 4637 2377 4696 societate
2413 4638 2701 4712 destitutus
2730 4637 3067 4712 fugatusque,
3107 4649 3161 4695 et
3199 4637 3468 4712 de’regno'
3488 4657 3584 4697 ex-

2006 4712 2213 4783 pulsus,
2243 4718 2401 4783 atque
2427 4708 2498 4783 ad
2537 4709 2768 4783 insulam
2798 4708 3285 4783 Lindisfarnensem
3308 4708 3587 4783 cu'mipau-

2009 4777 2087 4837 eis
2120 4777 2376 4850 secessit;
2403 4785 2457 4833 et
2486 4779 2608 4834 inde
2630 4779 2900 4850 ad‘regem
2923 4777 3338 4850 Pictorumcum
3362 4777 3584 4850 quibus-

2009 4852 2129 4929 dam
2159 4864 2204 4929 ς.
2229 4848 2504 4929 fratribus.
2536 4847 2750 4929 navigio
2777 4847 3037 4929 pervenit.
3073 4867 3093 4900 ι
3118 4847 3586 4929 Alforttrs_'EtheL

2010 4920 2123 4974 redi
2159 4918 2556 4972 Northumbrize
2577 4916 2717 4987 regis
2742 4917 2940 4970 caedem
2964 4933 3086 4972 cum
3111 4933 3255 4987 anno
3279 4916 3379 4972 794
3398 4932 3585 4987 perpe-

2011 5004 2125 5043 ram
2166 4988 2406 5051 illigavit,
2462 4986 2653 5041 contra'
2694 4987 3067 5040 auctoritatem
3110 4986 3585 5041 Huntindouiensis

2010 5074 2129 5128 pag.
2158 5056 2263 5128 3M
2289 5072 2469 5128 quem_
2471 5056 2694 5128 ipsemet
2720 5056 2949 5128 citat,_et
2970 5064 3227 5128 praeterea
3258 5070 3427 5128 annos
3463 5063 3585 5128 tan-

2011 5123 2123 5181 tum
2162 5123 2396 5194 quinque
2429 5123 2712 5194 Ethelnedo
2733 5125 2938 5194 tribuit.
2966 5123 3165 5194 Scribit
3185 5124 3330 5194 enim
3354 5123 3585 5194 Huntin-

2012 5192 2285 5251 doniensis
2310 5192 2340 5264 Ξῖ
2359 5210 2378 5243 c
2411 5192 2774 5264 AnnoBritici
2797 5194 2938 5264 regis
2966 5192 3585 5264 (occidentaliumsaxo-

2011 5280 2138 5319 num
2163 5263 2182 5334 )
2236 5262 2543 5334 undecimo
2566 5261 2913 5334 Northumbri
2943 5261 3127 5334 regem
3148 5276 3302 5315 suum
3330 5261 3585 5319 Ethelred

2010 5329 2341 5389 occiderunt.
2375 5350 2391 5381 ι
2414 5329 2500 5401 ΔΛᾶ
2530 5329 2644 5384 hzec
2685 5329 2919 5401 eclypsis
2940 5329 3182 5401 lunaris,
3210 5345 3327 5401 qua:
3357 5334 3587 5401 septimo

2012 5401 2282 5471 Ethelredi
2314 5399 2456 5471 regis
2483 5414 2640 5471 anno,
2679 5398 2871 5467 dieilue
2895 5398 2965 5471 28
2988 5400 3188 5453 mensis
3223 5398 3432 5465 Martii,
3451 5399 3587 5457 feria

2013 5470 2266 5533 secunda,
2291 5468 2413 5541 pos]
2438 5468 2678 5541 mediam
2706 5476 2917 5523 noctem
2946 5470 3047 5541 hoc
3071 5482 3213 5541 anno
3229 5539 3237 5541 _
3253 5471 3494 5541 contigit,
3528 5479 3590 5526 ut

2013 5536 2318 5597 observavit
2361 5536 2623 5609 Calvisius
2652 5539 2705 5609 in
2726 5552 2889 5609 opere
2933 5538 3330 5609 cbronologico,
3357 5536 3590 5609 pertinet

2014 5610 2094 5682 ad,
2110 5615 2426 5682 praesentem
2472 5604 2617 5682 (79(3)
2647 5604 2845 5682 Qbristi
2893 5604 3218 5682 annum,_agf
3246 5604 3405 5681 quem
3446 5610 3587 5682 idem

2014 5675 2333 5761 Ethelredus
2374 5675 2617 5758 pervenit
2644 5675 2861 5801 (Pa‘g7ius
2887 5678 2954 5734 ad
2989 5693 3077 5734 an.
3108 5678 3232 5747 796,
3263 5675 3420 5735 bum.
3470 5679 3581 5748 25).

2017 5750 2137 5801 Vid.
2168 5757 2332 5801 etiam
2360 5755 2519 5801 emst.
2560 5746 2617 5800 ll
2648 5754 2701 5801 et
2798 5786 2812 5800 .

1973 5820 1987 5827 -
2017 5750 2137 5806 Vid.
2168 5749 2332 5804 etiam
2360 5747 2519 5817 epist.
2560 5746 2617 5800 ll
2648 5754 2701 5802 et
