4070 6182
436 343 531 396 iiii

441 461 558 508 rcat
581 451 636 506 in
655 458 939 507 aiternum.
975 445 1109 501 Dum
1141 443 1316 498 lucem
1348 443 1532 505 babes,
1564 455 1742 503 curre,
1773 452 2022 510 propera,
2054 445 2107 500 Α

443 543 636 596 festina
659 540 725 593 ad
752 538 846 591 Dei
876 533 1323 596 misericordiam,
1349 532 1439 601 qui
1481 540 1701 602 paratus
1741 537 1824 584 est
1849 528 2021 599 poeni-

444 642 620 690 tentes
666 630 939 698 suscipere
973 635 1028 683 et
1047 634 1422 683 convertentes
1447 624 1515 679 ad
1548 640 1608 679 se
1633 621 1923 685 consolari,
1954 634 2022 674 ne

445 725 625 779 veniat
649 720 743 774 tibi
770 720 906 785 dies,
938 733 1044 788 qua
1085 717 1220 772 velis
1237 726 1293 772 et
1328 732 1434 771 non
1462 715 1657 784 possis.
1684 713 1804 767 Noli
1831 712 2025 766 erube-

447 811 706 867 scentiam
734 823 1003 880 opponere
1047 808 1144 863 tibi
1186 806 1488 862 dimittendi
1511 803 1664 877 [Hs.,
1687 799 2023 873 demittendi]

446 901 588 970 quod
625 899 812 969 cepisti
843 917 856 954 :
886 899 1058 969 major
1093 905 1177 952 est
1219 894 1589 950 erubescentia
1617 893 1852 946 animam
1881 899 2026 944 tuam

446 991 831 1062 perpetualiter
866 991 1063 1059 perire,
1095 1002 1255 1056 quam
1285 985 1476 1055 impios
1511 984 1657 1038 viros
1680 980 2026 1051 prmscntiali-

451 1093 536 1138 ter
560 1083 838 1147 deserere;
870 1081 964 1137 sed
991 1080 1181 1151 magis,
1211 1079 1256 1133 si
1279 1077 1544 1148 quoslibet
1585 1091 1652 1131 ex
1674 1075 1778 1129 illis
1812 1087 2032 1128 conver-

453 1183 569 1229 tere
593 1175 773 1228 valeas
805 1175 873 1228 ab
896 1174 1178 1242 impetrata
1212 1166 1562 1241 [perpetrata]
1587 1165 1809 1231 malitia,
1839 1164 1926 1217 fac
1951 1163 2033 1218 di-

457 1263 703 1331 ligenter,
742 1272 801 1318 ut
849 1263 1047 1316 habeas
1087 1260 1392 1314 mercedem
1438 1255 1804 1312 conversionis
1852 1262 1957 1308 tum
2000 1269 2032 1306 a

457 1357 620 1421 malo,
649 1364 704 1409 et
726 1355 947 1408 alterius
983 1353 1204 1424 pariter.
1234 1352 1300 1405 Et
1345 1351 1460 1406 haec
1507 1355 1590 1403 est
1625 1347 1886 1413 Charitas,
1914 1361 2034 1416 qua:

455 1446 680 1515 cooperit
707 1443 1092 1498 multitudinem
1117 1451 1443 1512 peccatorum
1489 1439 1542 1510 (Ι
1569 1438 1713 1492 Petr.
1742 1453 1816 1502 tv,
1844 1437 1930 1507 9);
1978 1443 2036 1491 et

459 1533 574 1588 hzec
601 1532 806 1589 faciens
838 1533 958 1586 vive
993 1530 1222 1586 feliciter
1245 1538 1300 1585 et
1345 1528 1520 1583 valeto
1542 1528 1597 1582 in
1645 1541 1798 1596 pace.
1835 1526 2038 1594 Depre-

455 1637 556 1678 cor
578 1630 637 1678 ut
659 1624 773 1678 haec
794 1621 1036 1677 chartula
1057 1620 1252 1689 saepius
1278 1619 1334 1673 in
1376 1617 1664 1687 przesentia
1691 1615 1900 1687 legatur
1922 1624 2034 1676 tua,

461 1723 522 1769 ut
543 1715 843 1770 recorderis
867 1713 943 1767 tui
967 1713 1136 1782 ipsius
1153 1712 1206 1764 in
1232 1711 1362 1774 Deo,
1387 1717 1442 1764 et
1467 1723 1761 1779 cognoscas
1780 1716 2037 1778 quantam

1305 335 1364 388 Β.
1405 333 1467 387 F.
1500 329 1724 386 ALBlNl
1763 327 1892 385 SEU
1931 325 2206 383 ALCUIN]
2241 324 2523 383 OPERUM
2560 325 2738 382 PARS
2770 327 2812 381 L
3595 326 3646 380 22

3676 333 3702 384 3

2638 433 2971 491 EPISTOLA
3010 433 3189 490 LXIII.

2404 532 2470 570 AD
2509 529 2814 571 εοεκυινυιι
2855 527 3032 569 REGE!
3071 527 3402 568 IEBCIORUI.

2719 605 2896 675 (Anno
2955 603 3106 676 796.)
3168 643 3176 660 .

2213 699 2294 752 Ad
2322 713 2535 768 regnum
2561 704 2791 752 evectum
2824 695 3068 748 hortatur
3093 694 3164 748 ad
3189 695 3360 765 regias
3381 695 3614 750 virtutes.

2197 789 2662 846 Excellentissimo
2687 789 2806 843 viro
2846 788 2874 827 ιι
2920 787 3181 843 C(enulvo
3232 787 3349 858 regi
3388 786 3710 843 Merciorum

2128 883 2347 940 humilis
2369 882 2529 936 levita
2562 880 2789 935 Albinus
2816 879 3067 933 salutem.

2199 972 2364 1027 Multa
2389 970 2521 1025 mihi
2550 969 2735 1024 laetitia
2761 977 2842 1023 est
2867 969 2932 1023 de
2950 976 3129 1022 vestra
3155 967 3415 1032 bonitate,
3446 967 3706 1023 modestia

2127 1072 2184 1119 et
2213 1063 2496 1119 nobilitate
2523 1076 2753 1124 morum,
2783 1060 2924 1114 sicut
2964 1060 3172 1130 regiam
3211 1060 3528 1128 dignitatem
3557 1062 3712 1117 decet

2129 1156 2370 1219 omnino,
2422 1161 2482 1207 ut
2535 1159 2737 1222 quanto
2775 1151 3060 1207 sublimior
3105 1158 3190 1206 est
3245 1151 3450 1206 honore
3476 1153 3706 1219 caeteris,

2129 1251 2282 1300 tanto
2309 1243 2538 1298 nobilior
2567 1243 2637 1296 sit
2661 1241 2807 1295 omni
2844 1255 3054 1294 morum
3091 1239 3440 1310 perfectione,
3484 1239 3709 1310 iustitiae

2132 1336 2346 1398 decore,
2405 1332 2621 1404 pietatis
2669 1331 2986 1395 sanctitate;
3037 1330 3165 1398 quia
3223 1329 3509 1384 clementia
3565 1331 3712 1401 regis

2132 1427 2376 1482 omnium
2411 1423 2710 1487 hominum,
2741 1431 2802 1476 ut
2832 1421 2886 1476 in
2927 1421 3165 1490 antiquis
3209 1420 3408 1489 legitur
3448 1421 3712 1485 historiis,

2135 1515 2398 1572 excellere
2419 1514 2572 1568 decet
2596 1511 3042 1576 consuetudines;
3075 1510 3237 1565 etiam
3263 1518 3318 1564 et
3345 1520 3532 1565 sancta
3567 1509 3714 1567 Scri-

2135 1616 2292 1679 ptura
2338 1605 2586 1661 dicente:
2620 1602 2985 1658 Misericordia
3025 1610 3080 1656 et
3123 1603 3325 1656 veritas
3372 1601 3575 1656 exaltat
3622 1618 3714 1658 so-

2140 1699 2271 1754 lium
2295 1696 2474 1769 (Prov.
2509 1712 2598 1760 xx,
2625 1693 2738 1767 28).
2763 1694 2831 1749 Et
2859 1694 2913 1748 in
2948 1692 3178 1748 Psalmis
3221 1692 3288 1747 de
3328 1692 3441 1748 Deo
3468 1694 3716 1763 omnipo-

463 1819 647 1859 curam
671 1805 783 1874 jam
803 1804 962 1872 longe
987 1803 1191 1872 positus
1208 1801 1436 1856 habeam
1459 1799 1649 1854 salutis
1674 1806 1798 1854 tum.
1828 1797 1886 1853 Si
1907 1797 2037 1868 quid
2072 1782 2114 1842 Β
2140 1788 2270 1844 tenti
2305 1787 2540 1850 dicitur;
2586 1783 2854 1838 Univeme
2895 1784 2991 1838 vim
3022 1782 3234 1836 Domini
3279 1783 3636 1837 misericordia
3663 1791 3714 1838 et

463 1895 642 1950 valeas
663 1895 886 1949 suadere
911 1893 1078 1964 genti,
1104 1906 1227 1946 cum
1257 1906 1361 1960 qua
1411 1889 1563 1945 exsul
1603 1889 1732 1955 eris,
1763 1888 1831 1944 de
1868 1887 2040 1944 salute

464 2001 582 2050 sua,
613 1986 723 2041 noli
753 1985 1042 2056 negligere,
1071 1991 1132 2037 ut
1159 1983 1318 2038 citius
1341 1981 1436 2037 Dei
1462 1980 1695 2036 donante
1722 1979 1893 2050 gratia
1921 1993 2041 2048 per-

464 2075 650 2131 venias
669 2075 738 2130 ad
761 2082 905 2129 tuam
933 2073 1096 2128 etiam
1121 2071 1370 2126 salutem.

988 2159 1321 2216 EPISTOLA
1345 2159 1504 2214 LXII.

815 2267 884 2306 AD
919 2267 1170 2316 QUEIDAI
1211 2264 1684 2304 Αιιοηιεριερονυι.

1078 2343 1256 2416 (Λιιηο
1295 2341 1440 2415 796.)

474 2439 696 2494 Nuntiat
719 2455 846 2505 sese,
878 2437 1121 2508 depositis
1153 2435 1333 2490 swculi
1359 2431 1802 2508 occupationibus,
1833 2447 2042 2503 prarpa-

857 2505 975 2561 rare
1001 2507 1069 2560 ad
1091 2521 1367 2560 occursum
1395 2505 1628 2558 Domini.

540 2598 892 2653 Sanctissimo
915 2597 1054 2666 patri
1080 2595 1502 2665 archiepiscopo,
1533 2594 1752 2650 humilis
1783 2593 1923 2649 filius
1947 2593 2042 2648 Al-

467 2689 666 2744 euinus
691 2689 941 2744 salutem.

539 2779 687 2835 Sciat
713 2779 1023 2834 dulcissima
1069 2776 1411 2847 paternitatis
1435 2785 1628 2831 vestra:
1654 2776 1870 2832 dilectio
1903 2778 2046 2846 quod

458 2886 570 2940 ego
612 2869 753 2925 filius
807 2877 946 2932 tuus,
994 2880 1020 2909 ι
1072 2867 1253 2922 saeculi
1294 2864 1736 2936 occupationibus
1767 2866 2040 2938 depositis,

465 2961 574 3016 soli
607 2961 720 3015 Deo
761 2973 952 3014 vacare
991 2957 1256 3012 desidero.
1289 2956 1412 3012 ideo
1457 2957 1716 3025 deprecor
1735 2955 2044 3010 Almitatem

2137 1879 2326 1934 ueritas
2369 1874 2540 1948 (Psal.
2568 1889 2715 1937 xxiv,
2749 1873 2859 1946 10).
2885 1872 3153 1940 Quantum
3181 1871 3408 1948 quisque
3433 1871 3554 1941 plus
3573 1873 3716 1927 veri-

2138 1968 2265 2022 tatis
2290 1975 2344 2022 et
2364 1943 2749 2020 misericordia:
2780 1943 3032 2033 operibus
3058 1959 3246 2032 fulget,
3274 1943 3425 2015 tanto
3451 1960 3714 2032 majorem

2139 2059 2302 2116 habet
2326 2057 2380 2111 in
2402 2070 2460 2110 se
2485 2054 2781 2110 divinitatis
2806 2052 3112 2122 imaginem.

2208 2147 2361 2202 Illum
2389 2159 2601 2215 semper
2630 2145 2836 2200 habeas
2870 2144 2926 2198 in
2967 2149 3167 2206 mente,
3203 2153 3225 2180 ο
3275 2139 3367 2210 qui
3394 2147 3446 2194 te
3488 2152 3716 2208 egenum

2139 2237 2410 2301 exaltavit,
2439 2245 2493 2291 et
2513 2234 2692 2306 posuit
2718 2249 2880 2305 super
2899 2233 3168 2304 principes
3179 2229 3360 2301 populi
3386 2229 3488 2284 sui.
3519 2228 3718 2283 Recto-

2142 2344 2258 2384 rem
2289 2337 2340 2383 te
2374 2327 2545 2397 magis
2570 2341 2819 2396 agnosce,
2872 2331 3146 2394 pastorem
3195 2331 3250 2377 et
3290 2322 3718 2392 dispensatorem

2141 2419 2404 2474 donorum
2435 2416 2552 2482 Dei,
2583 2431 2744 2486 quam
2775 2415 3051 2470 dominum
3074 2413 3159 2468 vel
3191 2421 3520 2468 exactorem.
3564 2409 3719 2466 Sem—

2140 2525 2238 2580 per
2271 2509 2326 2564 in
2364 2517 2542 2564 mente
2576 2508 2776 2562 habeas
2799 2507 3034 2577 Optimos
3074 2504 3102 2544 ἀ
3133 2503 3451 2560 nobilissimi
3471 2515 3716 2558 anteces-

2141 2601 2282 2656 soris
2311 2601 2386 2655 tui
2415 2613 2612 2665 mores,
2635 2599 2952 2653 modestiam
2978 2597 3033 2650 in
3062 2595 3493 2660 conversatione,
3522 2602 3576 2648 et
3603 2601 3718 2648 stu-

2143 2692 2290 2748 dium
2319 2692 2373 2746 in
2422 2691 2739 2762 corrigendo
2767 2690 2932 2744 vitam
2971 2687 3151 2758 populi
3193 2686 3505 2742 Christiani.
3551 2685 3718 2753 Quid-

2144 2783 2275 2856 quid
2297 2795 2428 2838 vero
2451 2781 2539 2836 ille
2566 2781 2620 2835 in
2641 2795 2806 2850 regno
2829 2779 2924 2834 tibi
2951 2794 2982 2832 a
3005 2778 3115 2834 Deo
3134 2779 3260 2833 dato
3283 2778 3420 2832 bene
3439 2777 3720 2847 disposuit,

2145 2876 2246 2931 hoc
2282 2881 2375 2928 tua
2407 2871 2812 2943 diligentissime
2841 2876 3197 2940 prosequatur
3225 2868 3438 2924 devotio
3463 2882 3478 2922 :
3517 2870 3565 2922 si
3594 2865 3722 2936 quid

2145 2979 2274 3019 vero
2297 2977 2458 3017 avare
2483 2961 2568 3015 vel
2593 2960 2880 3015 crudeliter
2909 2960 3093 3031 gessit,
3130 2959 3234 3014 hoc
3261 2959 3480 3014 omnino
3503 2958 3599 3014 tibi
3629 2973 3722 3012 ea.

470 3061 730 3114 vestram,
767 3057 827 3103 ut
851 3063 936 3102 me
972 3046 1182 3102 eximite
1204 3047 1506 3102 sanctitatis
1527 3056 1717 3105 vestrae
1743 3047 2046 3102 benedictio
2145 3068 2271 3112 vere
2292 3051 2656 3108 necessarium
2701 3065 2820 3105 esse
2848 3064 3096 3119 agnosce,
3126 3048 3244 3104 Non
3279 3049 3421 3104 enim
3450 3048 3564 3104 sine
3594 3063 3724 3103 ca“-

469 3151 526 3195 ct
573 3139 747 3193 oratio
791 3144 1182 3206 consequatur,
1225 3145 1490 3206 quatenus
1536 3137 1714 3191 divina
1761 3137 2042 3191 clementia
2072 3127 2116 3189 C
2148 3161 2206 3200 sa
2242 3156 2266 3182 ο
2309 3142 2669 3198 nobilissimus
2718 3139 2860 3195 ﬁlius
2911 3139 3052 3194 illius
3104 3149 3212 3196 tam
3257 3154 3424 3208 parvo
3481 3147 3724 3207 tempore

471 3246 671 3300 paucos
695 3231 819 3284 vita:
847 3245 978 3284 meae
1007 3228 1124 3284 dies
1157 3229 1249 3298 qui
1301 3228 1592 3296 supersint,
1634 3227 1690 3281 in
1735 3241 1834 3282 suo
1860 3235 2043 3281 sancto

2147 3234 2282 3288 vixit
2319 3248 2481 3303 super
2511 3242 2753 3303 patrem;
2795 3249 2938 3303 saepe
2965 3235 3158 3289 merita
3179 3235 3349 3304 patris
3376 3234 3721 3289 vindicantur

472 3319 694 3374 servitio
717 3319 784 3374 ad
810 3318 1034 3372 salutem
1062 3317 1254 3372 animae
1275 3332 1407 3370 mea:
1436 3331 1756 3370 conservare
1777 3316 2042 3386 dignetur.

473 3409 610 3463 Dum
635 3407 780 3462 omni
808 3406 1010 3462 homini
1040 3419 1260 3460 necesse
1303 3411 1386 3458 est
1415 3404 1561 3472 vigili
1597 3418 1726 3458 cura
1757 3417 1814 3457 se
1841 3418 2047 3471 prmpn-

472 3512 595 3552 rare
622 3498 689 3552 ad
715 3511 995 3551 occursum
1017 3494 1230 3548 Domini
1267 3492 1362 3547 Dei
1390 3493 1493 3557 sui,
1516 3501 1717 3562 quanto
1760 3492 1931 3562 magis
1964 3507 2047 3545 se-

472 3589 734 3652 nioribus,
759 3586 851 3657 qui
873 3593 999 3642 sunt
1021 3585 1178 3638 annis
1200 3593 1254 3639 et
1277 3582 1680 3638 infirmitatibus
1701 3583 1906 3639 crebris
1921 3600 2050 3639 con-

471 3678 654 3744 fracti,
681 3693 807 3732 suas
847 3676 1075 3731 sollicita
1121 3689 1253 3730 cura
1299 3673 1571 3742 lampades
1615 3687 1834 3737 ornare,
1862 3681 1923 3726 ut
1967 3672 2048 3727 di-

475 3784 614 3839 gnus
647 3769 880 3823 donante
911 3765 1022 3819 Deo
1069 3764 1332 3818 efﬁciatur
1379 3763 1680 3818 lucentibus
1713 3761 2048 3832 lampadibus

476 3859 631 3931 μὴ..
661 3854 956 3928 lampades]
986 3869 1271 3910 occurrere
1316 3853 1520 3909 caelein
1549 3867 1766 3922 sponso,
1793 3867 1862 3906 ne
1903 3851 2048 3908 foras

472 3961 619 4008 stare
647 3956 892 4019 cogatur,
923 3945 1247 4001 intrantibus
1269 3945 1390 4000 aliis
1415 3944 1482 3999 ad
1505 3943 1807 3999 convivium
1830 3943 2048 4012 superni

473 4044 636 4113 regis,
668 4040 812 4111 quod
863 4038 1038 4108 pietas
1079 4036 1290 4092 Domini
1345 4035 1518 4090 nostri
1564 4034 1691 4089 Jesu
1729 4033 1932 4088 Christi
1961 4049 2050 4087 me

474 4135 669 4190 Filium
707 4141 857 4187 tuum
900 4129 1194 4190 vobiscum,
1225 4126 1564 4182 sanctissime
1586 4124 1762 4186 Pater,
1790 4132 2047 4194 perpetua

473 4223 831 4296 prosperitate
862 4221 1064 4274 intrare
1107 4217 1384 4272 concedat.
1417 4215 1674 4269 Dominus
1695 4213 1841 4268 Deus
1880 4229 2045 4269 vene—

473 4316 700 4372 randam
733 4309 1034 4368 sanctitatis
1077 4313 1270 4360 vestra:
1308 4305 1570 4361 caniciem
1605 4315 1912 4360 sanctarum
1951 4305 2048 4360 do-

473 4407 560 4462 nis
583 4406 840 4459 virtutum
873 4399 1091 4473 [Supple
1131 4394 1342 4461 florere,
1373 4395 1449 4451 uel
1476 4395 1666 4468 simile]
1693 4394 1874 4460 faciat,
1906 4396 2046 4450 desi-

471 4494 849 4551 derantissime
879 4490 1064 4545 Pater!

538 4639 568 4666 ι
585 4624 775 4680 διεσαιὶ
790 4621 1210 4693 occupationibus
1231 4619 1891 4693 dimositis._lluc_pertinet,
1907 4621 2051 4690 quod

475 4695 731 4751 Alcuinus
753 4690 940 4748 scribit
980 4691 1032 4746 in
1053 4691 1209 4760 epist.
1241 4690 1342 4745 129
1377 4691 1444 4744 ad
1483 4690 1739 4760 Carolum
1761 4691 1883 4744 data
1907 4706 2050 4746 anno

476 4766 600 4820 80f.
635 4781 654 4814 ι
682 4763 835 4827 Fere,
869 4760 1060 4830 inquit,
1084 4759 1223 4814 ante
1257 4759 1824 4830 hocquinquennium
1856 4759 1931 4830 (id
1967 4769 2052 4815 est

477 4851 618 4890 anno
645 4832 746 4888 796
771 4832 789 4898 )
820 4828 1102 4886 saeculares
1145 4828 1543 4898 occupationes,
1566 4830 1733 4887 Deum
1755 4828 2050 4892 testennon

478 4905 605 4960 ficto
645 4898 808 4960 corde
843 4900 1111 4957 declinare
1129 4899 1396 4969 cogitavi;
1420 4899 1514 4969 sed
1533 4911 1733 4969 vestrae
1751 4898 1851 4966 pia»,
1870 4900 2050 4968 provi.

475 4974 673 5028 dentiae
721 4971 949 5027 consilio
974 4965 1262 5022 translatus
1302 4983 1420 5023 sum
1452 4967 1506 5020 in
1553 4965 1830 5020 servitium
1871 4965 2049 5024 sancti

479 5042 718 5108 Martini,
765 5040 887 5095 fidei
933 5038 1212 5108 catholicae
1255 5035 1717 5108 et__eeclesiastiete
1763 5037 2049 5104 sanctioni,

479 5111 590 5168 Deo
617 5105 867 5188 donante,
893 5107 1211 5181 proficuum.
1249 5125 1268 5160 ι
1302 5105 1762 5188 Ηίηίξ-Λςρίειοιςξη
1805 5121 2048 5188 praesen—

482 5189 588 5236 tem
612 5173 867 5250 scriptam
893 5173 1014 5250 esse
1035 5191 1241 5250 censeo
1257 5173 1530 5250 anno_796
1544 5190 1651 5250 quo
1667 5173 1924 5250 Alcuinus
1944 5192 2051 5250 gae-

479 5251 586 5305 uili
609 5245 1048 5320 occupationibus
1061 5245 1318 5318 depositis
1333 5245 1510 5320 aulam
1535 5245 1842 5313 relinquens
1866 5247 1920 5300 in
1943 5246 2052 5320 Tu-

483 5333 713 5376 ronense
746 5315 1147 5374 "monasterium
1183 5317 1428 5381 secessit,
1476 5315 1543 5370 de
1587 5329 1694 5385 quo
1727 5328 1944 5372 secessu
1995 5315 2050 5370 in

481 5386 800 5458 Prtefatione
835 5387 1068 5458 generali
1090 5387 1243 5458 p_l_ura
1265 5385 1516 5458 diximus.

553 5457 582 5497 ι’
619 5454 882 5513 ϐωτιαιυὸ.
920 5456 1056 5510 Aliis
1091 5454 1362 5525 'Kenutfus
1412 5454 1737 5525 nominatur,
1786 5455 1881 5522 qui
1927 5463 2050 5524 post

480 5525 912 5605 obitumJngridi
959 5525 1203 5605 diadema
1251 5523 1401 5597 regni
1451 5523 1770 5605 Merciorum
1815 5523 2052 5605 suscepit

483 5610 624 5650 anno
671 5593 781 5650 796
827 5603 951 5650 ante
1005 5595 1144 5649 diem
1198 5593 1398 5649 nonum
1443 5595 1643 5650 mensis
1696 5593 2046 5656 Novembris,

477 5665 628 5734 juxta
669 5663 945 5734 calculum
987 5663 1320 5734 celeberrimi
1371 5663 1519 5734 Pagii
1555 5665 1622 5718 ad
1667 5679 1866 5718 sonitm
1922 5662 2045 5725 79o,

483 5731 629 5791 num.
657 5733 745 5799 25,
769 5741 823 5787 et
856 5732 979 5797 821,
1020 5747 1164 5784 num.
1194 5731 1264 5784 22
1293 5740 1345 5784 et
1371 5732 1459 5786 25.

2148 3325 2202 3379 in
2227 3324 2352 3379 filiis
2382 3323 2534 3395 [Ms.,
2561 3324 2742 3397 filios].
2787 3325 2997 3380 Habeas
3025 3325 3362 3381 consiliarios
3401 3325 3718 3394 prudentes,

2147 3414 2316 3469 Deum
2349 3414 2614 3480 timentes,
2638 3413 2903 3482 justitiam
2927 3425 3190 3480 amantes,
3217 3430 3406 3485 pacem
3433 3430 3555 3470 cum
3580 3414 3719 3469 ami-

2146 3506 2224 3560 cis
2252 3504 2638 3568 desiderantes,
2671 3505 2832 3560 fidem
2870 3513 2926 3560 et
2954 3505 3294 3559 sanctitatem
3338 3505 3393 3558 in
3437 3518 3721 3559 conversa-

2147 3593 2292 3648 tione
2323 3593 2412 3661 pia
2450 3593 2814 3648 ostendentes.
2849 3592 2992 3648 Gens
3017 3593 3162 3648 enim
3199 3593 3497 3662 Anglorum
3539 3593 3722 3647 multis

2145 3695 2366 3756 propter
2390 3694 2608 3756 peccata
2628 3685 2882 3755 fatigatur
2904 3683 3356 3747 tribulationibus,
3387 3698 3506 3752 quae
3529 3697 3721 3752 regum

2147 3779 2406 3841 bonitate,
2441 3785 2496 3831 et
2524 3777 2864 3832 sacerdotum
2884 3775 3085 3830 Christi
3116 3771 3518 3844 praedicatione,
3547 3781 3722 3844 etpo-

2146 3870 2256 3938 puli
2289 3869 2545 3940 religione
2576 3869 2828 3939 erigenda
2855 3877 2938 3922 est
2977 3867 3045 3922 ad
3076 3865 3283 3935 antiqui
3310 3864 3522 3919 culmen
3554 3864 3723 3920 hono-

2147 3960 2251 4026 ris;
2299 3966 2566 4028 quatenus
2595 3957 2878 4013 benedicta
2915 3964 3128 4026 patrum
3175 3963 3482 4010 nostrorum
3527 3968 3719 4024 proge-

2140 4053 2264 4106 nies
2301 4062 2614 4121 perpetuam
2661 4057 2931 4104 mereatur
2976 4047 3253 4118 possidere
3293 4045 3625 4108 felicitatem,
3663 4053 3724 4099 et

2146 4139 2427 4209 praesentis
2452 4137 2602 4207 regni
2635 4137 3004 4200 stabilitatem,
3045 4146 3100 4191 et
3129 4143 3314 4190 contra
3336 4133 3584 4187 inimicos
3607 4128 3721 4186 for-

2148 4228 2448 4290 titudinem,
2482 4235 2543 4281 ut
2573 4226 2812 4281 Ecclesia
2853 4225 3054 4280 Christi
3102 4234 3305 4281 crescat
3346 4233 3402 4279 et
3427 4224 3675 4294 proficiat
3702 4264 3720 4289 ,

2146 4318 2286 4372 sicut
2323 4332 2353 4372 a
2393 4317 2594 4371 sanctis
2619 4315 2869 4372 Patribus
2927 4316 3174 4372 ordinata
3219 4323 3353 4370 erat.
3402 4314 3721 4370 Sacerdotes

2147 4405 2345 4461 Christi
2373 4421 2602 4475 semper,
2631 4405 2930 4461 clarissime
2959 4416 3160 4470 rector,
3179 4404 3475 4462 honorifice
3495 4405 3713 4468 habeas,

2076 4471 2125 4530 D
2149 4497 2272 4566 quia
2297 4471 2636 4564 quanto-plus
2659 4494 2859 4550 Christi
2895 4510 3099 4561 servos,
3129 4503 3186 4550 et
3212 4494 3360 4551 verbi
3401 4494 3496 4549 Dei
3523 4493 3718 4563 praedi-

2221 4640 2242 4670 c
2289 4627 2392 4693 Qui
2435 4638 2484 4680 te
2508 4643 2724 4693 egenum
2748 4626 3014 4682 exultavit.
3053 4626 3361 4691 Enimvero,
3387 4633 3444 4680 ut
3479 4622 3721 4693 Alfortus

2149 4699 2217 4753 ad
2261 4692 2456 4752 annum
2487 4692 2589 4751 797
2621 4697 2734 4751 ait:
2769 4715 2788 4747 ‹
2827 4695 3086 4752 Kenulfus
3127 4695 3273 4751 nullo
3311 4693 3453 4760 jure,
3500 4692 3726 4748 titulove

2149 4709 2217 4753 ad
2261 4713 2456 4752 annum
2488 4709 2587 4751 797
2621 4709 2734 4751 ait:
2769 4715 2788 4747 ‹
2829 4709 3086 4752 lienuttus
3127 4709 3273 4751 nllth
3339 4710 3453 4760 ure,
3500 4709 3724 4748 tttutove

2149 4767 2446 4837 sanguinis,
2475 4766 2567 4820 sed
2593 4766 2763 4822 solum
2790 4766 3044 4821 virtutum
3081 4765 3276 4820 merito
3305 4709 3567 4835 (ngrido)
3598 4776 3724 4816 suc-

2149 4840 2329 4892 cessit.
2366 4836 2490 4890 Fuit
2511 4835 2705 4890 Penda:
2729 4850 2916 4900 nepos,
2957 4851 3024 4890 ex
3051 4834 3380 4890 Chenalchio
3409 4832 3596 4896 fratre,
3629 4829 3723 4900 qui

2149 4851 2329 4892 cessn.
2367 4851 2490 4890 run
2513 4851 2705 4890 Hennae
2729 4851 2916 4906 nepos,
2957 4851 3024 4890 ex
3051 4851 3380 4890 unenalcnio
3409 4851 3596 4896 ll'au'e,
3629 4851 3723 4900 qui

2150 4907 2488 4962 Kentwinum
2517 4905 2718 4975 genuit,
2747 4913 2802 4958 et
2828 4905 2918 4960 ille
2943 4904 3296 4960 Cutlibertum
3332 4900 3594 4968 Kenulphi
3626 4913 3725 4968 pa-

2153 4985 2648 5099 mgmyvool’riliuimi
2672 5045 3029 5099 antecessoris.
3065 5041 3236 5098 foam
3273 5040 3591 5096 Merciorum
3637 5053 3730 5092 re-

2149 5129 2271 5186 gem
2297 5123 2468 5180 notat,
2514 5114 2618 5169 hoc
2665 5128 2807 5170 anno
2847 5113 3176 5178 defunctum,
3235 5119 3295 5166 ut
3340 5109 3535 5179 saepius
3583 5107 3723 5162 dixi-

2153 5200 3004 5335 mg‘sivoopiliuimus’ﬁliusfilius,
3031 5249 3313 5335 ngridus.‘
3334 5245 3733 5335 Causam‘prf-

2151 5323 2348 5404 φαίητε
2375 5320 2534 5404 lisias
2573 5315 3034 5404 obi‘08,A'9"i998
3079 5315 3135 5404 in
3179 5319 3406 5404 θνὲείοια
3431 5315 3732 5404 999%??-

2151 5401 2266 5446 tum
2313 5390 2608 5460 patritium,
2662 5403 2783 5459 quae
2830 5390 3192 5456 desideratur,
3243 5391 3386 5445 hanc
3437 5390 3675 5457 assignat
3713 5407 3726 5442 :

2155 5479 2175 5510 c
2206 5458 2561 5540 lflon,_inqu_it,
2585 5459 2656 5514 ob
2678 5467 2900 5528 peccata
2942 5475 3039 5516 sua
3054 5461 3282 5540 _(morte
3319 5456 3563 5538 sublatus
3590 5461 3726 5540 esti!

2149 5528 2395 5609 sed‘quia
2423 5523 2588 5609 pater.
2619 5523 2750 5583 suus
2793 5523 3356 5609 pro-eonfij‘lnatiqne
3380 5525 3556 5609 ,ωερί
3578 5523 3726 5609 ‘ejus

2151 5593 2376 5651 multum
2405 5593 2718 5667 sanguinem
2755 5593 2958 5655 efl‘udit.
3001 5618 3021 5652 ο
3053 5593 3545 5655 Malmeshuriensis
3578 5593 3674 5648 lib.
3704 5607 3724 5646 ι

2151 5667 2282 5735 Reg.
2311 5664 2466 5736 Angl.
2495 5679 2611 5736 cap.
2639 5667 2694 5721 4.

3509 5807 3580 5832 ..με
