4070 6182
285 375 396 434 935

1738 372 2097 429 EPISTOLAE
2110 413 2123 429 .

3455 380 3559 437 954
3610 396 3615 405 ί

284 503 503 552 catores
524 490 907 551 venerabiliter
931 493 1212 560 observas,
1245 499 1393 548 tanto
1416 491 1587 563 magis
1620 490 1871 548 Christus
1901 490 1949 549 Α
1977 497 2034 545 ut
2073 476 2326 560 proﬁcias
2369 490 2422 545 in
2461 480 2746 560 sapientia,
2788 491 2841 546 in
2890 507 3092 560 amore,
3144 503 3198 551 et
3218 496 3425 553 honore
3466 508 3566 555 C0-

283 602 384 644 rex
411 603 574 644 verus
604 595 660 642 et
683 586 805 657 pius
819 595 970 641 tuum
989 586 1250 641 honorem
1275 582 1477 639 exaltat
1501 591 1556 638 et
1569 576 1874 646 conﬁrmat,

285 684 492 741 sanctis
503 682 620 739 suis
637 677 1115 738 intercedentibus.
1143 678 1366 743 Summa
1390 676 1579 733 mterni
1602 676 1746 747 regis
1769 675 1880 745 pie-

284 780 371 829 tas
401 787 502 828 vos
527 771 773 844 longteva
800 770 1162 843 prosperitate
1218 783 1447 840 regnare
1494 766 1777 832 concedat,
1825 774 1881 821 ct

281 865 533 937 perpetui
569 865 721 939 regni
749 864 1139 921 beatitudinem
1167 863 1322 920 vobis
1343 862 1579 918 tribuam
1607 861 1876 933 dignetur,

282 956 507 1013 domine
545 952 1062 1012 desiderantissime.

801 1060 1137 1137 EPISTOLA
1174 1062 1360 1121 LXIV.

876 1171 946 1212 AD
997 1168 1287 1212 SIIEONEI.

901 1245 1079 1318 (Anno
1129 1242 1276 1315 796.)

283 1338 605 1398 Memoriam
639 1337 965 1395 commendat
993 1336 1313 1393 traditarum
1333 1334 1433 1390 sibi
1462 1332 1588 1389 olim
1614 1332 1883 1389 doctrina-

779 1424 896 1461 rum
922 1416 970 1460 et
1012 1422 1169 1461 novas
1209 1403 1379 1459 addit.
1834 1410 1853 1425 “

352 1500 696 1557 Veneranda:
725 1497 1002 1570 dignitatis
1021 1504 1076 1552 et
1105 1495 1429 1573 dulcissimae
1454 1492 1739 1551 charitatis
1769 1492 1878 1553 ﬁlio

282 1595 312 1634 δ
336 1590 580 1648 Simeoni
604 1604 816 1645 summo
838 1584 1102 1643 sacerdoti
1118 1584 1346 1640 Albinus
1364 1582 1644 1655 praesentis
1662 1598 1884 1655 prospe-

285 1683 473 1739 ritatis
506 1689 563 1737 et
599 1687 871 1753 perpetuae
917 1675 1268 1734 beatitudinis
1298 1676 1352 1731 in
1388 1676 1606 1734 Christo
1631 1677 1880 1732 salutem.

358 1773 526 1829 Multa
548 1770 684 1827 mihi
713 1770 906 1826 fiducia
938 1777 1020 1824 est
1044 1769 1099 1825 in
1135 1768 1242 1823 ﬁde
1260 1775 1462 1833 vestra,
1492 1777 1547 1824 et
1567 1768 1735 1823 multa
1761 1766 1879 1822 laus

286 1863 345 1919 in
373 1864 622 1919 bonitate
650 1868 861 1927 vestra;
899 1867 953 1914 ct
985 1871 1241 1929 magnum
1259 1856 1605 1924 desiderium,
1636 1868 1695 1914 ut
1717 1858 1882 1929 proli-
1912 1838 1960 1901 Β

285 1956 405 2012 cias
436 1956 504 2010 de
538 1954 624 2008 die
650 1952 705 2007 in
732 1950 875 2008 diem
903 1950 956 2006 in
983 1951 1250 2006 charitate
1296 1949 1521 2017 Christi,
1558 1952 1615 2007 in
1660 1966 1885 2006 conver-

287 2049 505 2105 satione
534 2045 801 2116 religiosm
824 2044 971 2109 vitm,
1006 2052 1061 2098 et
1091 2042 1146 2098 in
1196 2051 1490 2114 conspectu
1540 2043 1638 2099 Dei
1666 2044 1722 2099 in
1757 2057 1884 2099 san-

286 2148 504 2194 ctorum
539 2136 711 2207 gloria
743 2117 1083 2200 meritorum,
1123 2132 1189 2189 de
1227 2135 1423 2205 quibus
1452 2135 1651 2205 smpius
1679 2134 1885 2190 sancti-

289 2238 459 2285 tatem
488 2237 637 2283 tuam
677 2226 877 2282 litteris
907 2226 1043 2281 meis
1083 2226 1376 2283 admonere
1405 2227 1623 2294 curavi;
1661 2237 1721 2283 ut
1748 2228 1889 2284 sicut

290 2321 386 2376 Dei
413 2319 591 2391 gratia
633 2319 901 2395 donante,
923 2332 1116 2387 meque
1151 2325 1369 2374 teneros
1407 2318 1688 2379 erudiente
1717 2332 1889 2373 annos

285 2415 360 2471 ad
387 2416 536 2471 hunc
566 2412 800 2470 feliciter
839 2411 1197 2468 sanctissima:
1232 2411 1512 2482 dignitatis
1544 2411 1574 2451 δ
1596 2410 1893 2480 perductus

289 2521 353 2563 es
389 2505 639 2579 gradum,
672 2504 746 2559 ita
794 2512 907 2559 toto
936 2503 1116 2559 cordis
1160 2502 1266 2559 mei
1319 2500 1515 2559 aﬁ‘ectu
1562 2509 1689 2572 opto
1720 2501 1890 2555 Deum

291 2613 456 2669 quem
500 2597 764 2667 deprecor
792 2602 853 2649 ut
889 2611 1102 2666 semper
1142 2602 1197 2649 te
1225 2595 1279 2649 in
1309 2588 1583 2650 anteriora
1626 2593 1889 2650 extendas

295 2703 424 2744 enni
449 2686 726 2758 Apostolo,
769 2685 942 2741 donec
976 2687 1261 2756 pervenias
1290 2687 1359 2741 ad
1386 2687 1673 2743 sublimem
1697 2700 1893 2757 perpe-

295 2788 411 2835 tua:
456 2776 809 2835 beatitudinis
842 2792 1137 2834 coronam:
1184 2777 1239 2834 in
1288 2785 1605 2847 tanttunque
1649 2792 1892 2848 praesens

295 2880 422 2926 tuas
446 2866 659 2941 implevi
682 2870 938 2940 precibus
968 2885 1144 2939 aures,
1174 2871 1439 2926 etabsens
1452 2869 1893 2940 oculosapicibus

295 2962 620 3033 paginarum
646 2974 911 3027 mearum,
953 2970 1014 3017 ut
1038 2964 1197 3018 modo
1224 2962 1358 3017 nihil
1384 2962 1507 3018 novi
1535 2961 1778 3018 invenire
1797 2976 1892 3017 va-

298 3053 404 3119 leo,
433 3053 580 3124 qnod
611 3062 899 3109 transacta:
925 3052 1230 3110 sedulitatis
1268 3068 1403 3110 meae
1434 3053 1703 3110 devotioni
1734 3051 1889 3125 [ΗΜ

298 3152 576 3199 transacta
607 3143 912 3217 devotione]
944 3144 1114 3214 possit
1141 3145 1512 3216 superaugeri,
1537 3145 1641 3201 nisi
1664 3153 1724 3200 ut
1745 3145 1892 3202 dicta
1919 3186 1970 3257 ο

298 3234 412 3257 ημ
494 3234 707 3257 an“.-.
745 3244 981 3257 --μ-,μ
1289 3236 1531 3257 -ε.-ει-...ε
1589 3236 1890 3257 __--_j-_=_

296 3234 457 3309 [Μεη
489 3234 709 3308 dilecta]
745 3244 985 3305 paterna:
1031 3236 1250 3307 pictatis
1289 3236 1534 3308 vigilanti
1588 3236 1894 3299 recorderis

295 3326 505 3391 animo,
550 3335 609 3381 et
632 3327 832 3396 scripta
870 3327 974 3397 piae
1002 3328 1384 3387 admonitionis
1422 3328 1618 3399 saepius
1655 3328 1898 3400 relegere

297 3415 634 3471 studeasdn
658 3417 848 3485 quibus
879 3433 1007 3472 vero
1039 3418 1086 3473 si
1122 3418 1255 3488 quid
1282 3419 1463 3474 minus
1490 3435 1627 3475 mea:
1650 3420 1898 3476 dilectio-

294 3505 394 3560 nis
444 3503 593 3575 stylo
632 3514 906 3560 exaratum
967 3506 1229 3573 invenias,
1282 3523 1391 3563 non
1435 3522 1571 3564 meae
1622 3509 1781 3580 culpa
1814 3517 1899 3566 est

299 3596 620 3662 voluntatis,
670 3599 765 3652 sed
803 3598 1099 3653 obliviosus
1136 3598 1454 3668 ignorantiae
1472 3613 1653 3666 error,
1692 3601 1780 3656 cui
1817 3610 1900 3657 ta-

300 3702 425 3742 men
450 3686 537 3742 fas
563 3698 647 3742 est
682 3687 889 3759 ignosci
918 3706 932 3742 :
963 3696 1128 3759 atque
1159 3689 1366 3750 utinam
1391 3698 1585 3747 vestrm
1613 3691 1901 3747 beatitudi-

301 3779 389 3834 nis
424 3788 534 3834 tam
577 3794 749 3849 prona
796 3780 868 3834 sit
908 3779 1124 3835 devotio
1170 3780 1240 3835 ad
1272 3780 1657 3850 perﬁciendam
1685 3783 1903 3852 scripta

301 3873 690 3929 admonitionis
734 3874 952 3940 seriem,
984 3889 1148 3944 quam
1174 3889 1295 3929 mea
1331 3875 1571 3945 gaudens
1595 3883 1682 3931 est
1703 3875 1771 3931 ad
1790 3891 1903 3931 mo-
1930 3880 1935 3889 '

304 3966 541 4021 nendum
586 3965 845 4021 charitas.
900 3963 1014 4020 Hoc
1064 3971 1273 4020 tantum
1319 3980 1485 4021 unum
1523 3965 1659 4020 mihi
1695 3965 1752 4021 in
1800 3966 1903 4022 hac

304 4057 545 4112 chartula
573 4057 870 4113 admonere
899 4067 1079 4111 ratum
1115 4056 1418 4121 videbatur,
1447 4064 1715 4126 quatenus
1735 4056 1902 4112 animi

308 4150 383 4205 tui
407 4151 763 4216 nobilitatem,
801 4165 961 4220 quam
991 4150 1045 4204 in
1076 4157 1129 4204 te
1158 4149 1361 4219 optime
1400 4150 1660 4214 sciebam,
1692 4157 1747 4204 et
1777 4164 1904 4204 san-

307 4249 407 4295 ctae
444 4240 569 4296 ﬁdei
621 4240 985 4310 integritatem
1015 4254 1175 4310 quam
1208 4240 1405 4295 habere
1451 4239 1518 4294 ad
1548 4254 1747 4295 omnes
1765 4237 1902 4294 sole—

306 4329 423 4395 bas,
483 4328 649 4385 nullis
701 4329 1000 4384 amicorum
1045 4327 1320 4394 consiliis,
1370 4326 1517 4383 nulla
1562 4327 1902 4383 saecularium

308 4420 604 4475 ambitione
631 4419 1026 4476 desideriorum
1047 4418 1342 4489 corrumpi,
1371 4418 1456 4473 vel
1482 4418 1755 4473 immutari
1782 4430 1906 4488 per-

1981 597 2097 635 ram
2127 581 2236 636 Deo
2261 589 2315 635 et
2340 581 2669 649 hominibus,
2702 592 2762 638 ut
2787 584 2917 640 nihil
2944 586 3043 642 tibi
3066 588 3204 644 desit
3232 589 3286 643 in
3311 588 3417 645 ulla
3443 607 3565 663 gra-

1983 671 2075 737 tia,
2116 671 2210 729 sed
2241 672 2438 742 ubique
2490 673 2611 743 pius
2659 688 2923 745 apparens
2971 686 3026 733 et
3077 680 3325 736 amabilis
3369 680 3480 737 Deo
3509 692 3564 739 et

1980 760 2127 814 omni
2174 761 2390 832 pOpulo.
2434 761 2643 817 Vestrae
2688 763 3041 823 beatitudinis
3069 770 3462 837 auctoritatem,
3513 779 3566 827 et

1979 849 2136 904 boum
2189 851 2481 905 voluntatis
2530 851 2783 907 allectum
2847 853 2989 910 Deus
3043 856 3291 914 Christus
3346 876 3561 929 augere,

1982 939 2220 994 exaltare
2250 946 2305 995 et
2328 955 2652 995 conservare
2681 942 2932 1014 dignetur
2960 944 3012 998 in
3036 955 3292 1003 mternum
3310 989 3325 1014 ,
3355 946 3567 1006 domine

1982 1027 2057 1083 ﬁli
2087 1028 2142 1083 in
2175 1028 2391 1085 Christo
2433 1030 2772 1099 charissime,
2804 1039 2859 1088 et
2907 1033 2961 1088 in
3005 1036 3154 1091 omni
3195 1038 3336 1097 bono
3361 1030 3570 1096 deside-

1985 1119 2314 1177 rantissimc.

2513 1198 2850 1259 EPlSTOLA
2887 1202 3066 1263 LXV.

2376 1302 2444 1343 AD
2498 1304 2763 1348 SHIEONEII
2811 1310 3178 1351 SACERDOTEM.

1987 1378 2053 1435 In
2076 1383 2337 1452 prosperis
2377 1391 2423 1458 et
2447 1384 2692 1458 adversis
2717 1388 2901 1458 suadet
2937 1390 3101 1443 animi
3129 1390 3572 1458 moderationem;

2053 1466 2273 1505 munera
2320 1454 2511 1517 mittit,
2553 1457 2740 1511 suadet
2775 1457 3076 1513 Romanum
3126 1458 3380 1514 Ordinem
3397 1454 3575 1516 doceri

2054 1519 2272 1599 clerum.
2324 1521 2840 1599 Melius_se_halaere
2889 1529 3094 1599 nuntiat
3137 1545 3202 1584 ea:
3242 1531 3572 1599 inﬁmitate.

2057 1588 2304 1646 Studium
2329 1609 2493 1647 sacra:
2530 1593 2763 1651 lectionis
2784 1609 2833 1651 et
2859 1598 3130 1669 sapientia:
3155 1588 3501 1656 commendat.

2055 1679 2285 1738 Albinus
2312 1693 2334 1722 ε
2368 1681 2606 1740 Simeoni
2636 1688 2904 1744 sacerdoti
2932 1688 3183 1746 salutem.

2057 1766 2276 1826 Gaudeo
2301 1772 2368 1827 de
2402 1773 2750 1831 tribulatione
2789 1784 2845 1831 et
2875 1778 3237 1847 prosperitate
3273 1788 3472 1848 vestra,
3500 1780 3580 1837 ﬁli

1988 1860 2063 1917 mi
2111 1862 2451 1929 charissime,
2509 1865 2637 1934 quia
2682 1866 2958 1922 tribulatio
3008 1870 3252 1938 corporis
3297 1871 3449 1926 salus
3493 1881 3580 1927 est

1986 1957 2214 2022 animm;
2254 1965 2310 2012 et
2332 1957 2673 2028 prosperitas
2695 1960 2818 2015 vita:
2861 1957 3025 2028 hujus
3051 1961 3309 2031 gaudium
3336 1970 3420 2018 est
3444 1964 3582 2017 ami—

1987 2062 2196 2103 carum.
2240 2047 2530 2115 Memento,
2574 2050 2717 2119 quod
2751 2064 2939 2107 omnes
2986 2051 3161 2108 sancti
3207 2052 3581 2110 tribulationes

1987 2136 2135 2208 passi
2170 2145 2296 2193 sunt
2334 2137 2390 2191 in
2416 2137 2520 2193 hoc
2551 2139 2770 2205 mundo,
2802 2156 3035 2210 quarum
3065 2143 3333 2198 acerbitas
3360 2158 3468 2199 non
3494 2153 3582 2201 est

1989 2229 2255 2299 condigna
2300 2227 2498 2287 futura:
2548 2231 2902 2288 beatitudinis
2964 2235 3420 2291 remuneratione.
3474 2235 3579 2302 Qui

1987 2321 2112 2392 plus
2137 2320 2324 2377 oneris
2347 2327 2532 2391 portat
2559 2321 2616 2376 in
2662 2322 2845 2390 dorso,
2893 2323 3015 2396 plus
3066 2325 3281 2382 sudoris
3334 2326 3498 2383 sentit
3529 2328 3584 2383 in

1989 2424 2237 2479 corpore.
2276 2408 2419 2477 Quid
2462 2416 2547 2465 est
2598 2408 2760 2480 hujus
2804 2413 2986 2469 smculi
3025 2414 3216 2481 honor,
3265 2416 3369 2471 nisi
3421 2432 3585 2488 grave

1988 2502 2200 2574 pondus
2232 2503 2492 2559 viatoris?
2542 2504 2707 2560 Liber
2750 2505 2926 2560 viator
2961 2504 3175 2563 felicius
3230 2508 3376 2564 vadit
3420 2523 3581 2579 quam

1991 2593 2329 2649 sarcinarum
2359 2593 2729 2664 magnitudine
2752 2600 3000 2650 onustus.
3026 2593 3229 2653 Tamen
3267 2599 3334 2652 ad
3365 2613 3585 2655 mensu-

1993 2700 2109 2740 ram
2137 2685 2428 2756 unicuique
2459 2685 2755 2741 secundum
2790 2701 2942 2742 suam
2982 2676 3438 2758 dispensationem
3487 2689 3581 2746 dat

1993 2774 2157 2841 Deus,
2183 2774 2304 2830 aliis
2333 2775 2429 2839 sic,
2456 2775 2578 2830 aliis
2601 2789 2729 2831 vero
2770 2775 2868 2833 sic.
2920 2775 3026 2832 Sed
3053 2778 3420 2849 unusquisque
3446 2777 3581 2835 ﬁdo-

1993 2866 2122 2923 liter
2150 2865 2379 2931 laboret,
2402 2874 2465 2920 ut
2492 2865 2723 2923 feliciter
2744 2877 2938 2939 regnet
2963 2884 3086 2924 cum
3103 2868 3339 2926 Christo.

2068 2957 2094 2997 ἀ
2122 2956 2384 3013 Cuculum
2407 2958 2682 3013 vernalem
2712 2974 2867 3014 avem
2892 2969 3089 3015 vestra:
3111 2961 3282 3016 direxi
3310 2962 3587 3018 sanctitati

1996 3062 2120 3106 cum
2169 3049 2504 3104 munusculis
2532 3050 2820 3119 parvitatis
2872 3064 3044 3107 mea:
3074 3051 3234 3108 modo
3276 3064 3406 3108 vero
3449 3067 3580 3124 par-

1996 3160 2126 3199 vum
2167 3142 2297 3215 quid
2320 3143 2432 3199 vini
2477 3143 2651 3199 direxi
2686 3144 2843 3200 vobis
2878 3150 2934 3199 et
2963 3142 3223 3200 fratribus
3250 3152 3306 3201 et
3353 3144 3581 3209 amicis;

1997 3242 2052 3289 et
2080 3233 2147 3288 de
2186 3242 2378 3304 stagno
2411 3231 2589 3305 [τοι-ιε,
2616 3231 2834 3307 stanno]
2863 3233 3032 3290 libras
3058 3250 3088 3290 c
3116 3234 3184 3289 ad
3209 3248 3374 3305 opera
3398 3248 3586 3290 neces-

1995 3325 2139 3381 saria
2167 3322 2451 3391 facienda;
2479 3333 2535 3380 et
2569 3336 2593 3365 ο
2616 3324 2882 3381 cancellos
2916 3333 3165 3396 quatuor.
3198 3325 3425 3382 Videtur
3464 3339 3591 3381 con-

1997 3416 2216 3489 dignum
2236 3420 2299 3471 ut
2313 3410 2628 3473 domuscula
2641 3417 2948 3473 cloccarum
2975 3426 3169 3489 stagno
3196 3424 3412 3474 teaatur
3425 3432 3594 3488 prop-

1997 3517 2084 3563 ter
2108 3517 2495 3564 ornamentum
2523 3517 2578 3563 et
2607 3508 2712 3564 loci
2742 3506 3136 3564 celebritatem.

2067 3594 2144 3655 De
2168 3599 2506 3655 ordinatione
2541 3606 2597 3653 et
2632 3598 2984 3668 dispositione
3014 3595 3244 3653 Missalis
3264 3595 3454 3653 Libelli
3491 3613 3589 3654 nc-

1999 3693 2241 3747 sc'io‘cur
2285 3689 2661 3755 demandasti;
2693 3688 2936 3759 nunquid
2981 3696 3089 3743 non
3135 3687 3303 3745 babes
3340 3686 3589 3748 Romano

2000 3797 2152 3838 more
2181 3781 2464 3837 ordinatos
2491 3779 2701 3835 libellos
2730 3780 3060 3837 sacratorios
3085 3781 3464 3838 abundanter?
3484 3778 3595 3840 ﬂa-

1998 3872 2097 3928 bes
2115 3884 2331 3941 quoque
2340 3877 2397 3924 et
2416 3868 2617 3924 veteris
2631 3869 3035 3925 consuetudinis
3055 3869 3595 3929 suﬁicienterSacra-

2002 3965 2269 4022 mentaria
2301 3961 2545 4033 majora;
2575 3962 2706 4032 quid
2732 3976 2867 4031 opus
2893 3970 2976 4017 est
3017 3976 3154 4017 nova
3183 3966 3436 4039 condere,
3464 3964 3592 4021 dum

2001 4055 2542 4116 veterasufiiciunt?
2583 4054 2801 4125 Aliquid
2822 4053 3115 4109 voluissem
3140 4060 3287 4107 tuam
3326 4055 3596 4125 incepisse

2002 4149 2380 4206 auctoritatem
2407 4145 2635 4202 Romani
2664 4144 2883 4201 Ordinis
2913 4145 2969 4200 in
2997 4143 3145 4200 clero
3173 4151 3285 4209 tuo,
3324 4153 3386 4199 ut
3404 4158 3592 4200 exem-

2001 4239 2086 4311 pla
2116 4255 2146 4294 a
2170 4247 2225 4295 te
2248 4245 2554 4302 sumantur,
2595 4243 2650 4290 et
2672 4234 3037 4291 sociasiastica
3064 4233 3245 4291 ofﬁcia
3274 4234 3595 4290 venerabili-

2005 4348 2089 4395 ter
2111 4345 2167 4393 et
2204 4332 2549 4391 laudabiliter
2575 4332 2850 4388 vobiscum
2885 4335 3135 4402 agantur.
3185 4329 3293 4386 Sed
3332 4327 3441 4384 rari
3468 4337 3597 4385 sunt

2004 4425 2297 4496 adjutores,
2338 4422 2478 4478 forte
2521 4421 2696 4487 dicis;
2725 4421 2817 4475 sed
2869 4418 3043 4487 major
3083 4420 3235 4474 bona:
3282 4414 3597 4474 intentionis

307 4511 517 4566 mittas.
557 4510 676 4567 Non
701 4511 881 4567 omnis
923 4512 1131 4567 amicus
1163 4509 1505 4567 consiliarius
1530 4525 1651 4567 esse
1685 4510 1903 4594 poterit,
1937 4530 1986 4594 υ
2012 4518 2161 4575 mm;
2206 4514 2400 4586 majori
2437 4528 2662 4570 summa:
2706 4510 2981 4567 felicitatis
3022 4510 3456 4566 remunerabitur
3503 4525 3598 4567 co-

307 4604 523 4661 dicente
548 4603 833 4676 Scriptura
858 4624 871 4659 :
904 4605 1074 4661 Amici
1108 4605 1201 4659 tibi
1227 4606 1331 4660 sint
1358 4604 1531 4669 multi,
1562 4604 1900 4659 consiliarius

308 4704 486 4748 autem
509 4710 647 4749 unus
678 4693 873 4766 (Ecdi.
906 4710 987 4758 vr,
1016 4694 1092 4765 ϐ).
1121 4692 1239 4749 Noli
1274 4702 1427 4747 tuam
1446 4694 1746 4747 bonitatem
1768 4691 1902 4746 alio-

310 4800 431 4841 rum
467 4786 816 4856 improbitate
851 4786 1155 4843 obscurari.
1202 4784 1340 4841 Nolo
1391 4799 1544 4840 amor
1584 4794 1711 4841 tuus
1741 4798 1904 4855 quem

309 4878 451 4934 bona
475 4879 681 4949 pietate
704 4887 760 4935 et
778 4879 1055 4935 voluntate
1092 4895 1159 4935 ex
1205 4876 1313 4933 tuis
1338 4878 1422 4933 vel
1452 4878 1644 4933 alienis
1669 4892 1907 4933 comme-

311 4972 493 5037 ruisti,
533 4970 760 5027 alterius
783 4968 1107 5043 negligentia
1144 4971 1228 5025 vel
1258 4968 1463 5024 malitia
1484 4970 1781 5036 obruatur;
1812 4968 1907 5024 sed

382 5102 690 5175 {Simeoni
711 5120 919 5175 summa
944 5104 1224 5175 sacerdoti.
1251 5098 1367 5161 Hoc
1390 5118 1588 5175 nomen
1619 5102 1905 5174 Symeonis

312 5172 649 5245 adscititium
703 5190 830 5231 esse
884 5172 1151 5245 Eanbaldi
1204 5174 1441 5244 junioris
1511 5172 1907 5245 archiepiscopi

312 5244 679 5303 Eboracensis
712 5251 859 5301 nunc
913 5244 1259 5301 manifestum
1303 5254 1387 5301 est
1428 5256 1497 5301 ex
1547 5244 1653 5300 alia
1696 5244 1909 5300 Alcuini

314 5314 546 5385 cpistola
581 5316 788 5385 codicis
827 5314 1121 5385 Harleiani,
1162 5314 1231 5370 ad
1271 5314 1617 5385 Eanbaldstmﬁ
1657 5314 1914 5385 archiepi-

314 5384 535 5456 δέομαι
577 5384 929 5442 Eboracensis
952 5384 1182 5442 ecclesia
1225 5395 1564 5456 cognoram“
1591 5384 1876 5456 Symoaein
1895 5425 1909 5451 ,

316 5453 482 5524 paulo
493 5464 630 5524 post
654 5456 982 5512 exhibenda.

341 5558 349 5568 η
390 5525 421 5567 δ
476 5524 774 5597 Perductus
825 5543 879 5583 es
926 5525 1170 5597 gradum.
1224 5526 1308 5581 Ex
1354 5525 1441 5581 his
1495 5524 1677 5581 verbis
1715 5524 1915 5597 colligo

2006 4625 2139 4667 rona
2164 4626 2179 4663 :
2202 4617 2260 4664 et
2288 4607 2517 4662 feliciter
2543 4605 2773 4670 laborat,
2802 4603 2895 4673 qui
2935 4603 3040 4658 sibi
3070 4603 3340 4659 construit
3373 4601 3594 4657 domum

2006 4702 2060 4756 in
2081 4714 2251 4772 regno
2279 4698 2394 4763 Dci,
2417 4697 2601 4767 parvis
2622 4710 2815 4767 magna
2830 4698 2883 4749 et
2912 4702 3111 4765 parans
3136 4694 3357 4750 caducis
3370 4703 3592 4759 :cterna,

2008 4788 2239 4849 terrenis
2285 4786 2529 4845 cmlestia
2574 4800 2759 4843 emeris
2783 4803 2798 4854 ;
2824 4794 3045 4857 propter
3087 4786 3249 4841 unius
3290 4785 3599 4857 margarita;

2006 4883 2333 4953 emptionem
2361 4880 2546 4937 omnia
2570 4879 2870 4943 dimittens,
2901 4885 2963 4931 ut
2984 4891 3105 4933 eam
3134 4876 3407 4948 possideat
3432 4889 3595 4945 quam

2008 4975 2232 5039 invenit,
2248 4980 2310 5027 et
2334 4972 2585 5028 omnibus
2611 4970 2846 5040 praetulit
2869 4984 3124 5041 gazamm
3152 4967 3375 5025 deliciis.

2081 5118 2104 5147 α
2145 5106 2379 5161 Simeoni
2407 5104 2685 5159 sacerdoti.
2719 5096 2903 5159 Eidem
2948 5103 3130 5167 credo,
3178 5102 3245 5156 ad
3272 5116 3431 5173 quem
3461 5117 3598 5173 prag-

2009 5177 2208 5250 cedens
2245 5175 2470 5250 epistola
2501 5176 2724 5250 scripta_
2747 5182 2850 5238 est,
2884 5174 2969 5250 cui
3009 5168 3480 5250 prOpterca'hanc'
3509 5168 3598 5250 ad-

2005 5247 2232 5318 iungere
2262 5242 2427 5308 volui,
2456 5242 2667 5299 etiamsi
2693 5244 2761 5298 de
2803 5246 2946 5298 anno
2969 5242 3026 5297 et
3050 5242 3168 5297 loco
3214 5255 3323 5312 quo
3354 5248 3410 5297 et
3454 5244 3598 5297 unde

2012 5319 2137 5373 data
2166 5315 2239 5371 sit
2264 5315 2488 5369 minime
2518 5320 2745 5369 constet.

2049 5328 2137 5371 alii
2166 5328 2239 5371 Sll
2264 5328 2488 5369 minime
2518 5328 2745 5369 οοιιειεῑ.

2082 5386 2111 5427 d
2142 5383 2420 5440 Cuculum.
2450 5384 2527 5438 De
2553 5383 2646 5438 illo
2669 5382 2792 5437 vide
2812 5380 3039 5439 inferius
3061 5379 3346 5453 epistolam
3375 5382 3443 5438 ad
3471 5379 3600 5438 Cal-

2014 5457 2198 5512 vinum
2221 5461 2276 5509 et
2298 5454 2582 5509 Cuculum.

2090 5538 2114 5566 ο
2143 5523 2441 5581 Cancellos.
2481 5520 2765 5577 GauceIlus’
2808 5522 3107 5590 vasculum,
3140 5522 3523 5581 diminutivum
3569 5542 3600 5579 a

319 5593 466 5651 hanc
491 5596 776 5722 gislolam
812 5592 1069 5667 scriptam
1093 5594 1261 5650 fuisse
1289 5611 1397 5651 non
1426 5596 1515 5651 diu
1546 5606 1670 5665 post
1693 5592 1919 5651 electio-
1966 5628 1969 5629 ν
2016 5612 2228 5653 caurus.
2273 5593 2478 5666 Regula
2504 5592 2746 5665 Magistri
2780 5608 2899 5663 cap.
2922 5594 3028 5649 27:
3070 5613 3089 5646 ι
3116 5594 3312 5652 Bibere
3340 5594 3385 5652 si
3414 5595 3603 5651 Voluce

320 5679 446 5722 netu
574 5667 754 5722 nbaldi
807 5668 877 5722 ad
920 5667 1445 5722 archiepiscouatum
1493 5667 1914 5722 Eboracensem.
2020 5669 2112 5722 rit.
2152 5682 2346 5722 aquam
2375 5681 2481 5721 non
2514 5666 2583 5719 ab
2608 5679 2773 5722 urceo
2796 5680 2905 5719 uno
2933 5666 3151 5722 haustu.
3183 5667 3277 5722 sed
3305 5666 3374 5721 ad
3393 5666 3601 5722 calicis.

574 5667 754 5724 nbaldi
807 5668 877 5722 ad
920 5667 1445 5736 archiepiscopatum
1493 5667 1914 5732 Eboracensem,

2020 5669 2112 5733 rit,
2152 5682 2346 5737 aquam
2375 5681 2481 5721 non
2514 5666 2583 5719 ab
2608 5679 2905 5737 urccouno
2933 5666 3151 5734 haustu,
3183 5667 3277 5723 sed
3305 5666 3374 5721 ad
3393 5666 3601 5737 caligis,

318 5750 445 5810 qua
469 5735 611 5794 facta
635 5747 722 5794 est
749 5753 894 5794 anno
918 5737 1023 5796 796
1063 5733 1124 5791 ut
1166 5733 1473 5791 notavimus
1499 5750 1662 5807 supra
1699 5737 1768 5792 ad
1802 5736 1918 5806 epi-
2019 5749 2113 5794 aut
2151 5733 2396 5810 gallctac,
2428 5742 2523 5791 aut
2567 5734 2788 5810 cancelli
2835 5735 2984 5805 bibat
3032 5752 3365 5810 Vniensuram.
3405 5755 3424 5787 ι
3480 5733 3598 5787 Vid.

320 5807 520 5863 Stolam
556 5810 642 5864 56.

731 5901 1006 5961 PATROL.
1056 5896 1129 5959 C.

2022 5811 2100 5865 Du
2133 5804 2311 5881 Gange
2337 5806 2511 5864 Gloss.
2550 5820 2665 5861 voc.
2699 5804 2905 5861 Caucus
2931 5804 2984 5860 et
3017 5805 3313 5861 Gemellus.

3170 5898 3210 5991 δ
