4070 6182
477 322 582 378 εδδ

1357 312 1415 369 Β.
1453 313 1514 368 F.
1555 305 1777 365 ALBINI
1819 307 1948 363 SEU
1991 304 2265 361 ALCUlNl
2303 307 2582 364 OPERUM
2621 303 2799 361 PARS
2839 305 2878 360 Ι.
3628 302 3738 362 Tn“

552 437 624 493 De
653 435 960 490 inﬁrmitate
989 442 1104 483 mea
1143 428 1294 482 vobis
1322 426 1576 496 praefatus
1601 424 1712 478 ales
1738 423 1915 478 dicere
1949 435 2044 489 po-
2072 420 2116 474 Α
2147 417 2432 491 Barallam]
2477 419 2656 472 villam
2689 425 2927 472 nostram
2957 424 3188 485 quatuor
3236 423 3328 470 aut
3361 415 3600 485 quinque
3625 417 3741 474 die;

479 531 600 585 tuit.
647 526 827 582 Gloria
858 521 1002 576 Deo!
1033 519 1370 590 aliquantum
1410 513 1602 572 melius
1631 516 1932 577 habemus;
1958 512 2052 566 sed

477 628 654 700 tamen
683 614 924 684 corporis
948 612 1229 682 integritas
1269 625 1372 663 non
1410 608 1635 662 revenit.
1665 606 1790 660 Ideo
1828 604 2051 673 diligen-

476 699 583 762 tius
615 705 852 775 jubeatis
880 719 1039 758 orare
1080 717 1178 772 pro
1214 700 1390 763 nobis,
1440 699 1568 767 quia
1601 706 1814 766 tempus
1861 710 2054 764 appro-

473 799 714 870 pinquat,
753 811 860 866 quo
911 796 1012 848 hoc
1055 791 1345 860 hospitium
1374 787 1725 844 deserendum
1761 794 1845 840 est
1891 795 1946 840 et
1977 785 2054 854 ig-

475 895 600 942 nota
649 885 964 956 appetenda.
1003 881 1110 938 Sed
1136 881 1335 945 veniat,
1364 878 1548 960 veniat
1587 885 1768 932 vestra
1791 881 1913 944 post
1957 891 2056 928 nos

473 977 650 1033 oratio
693 983 747 1030 et
770 975 1230 1043 eleemosynarutn
1254 985 1478 1024 munera
1518 966 1847 1039 gratissima,
1874 965 2056 1018 nobis-

473 1087 578 1141 que
615 1069 838 1124 nimium
889 1065 1211 1121 necessaria.
1249 1061 1575 1118 Ostendatur
1601 1059 1733 1114 ﬁdes
1761 1059 1812 1112 in
1839 1056 1969 1121 ﬁlio,
1996 1066 2054 1108 ut

472 1160 702 1230 gaudeat
727 1158 891 1212 Pater
917 1156 971 1210 in
1000 1154 1108 1209 ﬁlio
1138 1153 1364 1224 sapienti
1392 1160 1448 1206 et
1476 1150 1640 1205 ﬁdeli.
1675 1148 1790 1203 Non
1825 1147 2056 1202 moritur

473 1252 564 1322 qui
595 1251 649 1305 in
691 1249 799 1304 ﬁlio
848 1246 983 1301 vivit
1025 1243 1298 1315 prudenti.
1349 1241 1529 1297 Sacrae
1577 1238 1825 1294 lectionis
1873 1236 2052 1291 studia

473 1339 795 1397 omnimodis
826 1343 1079 1391 renovate
1116 1333 1516 1395 vobiscum,ne
1543 1337 1730 1398 pereat
1761 1326 1912 1382 labor
1958 1340 2055 1379 no-

473 1442 584 1488 ster
602 1433 654 1484 in
685 1427 944 1484 librorum
973 1423 1304 1482 collectione.
1333 1420 1451 1476 Non
1475 1420 1545 1476 sit
1574 1418 1667 1474 tibi
1695 1418 1890 1472 durum
1919 1431 2053 1484 pon-

472 1525 601 1578 dera
625 1519 742 1574 auri
766 1518 896 1572 dare
922 1531 1022 1586 pro
1048 1513 1404 1584 acqu‘isitione
1431 1509 1728 1579 sapientiae,
1748 1507 1834 1562 cui
1865 1521 2057 1560 secun-

471 1615 597 1668 dum
630 1608 973 1666 Salomonem
1011 1605 1154 1660 nulla
1184 1601 1487 1672 comparari
1516 1601 1570 1654 in
1609 1599 1710 1655 hoc
1739 1597 1935 1653 szeculo
1960 1612 2056 1667 po-

472 1711 654 1758 terunt
704 1701 855 1774 (Sap.
891 1715 986 1763 vn,
1016 1699 1049 1754 8
1076 1706 1130 1752 et
1157 1697 1231 1767 9).
1259 1695 1327 1749 Et
1353 1693 1478 1764 quid
1504 1691 1686 1754 stulto,
1718 1692 1912 1745 iterum
1955 1689 2050 1753 ait,

2153 527 2454 575 remanere,
2499 526 2604 564 non
2637 509 2791 580 longe
2820 523 2850 562 a
2896 506 3097 562 Sancto
3144 505 3408 572 Amando,
3447 507 3541 561 sed
3583 509 3739 578 quasi

2152 602 2338 668 quinto
2365 601 2572 655 decimo
2606 597 2888 664 milliario;
2918 605 2971 652 et
3002 596 3081 652 sic
3117 595 3184 651 ad
3219 609 3242 636 ο
3268 596 3530 653 Causiaco
3552 614 3730 667 perve-

2153 692 2290 755 nire,
2319 697 2373 743 et
2399 689 2471 744 ibi
2502 687 2837 744 hebdomada
2877 696 3055 752 stare;
3106 695 3160 742 et
3197 687 3276 741 sic
3326 687 3392 741 ad
3427 686 3446 724 ί
3482 687 3740 744 Sanctum

2153 781 2378 851 Lupum.
2407 780 2555 836 Inter
2583 781 2697 836 haec
2735 780 2873 844 loca,
2908 779 3018 833 Deo
3053 778 3306 848 propitio,
3351 777 3519 833 habes
3551 794 3638 834 me
3663 787 3744 834 to-

2153 887 2263 929 tum
2293 875 2611 945 Augustum,
2645 881 2698 929 et
2728 873 2963 942 aliquam
2991 880 3199 942 partem
3230 868 3556 940 Septembrii
3589 887 3739 928 meno

2151 964 2244 1026 sis,
2273 963 2317 1018 si
2358 963 2625 1017 ullatenus
2672 964 2849 1033 possis
2895 962 3205 1032 impetrare,
3255 968 3314 1014 ut
3360 961 3454 1014 ﬁat
3496 966 3741 1016 nostrum

2151 1053 2497 1122 colloquium.
2546 1053 2787 1116 Interim,
2839 1052 2966 1106 dum
3013 1052 3068 1105 in
3110 1049 3358 1120 proximo
3388 1051 3610 1115 erimus,
3659 1065 3742 1105 re

2154 1145 2347 1197 manda
2387 1143 2518 1197 mihi
2565 1150 2620 1197 et
2656 1150 2888 1211 quantos
2919 1141 3033 1196 dies
3064 1132 3290 1196 debeam
3315 1149 3371 1196 te
3405 1151 3739 1210 exspectare,

2152 1234 2278 1302 quia
2317 1249 2425 1287 non
2463 1234 2636 1288 habeo
2669 1234 2725 1287 in
2757 1233 2880 1287 istis
2919 1232 3166 1302 partibus
3205 1232 3406 1301 aliquid
3435 1233 3525 1287 ubi
3554 1249 3742 1304 exspe-

2153 1332 2303 1379 ctare
2343 1339 2582 1394 possum,
2614 1333 2836 1394 propter
2861 1323 3096 1392 inopiam
3146 1338 3359 1387 rerum;
3409 1325 3534 1393 quia
3587 1323 3744 1393 quid-

2154 1415 2282 1486 quid
2304 1414 2404 1470 fuit
2426 1415 2521 1481 ibi,
2550 1430 2692 1470 anno
2713 1415 2988 1484 przeterito
3013 1414 3193 1469 omnia
3216 1415 3376 1469 amici
3406 1416 3577 1469 nostri
3611 1431 3743 1472 con-

2154 1513 2516 1576 sumpserunt,
2565 1507 2702 1561 bene
2746 1505 3023 1571 facientes,
3068 1515 3124 1560 et
3166 1505 3506 1561 familiariter
3531 1516 3742 1562 utentes

2156 1600 2318 1654 rebus
2349 1598 2569 1652 nostris.
2599 1597 2666 1652 Et
2696 1613 2858 1667 quam
2884 1598 3044 1653 citius
3080 1599 3292 1668 possint
3333 1598 3526 1654 litterae
3553 1608 3743 1655 vestra:

2155 1691 2220 1746 ad
2265 1706 2364 1745 nos
2401 1691 2606 1754 venire,
2643 1682 2963 1745 festinanter
3002 1689 3211 1760 legatus
3261 1697 3444 1744 currat
3477 1697 3535 1744 ut
3561 1707 3658 1746 nos
3687 1691 3740 1744 in

473 1795 690 1855 divitire,
713 1767 769 1846 ‘si
798 1767 1108 1860 sapientiam
1136 1802 1302 1840 emere
1340 1801 1443 1838 non
1471 1783 1659 1854 poterit
1703 1781 1883 1852 (Prov.
1919 1796 2051 1843 xvtt,
2089 1767 2133 1827 Β
2159 1781 2404 1848 proximo
2427 1779 2680 1848 reperiat.
2713 1777 2769 1832 Si
2799 1792 2894 1832 rex
2927 1793 3021 1832 vos
3050 1776 3236 1846 jubeat
3269 1779 3319 1832 in
3347 1777 3543 1847 palatio
3571 1786 3740 1842 stare,

471 1884 559 1953 l6)
581 1884 604 1935 τ
631 1881 760 1948 Quae
777 1877 1164 1934 habitationem
1189 1875 1241 1928 in
1262 1872 1381 1944 ejus
1402 1873 1565 1928 corde
1581 1870 1800 1925 habebit
1823 1879 2051 1939 gratam,

470 1974 561 2042 qui
599 1987 719 2028 eam
747 1969 972 2040 diligere
998 1966 1276 2037 probatur.
1317 1961 1600 2017 Multitudo
1639 1961 1940 2029 sapientum
1971 1975 2056 2013 sa-

470 2067 610 2120 nitas
635 2073 719 2118 est
745 2062 894 2117 orbis
918 2068 973 2114 et
995 2060 1114 2113 laus
1139 2057 1396 2120 civitatis,
1422 2055 1475 2109 in
1505 2052 1658 2122 cujus
1678 2068 1801 2107 arce
1824 2053 2050 2106 habitat.

472 2156 600 2212 llaec
641 2165 734 2210 tuo
757 2161 1012 2230 pectore,
1039 2149 1266 2204 Domino
1293 2145 1423 2202 Iesu
1467 2147 1699 2202 donante
1728 2154 1797 2207 te,
1847 2145 2053 2198 habita-

474 2233 673 2302 tionem
695 2245 908 2308 habeat,
933 2228 1251 2296 charissimc
1276 2237 1368 2301 ﬁli,
1391 2252 1607 2307 semper
1623 2237 1675 2290 in
1699 2228 1980 2290 aeternum.

956 2363 979 2389 ⁸
1021 2353 1354 2409 EPlSTOLA
1392 2352 1574 2406 LXVI.

1078 2465 1145 2502 Δῐ)
1185 2461 1450 2501 ΔΒΝΟΝΕΙΙ.

835 2538 1012 2612 (Anno
1038 2537 1161 2602 797,
1188 2551 1374 2591 mense
1396 2535 1685 2607 Augusto.)

473 2655 676 2714 Gaudet
710 2654 774 2709 de
803 2652 986 2708 nuntio
1009 2649 1257 2705 adventus
1292 2648 1466 2712 illius;
1492 2647 1658 2701 multa
1696 2663 1845 2700 nosse
1873 2647 1936 2700 ab
1962 2647 2052 2699 illo

539 2725 831 2790 desiderat;
861 2731 906 2777 et
933 2721 998 2776 de
1022 2738 1118 2776 sua
1147 2720 1552 2774 commoratione
1573 2716 1724 2770 illum
1749 2718 1979 2771 instruit.

540 2837 900 2894 Dilectissimo
957 2835 1097 2905 patri
1160 2833 1366 2904 Aquila:
1417 2832 1771 2904 Transalpino
1830 2831 2055 2887 Albinus

473 2931 730 3002 magister
759 2929 1008 2985 salutem.

539 3021 759 3079 Gaudeo
780 3020 924 3089 quod
944 3017 1028 3073 vel
1053 3018 1286 3088 aliquam
1310 3017 1507 3072 famam
1535 3018 1602 3073 de
1621 3025 1800 3074 vestro
1821 3019 2052 3073 adventu

471 3113 672 3213 audivi,
705 3111 933 3166 multum
981 3110 1202 3213 cupiens
1247 3119 1443 3213 vestra:
1473 3110 1817 3213 beatitudinis
1851 3109 2050 3213 faciem
2080 3127 2125 3190 ο
2157 3140 2434 3213 Signiﬁcat
2460 3109 2644 3212 qu‘ibus

472 3203 655 3258 videre
687 3210 742 3258 et
765 3210 1000 3273 optatam
1032 3202 1220 3257 audire
1247 3200 1533 3272 loquelam,
1565 3201 1725 3257 simul
1754 3209 1810 3256 et
1834 3202 1900 3257 de
1926 3217 2052 3271 pro—

471 3291 776 3362 speritateb
805 3293 984 3347 domui
1008 3291 1282 3361 apostolici
1308 3307 1616 3362 agnoscere,
1647 3302 1701 3346 et
1717 3293 1844 3362 quid
1869 3293 1924 3347 in
1947 3293 2050 3348 illis

471 3383 711 3452 partibus
737 3391 948 3455 gestum
975 3384 1066 3448 sit,
1098 3391 1152 3438 et
1179 3384 1448 3451 quomodo
1468 3382 1662 3453 legatio
1691 3391 1868 3438 vestra
1900 3383 2052 3438 vobis

471 3475 754 3541 evenisset,
797 3484 850 3530 et
875 3474 920 3528 si
950 3484 970 3512 ο
1009 3471 1192 3528 Sancti
1237 3471 1389 3527 Pauli
1429 3487 1592 3528 causa
1635 3473 1703 3528 ad
1751 3472 2049 3543 profectum

471 3564 586 3621 ﬁeri
613 3564 801 3635 possit.
838 3563 964 3619 Htee
994 3563 1172 3619 omnia
1216 3579 1315 3632 per
1343 3563 1580 3620 velocem
1623 3563 1871 3618 nuntium
1919 3565 2049 3618 mihi

421 3659 424 3662 ‘
470 3655 794 3711 demandare
818 3669 1023 3720 curam,
1047 3654 1291 3719 obsecro,
1323 3653 1542 3709 habeas.
1576 3652 1882 3710 Secundum
1909 3656 2051 3723 quod

469 3746 574 3800 iter
601 3759 780 3799 meum
815 3745 1131 3814 dispositum
1162 3745 1354 3810 habeo,
1397 3745 1610 3800 volente
1648 3746 1778 3811 Deo,
1815 3746 1901 3801 die
1928 3747 2054 3800 sab-

469 3843 578 3897 bati
605 3841 872 3912 proximo,
900 3839 953 3895 id
992 3848 1094 3907 est,
1137 3839 1319 3896 Nonas
1339 3839 1627 3911 Augustas,
1667 3842 1734 3897 ad
1775 3849 2048 3896 monaste-

472 3933 611 3988 rium
655 3932 828 3989 sancti
867 3930 1097 3987 Amandi
1123 3932 1382 3987 habemus
1411 3932 1729 4000 dispositum
1765 3932 1968 3997 venire,
1999 3939 2053 3986 et

467 4024 542 4078 ibi
574 4024 661 4081 die
698 4023 976 4080 Dominica
1015 4031 1193 4090 stare,
1239 4031 1294 4079 et
1333 4031 1462 4077 tunc
1501 4022 1618 4078 ειδά
1649 4023 1858 4078 Baralla
1889 4023 2045 4096 [Pez.

540 4172 564 4198 ι
603 4159 746 4216 Edit.
807 4158 1102 4229 Mabill._4,
1140 4157 1288 4229 Pelii
1336 4156 1370 4209 «ι
1409 4155 1662 4229 (Froben.
1701 4158 1812 4227 52).
1844 4158 2048 4229 collata

469 4245 593 4286 cum
633 4231 790 4286 codd.
835 4244 966 4284 mss.
1011 4227 1208 4284 Salisb.
1250 4227 1383 4280 Data
1420 4227 1564 4281 anno
1610 4227 1711 4283 797
1743 4243 1850 4296 quo
1887 4228 2049 4284 Nonae

465 4301 694 4362 Augusti
719 4299 1112 4356 concurrebant
1143 4313 1266 4354 cum
1295 4297 1540 4362 sabbato,
1569 4306 1630 4352 ut
1658 4306 1805 4352 recte
1841 4301 2048 4355 notavit

465 4317 548 4356 nu
587 4317 694 4357 usu
719 4317 1112 4356 concurrebant
1143 4317 1266 4354 cum
1295 4317 1540 4362 sabbato,
1569 4317 1630 4352 ιιι
1658 4317 1746 4352 rec

464 4317 853 4428 clﬂiansizius
879 4369 1062 4439 Germ.
1098 4367 1502 4439 Sacratomall,
1540 4383 1594 4439 p.
1627 4367 1746 4422 105.

538 4442 566 4482 b
598 4441 792 4512 Domni
841 4438 1131 4512 apostolici.
1185 4457 1204 4491 ι
1258 4437 1883 4512 Νθεοιξιιιῐι-εθιιιίιιιιω
1944 4440 2046 4496 hoc

466 4527 608 4568 anno
649 4508 1083 4566 Arnoni'ltoma:
1108 4510 1374 4580 agendum
1419 4508 1539 4564 fuit.
1573 4508 1848 4566 Publicum
1878 4527 2043 4566 unum

466 4582 534 4637 ad
559 4583 924 4652 componenda
951 4595 1071 4652 quae
1095 4581 1234 4636 inter
1255 4589 1529 4652 papamet
1556 4582 1828 4637 Romanos
1851 4580 2045 4652 flagra-

467 4654 597 4707 bant
619 4651 859 4717 diSsidia,
889 4651 1150 4722 legatione
1172 4651 1467 4722 Angilberti
1494 4668 1635 4706 anno
1658 4653 1839 4721 priore
1871 4651 2043 4706 nihilo

466 4723 682 4792 sedata;
711 4721 976 4792 privatum
1001 4721 1228 4774 alterum
1249 4721 1478 4792 propria:
1503 4722 1601 4776 fuit
1622 4722 1881 4777 ecclesiae.
1908 4722 2041 4775 Nam

465 4801 522 4848 et
550 4791 808 4848 dimeesin
837 4806 1028 4848 recens
1053 4793 1105 4844 in
1143 4791 1352 4845 Hunnia
1381 4793 1701 4859 acquisitam
1746 4793 1963 4847 ﬁrmare
1991 4803 2043 4847 et

466 4865 726 4919 honorem
755 4861 1203 4932 metropoliticum
1229 4876 1422 4932 parare
1446 4863 1709 4932 cupiebat.
1739 4882 1757 4914 ι
1786 4861 2003 4916 ΗΑιιεικ.

497 4877 726 4919 tenorem
755 4877 1203 4985 metrogonucum
1229 4877 1422 4932 parare
1446 4877 1709 4932 cupiebat.
1739 4882 1757 4914 ι
1786 4877 2003 4916 ιιΑιιεικ.

497 5004 509 5015 ο
537 4945 560 4972 ο
588 4933 682 5015 _I)e
713 4933 920 5015 Sancti.
974 4930 1084 4985 nuli
1111 4948 1293 4998 causa,
1317 4933 1647 4987 monasterio
1669 4933 2042 4988 Cortnaricen-

466 5004 535 5064 si,
571 5005 638 5059 de
659 5019 767 5074 quo
796 5002 944 5059 alibi.

536 5075 563 5113 ιι
591 5074 822 5155 ’Βαναιια
850 5073 1024 5155 villam
1047 5082 1298 5155 nostram.
1318 5072 1490 5129 Locus
1519 5074 1647 5128 mihi
1675 5073 2047 5155 ignotum-nee

468 5145 607 5226 apud
633 5145 1020 5226 geograpbieos
1057 5145 1348 5214 scriptores
1372 5159 1508 5215 quos
1539 5145 1803 5211 consului,
1851 5146 2046 5202 alibive

470 5223 790 5271 nominatus.

539 5296 580 5357 ο,
601 5285 681 5337 Ad
705 5284 980 5357 Causiaco.
1013 5283 1398 5357 Monasterium
1425 5285 1782 5342 Causiacense
1807 5284 2044 5357 (Choisy)

467 5353 536 5426 ad
557 5354 798 5426 Axonam
811 5355 1028 5410 fluvium
1049 5372 1217 5426 prope
1229 5355 1615 5420 Compendium
1643 5343 1825 5412 situm:
1844 5343 2040 5411 Mabill:

465 5423 658 5478 Annal.
698 5425 792 5479 lib.
823 5441 950 5490 xxx,
984 5423 1247 5482 nu'mfl5.
1501 5449 1504 5452 ·

542 5493 562 5574 ξ
603 5495 695 5574 Ad_
729 5494 983 5574 Sanctum
1033 5496 1256 5574 Lupum.
1303 5499 1658 5574 _(..tnnobiuni_
1677 5499 1731 5552 in
1762 5497 2045 5574 _sul_t_urbio

468 5561 773 5637 Tricassino
811 5565 1071 5637 (Troyes),
1108 5561 1316 5624 Alcuini
1366 5585 1510 5625 cura:
1552 5585 1582 5622 a
1621 5568 1812 5624 Carolo
1854 5567 2044 5636 Magno

469 5633 743 5702 traditum,
773 5633 838 5690 de
865 5633 970 5704 quo
999 5633 1144 5691 alibi.
1349 5640 1360 5652 ’

539 5708 565 5747 ⁸
593 5703 911 5776 Liutyardis.
935 5705 1137 5777 Regina
1180 5725 1314 5764 uxor
1346 5710 1523 5765 Caroli
1554 5708 1726 5779 Magni
1752 5724 1870 5780 qua:
1901 5725 2040 5765 anno

2077 4479 2125 4540 D

2155 1884 2261 1923 non
2289 1869 2606 1924 contradicit
2633 1868 2728 1924 tibi
2750 1869 2778 1908 ⁸
2803 1867 3107 1939 Liutgardis
3127 1875 3182 1922 et
3208 1867 3440 1923 infantes
3466 1875 3523 1922 ut
3551 1869 3617 1922 ad
3640 1885 3741 1923 nos

2155 1959 2358 2024 venias,
2401 1959 2525 2028 quia
2571 1958 2675 2013 illa;
2735 1957 2890 2013 itura}
2931 1966 3056 2013 sunt
3105 1958 3225 2013 adl1
3253 1957 3496 2024 Niviella,
3533 1961 3611 2013 uti
3667 1957 3741 2012 ibi

2162 2050 2407 2104 imissam
2420 2048 2646 2121 [sanctae
2667 2047 2871 2121 Μαι-ιω]
2887 2057 3066 2120 agant.
3085 2049 3236 2113 Veni,
3253 2050 3375 2106 veni
3397 2047 3737 2112 festinanter,

2155 2141 2198 2196 si
2237 2141 2346 2196 Deo
2375 2143 2584 2211 placeat
2613 2149 2667 2196 et
2711 2150 2897 2197 sancto
2925 2142 3154 2197 Martino
3178 2151 3232 2198 et
3258 2151 3444 2198 sancto
3473 2141 3736 2204 Amantio,

2155 2240 2214 2286 ut
2253 2249 2352 2287 nos
2398 2234 2692 2288 videamus.
2725 2233 3040 2288 Nullatenus
3069 2234 3355 2288 voluissem
3395 2233 3603 2305 longius
3640 2233 3738 2296 ire,

2156 2331 2440 2392 antequam
2493 2331 2597 2377 tuae
2657 2324 3004 2379 beatitudinis
3056 2324 3169 2396 68
3229 2323 3422 2380 faciem
3481 2324 3737 2380 viderem.

2160 2413 2344 2468 Manda
2390 2431 2519 2470 vero
2553 2429 2647 2485 per
2690 2423 2907 2470 {wstras
2946 2426 3162 2482 eurtes;
3191 2416 3452 2486 quidquid
3499 2417 3571 2472 ibi
3613 2417 3736 2478 erit,

2153 2504 2331 2557 omnia
2373 2504 2466 2559 tibi
2512 2514 2700 2574 parata
2747 2515 2924 2560 erunt.
2952 2505 3175 2560 Multum
3206 2507 3411 2578 gaudeo
3453 2507 3519 2562 de
3560 2516 3741 2562 vestro

2153 2593 2452 2664 colloquio;
2483 2595 2606 2664 quia
2635 2595 2817 2651 nescio
2843 2597 3056 2666 quando
3079 2597 3202 2662 erit,
3235 2597 3277 2651 si
3309 2613 3448 2652 nunc
3475 2612 3579 2652 non
3611 2598 3737 2651 erit.

2154 2682 2405 2739 Feliciter
2449 2685 2587 2754 lege,
2637 2692 2692 2740 et
2736 2697 2994 2754 prospere
3039 2686 3181 2752 veni,
3235 2686 3396 2742 Pater
3439 2687 3640 2756 optime
3683 2695 3738 2740 et

2155 2774 2326 2830 amice
2356 2774 2687 2843 ﬁdelissime,
2716 2784 2771 2830 et
2801 2776 2854 2830 in
2884 2775 3101 2832 Christo
3130 2778 3464 2832 eharissime.

2627 2886 2639 2936 i
2691 2888 3034 2978 ΕΡιδΤοιΑ
3077 2888 3280 2952 LXVII.

2868 2977 2935 3013 Λιι

2518 3051 2692 3122 (Anno
2731 3049 2856 3115 797,
2886 3067 3071 3107 mense
3096 3052 3379 3122 Augusto.)

2675 3140 2802 3214 locis
2831 3153 3204 3214 commoretur,
3245 3158 3373 3214 nova
3399 3142 3532 3196 scire
3557 3143 3736 3214 cupit,

2551 3213 2711 3264 mittit
2746 3212 2988 3282 quadam
3018 3212 3348 3266 munuscula.

2220 3303 2550 3360 Cliarissimo
2582 3303 2718 3358 Filio
2757 3303 2810 3357 in
2848 3319 2990 3358 verre
3019 3304 3300 3359 cbaritatis
3329 3303 3610 3361 dulcedine
3651 3322 3738 3360 su-

2151 3396 2340 3452 lutem.

2221 3487 2539 3557 Exspectavi
2566 3486 2870 3542 dilectionis
2893 3493 3085 3541 vesti-te
3115 3486 3342 3550 litteras,
3371 3485 3454 3538 vel
3480 3485 3734 3556 legatum.

2153 3576 2259 3632 Sed
2293 3578 2453 3632 tertio
2481 3579 2505 3617 Ιί
2534 3577 2694 3650 Gysla
2727 3577 2902 3650 [Pez.,
2933 3576 3116 3648 liysla]
3164 3591 3318 3632 soror
3361 3577 3544 3632 domni
3595 3577 3738 3646 regis

2151 3669 2348 3723 direxit
2372 3669 2438 3724 ad
2465 3685 2550 3724 me
2577 3670 2790 3735 missos,
2817 3678 2873 3724 ut
2899 3669 3134 3724 venirem
3160 3677 3382 3738 propter
3409 3667 3616 3736 aliquas
3642 3683 3738 3721 ne—

2153 3763 2434 3817 cessitates
2475 3763 2542 3817 ad
2585 3761 2752 3816 illam.
2803 3761 2908 3817 Sed
2943 3777 3105 3825 nunc,
3141 3761 3356 3815 volente
3399 3760 3533 3825 Deo,
3564 3759 3738 3814 iturus

2153 3869 2249 3908 ero
2273 3855 2342 3909 ad
2376 3870 2495 3910 eam
2518 3854 2760 3917 visitare,
2787 3863 2840 3909 et
2861 3853 2982 3907 inde
3012 3852 3031 3891 ι
3057 3854 3125 3907 ad
3149 3863 3394 3907 sanctum
3424 3851 3653 3920 Lupum,
3680 3861 3737 3906 tt

2153 3944 2227 3998 ibi
2254 3945 2489 3998 maxime
2513 3956 2673 4014 spero
2708 3959 2793 3998 me
2817 3958 3036 3998 manere
3067 3942 3463 4012 Septembrium
3493 3954 3734 3996 mensem

2153 4043 2346 4089 totum.
2371 4033 2431 4089 Si
2454 4033 2581 4104 quid
2621 4033 2743 4088 inde
2771 4034 2837 4087 de
2860 4041 3041 4088 vestro
3073 4033 3283 4095 itinere,
3312 4031 3392 4084 vel
3411 4031 3529 4085 IIL|de
3551 4029 3735 4084 domui

2151 4167 2256 4292 ξος)
2303 4167 2533 4291 "l‘uronis
2567 4165 2817 4222 defuncta
2854 4173 2936 4220 est
2965 4165 3141 4234 pridie
3167 4162 3302 4218 Non.
3343 4160 3504 4215 Junii.
3539 4158 3735 4213 Annal.

2194 4253 2308 4292 onse
2335 4279 2348 4290 .

2194 4253 2324 4293 Olsel
2335 4279 2348 4290 .

2221 4310 2248 4348 ιι
2291 4308 2538 4372 Niviella,
2593 4305 2848 4369 Nivialln,
2910 4303 3189 4374 Nivigclla,
3239 4300 3629 4374 monasterium
3668 4299 3736 4351 ab

2148 4378 2250 4432 ltta
2299 4394 2394 4433 seu
2431 4370 2689 4447 lduberga
2741 4375 2952 4443 Pippini
3006 4370 3229 4442 majoris
3272 4370 3741 4447 domusconjuge

2150 4448 2368 4503 hortatu
2399 4449 2571 4503 sancti
2600 4439 2853 4510 Ktnandl,
2880 4439 3274 4500 constructum.
3314 4441 3512 4496 Mabill.
3539 4439 3730 4493 Annal.

2150 4519 2244 4573 lib.
2272 4535 2464 4582 χχχιιι,
2492 4534 2638 4572 num.
2669 4518 2723 4570 7.

2229 4592 2243 4629 ί
2292 4579 2506 4642 Missam
2545 4597 2743 4641 sanctte
2776 4586 2982 4640 Mariae.
3021 4583 3393 4637 Festivitatem
3433 4581 3530 4635 abs
3571 4579 3735 4634 dubio

2151 4658 2398 4729 intelligit
2440 4658 2839 4729 Assumptionis
2882 4658 3053 4729 beatae
3097 4653 3319 4729 virginis
3367 4653 3568 4729 Mariae,
3613 4665 3739 4729 quae

2150 4720 2406 4784 etiamveo
2430 4720 2669 4799 tempore
2692 4727 2756 4781 15
2778 4728 2884 4799 die
2898 4723 3140 4799 Augusti
3179 4720 3572 4778 celebrabatur.
3613 4720 3735 4774 για.

2149 4799 2323 4854 Gloss.
2365 4801 2442 4853 Du
2468 4796 2646 4868 Gange
2667 4796 3052 4868 νει-ἱιηὶυξιιιςα1
3090 4864 3118 4868 __
3175 4822 3220 4868 A_-

2224 4870 2237 4920 ι
2281 4870 2392 4940 69
2421 4870 2561 4923 Edit.
2581 4861 2881 4940 VMabillfAb,
2913 4865 3059 4940 Pezii
3087 4864 3122 4940 ξ
3163 4863 3418 4937 (Froben.
3440 4861 3572 4940 _5_5);
3629 4861 3740 4914 col-

2151 4940 2259 4993 lata
2290 4932 2411 4994 ἕιιῖιι
2439 4941 2559 4995 cod.
2587 4956 2686 4994 ms.
2715 4937 2912 4993 Salisb.
2942 4932 3208 5001 Quoniam
3250 4948 3380 4989 vero
3403 4932 3601 5000 ubique
3639 4946 3740 5001 no—

2150 5026 2273 5064 men
2300 5010 2442 5065 illius
2466 5011 2619 5065 abest
2662 5009 2730 5064 ad
2759 5022 2918 5077 quem
2959 5000 3161 5077 Scripta
3192 5012 3293 5067 est,
3342 5002 3587 5077 dubitare
3615 5000 3740 5077 quis

2149 5081 2320 5149 possit
2347 5095 2415 5134 an
2438 5081 2505 5135 ad
2541 5071 2835 5142 Arnonem,
2862 5092 2931 5130 an
2949 5146 2961 5149 4
2981 5076 3048 5129 ad
3071 5071 3240 5129 alium
3269 5073 3555 5149 quemdam
3595 5071 3736 5149 ami-

2150 5140 2271 5205 cum
2302 5152 2356 5204 in
2383 5151 2644 5206 comitatu
2691 5140 2834 5218 regis
2879 5146 3199 5218 erx‘istentem
3243 5140 3442 5213 scripta
3488 5142 3585 5218 sit.

2148 5221 2367 5290 Arnone
2391 5211 2843 5290 pronuntiandum
2868 5214 3084 5290 videtur
3109 5229 3175 5268 ex
3205 5211 3610 5290 comparatione
3637 5211 3740 5264 hu-

2143 5289 2235 5358 jus
2259 5283 2746 5360 cum'prtecedente
2763 5297 2818 5360 et
2851 5287 3226 5360 subsequente
3250 5283 3496 5360 epistola.

2187 5362 2257 5482 ἓξ
2279 5351 2615 5482 ϐἔῖιὲιῆοτοι-
2633 5357 2813 5411 domui
2835 5351 3118 5427 regisN—id.
3147 5351 3306 5425 epist}
3329 5354 3399 5410 98
3421 5361 3477 5406 et
3489 5351 3740 5422 99(nune

2285 5447 2314 5482 e
2398 5437 2416 5457 "
2499 5467 2512 5480 .

2154 5430 2257 5484 126
2285 5440 2339 5484 et
2365 5430 2512 5484 1‘27).

2226 5429 2630 5552 fﬁdlsztlzctum
2663 5496 2888 5568 Lupum.
2925 5497 3043 5555 Vid.
3084 5497 3244 5567 epist.
3292 5497 3558 5568 priorem,
3595 5493 3742 5547 inter

2152 5579 2327 5624 00138.

2219 5651 2260 5679 In
2287 5639 2363 5691 De
2403 5638 2581 5692 donmi
2606 5641 2739 5708 regis
2767 5641 3072 5695 reversione.
3105 5637 3185 5692 Cl.
3216 5635 3501 5708 llansizius
3531 5634 3656 5708 hau;
3670 5641 3740 5708 ‘th

2107 5724 2110 5726 '
2150 5710 2254 5766 alia
2279 5725 2398 5783 quae
2419 5710 2470 5764 in
2502 5711 2600 5764 hac
2628 5702 2850 5779 epistola
2886 5717 3275 5769 memorantur,
3301 5707 3366 5760 ad
3397 5719 3598 5760 annum
3629 5702 3738 5759 8W
