4070 6182
424 314 536 368 339
1077 298 1125 347 Ε

1341 306 1401 358 Β.
1441 304 1504 358 1“.
1546 301 1770 357 ALBINI
1810 299 1943 356 SEU
1976 299 2253 357 ALCUINI
2287 299 2567 357 OPERUM
2606 299 2785 354 PARS
2818 298 2865 353 ι.

3589 296 3699 364 εις

498 424 517 494 Ῐ
535 422 679 478 Satis
704 419 837 477 mihi
856 417 1028 487 placet
1052 415 1341 470 concordia
1378 414 1521 469 inter
1540 414 1713 469 tilium
1742 428 1919 468 meum
1959 421 2015 467 et
2040 424 2089 481 Α
2116 421 2218 479 set,
2231 423 2292 468 ut
2306 413 2401 467 tibi
2423 412 2662 496 licuisset
2679 411 2821 481 apud
2842 421 3093 496 sanctum
3112 410 3422 469 Amandum
3437 414 3704 485 hiemum,

430 513 650 569 fratrem
702 517 874 566 tuum.
928 519 1089 573 quem
1135 511 1359 559 vocatus
1409 503 1632 559 visitare
1683 502 1899 557 venisti.
1945 502 2014 557 Et

429 608 566 662 bene
593 600 766 655 fecisti
795 612 883 655 me
912 595 1182 652 hortando
1207 595 1276 650 ad
1302 595 1624 650 charltatem
1646 592 1766 663 ejus
1792 593 2010 659 reverti,

429 697 569 753 unde
596 704 871 760 nunquam
918 703 1143 745 aversus
1174 686 1280 753 fui;
1315 686 1442 742 licet
1488 686 1878 741 dubitationem
1924 684 2016 740 ali-

427 797 589 856 quam
636 780 974 853 agnovissem
1021 778 1088 833 de
1129 792 1251 832 mea
1290 775 1395 832 ﬁde
1441 777 1496 830 in
1537 776 1643 832 tuis
1679 776 2016 831 suavissimis

429 872 691 944 apicibus.
744 869 898 937 Quod
943 882 1073 923 vero
1115 866 1291 933 dixit,
1333 875 1395 920 ut
1439 865 1749 921 habuissem
1800 881 1925 921 eum
1961 866 2014 918 iu

431 968 591 1022 domo
632 965 702 1020 ad
750 962 1127 1026 erudiendum,
1178 961 1488 1017 nullatenus
1527 977 1559 1016 a
1590 977 1864 1032 quoquam
1889 973 2018 1017 ante

430 1056 630 1113 audivi.
659 1052 888 1125 Tamen]
922 1053 1098 1117 scias,
1147 1052 1292 1121 quod
1343 1053 1397 1106 in
1448 1067 1664 1107 camera
1695 1053 2018 1110 humilitatis

430 1146 700 1218 superbia;
718 1160 827 1200 non
854 1144 1034 1214 placet
1054 1143 1319 1208 habitare,
1348 1142 1474 1212 quia
1503 1144 1646 1212 quod
1671 1143 1761 1197 illa
1787 1143 2020 1216 mdiﬁca}

432 1239 536 1295 hoc
561 1238 664 1294 ista
701 1233 951 1291 destruit.
1004 1233 1146 1289 Ecce
1201 1248 1341 1303 ego,
1383 1241 1648 1302 quantum
1688 1235 1742 1289 in
1776 1249 1864 1289 me
1913 1242 2016 1298 est,

432 1336 649 1400 apertas
697 1326 870 1381 habeo
914 1339 1107 1379 manus
1161 1323 1481 1392 amplectari
1531 1324 1857 1390 venientem,
1909 1340 2018 1380 non

434 1434 688 1491 respuere
714 1424 1048 1489 precantem.
1092 1416 1206 1471 Hoc
1235 1417 1376 1486 apud
1397 1431 1587 1473 omnes
1620 1431 1840 1473 servare
1874 1432 2017 1489 prte-

435 1510 602 1575 ﬁnivi,
632 1517 693 1564 ut
724 1507 933 1563 nullum
978 1504 1293 1577 abjicerem,
1344 1507 1461 1573 sed,
1514 1523 1888 1579 quemcunque
1929 1523 2021 1578 po-

437 1601 682 1666 tuissem,
711 1599 1066 1654 attraherem.
1105 1597 1342 1672 [Quanto
1366 1597 1536 1668 magis
1561 1597 1629 1653 de
1656 1606 1765 1653 tam
1791 1599 2022 1668 probato

436 1692 555 1748 viro
576 1699 634 1747 et
662 1699 771 1745 tam
793 1689 1045 1745 laudabili
1067 1703 1300 1758 persona
1321 1696 1375 1744 et
1396 1689 1563 1744 tantis
1590 1688 1723 1743 mihi
1750 1690 1910 1745 bonis
1951 1703 2019 1742 ex

2112 502 2272 576 forte]
2299 494 2632 572 aliquantum
2662 494 3179 572 tempoi'is,Christo
3202 503 3521 570 miserante,
3550 509 3708 565 nobis

2111 602 2474 666 opportunum
2527 594 2671 649 esset
2721 592 2883 648 simul
2927 594 3175 649 habitare
3199 634 3214 659 ,
3260 604 3322 650 ut
3366 595 3711 667 frangeretur

2112 688 2460 758 propheticus
2504 686 2661 756 panis
2699 686 2846 739 inter
2903 701 3024 751 nos,
3052 687 3121 740 de
3165 702 3275 757 quo
3323 687 3528 743 dictum
3577 699 3661 746 est
3690 710 3707 744 :

2113 776 2164 831 Ε
2168 795 2327 848 range
2353 776 2603 832 esurienti
2628 793 2819 847 partem
2841 786 2988 830 tuum
3031 775 3190 846 (Iani.
3213 791 3368 844 LVIII,
3393 777 3471 850 7).
3504 779 3712 836 Licuis-

2115 879 2198 926 set
2221 870 2378 924 nobis
2402 869 2617 924 assidue
2641 884 2746 923 una
2775 883 2906 923 voce
2942 877 2999 923 et
3026 883 3131 922 una
3157 867 3263 923 ﬁde
3302 878 3526 926 cantare
3557 889 3570 925 :
3602 870 3711 945 Pa-

2116 978 2232 1016 nem
2255 970 2491 1015 nostrum
2508 959 2873 1032 quotidianum
2898 959 2969 1012 da
2991 959 3139 1013 nobis
3158 959 3317 1013 hodie
3345 959 3498 1031 (Luc.
3521 977 3599 1027 x't,
3627 962 3705 1035 5).

2117 1050 2229 1125 [Et]
2267 1064 2333 1104 ex
2361 1066 2427 1107 eo
2455 1051 2619 1114 vesci,
2645 1050 2737 1119 qui
2781 1050 2858 1103 ait
2887 1066 2900 1102 :
2948 1048 3064 1119 Ego
3104 1065 3221 1102 sum
3246 1050 3405 1120 panis
3426 1053 3592 1119 uirus,
3620 1056 3711 1125 qui

2117 1145 2181 1199 de
2203 1142 2328 1198 coelo
2367 1141 2639 1205 descendi,
2682 1142 2726 1194 si
2752 1142 2868 1212 quis
2897 1140 3294 1194 manducauerit
3320 1157 3387 1196 ea:
3412 1142 3525 1197 hoc
3550 1162 3711 1215 pane,

2118 1236 2245 1290 τίνει
2272 1234 2327 1288 in
2373 1242 2623 1299 internum
2661 1230 2846 1303 (Joan.
2897 1246 2972 1294 vt,
3011 1231 3098 1294 5i,
3138 1228 3254 1302 52).
3284 1230 3368 1287 0!
3406 1248 3570 1302 quam
3614 1235 3710 1304 ᾔει.

2119 1327 2294 1383 cunda
2316 1332 2401 1379 est
2435 1324 2698 1390 charitas,
2728 1332 2785 1379 et
2810 1338 2975 1393 quam
3013 1324 3186 1380 dulcis
3214 1328 3503 1396 praasentia
3543 1327 3710 1393 illius,

2118 1422 2175 1470 et
2209 1429 2373 1485 quam
2398 1413 2523 1469 felix
2547 1414 2675 1478 vita,
2703 1414 2794 1468 ubi
2817 1429 3096 1485 nunquam
3122 1416 3300 1471 deerit
3328 1418 3474 1487 quod
3500 1432 3715 1490 semper

2120 1506 2361 1559 amatur!
2392 1520 2513 1575 quae
2532 1521 2676 1561 nunc
2697 1506 2753 1561 in
2776 1505 3051 1563 absentem
3093 1506 3227 1579 [Al.,
3258 1509 3504 1582 absente]
3538 1504 3709 1577 ardet,

2122 1605 2251 1651 tunc
2275 1596 2329 1650 in
2348 1603 2617 1667 praesente
2637 1597 2872 1652 laetatur.
2900 1597 3056 1653 Licet
3083 1590 3283 1670 ubique
3313 1600 3456 1657 Deus
3475 1617 3713 1673 praesens

2121 1687 2212 1751 sit,
2246 1694 2425 1742 tamen
2469 1687 2626 1743 aliter
2646 1688 2702 1742 in
2740 1686 2977 1759 imagine
3002 1691 3415 1760 per~8peculum
3442 1694 3708 1761 cernitur,

436 1782 605 1838 multo
640 1790 883 1851 tempore
927 1779 1235 1849 coniuncto,
1266 1782 1490 1836 credere
1531 1780 1815 1837 dissidium
1862 1779 2013 1852 [Ms.,
2048 1784 2095 1844 Β
2124 1779 2282 1834 aliter
2313 1780 2369 1834 in
2388 1782 2678 1851 praesentia
2714 1796 2814 1852 per
2838 1782 3076 1852 speciem
3097 1783 3348 1839 videtur:
3376 1786 3441 1841 de
3463 1802 3564 1857 qua
3594 1789 3710 1859 ipsa

437 1870 768 1943 descidium]
816 1885 923 1925 non
971 1868 1158 1925 debuit
1194 1877 1381 1926 sancta
1427 1877 1484 1925 et
1529 1871 1851 1928 venerabilis
1896 1887 2024 1942 pru-

438 1964 617 2020 dentia
652 1972 854 2019 vestra.
887 1960 1043 2028 Quod
1068 1976 1200 2018 vero
1226 1962 1296 2018 de
1318 1962 1430 2017 ﬁlio
1451 1977 1593 2028 meo,
1625 1961 1796 2018 fratre
1827 1972 1883 2019 et
1929 1979 2024 2019 ne-

436 2063 561 2125 pote
585 2061 698 2118 tuo,
725 2053 914 2109 durius
952 2052 1235 2122 scripsisti,
1265 2052 1448 2108 videat
1474 2052 1711 2109 charitas
1751 2063 1807 2110 et
1850 2053 2025 2125 pietas

439 2152 541 2205 tua,
565 2158 633 2205 ne
658 2142 835 2200 inanis
861 2140 956 2198 ﬁat
979 2140 1136 2196 labor
1162 2150 1365 2207 noster,
1396 2151 1451 2197 et
1475 2154 1545 2197 ne
1563 2143 1820 2212 perdatur
1844 2143 2023 2199 anima

434 2250 541 2305 pro
563 2248 668 2305 qua
693 2232 943 2290 Christus
971 2232 1109 2288 mori
1153 2247 1263 2287 non
1299 2232 1580 2288 dubitavit.
1622 2233 1763 2289 Ecce
1787 2249 1913 2289 eum
1940 2250 2025 2290 re-

443 2323 567 2379 misi
601 2331 709 2378 tua:
738 2321 1031 2388 dilectioni,
1062 2329 1124 2377 ut
1154 2319 1325 2378 faeias
1366 2322 1435 2377 de
1462 2321 1555 2378 illo
1596 2322 1737 2379 sicut
1779 2323 2027 2380 videatur

441 2416 741 2489 prudentiae
779 2413 917 2489 {Al.,
962 2416 1313 2487 providentiae
1315 2417 1334 2490 J
1373 2426 1596 2486 vestrae;
1645 2419 1700 2474 in
1738 2427 1830 2473 tua
1879 2421 2024 2476 enim

440 2514 706 2578 potestate
731 2503 817 2561 est
846 2505 938 2567 ,vel
985 2506 1099 2571 ille,
1131 2506 1213 2561 vel
1244 2507 1505 2564 beneﬁcia
1531 2524 1652 2579 quae
1684 2510 1867 2567 habet.
1916 2509 2027 2567 Fac

441 2597 737 2652 secundum
763 2596 906 2666 quod
940 2611 1009 2651 ex
1030 2596 1176 2653 illius
1197 2597 1484 2670 intelligas,
1512 2606 1638 2656 ante
1665 2600 1852 2657 oculos
1878 2609 2021 2670 tuos,

442 2686 672 2752 meritis,
697 2702 807 2742 non
833 2685 1127 2744 secundum
1168 2689 1333 2745 verba
1362 2689 1685 2746 invidorum.
1712 2691 1857 2747 Nihil
1879 2693 2027 2750 enim
2060 2688 2063 2691 λ

439 2792 652 2837 meum
692 2787 871 2850 potest
914 2781 968 2836 in
1022 2780 1255 2838 tristitiae
1300 2782 1493 2853 spiritu
1535 2786 1816 2855 proﬁcere.
1847 2786 2026 2845 Unum

443 2888 474 2927 e
523 2872 733 2928 duobus
769 2871 902 2927 mihi
955 2871 1170 2926 videtur
1206 2874 1490 2930 consilium
1534 2893 1547 2929 :
1595 2884 1690 2932 aut
1730 2893 1796 2934 ex
1842 2886 2026 2934 nostra

443 2962 620 3034 gratia
650 2975 774 3018 eum
804 2962 1003 3019 domno
1040 2961 1154 3032 regi
1191 2966 1563 3033 commendes;
1595 2966 1680 3021 vel
1718 2976 1897 3023 tecum
1933 2969 2031 3024 ha-

444 3056 605 3119 beas;
655 3051 828 3107 donec
857 3066 1119 3121 agnoscas
1146 3068 1214 3107 ex
1240 3053 1383 3109 illius
1423 3057 1847 3122 conversatione,
1898 3059 2030 3130 quid

2125 1871 2340 1929 Veritas
2364 1873 2441 1927 ait
2470 1891 2484 1926 :
2513 1872 2665 1928 Beati
2692 1873 2891 1927 mundo
2928 1874 3104 1939 corde,
3135 1876 3387 1946 quoniam
3407 1878 3508 1949 ipsi
3535 1878 3705 1935 Deum

2124 1964 2367 2019 videbunt
2392 1962 2607 2037 (Matth.
2647 1980 2700 2031 v,
2750 1964 2828 2037 8).
2859 1958 3148 2020 Mundetur
3193 1967 3356 2023 modo
3386 1984 3482 2023 cor
3516 1969 3569 2024 in
3610 1971 3713 2025 hac

2124 2053 2579 2124 peregrinatione,
2613 2060 2673 2109 ut
2719 2054 2775 2109 in
2818 2054 2994 2126 patria
3024 2054 3169 2111 illius
3195 2057 3523 2115 beatissima;
3547 2060 3712 2116 visio—

2126 2142 2211 2197 nis
2228 2141 2335 2197 frui
2364 2142 2543 2198 liceat.
2570 2142 2801 2200 Utamur
2838 2143 2941 2199 hoc
2976 2146 3178 2201 mundo
3202 2147 3447 2217 perituro
3482 2149 3537 2204 in
3580 2151 3711 2205 cha-

2127 2236 2289 2290 ritate
2314 2250 2421 2290 non
2449 2235 2713 2306 peritura,
2752 2243 2812 2291 ut
2844 2236 3090 2293 fruamur
3134 2238 3265 2315 Deo.
3288 2240 3345 2296 in
3382 2242 3552 2313 gloria
3590 2257 3717 2317 per-

2126 2333 2396 2382 manente.
2441 2325 2485 2382 0
2533 2326 2787 2382 Domine!
2843 2325 3017 2401 [Jesu]
3043 2328 3131 2386 fac
3166 2346 3269 2388 nos
3310 2331 3533 2405 diligere
3558 2342 3631 2402 te,
3658 2343 3719 2392 et

2125 2414 2302 2471 odisse
2335 2431 2459 2472 eum
2484 2417 2550 2475 de
2578 2432 2684 2487 quo
2730 2417 2915 2475 dixisti
2942 2437 2957 2472 :
2992 2419 3227 2477 Mundus
3256 2439 3340 2477 nte
3386 2425 3499 2479 odit
3526 2426 3708 2498 (Joan.

2126 2522 2216 2573 xv,
2254 2507 2363 2580 18).
2388 2506 2463 2565 Ut
2493 2523 2593 2579 per
2613 2518 2665 2566 te
2690 2509 2889 2566 donum
2919 2510 3155 2583 Spiritus
3182 2514 3449 2573 Paracleti
3476 2519 3713 2591 accipia-

2127 2613 2267 2662 mus,
2305 2614 2459 2669 quem
2479 2611 2706 2655 mundus
2725 2618 2829 2656 non
2848 2611 3015 2671 potest
3043 2606 3297 2676 accipere,
3314 2611 3443 2679 quia
3458 2624 3564 2664 non
3578 2610 3718 2665 ridet

2126 2704 2267 2755 eum,
2303 2705 2395 2744 nec
2420 2690 2519 2745 scit
2544 2706 2664 2746 eum
2710 2690 2892 2759 (Joan.
2926 2709 3037 2761 xiv,
3083 2695 3196 2769 Π).
3240 2697 3365 2755 Noli
3400 2714 3500 2755 nos
3524 2713 3715 2755 secun-
3792 2743 3797 2746 .

2128 2780 2255 2837 dum
2286 2790 2392 2838 tum
2417 2781 2662 2838 veritatis
2691 2784 3108 2852 promissionem
3143 2788 3416 2857 orphanos
3442 2791 3714 2861 relinque-

2129 2889 2189 2930 re
2204 2914 2220 2939 ,
2248 2872 2343 2931 sed
2366 2874 2521 2930 mitte
2541 2875 2596 2931 in
2625 2889 2725 2931 nos
2742 2876 2993 2945 spiritum
3016 2879 3290 2945 veritatis,
3314 2883 3407 2951 qui
3432 2874 3714 2939 nobiscum

2130 2973 2348 3022 maneat
2386 2965 2443 3020 in
2493 2973 2756 3023 aeternum
2809 2966 2974 3037 (Ibid.
3002 3007 3018 3033 ,
3065 2986 3198 3025 vers.
3233 2971 3327 3037 16,
3358 2973 3467 3043 l7).
3518 2972 3565 3029 0
3597 2973 3714 3029 Rex

2130 3058 2319 3126 gloria
2351 3065 2409 3114 et
2448 3058 2676 3114 Domine
2723 3060 2985 3115 virtutum
3030 3060 3201 3125 (Paul.
3245 3078 3406 3130 χχιιι,
3436 3064 3553 3134 i0),
3598 3066 3718 3121 bel-

444 3143 513 3197 de
538 3156 605 3196 eo
638 3139 772 3194 utile
805 3140 896 3206 sit,
925 3138 1097 3196 donec
1145 3141 1340 3198 iterum
1387 3153 1591 3212 nostra,
1642 3146 1855 3205 volente
1889 3149 2020 3215 Deo,
2052 3155 2099 3217 ο
2128 3148 2267 3204 lator
2293 3157 2479 3206 noster
2500 3158 2557 3205 et
2574 3166 2679 3220 pax
2701 3160 2905 3216 nostra,
2927 3155 3020 3223 qui
3044 3154 3230 3210 dixisti
3256 3169 3272 3209 :
3299 3153 3588 3223 Conﬁdite,
3618 3172 3714 3226 ego

444 3231 731 3288 collocutio
761 3231 871 3285 fiat.
916 3231 1130 3302 Aliquid
1160 3242 1338 3290 tamen
1363 3244 1420 3292 ut
1466 3237 1663 3295 habeat
1702 3241 2025 3299 consentio-

448 3322 552 3388 nis,
585 3320 724 3377 forte
750 3321 941 3376 melius
985 3330 1091 3388 est,
1138 3325 1428 3380 secundum
1473 3326 1792 3384 humilitatis
1815 3338 1871 3395 et
1897 3331 2025 3389 obe-

444 3412 660 3469 dientite
685 3411 1119 3482 promissionem,
1154 3427 1221 3467 ne
1250 3413 1506 3469 continua
1534 3416 1885 3473 absorbeatur
1922 3420 2024 3474 tri-

445 3501 593 3559 stitia
609 3499 696 3576 (II
722 3498 845 3559 Cor.
874 3500 1029 3571 11,7).
1057 3500 1184 3555 Etsi
1207 3512 1234 3542 α
1256 3500 1430 3557 Witto
1453 3503 1636 3559 veniat
1654 3505 1724 3560 ad
1751 3521 1868 3573 vos,
1882 3510 2025 3578 apud

443 3610 567 3659 eum
600 3583 809 3653 discere
837 3600 1031 3664 potest.
1064 3592 1132 3648 Et
1157 3593 1227 3659 si,
1258 3594 1370 3653 Deo
1409 3595 1642 3661 volente,
1670 3598 1872 3666 veniat,
1902 3600 2026 3657 vide

443 3684 765 3754 diligenter:
798 3698 866 3738 ne
915 3682 1092 3749 inanis
1120 3682 1214 3739 ﬁat
1262 3683 1524 3740 habitatio
1550 3684 1695 3741 illius
1722 3686 2022 3757 vobiscum,

446 3780 505 3827 ut
521 3771 786 3843 quantum
816 3785 902 3826 me
946 3772 1217 3828 tristiﬁcat
1240 3775 1483 3831 absentia
1509 3772 1673 3842 illius,
1702 3785 1909 3837 tantum
1929 3795 2027 3839 vos

447 3859 681 3919 laetiﬁcat
700 3862 1015 3934 praesentia,
1042 3854 1111 3918 et
1138 3862 1381 3920 defectus
1414 3880 1570 3922 meus
1597 3875 1778 3923 vester
1803 3870 1875 3924 sit
1900 3885 2027 3942 pro-

445 3952 638 4009 fectus.
688 3950 758 4007 Et
780 3951 826 4007 si
852 3951 1186 4023 aliquantum
1235 3956 1501 4025 temporis
1539 3956 1623 4013 vis
1666 3973 1791 4014 eum
1822 3959 1876 4015 in
1916 3975 2028 4017 mo-

447 4042 688 4100 nasterio
708 4043 737 4083 δ
766 4042 938 4100 sancti
981 4038 1270 4100 Hrodberti
1315 4043 1583 4102 demorari
1615 4063 1834 4106 necesse
1856 4050 1908 4111 ei
1933 4066 2023 4107 es-

444 4150 545 4207 set,
589 4148 813 4213 propter
848 4138 1174 4212 adiutorium
1221 4141 1501 4199 hominum
1545 4141 1847 4214 linguasque
1890 4145 2027 4200 noti-

447 4233 596 4296 tiam,
624 4242 649 4273 α
688 4228 1061 4287 Aedilbertum
1104 4228 1306 4285 habere
1348 4244 1554 4297 secum,
1578 4239 1638 4286 ut
1664 4234 1863 4290 nostris
1903 4249 2027 4291 eru-

443 4323 735 4381 ditionibus
783 4328 1056 4387 assuetus,
1086 4327 1143 4375 et
1188 4319 1402 4376 illorum
1447 4322 1688 4398 moribus
1742 4324 2023 4393 educatus,

331 4409 338 4415 ’
443 4415 657 4473 medius
683 4413 778 4473 ﬁat
823 4413 879 4469 in
910 4413 1189 4469 ambarum
1215 4414 1455 4485 partium
1496 4414 1763 4485 profectu.
1795 4416 2021 4485 Tamen,

2128 3241 2226 3295 uici
2250 3241 2509 3297 mundum
2530 3241 2713 3312 (Jan.
2735 3258 2845 3308 xvi,
2868 3243 2983 3314 55).
3017 3244 3187 3302 Vince
3207 3247 3337 3302 etin
3362 3248 3517 3303 nobis
3541 3250 3715 3304 servis

2129 3331 2252 3389 tuis.
2282 3330 2386 3405 [Tu
2434 3331 2565 3405 scis]
2594 3333 2721 3403 quia
2768 3333 2884 3390 sine
2930 3342 2981 3391 te
3029 3334 3163 3392 nihil
3199 3336 3379 3394 facere
3422 3352 3716 3409 possumus

2128 3423 2310 3495 (Joan.
2327 3439 2418 3491 xv,
2442 3424 2520 3496 5).
2538 3425 2616 3479 Da
2632 3441 2753 3481 cmn
2776 3426 2969 3483 ﬁducia
2990 3430 3162 3485 servis
3188 3432 3296 3486 tuis
3313 3431 3462 3502 loqui
3490 3433 3713 3488 verbum

2128 3524 2298 3581 tuum,
2325 3523 2381 3570 et
2407 3516 2751 3587 loquentibus
2777 3520 3039 3590 exemplis
3078 3522 3388 3589 ostendere,
3421 3524 3567 3597 quod
3617 3538 3712 3579 ore

2126 3605 2436 3674 praedicent.
2469 3606 2545 3665 Da
2579 3607 2715 3664 velle
2739 3618 2794 3666 et
2819 3609 3076 3681 perﬁcere
3100 3610 3356 3685 (Philipp.
3382 3631 3460 3682 ιι,
3490 3614 3612 3686 13);
3645 3615 3714 3669 da

2126 3702 2187 3749 ut
2209 3695 2588 3754 misericordia
2621 3707 2710 3755 tua
2752 3690 3047 3771 praeveniat
3072 3701 3247 3775 (Paul.
3276 3720 3434 3773 tvm,
3483 3705 3573 3779 il)
3596 3746 3613 3771 ,
3658 3715 3717 3761 et

2125 3785 2494 3843 misericordia
2544 3797 2635 3845 tua
2679 3794 3039 3863 subsequatur
3083 3808 3183 3851 nos
3228 3794 3401 3871 (Psal.
3432 3814 3571 3866 χιιι,
3602 3796 3658 3872 6)
3692 3814 3710 3852 :

2125 3877 2416 3946 praeveniat
2454 3879 2523 3932 ad
2579 3880 2944 3952 incipiendum
2966 3924 2982 3950 ,
3018 3886 3380 3958 subsequatur
3424 3877 3509 3951 ad,
3542 3887 3711 3962 perﬁ-

2125 3964 2373 4023 ciendum
2428 3964 2561 4040 [Al.,
2619 3969 2997 4046 implendum].
3050 3973 3191 4041 Quid
3240 3976 3397 4046 plura
3448 3976 3713 4034 habemus

2126 4057 2325 4121 dicere.
2353 4057 2456 4115 nisi
2488 4068 2545 4113 ut
2574 4058 2670 4115 ﬁat
2693 4061 2942 4119 voluntas
2974 4062 3064 4120 tua
3090 4106 3104 4132 ,
3154 4068 3246 4138 qui
3277 4068 3361 4124 vis
3385 4074 3583 4125 omnes
3612 4069 3714 4124 ho-

2126 4147 2299 4203 mines
2324 4149 2501 4205 salvos
2527 4150 2684 4206 ﬁeri?
2709 4151 2762 4225 (1
2809 4153 2945 4210 Tim.
2977 4168 3052 4223 ιι,
3092 4156 3174 4231 4.)
3204 4154 3321 4214 Tua
3348 4156 3598 4217 voluntas
3624 4152 3709 4218 sa-

2126 4238 2209 4295 lus
2237 4249 2320 4296 est
2352 4250 2561 4308 nostra,
2590 4242 2761 4314 gloria
2800 4256 2984 4302 nostra
3034 4256 3090 4304 et
3116 4249 3397 4309 beatitudo
3422 4260 3633 4308 nostra.

2195 4327 2301 4387 Per
2322 4332 2613 4401 quemdam
2624 4337 2821 4392 mentis
2830 4352 3135 4405 excessum,
3150 4355 3187 4394 o
3200 4339 3370 4395 h-ater
3378 4341 3706 4407 venerande,

2128 4421 2243 4476 hac
2265 4420 2475 4477 locutus
2498 4438 2640 4491 sum,
2663 4438 2770 4481 non
2794 4434 2904 4481 tam
2943 4429 3194 4485 ordinate
3218 4444 3381 4500 quam
3409 4431 3711 4502 epistolaris

442 4513 507 4561 ut
524 4504 679 4565 vobis
699 4502 935 4594 videtur,
965 4500 1082 4597 ﬁat,
1200 4503 1362 4597 citius
1382 4519 1479 4597 me
1501 4505 1640 4562 scire
1667 4506 1877 4593 faciatis
1895 4510 2025 4578 quid
2060 4520 2109 4581 ι)
2129 4510 2373 4579 postulat
2385 4514 2654 4584 angustia,
2677 4517 2770 4574 sed
2797 4526 2908 4575 tam
2931 4519 3179 4578 aﬂ'ective
3194 4537 3359 4597 quam
3385 4500 3577 4579 intima
3592 4540 3711 4581 cor-

442 4593 597 4649 vohis
618 4588 855 4662 placeat.
887 4591 953 4646 Et
977 4588 1005 4631 ο
1036 4592 1104 4647 de
1142 4592 1323 4647 domui
1372 4594 1513 4665 regis
1542 4588 1849 4652 reversione
1883 4608 1905 4637 ο
1933 4614 2024 4656 ve-

443 4695 665 4755 stroque
693 4684 886 4740 itinere
911 4682 997 4738 vel
1025 4678 1376 4750 habitatione,
1400 4692 1455 4743 et
1478 4687 1545 4743 de
1570 4690 1768 4746 domno
1795 4699 2017 4760 aposto-

443 4774 565 4842 lico,
603 4774 624 4816 τ
651 4784 708 4833 et
747 4777 921 4837 sancti
945 4777 1097 4831 Pauli
1136 4793 1319 4843 causa,
1348 4787 1405 4835 et
1448 4781 1662 4837 cmteris
1708 4784 1874 4841 rebus
1899 4798 2020 4853 qua:

443 4868 599 4925 nobis
624 4876 750 4924 sunt
778 4868 1081 4925 necessaria
1127 4870 1227 4940 71
1257 4870 1342 4926 vel
1378 4870 1615 4940 jucunda
1655 4874 1861 4931 audire.
1908 4874 2024 4932 Hoc

442 4961 583 5016 scias
633 4948 937 5016 certissime
978 4960 1121 5029 quod
1171 4961 1224 5016 in
1268 4961 1548 5024 Toronicis
1596 4965 1840 5036 partibus
1884 4981 2022 5038 pene

442 5050 577 5106 nihil
622 5050 881 5107 remansit
905 5050 1037 5117 viui,
1082 5048 1402 5123 frugumque
1450 5056 1781 5111 abundantia
1813 5057 1902 5113 vix
1952 5060 2022 5114 ad

442 5142 784 5199 medietatem
805 5143 1029 5200 alterius
1053 5144 1198 5198 anni.
1230 5143 1356 5200 ideo
1386 5146 1598 5211 vadum,
1638 5148 1852 5206 volente
1879 5150 2014 5218 Deo,

372 5282 379 5295 ,
441 5232 662 5289 visitare
700 5232 912 5298 fratres,
941 5245 996 5291 et
1022 5235 1273 5291 ordinare
1299 5252 1385 5293 res
1410 5236 1651 5306 illorum,
1681 5256 1931 5305 reversus
1967 5243 2024 5300 in

441 5320 530 5394 his
546 5324 745 5407 iterum
770 5341 979 5386 morare
1007 5327 1268 5403 partibus.
1305 5327 1364 5385 Si
1404 5328 1604 5388 domno
1643 5334 1755 5404 regi
1786 5335 2020 5405 placuis-

514 5465 541 5525 ξι
583 5452 768 5509 Witto.
819 5452 995 5511 Witzo
1022 5454 1162 5512 forte
1199 5472 1292 5513 seu
1319 5457 1592 5523 Candidus
1612 5454 1823 5525 Alcuini
1860 5427 2046 5523 disci}

444 5522 623 5595 pulusj
655 5525 721 5595 de
749 5540 854 5595 quo
875 5525 1251 5595 alibiszepius.

518 5593 543 5632 ι»
583 5592 642 5665 _S.
670 5592 971 5648 Hrodbem'.
1002 5593 1058 5649 S.
1088 5592 1329 5665 Ruperti,
1367 5603 1524 5657 modo
1557 5601 1614 5658 S.
1655 5601 1802 5660 Petri
1849 5605 2021 5661 Salis-

446 5662 582 5771 “1:8
583 5678 954 5785 :iedilbertum.
981 5728 1146 5786 Forte
1176 5733 1220 5789 is
1259 5743 1340 5788 est
1365 5737 1676 5795 Adalbertus
1701 5740 1912 5798 Λιουῑηὶ
1947 5745 2026 5799 di-

2128 4603 2211 4659 dis
2232 4606 2574 4675 compunctio
2619 4610 2817 4682 exegit.
2844 4610 2930 4669 Tu
2980 4620 3187 4679 tamen,
3216 4613 3527 4671 dulcissime
3551 4615 3715 4671 Pater

2127 4703 2184 4749 et
2208 4694 2492 4755 familiaris
2526 4713 2714 4765 meus,
2762 4704 3034 4771 patienter
3076 4706 3284 4761 sustine
3304 4707 3483 4762 cordis
3503 4708 3608 4765 mei
3636 4707 3713 4762 la-

2127 4801 2359 4857 crymas,
2387 4796 2442 4841 et
2474 4795 2651 4846 tecum
2677 4793 2908 4849 reconde
2932 4796 3074 4865 quod
3100 4811 3311 4852 mecum
3342 4797 3713 4865 audisti.Quis

2126 4879 2250 4946 scit,
2277 4880 2381 4936 nisi
2404 4880 2494 4937 ille
2525 4883 2620 4952 qui
2652 4886 2834 4941 omnia
2859 4886 2985 4951 scit.
3014 4886 3059 4943 si
3085 4901 3208 4944 cras
3230 4889 3363 4944 mihi
3397 4888 3553 4943 liccat
3581 4888 3715 4959 scri-

2127 4972 2255 5026 bere
2283 4972 2420 5038 tibi,
2479 4983 2571 5030 aut
2617 4985 2738 5051 post
2774 4993 2896 5033 cras
2943 4979 3129 5035 dulces
3172 4988 3348 5035 tecum
3395 4978 3717 5039 collationes

2127 5064 2267 5138 [2%,
2306 5069 2734 5143 consolationes]
2774 5071 2954 5129 dicere
2988 5072 3077 5128 vel
3122 5074 3342 5130 audire?
3379 5072 3548 5131 Hodie
3579 5074 3713 5129 mihi

2126 5157 2271 5217 dedit
2308 5160 2541 5233 spatium
2585 5163 2759 5231 pietas
2806 5160 2925 5230 illa,
2971 5179 3092 5234 qua:
3115 5166 3294 5221 omnia
3319 5167 3451 5222 mihi
3484 5166 3718 5227 contth

2124 5248 2264 5302 bona
2296 5265 2414 5319 quae
2437 5252 2628 5305 habeo.
2655 5251 2998 5322 Quapropter
3024 5262 3206 5311 tacere
3231 5271 3338 5311 non
3376 5257 3536 5311 debui
3584 5257 3713 5328 quia

2125 5339 2309 5395 nescio
2340 5340 2468 5409 quid
2492 5350 2717 5395 ventura
2752 5345 2930 5412 pariat
2956 5345 3089 5402 dies.
3120 5346 3201 5402 Tu
3232 5361 3389 5413 vero,
3438 5349 3714 5407 unanimis

2124 5469 2644 5581 scutumshnp'ﬁithic
2660 5476 2841 5558 .abbs
2864 5476 3271 5581 Ferrarie‘n'sis?

2266 5540 2538 5624 [teritur-mi
2564 5547 2697 5624 regis
2724 5549 3175 5624 ⁸ιπ-ςιοριιεὶοηιεᾉΑΙι
3220 5549 3563 5624 expeditione
3605 5550 3706 5607 Sa-

2129 5611 2351 5688 xonica;
2384 5612 2509 5667 vide
2530 5611 2688 5688 epist.
2721 5612 2790 5673 53
2814 5618 2981 5680 (nunc
3002 5619 3116 5688 57).

2204 5694 2227 5722 ο
2279 5679 2776 5753 puroque-itinere.
2805 5679 2938 5743 Vide
2961 5679 3183 5744 ibidem.

2207 5752 2224 5790 ί
2266 5749 2449 5807 Sancti
2468 5749 2645 5809 Ῥαιάὶ
2668 5774 2847 5812 causa.
2865 5758 2999 5814 Vide
3028 5758 3229 5814 ibidem
3258 5768 3313 5815 et
3335 5758 3463 5815 alibi
3487 5761 3705 5833 smpius.
