4070 6182
301 327 393 385 tu
1238 312 1265 345 ⁸

1744 317 2100 373 ΕΡΙεΤΟΙιᾸΞ
2113 357 2124 368 .

3467 319 3575 376 "2-52

243 479 247 482 .
298 437 484 495 inter.
509 438 748 486 atteraos
777 428 892 483 dies
918 441 1130 497 semper
1150 427 1346 482 habeto
1373 426 1427 481 in
1457 435 1667 492 mente,
1699 436 1754 482 et
1794 443 1891 498 per
1917 432 1966 490 Α
1994 428 2170 485 nullus
2198 429 2387 485 saeculi
2406 429 2583 495 luxus,
2609 429 2723 503 ipso
2764 430 3072 501 aequissimo
3092 429 3300 498 Iudice,
3334 445 3576 504 accepta—

299 522 613 599 patientiatn
663 534 823 575 curre
858 519 962 573 iter
1001 510 1144 589 quod
1194 518 1291 573 tibi
1316 516 1566 574 Christus
1616 519 1883 585 ostendit;

299 612 420 688 quia
454 611 553 683 qui
577 608 824 679 sequitur
843 607 1137 673 illum,non
1165 606 1405 661 ambulat
1431 606 1483 662 in
1514 607 1770 672 tenebris,
1792 608 1890 663 sed

301 703 521 764 habebit
550 702 735 756 lumen
781 697 907 754 vitae
932 697 1115 770 (Joan.
1141 713 1264 763 vm,
1292 696 1401 767 12).
1446 695 1537 752 Ille
1567 696 1663 753 tibi
1706 697 1779 752 sit
1804 697 1888 754 ci-

300 797 400 852 bus
428 802 486 848 et
512 800 696 862 potus,
726 788 965 844 charitas
992 796 1047 843 et
1091 786 1280 857 gloria.
1327 786 1443 841 Non
1491 786 1766 841 subvertat
1794 800 1890 842 cor

300 897 454 942 tuum
475 881 701 940 ambitio
739 878 941 943 saeculi,
970 864 1305 932 adulantium
1332 876 1531 941 officia,
1561 877 1767 948 species
1795 894 1890 933 va-

300 975 509 1040 nitatis,
530 974 696 1028 timor
721 970 1021 1041 potentium
1037 1009 1052 1033 ,
1092 970 1252 1024 minae
1277 966 1607 1032 crudelium;
1648 969 1743 1023 sed
1765 967 1891 1024 :edi-

303 1069 403 1124 ﬁca
427 1066 647 1122 domum
673 1074 823 1117 tuam
842 1074 1010 1130 supra
1041 1060 1257 1115 tirmam
1282 1068 1493 1130 petram
1534 1059 1750 1132 (Matth.
1785 1077 1885 1127 vn,

299 1159 390 1225 24,
421 1157 539 1229 25),
562 1155 711 1211 unde
727 1161 779 1209 te
811 1152 973 1208 nolite
994 1158 1353 1221 tempestates
1394 1150 1624 1206 evellere
1651 1150 1887 1206 valeant.

302 1252 408 1307 Sed
436 1259 522 1306 sta
537 1249 835 1319 intrepidus
862 1246 1071 1316 linguas
1095 1244 1491 1299 detrahentium
1516 1243 1887 1309 contemnens,

300 1351 358 1397 et
383 1356 481 1397 ora
505 1340 836 1396 laudantium
861 1353 969 1393 non
1011 1351 1241 1401 curans;
1268 1341 1325 1390 et
1354 1350 1704 1405 quoscunque
1735 1343 1890 1405 pote-

301 1434 400 1497 ris,
426 1431 603 1503 gratia
630 1429 924 1485 auxiliante
951 1425 1249 1500 [superna]
1299 1433 1475 1481 tecum
1514 1426 1568 1480 in
1611 1426 1757 1481 hunc
1782 1434 1893 1481 sta-

304 1534 418 1579 tum
456 1524 585 1579 vitze
636 1537 765 1594 rape
798 1521 1069 1592 precibus,
1099 1518 1321 1574 monitis
1346 1560 1361 1583 ,
1410 1518 1888 1591 castigationibus,

299 1613 585 1685 exemplis,
610 1620 672 1668 ut
690 1627 813 1668 cum
842 1608 1123 1680 multiplici
1154 1610 1354 1665 laboris
1396 1608 1575 1665 fructu
1602 1606 1897 1679 multiplici

1987 520 2113 575 bilis
2150 521 2273 575 erit.
2305 517 2419 574 Nisi
2446 519 2560 576 sola
2594 520 3056 593 eleemosynarum
3093 521 3339 594 largitio,
3383 533 3435 580 et
3463 542 3576 584 me-

1987 609 2218 663 ritorum
2233 608 2611 680 multiplicatio
2629 610 2890 666 bonorum
2914 613 3175 682 proderit.
3198 613 3467 687 Quidquid
3486 618 3577 675 hic

1989 702 2194 769 geritur
2217 741 2234 767 ,
2282 700 2394 757 illic
2417 701 2760 772 diiudicatur.
2792 703 2860 758 Et
2895 706 3072 760 omnis
3099 706 3311 762 bonitas
3354 710 3577 780 praemio
3627 729 3635 737 ·

1989 792 2341 849 coronabitur
2392 801 2689 864 perpetuo,
2746 793 3030 865 omnisque
3057 794 3317 866 iniquitas
3360 799 3579 855 aeternis

1990 885 2334 941 damnabitur
2370 886 2675 942 tormentis.
3520 942 3523 945 .

2060 974 2188 1031 Haec
2230 976 2426 1033 animis
2468 977 2770 1033 inhaereant
2802 978 3028 1044 nostris,
3049 980 3153 1035 hoc
3176 980 3415 1049 prudens
3442 995 3580 1050 pra:-

1989 1065 2170 1121 videat
2199 1065 2427 1122 cautela.
2457 1065 2538 1122 Ne
2563 1065 2653 1121 illa
2676 1066 2764 1122 die
2789 1067 2945 1139 inops
2969 1067 3232 1123 bonorum
3258 1069 3579 1125 meritorum

1989 1158 2171 1230 lugeat
2221 1158 2437 1225 anima;
2478 1158 2574 1214 sed
2599 1168 2659 1214 ut
2678 1159 2744 1215 de
2769 1158 3002 1230 simplici
3036 1161 3274 1232 gaudeat
3321 1156 3609 1216 bonitatis

1989 1250 2167 1307 fructu
2194 1292 2209 1317 ,
2256 1250 2492 1306 maxima
2527 1265 2662 1305 cura
2711 1250 3060 1322 cogitandum
3108 1258 3208 1307 est.
3262 1250 3376 1307 Hoc
3400 1261 3581 1307 vestra

1990 1358 2167 1397 meam
2189 1341 2428 1397 fraterna
2456 1342 2761 1399 sollicitudo
2806 1342 3105 1414 segnitiem,
3139 1351 3449 1400 sanctarum
3502 1343 3585 1398 lit-

1991 1441 2231 1489 terarum
2257 1433 2417 1498 serie,
2441 1434 2637 1503 saepius
2660 1434 2969 1489 admoneat.
2992 1433 3128 1489 Nam
3168 1450 3302 1490 meae
3325 1435 3583 1490 exhorta-

1993 1525 2159 1580 tionis
2184 1525 2346 1581 verba
2372 1539 2513 1580 verae
2533 1524 2838 1581 dilectionis
2855 1524 2998 1596 stylo
3020 1533 3149 1580 sunt
3169 1532 3409 1579 exarata.
3439 1522 3582 1591 Quo.

1989 1615 2121 1671 tidic
2144 1630 2432 1686 operemur
2476 1616 2700 1682 bonum,
2728 1616 2856 1670 dum
2899 1623 3110 1686 tempus
3139 1615 3403 1671 habemus
3433 1612 3580 1687 (Gal.

300 1708 499 1778 dignus
540 1706 789 1761 mercede
825 1719 1086 1774 appareas
1122 1703 1179 1758 in
1223 1711 1512 1773 conspectu
1545 1703 1756 1758 Domini
1790 1703 1888 1759 Dei
1927 1775 1943 1778 Α
1992 1705 2221 1777 vr,10);
2261 1720 2330 1760 ne
2350 1694 2449 1760 nos
2477 1701 2712 1762 tenebrae
2752 1707 3213 1777 comprehendant
3247 1706 3432 1778 (Joan.
3461 1723 3581 1776 xu,

301 1775 401 1867 tui,
430 1798 673 1868 mihique
702 1804 807 1851 ture
832 1796 1023 1852 salutis
1048 1795 1299 1852 consocio
1324 1794 1554 1850 assiduis
1588 1793 1891 1849 sanctitatis
1925 1775 2104 1868 B55),
2129 1775 2230 1852 nec
2254 1797 2551 1867 imparatos
2590 1795 2681 1850 illa
2724 1775 3012 1852 metuenda
3057 1797 3173 1852 dies
3199 1775 3459 1851 inveniat.
3500 1797 3585 1853 Tu

302 1900 410 1961 tum
436 1887 690 1958 precibus
717 1886 1006 1942 subvenire
1051 1893 1359 1940 memento:
1401 1891 1668 1954 quatenus
1705 1881 1893 1936 Salva-

302 1990 391 2035 tor
425 1977 669 2035 omuium
698 1991 784 2032 me
809 1976 992 2031 multis
1032 1983 1377 2046 peccatorum
1405 1973 1719 2029 vulneribus
1762 1988 1893 2027 con-

302 2068 509 2123 fossum
528 2109 543 2130 ,
574 2066 722 2137 larga
747 2080 859 2121 sum
886 2051 1107 2136 pietatis
1136 2064 1424 2121 clementia
1452 2064 1663 2122 salvare
1709 2058 1894 2130 dignem

304 2169 392 2213 tur
411 2168 469 2213 et
488 2158 822 2213 constituere
843 2198 857 2221 ,
902 2156 1029 2212 licet
1061 2163 1386 2221 esh'emum,
1424 2156 1478 2210 in
1508 2163 1654 2211 sorte
1678 2161 1895 2210 (eterna:

303 2250 657 2321 beatitudinis
680 2257 879 2314 tecum,
906 2247 1229 2307 charissime
1253 2246 1434 2313 Pater,
1459 2245 1632 2301 frater
1656 2255 1712 2303 et
1734 2240 1826 2300 illi.

772 2372 825 2431 γι
866 2356 1201 2415 εΡιετοιΑ
1239 2354 1402 2413 Lxx.

729 2466 798 2506 AD
835 2462 1115 2506 SPERATUI
1154 2462 1460 2505 EPISCOPUII.

925 2538 1103 2609 (Anno
1141 2537 1301 2611 797.)

308 2632 471 2687 Illum
504 2650 536 2686 a
581 2631 900 2702 vanitatibus
935 2630 1093 2702 hujus
1134 2631 1252 2686 vita!
1281 2631 1622 2698 dehortatur;
1667 2630 1895 2686 inculcat

590 2718 711 2757 vero
734 2701 916 2772 ofﬁcia
941 2701 1195 2773 episcopis
1233 2702 1610 2757 convenientia.

375 2793 732 2849 Sanctissimo
783 2792 940 2848 fratri
976 2786 1033 2850 et
1068 2792 1182 2849 tilio
1233 2794 1555 2850 charissimo
1592 2793 1623 2835 ιι
1668 2791 1905 2864 Sperate

302 2884 580 2953 episeopo,
602 2883 830 2938 humilis
857 2882 1020 2939 Pater
1040 2883 1267 2940 Albinus
1291 2883 1543 2940 salutem.

378 2974 547 3029 Valde
569 2988 659 3029 me
702 2981 901 3030 vestrae
922 2975 1207 3031 charitatis
1227 2990 1382 3029 amor
1407 2974 1650 3044 quotidie
1680 2973 1861 3029 reiicit
1880 3014 1905 3038 ,.

1992 1903 2124 1952 vero
2155 1885 2411 1957 pastorali
2438 1885 2638 1955 pietate
2659 1900 2724 1940 ac
2751 1884 3069 1940 sacerdotali
3099 1885 3447 1950 auctoritate,
3470 1900 3578 1941 non

1995 1978 2165 2034 solum
2187 1993 2361 2033 meam
2383 1977 2648 2033 suscitare
2678 1977 2875 2034 litteris
2899 1978 3200 2034 socordiam
3227 1978 3473 2043 studeas,
3485 1977 3583 2035 sed

1995 2069 2158 2125 etiam
2189 2068 2441 2124 omnibus
2461 2079 2515 2123 te
2552 2069 2890 2125 audientibus
2914 2069 3003 2138 pia
3036 2068 3389 2139 paternitate,
3410 2076 3471 2123 ut
3507 2069 3585 2122 vi-

1996 2160 2184 2232 gilent,
2213 2159 2510 2231 praedicare
2539 2174 2657 2214 non
2697 2173 2896 2214 cesses.
2930 2156 2990 2212 Si
3011 2157 3200 2228 lingua
3236 2156 3586 2215 sacerdotalis

1998 2252 2163 2309 clavis
2187 2258 2271 2308 est
2295 2250 2531 2307 caelestis
2555 2250 2737 2321 regni,
2760 2249 2916 2306 decet
2941 2258 3002 2307 ut
3040 2257 3227 2321 guttur
3264 2247 3410 2304 illius
3457 2248 3588 2303 tuba
3666 2310 3675 2311 ί

1972 2348 1975 2349 ⁷
1998 2345 2071 2402 sit
2089 2345 2276 2401 retenti
2296 2345 2479 2415 Regis,
2504 2343 2718 2400 dicente
2739 2344 3002 2415 propheta
3027 2356 3044 2395 :
3073 2341 3277 2407 Cleom,
3302 2359 3365 2398 ue
3385 2359 3583 2406 cesses;

1997 2438 2173 2494 exulta
2199 2439 2335 2492 sicut
2354 2431 2479 2491 tub‘a
2500 2453 2672 2492 vocem
2693 2445 2841 2489 tuam
2863 2434 3019 2506 (Isai.
3058 2450 3214 2499 LVIII,
3235 2428 3309 2504 1).
3337 2433 3473 2501 Quis
3524 2449 3585 2490 se

1997 2536 2155 2599 parat
2175 2527 2281 2599 73
2302 2528 2371 2583 ad
2389 2526 2607 2591 bellum,
2631 2523 2677 2580 si
2700 2539 2879 2594 prteco
2909 2524 2964 2577 in
2990 2524 3185 2580 castris
3222 2539 3331 2579 non
3355 2523 3586 2579 clamat?

1999 2617 2132 2686 Quis
2169 2617 2416 2673 hostibus
2442 2616 2751 2672 succinctus
2772 2615 2826 2676 in
2850 2613 3019 2669 armis
3046 2613 3257 2669 obsistit
3281 2614 3582 2677 introitum,

2001 2711 2047 2768 si
2076 2710 2380 2782 speculator
2409 2710 2465 2764 in
2514 2709 2658 2766 celso
2703 2709 2870 2764 turris
2904 2708 3120 2779 fastigio
3175 2709 3407 2764 dormit?
3451 2709 3585 2777 Quis

2001 2814 2220 2872 gregem
2246 2816 2279 2856 a
2302 2800 2552 2870 luporum
2580 2799 2731 2858 rabie
2763 2797 3020 2866 defendit,
3054 2799 3099 2854 si
3133 2807 3318 2870 pastor
3336 2800 3393 2855 in
3420 2799 3582 2856 silve-

2002 2891 2205 2949 stribus
2246 2890 2477 2946 luxnria:
2519 2890 2698 2946 dumis
2738 2889 2951 2945 latitat?
2984 2888 3118 2957 Quis
3159 2889 3402 2947 ﬂorentis
3438 2891 3582 2946 ruris

2001 2995 2203 3051 pascua
2232 2980 2379 3057 gregi
2408 2979 2768 3041 demonstrat,
2803 2979 2849 3033 si
2890 2978 3084 3034 ductor
3116 2976 3449 3048 vagabundis
3486 2994 3586 3050 per

305 3072 363 3119 et
382 3064 656 3120 ﬁdelitatis
675 3072 912 3121 mentem
943 3081 1118 3141 meam
1144 3068 1421 3123 certitudo
1446 3065 1783 3122 abundanter
1808 3066 1902 3121 lin-
1924 3119 1972 3145 η
2004 3074 2190 3132 foveas
2218 3074 2458 3145 vestigiis
2480 3074 2662 3129 errat?
2705 3073 2847 3144 Lege
2878 3072 3096 3142 smpius,
3129 3070 3355 3128 obsecro
3380 3111 3397 3137 ,
3440 3071 3586 3127 beati

307 3153 502 3221 tiﬁcat,
522 3156 597 3210 ita
615 3164 676 3209 ut
694 3156 749 3210 in
770 3155 981 3225 primos
997 3157 1281 3227 parvitatis
1300 3171 1437 3212 mea;
1463 3156 1686 3222 amicos,
1702 3161 1897 3211 vestrae

2001 3165 2245 3238 Gregorii
2296 3165 2663 3237 praedicatoris
2718 3163 2891 3220 nostri
2938 3163 3178 3218 libellum
3227 3162 3293 3217 de
3324 3160 3584 3232 pastorali

306 3249 575 3307 bonitatis
611 3263 809 3304 nomen
844 3256 901 3303 et
936 3249 1219 3305 suavitatis
1243 3248 1413 3306 facies
1440 3248 1608 3304 menti
1649 3262 1782 3303 mea:
1810 3260 1897 3300 ra-

1999 3272 2150 3325 cura,
2182 3265 2242 3311 ut
2267 3256 2321 3313 in
2369 3270 2435 3311 eo
2463 3248 2762 3327 periculum
2808 3252 3157 3309 sacerdotalis
3196 3250 3365 3308 officii
3409 3265 3578 3322 agno-

305 3339 519 3395 δίάιιιε
552 3340 775 3394 illam“!
828 3350 1164 3409 Ρθπηθηθαι·
1219 3342 1289 3397 Ei
1323 3343 1394 3398 οἱ)
1448 3341 1595 3406 δοθν·
1632 3350 1893 3411 quantum
1999 3364 2141 3414 scas,
2178 3356 2235 3404 et
2261 3349 2399 3404 bene
2422 3346 2698 3417 operantis
2735 3346 2877 3402 servi
2907 3345 3209 3401 mercedem
3242 3358 3350 3400 non
3393 3341 3585 3398 oblivi-

305 3432 607 3488 eharitatis
626 3436 920 3492 recordatio
962 3437 1199 3495 laetiﬁcat
1219 3478 1234 3504 ,
1284 3446 1493 3494 tantum
1518 3438 1785 3494 absentiae
1812 3437 1895 3492 lae-
1999 3441 2189 3499 scaris.
2205 3438 2310 3495 lste
2334 3438 2472 3494 liber
2498 3437 2605 3492 tuis
2628 3436 2823 3506 swpius
2843 3435 3105 3492 inhaereat
3130 3434 3414 3510 manibus;
3441 3431 3586 3486 illius

307 3537 565 3594 crymosa
613 3522 971 3597 longinquitas
1004 3529 1331 3584 mosstiiicat.
1373 3527 1489 3585 Sed
1522 3529 1790 3599 patienter
1814 3527 1895 3584 fe-

308 3612 540 3670 rendum
561 3622 645 3669 est
666 3617 808 3686 quod
839 3620 1146 3676 necessario
1173 3620 1508 3676 tolerandum
1549 3636 1669 3677 esse
1706 3620 1896 3691 digno-

310 3705 503 3761 scitur.
546 3706 619 3760 Et-
659 3722 886 3764 currens
908 3710 1153 3771 chartula
1181 3712 1431 3767 ostendat
1453 3713 1508 3766 in
1534 3712 1730 3767 litteris
1754 3712 1905 3782 quod

312 3795 494 3867 lingua
524 3813 780 3855 resonare
806 3814 913 3855 non
945 3802 1088 3856 valet
1130 3802 1184 3856 in
1211 3803 1452 3867 auribus,
1476 3810 1745 3873 quatenus
1768 3816 1899 3857 acu-

312 3886 483 3944 lorum
506 3888 691 3946 officio
715 3891 1130 3965 illud'agnoseat
1172 3895 1315 3965 quod
1337 3895 1481 3951 olim‘
1498 3896 1709 3949 aurium
1739 3893 1897 3948 mini-

313 3980 478 4035 sterio
505 3982 687 4037 cordis
711 3993 981 4039 secretum
1010 3986 1281 4055 cognovit.

380 4070 570 4127 Vestra
621 4089 753 4130 vero
796 4077 1101 4131 veneranda
1157 4076 1418 4132 sanctitas
1485 4076 1667 4131 varios
1711 4074 1909 4131 suculis

311 4172 541 4219 eventus
565 4166 767 4236 sepius
792 4168 1131 4234 consideret,
1169 4177 1225 4223 et
1268 4167 1390 4236 quis
1436 4181 1595 4222 casus
1619 4166 1773 4222 nobis
1811 4179 1894 4220 re-

1998 3549 2188 3590 scnsus
2216 3540 2322 3589 tua:
2366 3531 2597 3587 firmiter
2645 3529 2936 3598 inligantur
2980 3525 3294 3589 memoriae,
3344 3530 3403 3578 ut
3445 3524 3587 3589 scias

1997 3623 2230 3694 qualiter
2253 3622 2480 3692 quisque
2504 3619 2572 3674 ad
2597 3615 2989 3673 sacerdotalem
3014 3616 3277 3671 honorem
3304 3613 3583 3676 accedere,

1996 3725 2053 3772 et
2075 3716 2339 3771 accedens
2369 3719 2569 3782 quanta
2609 3708 3043 3771 consideratione
3086 3706 3322 3779 seipsum
3353 3705 3587 3762 circum-

1998 3798 2205 3876 spicere
2252 3802 2475 3868 debeat;
2516 3806 2573 3855 ct
2599 3798 2796 3869 quibus
2847 3797 3109 3866 exemplis
3141 3796 3321 3850 vivere
3365 3809 3586 3852 necesse

1997 3894 2102 3959 sit;
2156 3900 2212 3947 et
2257 3895 2458 3961 quanta
2507 3887 2805 3943 intentione
2832 3884 3127 3956 praedicare
3189 3883 3483 3954 iubeatur;
3527 3890 3585 3937 et

1997 3984 2127 4055 quid
2153 3983 2239 4039 cui
2265 3994 2509 4054 persona:
2544 3977 2850 4042 conveniat,
2877 3974 3117 4030 maxima
3142 3970 3466 4028 discretione
3485 3970 3583 4026 dc-

1998 4075 2233 4145 scripsit.

2071 4166 2191 4223 Scis
2219 4165 2442 4237 optime,
2473 4172 2676 4234 quanta
2722 4159 3020 4216 intentione
3048 4168 3070 4197 α
3103 4171 3200 4213 rex
3238 4152 3327 4210 ille
3353 4151 3586 4211 clarissi-

312 4265 550 4321 maneat,
572 4273 681 4314 non
727 4259 987 4315 obliviosa
1040 4267 1219 4315 mente
1251 4261 1591 4315 retineatur:
1624 4258 1898 4327 totiusque
1996 4272 2121 4315 mus
2153 4258 2321 4313 lilium
2365 4270 2521 4311 suum
2563 4252 2760 4327 [Edit.,
2792 4251 2902 4307 lilio
2944 4247 3065 4339 suo]
3111 4245 3468 4320 praeparavit,
3518 4250 3583 4298 ut

312 4343 533 4400 humani
559 4348 773 4418 generis
797 4349 1040 4420 exempla
1071 4364 1171 4405 nos
1204 4349 1451 4413 doceant,
1479 4361 1642 4418 quam
1685 4347 1899 4415 perieu-
2000 4348 2385 4413 arbitrabatur,
2426 4362 2593 4420 regno
2616 4345 2920 4401 haeredem:
2953 4343 3066 4407 sed,
3118 4350 3179 4396 ut
3205 4355 3389 4396 rerum
3424 4350 3586 4394 even-

311 4436 427 4493 losa
466 4438 601 4503 dies,
628 4456 792 4511 quam
826 4443 1171 4498 metuendum
1217 4442 1475 4514 judicium
1514 4441 1721 4497 incerto
1759 4445 1896 4494 tem-
1924 4472 1972 4533 Β
2000 4447 2088 4494 tus
2108 4437 2533 4501 demonstrabat,
2560 4436 2780 4491 exemit.
2806 4432 2933 4488 Inde
2950 4430 3153 4503 poteris
3174 4428 3485 4533 saecularem
3511 4426 3589 4533 in-

224 4577 231 4584 .
310 4540 445 4593 pom
477 4528 635 4585 nobis
658 4529 957 4586 immineat.
989 4531 1363 4603 Praeparemus
1385 4546 1485 4587 nos
1522 4532 1576 4586 in
1608 4540 1893 4586 occursum

314 4618 495 4687 magni
538 4617 704 4689 Regis
731 4621 932 4692 (Amos,
964 4636 1057 4687 tv,
1104 4622 1191 4694 12)
1218 4662 1232 4686 ,
1282 4630 1344 4676 ιιι
1389 4623 1538 4692 pium
1560 4623 1898 4677 inveniamus

312 4721 475 4774 quem
507 4708 690 4767 nullus
720 4709 959 4782 effugere
981 4713 1178 4768 valeat.
1223 4713 1362 4781 Quid
1384 4724 1525 4769 vero
1549 4714 1790 4769 muneris
1841 4714 1896 4768 in

315 4800 568 4855 manibus
591 4798 863 4869 feramus,
894 4807 1144 4875 quotidie
1164 4806 1506 4877 cogitandum
1528 4814 1613 4862 est
1632 4847 1647 4872 ,
1689 4807 1908 4861 dicente

317 4889 602 4963 Scriptura
626 4912 639 4947 :
669 4894 795 4951 Non
820 4914 1073 4969 appareas
1090 4916 1285 4954 vacuus
1308 4900 1364 4952 in
1387 4908 1661 4968 conspectu
1691 4898 1901 4953 Domini

314 4982 734 5057 Deitui(Eccli.
780 4990 1049 5061 nanti).
1076 4991 1232 5046 Nulla
1283 4990 1359 5045 ibi
1385 4989 1727 5044 metallorum
1779 5004 1900 5060 spe-

316 5073 452 5141 cies,
483 5077 1019 5149 nullusgemmarum
1044 5082 1242 5154 fulgor,
1267 5079 1412 5136 nulla
1436 5080 1668 5136 vestium
1691 5079 1905 5135 vanitas

392 5261 418 5328 ξ
444 5248 591 5328 ﬁdit.
618 5251 874 5328 Quercet.
906 5255 1103 5328 losex
1126 5272 1229 5313 ms.
1259 5256 1513 5328 (Frobetn
1542 5253 1654 5322 56)-

391 5319 420 5361 δ
447 5318 695 5397 ιςρεζαιέ)Δ
714 5324 973 5397 episcopo.
1015 5326 1188 5397 ζΝαηο
1223 5318 1403 5397 prodit
1430 5324 1584 5394 cujus
1615 5318 1764 5381 sedis
1795 5323 1907 5397 epi-

319 5404 519 5467 scopus
560 5390 848 5467 fueritiln
886 5390 1081 5467 'Anglia
1131 5390 1311 5467 tanien
1360 5390 1729 5467 episcopatum
1769 5390 1908 5467 obti-

320 5461 509 5516 nuisse
532 5474 601 5537 εξ
630 5463 747 5537 ipsa
766 5464 870 5519 hac
891 5461 1115 5537 epistola
1141 5465 1321 5537 colligi
1342 5461 1765 5537 posscvidetur;
1787 5466 1911 5519 hor-

318 5538 470 5584 tatur
493 5532 639 5606 enitn
656 5532 1058 5606 ’;_Lege_sa§pius
1090 5535 1226 5589 beati
1247 5532 1485 5606 Gregorii
1508 5549 1931 5592 PB£DICATORt$

320 5615 516 5674 sosrgt
554 5600 810 5674 libellum.
844 5600 977 5660 Vide
1002 5606 1164 5660 etiam
1190 5615 1303 5659 not.
1332 5600 1445 5674 seq.

395 5681 417 5743 τε
448 5669 565 5725 Rea:
590 5669 1051 5743 iliciclarissimus.
1095 5673 1230 5737 Oil‘a,
1270 5669 1425 5743 puto,
1450 5691 1543 5729 rex
1566 5676 1907 5736 Merciorum,

319 5740 414 5808 qui
438 5757 584 5798 anno
615 5741 717 5801 787
748 5742 917 5799 lilium
945 5760 1101 5801 suum
1145 5740 1417 5815 It‘gfridum
1452 5762 1629 5817 regem
1660 5744 1909 5803 coronari

1998 4526 2240 4598 telligere
2276 4526 2627 4597 sapientiam,
2672 4531 2728 4578 et
2753 4539 2915 4594 quam
2962 4538 3151 4578 verum
3175 4528 3290 4587 est,
3341 4527 3402 4574 ut
3437 4516 3588 4573 Psal-

1998 4618 2157 4673 mista
2186 4617 2335 4672 canit
2359 4633 2371 4671 :
2424 4608 2545 4670 Nisi
2587 4614 2845 4668 Dominus
2871 4612 3205 4683 azdiﬁcatcrit
3234 4609 3584 4684 [custodierit]

1998 4714 2233 4775 domum,
2263 4713 2319 4766 in
2345 4726 2534 4766 vanum
2573 4708 2786 4780 vigilant
2814 4708 2905 4780 qui
2934 4707 3231 4762 custodiunt
3256 4722 3371 4760 eam
3407 4702 3581 4778 (Psal.

1998 4821 2179 4871 cxxvr,
2214 4802 2287 4876 1).
2336 4803 2510 4858 Homo
2552 4801 2774 4872 cogitat,
2814 4800 2957 4855 Deus
2987 4797 3217 4869 iudicat.
3264 4795 3473 4851 incerta
3502 4801 3588 4849 est

2000 4898 2250 4951 humanae
2292 4895 2591 4966 prudentia:
2638 4891 2983 4948 saecularibus
3021 4886 3355 4966 providentia
3400 4885 3582 4941 rebus.

2002 4986 2115 5041 lloc
2134 4964 2310 5041 solum
2336 4985 2404 5039 de
2430 4982 2623 5037 futuris
2646 4981 3075 5037 considerantem
3110 4964 3217 5037 non
3245 4975 3411 5043 fallat,
3442 4974 3611 5046 quod,

2003 5077 2239 5133 charitas
2266 5076 2320 5130 in
2340 5074 2633 5147 praeceptis
2651 5073 2744 5129 Dei
2770 5072 2929 5142 hujus
2954 5073 3077 5127 vita:
3097 5068 3432 5142 temporibus
3463 5082 3587 5139 per-

2005 5257 2187 5326 fecit,
2215 5256 2306 5326 qui
2350 5263 2527 5309 tamen
2554 5260 2780 5326 parente
2816 5257 3030 5306 mortuo
3060 5264 3165 5326 non
3214 5248 3319 5304 nisi
3349 5248 3587 5326 quinque

2005 5318 2280 5383 mensibus
2317 5318 2743 5395 regnum'tenuit
2764 5361 2779 5385 ,
2825 5328 3000 5375 morte
3042 5318 3339 5395 sublatus;
3368 5318 3477 5395 non
3498 5318 3584 5373 ’ob

2005 5402 2232 5479 me
2256 5388 2407 5457 ευαῖ
2429 5392 2689 5479 adnvis,
2706 5398 3157 5479 Bﬁi°,?f“.“.i£§?

2008 5458 2159 5549 regni
2184 5464 2301 5534 ejus
2341 5458 2584 5547 multum"
2602 5458 2914 5541 sanguinem
2948 5458 3154 5523 effudit,
3195 5479 3215 5513 ι
3258 5466 3319 5515 ιιι
3506 5458 3586 5513 Ιο-

2008 5545 2192 5611 quitur
2214 5535 2470 5611 Alcumus
2498 5548 2555 5587 ιιι
2594 5531 2819 5611 epistola
2851 5530 2922 5585 ad
2957 5529 3583 5611 Osbertumpatrltctum,

2010 5588 2513 5676 tit—tinﬁrde'sideratur,
2558 5588 2704 5676 ct'es
2735 5600 3123 5676 qua_ea_verba
3146 5588 3581 5676 ciAtat'hlalntcsb.

2139 5692 2153 5729 ι
2196 5691 2307 5756 reg.
2342 5665 2651 5759 augurali...
2676 5671 2726 5725 4.
2753 5665 2880 5727 ’νὶᾱι
2926 5669 3128 5727 Alfortl.
3178 5668 3367 5725 Annal.
3396 5665 3592 5735 Anglo-

2016 5747 2142 5801 Sax.
2172 5743 2324 5801 annis
2351 5743 2453 5799 787
2475 5752 2528 5798 ct
2550 5743 2677 5799 796.
