4070 6182
408 412 515 470 ἳὶό

1254 392 1315 445 n.
1358 390 1419 444 ια’.
1460 381 1684 440 .thth
1724 376 1855 433 seu
1896 369 2171 428 susum
2207 365 2487 425 eranum
2522 359 2700 417 rans
2734 344 2777 412 ι

3567 338 3672 394 stt
3720 314 3733 421 ’ν

413 529 541 599 agit.
587 523 670 579 Sit
717 520 813 577 tibi
840 516 988 582 larga
1025 521 1216 564 manus
1239 507 1296 560 in
1334 494 1728 567 eleemosynis;
1767 490 1838 545 sit
1875 494 1987 542 stu-
2018 485 2065 545 Α
2090 498 2187 538 cro
2211 522 2226 547 ,
2268 475 2552 535 cbaritatis
2595 473 2936 529 hortamenta
2984 475 3260 535 spernere.
3310 455 3437 512 Scio
3478 453 3679 526 [Edit.,

1309 596 1321 599 _
1427 593 1443 599 _
1496 591 1509 599 .
1603 587 1637 599 ._
1697 585 1709 598 .
1777 590 1965 599 de-“
2092 569 2249 599 -..:...1
2281 578 2334 599 ι..
2363 567 2477 599 ινα.
2518 562 2695 599 ηπηηῖει
2737 557 2927 599 mplius
2950 568 3110 599 num
3134 559 3191 599 et
3228 546 3521 599 nerl’ectius
3551 559 3679 599 one-

413 637 563 674 (1053
581 637 653 669 ιω
691 637 758 666 ua
776 637 828 665 ιιι
884 637 1223 660 ιωυιυαιιυιιν
1241 639 1256 663 ,
1279 637 1351 651 ou
1366 637 1485 650 υν..-
1497 637 1549 645 --
1583 637 1590 642 .
1605 637 1676 642 --η
1702 637 1711 639 -
1779 637 1788 638 ,
2233 637 2250 642 _

412 710 621 767 satione
645 637 690 770 :5
710 701 781 758 sit
824 637 1176 754 sicerdotalis
1220 685 1515 744 auctoritas
1562 681 1618 736 in
1667 670 1994 745 castigandis
2096 652 2225 719 rari.
2256 660 2362 716 Sed
2393 657 2571 728 magni
2601 652 2803 709 amoris
2835 646 3058 704 allectus
3086 660 3172 700 me
3195 641 3400 713 optima
3429 637 3526 693 tibi
3554 652 3683 691 sua-

1729 767 1761 770 e-
1821 765 1837 770 _
1956 760 1969 770 .
2112 756 2152 770 .,
2185 767 2218 770 Α
2258 748 2388 770 A-_2.
2460 746 2679 770 13-.....“
2712 749 2794 770 an.
2818 747 2873 770 ne
2899 736 3039 770 ιιι-ηιιῖ
3065 733 3305 770 n‘anritoc
3331 729 3562 770 lii-mutor
3585 727 3683 770 im-

414 760 696 869 ignoti;
726 793 798 849 sit
825 789 1058 859 benigna
1081 777 1382 840 sollicitudo
1409 776 1464 832 in
1490 767 1795 828 refovendis
1821 760 1998 869 humi-

413 853 575 946 lib‘us.
627 853 714 940 Sit
753 881 852 937 tibi
876 853 1025 935 clara
1053 876 1108 932 in
1151 869 1399 927 veritatis
1439 862 1739 921 assertione
1782 853 1997 915 ﬁducia,

416 979 543 1045 nulli
570 989 798 1049 parcens
821 982 1086 1042 personae,
1127 978 1236 1035 quo
1262 960 1437 1015 minus
1464 949 1732 1024 :cquitatis
1758 941 2004 1016 proferas

412 1071 694 1144 iudicium.
727 1065 804 1120 Si:
832 1062 929 1118 tibi
953 1053 1278 1115 venerabilis
1306 1045 1647 1120 quotidianus
1684 1052 1815 1093 usus
1844 1037 1898 1089 in
1918 1047 2006 1087 ec-

418 1130 735 1219 etesiasticis
761 1153 970 1214 olliciis,
999 1156 1061 1203 ut
1080 1144 1260 1203 omnia
1281 1134 1577 1195 honorifice
1597 1131 1729 1185 ﬂant
1755 1139 1874 1196 qua:
1914 1130 2005 1176 tua

419 1213 654 1326 dignitas
681 1248 736 1302 in
763 1244 861 1299 Dei
887 1213 1034 1299 cultu
1080 1236 1273 1291 debeat
1294 1231 1602 1285 observare.
1650 1218 1786 1287 Quia
1816 1213 2009 1270 melius

419 1303 531 1410 est,
571 1338 910 1398 sacerdotem
950 1327 1154 1387 Christi
1200 1325 1254 1379 in
1298 1314 1661 1377 ecclesiastico
1706 1303 2008 1364 ministerio

421 1431 645 1493 laudari,
681 1442 842 1500 quam
873 1425 924 1479 in
954 1417 1322 1477 conviviorum
1348 1415 1608 1480 apparatu
1638 1401 1819 1474 (Prov.
1849 1406 2007 1457 nul,

421 1527 535 1596 20).
562 1497 836 1590 Quae—laus
860 1525 944 1572 est
973 1519 1179 1567 tantum
1201 1500 1543 1560 accumulare
1567 1505 1810 1552 mensam
1836 1497 2006 1551 tuam,

2097 756 2226 811 dere
2249 748 2413 818 cogit.
2441 746 2683 815 Equum
2711 749 2794 798 est
2818 747 2878 793 ut
2899 736 3041 807 quod
3065 733 3306 790 Charitas
3330 729 3562 784 libenter
3585 727 3685 781 im-

2099 842 2304 916 pendit,
2334 838 2612 896 humilitas
2632 840 2910 906 gratanter
2929 827 3178 897 accipiat.

2174 981 2399 1035 Summa
2426 974 2523 1030 Dei
2549 973 2726 1043 pietas
2755 967 2938 1023 multis
2974 963 3204 1020 feliciter
3227 961 3383 1015 annis

2243 1070 2539 1127 Conservet
2558 1064 2779 1125 charos,
2803 1069 2963 1129 teque
2988 1066 3218 1124 tuosque
3245 1050 3437 1126 simul;

2177 1162 2266 1218 Sis
2291 1174 2501 1215 memor
2523 1153 2726 1218 Albini,
2758 1158 3023 1206 memoret
3049 1153 3104 1201 te
3122 1143 3371 1200 Christus
3392 1141 3446 1196 in
3464 1154 3693 1202 aetum,‘

2248 1249 2369 1304 iam
2399 1247 2497 1303 tibi
2520 1251 2839 1316 perpetuum
2865 1238 2938 1293 sit
2968 1236 3086 1291 sine
3111 1233 3218 1289 line
3243 1231 3423 1288 decus.

2626 1367 2963 1428 EPlSTOLA
2988 1365 3175 1421 LXXI.

2548 1503 2614 1540 ,ω
2642 1497 2921 1539 ερεῐιλτυι
2955 1493 3241 1535 151³180οΡου
3251 1516 3269 1531 .

425 1627 482 1674 ιιι
511 1617 598 1671 vix
627 1610 833 1685 portari
862 1605 1053 1678 P055“,
1105 1607 1160 1655 θι
1199 1582 1867 1685 δῖιτίδιυθητλξξξνθεξδίωᾟ
1883 1593 2012 1679 es“:
2112 1604 2342 1674 Exoptat
2372 1599 2514 1654 illius
2540 1596 2828 1676 amicitiam
2855 1592 3158 1685 continuam
3188 1598 3236 1642 et
3263 1587 3509 1641 hortatur
3536 1584 3604 1639 ad
3628 1585 3702 1639 ai-

425 1668 595 1764 riat?‘
613 1668 707 1774 qui
734 1668 976 1755 dicturus
1002 1692 1107 1748 erit
1134 1690 1188 1743 in
1218 1685 1305 1740 die
1336 1675 1565 1737 terribili
1590 1693 1603 1729 :
1642 1671 1893 1740 Quandiu
1920 1668 2012 1722 uni

424 1814 489 1852 ex
530 1762 761 1849 minimis
801 1786 928 1842 meis
963 1780 1177 1855 fecistis,
1222 1773 1350 1830 mihi
1397 1768 1592 1843 fecistis
1618 1762 1834 1839 (Matth.
1881 1773 2008 1823 xxv,

424 1887 539 1958 tu).

497 1946 727 2032 Dmnino
751 1969 952 2025 habeas
973 1965 1027 2019 in
1057 1960 1316 2017 comitatu
1344 1964 1437 2010 tuo
1461 1951 1779 2023 prudentem
1804 1946 2018 2015 dispen-

427 2078 686 2130 satorem,
718 2061 809 2132 qui
831 2068 1128 2130 pauperum
1154 2064 1343 2107 curam
1370 2044 1595 2102 sollicita
1618 2041 1819 2112 pietate
1840 2035 2021 2108 provi-

428 2162 575 2215 deat.
608 2153 798 2210 Melius
825 2157 908 2204 est
934 2156 1199 2216 pauperes
1225 2139 1387 2196 edere
1410 2136 1477 2191 de
1505 2145 1689 2188 mensa
1718 2137 1833 2193 tua,
1858 2140 2021 2198 quam

432 2250 725 2310 histriones
761 2243 846 2299 vel
881 2239 1189 2295 luxuriosos
1231 2229 1517 2304 quoslibet.
1563 2223 1894 2279 Ebrietatem
1933 2229 2022 2272 se-

435 2348 666 2404 ctantes,
703 2336 865 2391 beato
888 2330 1225 2398 Hieronymo
1255 2322 1488 2382 dicente,
1538 2312 1691 2386 quasi
1725 2307 1921 2366 interni
1948 2304 2027 2361 fo-

435 2445 593 2488 veam
621 2426 821 2483 devita.
853 2422 971 2477 Duo
994 2416 1139 2473 mala
1162 2421 1307 2469 sunt.
1354 2408 1597 2465 Primum
1621 2420 1635 2457 :
1669 2407 1858 2457 contra
1882 2411 2026 2467 pra:-

439 2531 656 2596 ceptum
679 2516 775 2573 Dei
799 2526 979 2585 agere,
1010 2508 1103 2581 qui
1134 2509 1249 2561 ait:
1277 2502 1463 2559 Cavete
1491 2513 1578 2554 vos
1608 2495 1673 2550 ab
1703 2492 1843 2548 omni
1868 2489 2033 2545 ebrie-

440 2581 546 2670 taie
594 2619 642 2667 et
687 2581 905 2678 crapula
942 2601 1107 2676 (Luc.
1153 2613 1265 2661 xxx,
1319 2591 1447 2664 54).
1503 2585 1858 2645 Secundum:
1908 2581 2033 2636 inde

441 2703 655 2760 laudem
692 2672 968 2770 quaerere,
1011 2689 1156 2747 unde
1201 2682 1576 2760 pmnitentiam
1622 2690 1784 2749 agere
1829 2672 2031 2730 debuit.

444 2796 640 2851 Beatus
664 2764 826 2845 homo.
844 2787 933 2858 qui
976 2799 1079 2838 non
1118 2776 1323 2850 respicit
1347 2776 1403 2828 in
1427 2771 1679 2829 vanitates
1707 2775 1755 2822 et
1791 2764 1861 2819 ad
1893 2764 2037 2818 insa—

446 2890 562 2945 nias
599 2884 765 2958 falsas
809 2877 983 2954 (Psal.
1030 2890 1216 2937 xxxix,
1264 2869 1341 2943 5).
1384 2867 1599 2924 Insania
1638 2871 1722 2921 est
1749 2861 2040 2917 vestimen-
2074 2900 2077 2905 .

448 2953 625 3038 torum
650 2989 868 3049 pompa,
898 2979 954 3026 et
976 2967 1188 3024 assidua
1216 2962 1496 3020 ebrietatis
1519 2957 1752 3021 luxuria,
1775 2953 2039 3026 propheta

450 3044 703 3128 dicente:
749 3044 836 3120 Via:
870 3061 1011 3117 vobis
1039 3058 1128 3131 qui
1153 3064 1384 3129 potentes
1413 3053 1533 3108 estis
1565 3050 1632 3104 ad
1660 3046 1936 3103 bibendum
1969 3044 2043 3098 vi-

453 3179 602 3229 uum,
626 3169 676 3215 et
712 3157 808 3213 viri
835 3154 995 3226 fortes
1023 3150 1092 3205 ad
1118 3145 1435 3203 miscendam
1479 3141 1779 3197 ebrietatem
1804 3134 1959 3209 (Isai.
1987 3149 2040 3198 ν,

451 3255 568 3328 22).
602 3252 708 3320 Qui
733 3250 813 3306 his
841 3246 1149 3309 delectatur,
1190 3250 1251 3296 ut
1274 3232 1527 3296 Salomon
1569 3234 1662 3297 ait,
1701 3248 1804 3285 non
1825 3231 1921 3284 erit
1948 3246 2038 3284 sa-

455 3319 601 3419 piens
624 3343 806 3417 (Prov.
837 3355 929 3403 xx,
960 3337 1033 3408 l).
1077 3335 1135 3389 in
1175 3341 1225 3387 te
1254 3330 1399 3385 enim
1437 3324 1742 3396 exemplum
1778 3322 1849 3377 sit
1876 3319 2043 3376 totius

457 3411 766 3496 sobrietatis
791 3439 846 3487 et
876 3424 1238 3485 continentim.
1270 3420 1448 3478 Verba
1477 3418 1574 3472 Dei
1605 3416 1849 3486 legantur
1869 3411 1924 3467 in
1958 3426 2045 3467 sa—

458 3525 715 3587 cerdotali
758 3519 1025 3579 convivio.
1073 3516 1152 3571 lbi
1198 3514 1352 3569 decet
1397 3510 1653 3565 lectorem
1684 3504 1890 3569 audire,
1937 3518 2044 3558 non

459 3622 816 3681 citharistam.
838 3614 1080 3684 Angusta
1102 3614 1187 3664 est
1204 3606 1425 3670 domus;
1451 3610 1711 3669 utrosque
1735 3606 1919 3653 tenere
1939 3609 2047 3649 non

460 3713 681 3787 poterit.
730 3696 851 3764 Non
876 3704 990 3760 vult
1008 3713 1106 3757 rex
1133 3695 1368 3754 scelestis
1393 3707 1517 3749 cum
1544 3689 1767 3762 paganis
1793 3695 1851 3741 et
1872 3684 2049 3757 perdi-

461 3807 535 3861 tis
562 3801 941 3859 nomineteuus
975 3791 1192 3864 regibus
1220 3784 1652 3843 communionem
1677 3778 1899 3843 habere,
1922 3774 2051 3847 quia

463 3899 584 3955 Rex
610 3895 698 3952 ille
725 3901 960 3949 aeternus
1002 3890 1192 3957 regnat
1226 3882 1280 3936 in
1310 3878 1498 3943 cmlis,
1546 3873 1636 3929 ille
1664 3885 1906 3943 paganus
1930 3883 2053 3939 per-

465 3992 611 4048 ditus
637 3983 843 4060 plangit
883 3982 936 4037 in
969 3977 1216 4033 inferno:
1258 3986 1420 4028 voces
1465 3966 1754 4039 legentium
1786 3961 1973 4018 audire
1998 3961 2069 4029 in,

466 4054 714 4139 domibus
743 4054 869 4141 tuis,
897 4086 1003 4127 non
1024 4067 1313 4124 ridentium
1352 4063 1567 4117 turbam
1597 4058 1652 4112 in
1680 4054 1890 4127 plateis.

536 4168 871 4224 Clericorum
895 4159 1030 4216 tales
1052 4157 1256 4211 habeas
1276 4151 1471 4215 socios,
1486 4162 1550 4202 ex
1573 4158 1804 4216 quorum
1831 4155 2057 4196 conver-

468 4259 678 4319 satione
705 4263 795 4311 tua
818 4252 1065 4306 laudetur
1093 4243 1407 4300 auctoritas.
1440 4237 1488 4293 F
1492 4238 1614 4292 ilius
1653 4237 1860 4307 sapiens
1889 4232 2059 4304 gloria

467 4363 544 4410 est
568 4351 757 4425 patris,
787 4355 841 4403 et
862 4351 1051 4402 contra
1075 4338 1219 4411 [ilius
1247 4334 1437 4391 stultus
1462 4331 1752 4403 ignominia
1773 4336 1848 4382 est
1874 4325 2059 4381 matris

471 4414 654 4517 (Ρέου.
683 4414 848 4509 1,1).
880 4429 1179 4502 Quomodo,
1211 4426 1421 4482 dicente
1446 4417 1704 4492 Apostolo
1731 4415 1783 4489 (ι
1809 4414 1942 4470 Tim.
1972 4429 2057 4478 ιιι,

2585 1678 2693 1722 tam
2722 1666 2959 1735 episcopo
2984 1661 3219 1731 dignam.

2188 1784 2544 1842 Dilectissimo
2580 1779 2729 1853 Patri
2761 1789 2786 1817 ι
2819 1775 3049 1846 Sperate
3077 1770 3331 1843 episcopo
3371 1766 3544 1824 ﬁdelis
3568 1766 3708 1821 ami-

2117 1894 2217 1937 cus
2239 1875 2501 1931 Alcuinus
2527 1870 2777 1926 salutem.

2191 1966 2533 2038 Sempiterna
2570 1975 2658 2015 me
2686 1958 2831 2028 cogit
2858 1955 3099 2025 charitas
3119 1952 3314 2022 sapius
3347 1926 3543 2006 vestra:
3577 1946 3711 2003 dile-

2121 2058 2284 2117 ctioni
2318 2054 2587 2111 litterulas
2628 2051 2863 2121 dirigere
2888 2089 2904 2113 ,
2943 2048 3071 2103 licet
3093 2045 3271 2101 minus
3288 2042 3528 2105 videaris
3554 2038 3714 2096 nobis

2122 2153 2297 2208 vicem
2328 2146 2623 2220 rependere
2667 2143 2776 2199 tuis
2799 2140 3035 2205 litteris;
3074 2147 3255 2193 tamen
3297 2150 3398 2207 ego
3422 2150 3531 2190 non
3559 2148 3717 2190 cesso

2125 2242 2223 2298 tibi
2247 2237 2659 2313 prosperitatem
2683 2241 2892 2302 optare,
2919 2239 2975 2286 et
2993 2245 3092 2300 per
3111 2227 3329 2284 chartas
3351 2234 3457 2280 tum
3475 2224 3718 2279 innotes-

2127 2350 2252 2392 cere
2280 2330 2555 2389 sanctitati
2589 2326 2732 2396 quod
2757 2323 3067 2379 nullatenus
3094 2331 3246 2374 mens
3274 2332 3392 2372 mea
3421 2315 3499 2370 tui
3522 2314 3721 2368 habeat

2128 2426 2474 2487 oblivionem,
2521 2419 2617 2482 sed
2640 2416 2964 2474 omnimodis
2991 2412 3144 2467 iirma
3174 2409 3356 2466 radice
3378 2408 3453 2463 tui
3487 2403 3725 2461 nominis

2131 2520 2377 2577 obtineat
2403 2515 2744 2571 memoriam.

2205 2602 2481 2668 Recordor
2532 2605 2870 2664 dulcedinem
2918 2610 3156 2658 vestram
3207 2606 3263 2655 et
3310 2593 3725 2669 germanitatem

2135 2722 2297 2778 quam
2322 2703 2610 2759 habuimus
2650 2699 2794 2755 inter
2828 2712 2929 2753 nos
2954 2691 3242 2767 prtesentia
3281 2687 3571 2755 corporali,
3607 2698 3727 2756 qua-

2136 2801 2298 2858 etiam
2325 2796 2639 2869 spiritaliter
2664 2792 2944 2849 observari
2967 2789 3149 2854 debet,
3190 2800 3292 2841 nec
3320 2784 3433 2839 ulla
3458 2791 3726 2839 terrarum

2138 2888 2529 2962 longinquitate
2551 2884 2738 2950 deleri,
2777 2890 3044 2954 quatenus
3068 2877 3313 2947 amicitia
3325 2875 3455 2930 olim
3482 2873 3730 2929 condicta

2139 2983 2528 3058 perpetualiter
2552 2986 2922 3037 conservetur.
2957 2974 3037 3029 Tu
3070 2986 3222 3034 vero,
3265 2968 3607 3025 sanctissime
3631 2964 3731 3019 Pa-

2143 3057 2247 3141 ter,
2278 3076 2563 3134 considera
2584 3072 2871 3141 diligenter
2892 3067 3071 3123 locum
3099 3062 3328 3119 nominis
3350 3059 3451 3124 tui,
3496 3057 3586 3112 ubi
3614 3071 3734 3110 rna-

2067 3177 2114 3242 c
2146 3184 2294 3233 neas,
2334 3166 2428 3222 ubi
2461 3170 2664 3221 statuta
2682 3162 2754 3217 sit
2778 3158 3012 3230 dignitas
3039 3166 3151 3219 tua,
3180 3161 3236 3208 et
3259 3150 3403 3223 quod
3431 3146 3629 3203 diceris
3663 3145 3734 3199 ab

2141 3261 2416 3325 omnibus,
2461 3259 2568 3314 hoc
2607 3268 2775 3325 apere
2818 3248 3065 3321 impleas.
3119 3242 3467 3301 Fiducialiter
3497 3237 3733 3310 praedic:

2142 3357 2297 3413 omni.
2316 3366 2582 3425 personae,
2608 3352 2925 3419 opportune,
2955 3342 3281 3411 importune,
3298 3336 3443 3391 idem
3462 3330 3661 3388 volenti
3680 3339 3736 3385 et

2144 3443 2346 3502 nolenti
2377 3439 2464 3514 (II
2495 3438 2631 3494 Tim.
2657 3434 2756 3505 tv).
2798 3434 2857 3488 In
2885 3432 3127 3487 moribus
3151 3428 3262 3483 tuis
3289 3425 3531 3495 fulgeant
3558 3435 3738 3476 exem-

2147 3538 2237 3610 pla
2265 3511 2588 3597 sanctitatis,
2631 3537 2689 3584 et
2717 3528 2773 3582 in
2795 3524 2976 3580 verbis
3015 3520 3262 3576 veritatis
3301 3513 3617 3587 praedicatio
3654 3511 3739 3565 ni-

2146 3607 2342 3695 tescat,
2386 3626 2511 3697 quia
2549 3625 2668 3679 haec
2703 3621 2809 3678 duo
2834 3617 3068 3674 maxime
3106 3611 3436 3668 conveniunt
3462 3607 3737 3678 episcopo,

2148 3735 2209 3780 ut
2244 3721 2404 3779 bouis
2443 3718 2585 3774 vivat
2632 3714 2876 3771 moribus
2918 3718 2973 3765 et
3012 3702 3412 3779 prmdicationis
3438 3701 3602 3755 verba
3634 3712 3742 3752 non

2149 3824 2343 3880 taceat,
2372 3815 2512 3870 sicut
2549 3811 2667 3882 ipsa
2687 3807 2904 3864 Veritas
2934 3803 3049 3857 ait:
3083 3800 3202 3855 Sint
3224 3795 3387 3851 lumbi
3427 3792 3585 3848 uestri
3606 3805 3744 3862 prte-

2151 3910 2309 3966 cincti
2336 3916 2385 3962 et
2422 3881 2651 3959 lucerna
2691 3899 2935 3955 ardentes
2980 3896 3039 3949 in
3075 3888 3320 3946 manibus
3360 3886 3541 3942 uestris
3586 3881 3741 3955 (Luc.

2153 4001 2275 4073 xu).
2319 4000 2376 4054 in
2405 3995 2603 4051 lumbis
2632 4005 2844 4048 morum
2874 3986 3101 4044 castitas
3137 3991 3192 4038 et
3225 3982 3282 4037 in
3310 3980 3527 4035 lucerna
3559 3975 3746 4029 lumen

2153 4065 2305 4148 verbi
2330 4089 2426 4145 Dei
2446 4087 2865 4143 demonstratur.
2898 4078 3113 4133 Habeas
3133 4065 3634 4141 irrepreheusihiles
3656 4079 3747 4119 so-

2156 4185 2291 4250 cios,
2326 4190 2388 4236 ut
2414 4196 2479 4235 es
2524 4176 2630 4233 illis
2673 4172 2832 4246 alieni
2879 4171 3094 4226 discant
3125 4166 3247 4220 vitae
3285 4161 3643 4249 religionem;
3690 4163 3748 4212 et

2157 4242 2489 4333 aedificentur
2515 4242 2825 4337 quicunque
2849 4260 3072 4315 veniant
3097 4256 3165 4311 ad
3200 4264 3275 4320 te,
3303 4242 3418 4308 sive
3437 4267 3505 4306 ex
3529 4258 3583 4305 te
3606 4249 3743 4320 ipso,

2159 4367 2273 4423 sive
2307 4378 2377 4418 ex
2412 4360 2538 4415 illis.
2589 4353 2860 4412 Lectionis
2886 4364 3017 4405 vero
3060 4346 3299 4403 studium
3334 4342 3645 4398 nullatenus
3666 4338 3749 4393 di-

2160 4456 2335 4517 mitte,
2362 4451 2457 4507 sed
2483 4448 2685 4504 habeas
2709 4444 2845 4500 tales
2874 4440 3104 4510 juvenes
3129 4435 3271 4508 apud
3298 4443 3375 4499 te,
3406 4431 3501 4502 qui
3538 4443 3752 4498 semper

470 4535 549 4608 εἰ)›
580 4546 767 4592 cum“
789 4527 1047 4584 Ecc'esi‘”
1068 4519 1267 4593 Ρθίθτίί
1288 4518 1508 4613 δξώθτα
1539 4512 1631 4584 qui
1657 4509 2058 4613 δυθπδμάοωιδω
2086 4551 2136 4613 D
2161 4509 2389 4609 discant,
2413 4552 2469 4600 et
2497 4542 2671 4611 magis
2697 4538 2968 4609 gaudeant
3009 4533 3222 4589 discere
3243 4542 3406 4599 quam
3448 4522 3704 4580 inebriari
3730 4538 3749 4586 ;

473 4602 646 4683 nescit
674 4619 902 4697 regere?
929 4613 1151 4673 Ovicula
1175 4625 1295 4682 qum
1317 4608 1384 4665 de
1406 4622 1590 4663 mensa
1617 4602 1848 4661 comedit
1877 4608 2061 4672 pasto-

478 4718 576 4783 ris,
626 4695 959 4783 vagahundis
990 4711 1137 4763 errat
1172 4701 1467 4771 gressibus.
1517 4695 1797 4764 Quomodo
1846 4700 2060 4747 cautam

476 4811 642 4866 habet
682 4800 1145 4862 conversationem
1169 4837 1184 4861 ,
1228 4808 1349 4865 qua:
1388 4791 1560 4846 libero
1583 4788 1718 4859 pede
1760 4802 1858 4857 per
1885 4783 2060 4856 campi

479 4901 815 4959 latitudinem
855 4890 1154 4950 discurrit?
1205 4888 1273 4943 Et
1298 4902 1366 4943 ex
1393 4883 1636 4940 doctrina
1675 4878 2058 4948 discipulorum

481 5000 705 5067 augetur
733 4986 994 5061 sapientia
1032 4980 1270 5038 doctoris
1300 4993 1315 5032 :
1358 4977 1451 5048 qui
1474 4973 1712 5031 studiose
1740 4972 1898 5027 docet
1918 4970 2061 5041 quod

481 5060 651 5150 novit,
696 5060 838 5151 saepe
885 5073 1140 5148 agnovit,
1189 5070 1368 5126 divina
1403 5066 1637 5122 donante
1675 5062 1869 5135 gratia,
1921 5060 2065 5130 quod

481 5177 713 5247 ignorat.
740 5168 1055 5227 Maledictus
1083 5162 1175 5234 qui
1206 5158 1485 5216 abscondit
1506 5156 1771 5212 frumenta
1810 5154 1865 5208 in
1899 5167 2068 5224 popu-

483 5265 551 5320 lis
575 5263 756 5335 (Prov.
788 5276 868 5326 XI,
892 5256 1005 5332 26),
1033 5263 1089 5311 et
1110 5256 1297 5310 beatus
1315 5248 1406 5321 qui
1434 5248 1667 5303 seminat
1693 5259 1855 5315 super
1879 5257 2069 5298 omnes

436 5422 439 5423 ν
485 5367 664 5425 agros.
683 5346 840 5405 Mane
867 5348 1066 5403 semina
1092 5358 1266 5399 semen
1291 5345 1519 5401 tuum,et
1547 5350 1751 5405 vespere
1776 5347 1878 5387 non
1907 5337 2065 5385 cesset

486 5419 596 5516 ’ἰή
625 5456 812 5503 manus
854 5448 965 5493 tua;
1014 5434 1153 5502 Quia
1181 5430 1348 5488 nescis
1369 5426 1495 5501 quid
1517 5424 1700 5481 melius
1730 5423 1953 5483 oriatur,
1972 5419 2067 5477 etsi

488 5508 764 5601 utr-umque
784 5530 881 5583 hoc
904 5528 1155 5598 optimum
1185 5531 1258 5577 est
1290 5517 1489 5592 (Eccle.
1541 5532 1615 5579 χι,
1648 5513 1723 5584 6).
1753 5510 1943 5566 Nullus
1965 5508 2071 5564 erit

487 5626 542 5681 io
576 5622 681 5679 hoc
703 5619 900 5678 stendo
924 5615 1284 5687 sempiternus
1310 5629 1325 5677 ;
1364 5610 1486 5667 ideo
1511 5606 1799 5665 contendat
1822 5602 2072 5674 quisque,

488 5724 548 5776 ut
582 5712 659 5772 ibi
684 5711 823 5770 bene
847 5708 993 5766 vivat
1035 5706 1127 5763 ubi
1160 5702 1524 5775 sempiternus
1559 5699 1684 5753 erit.
1733 5694 1889 5760 Noli,
1920 5692 2078 5748 obse-

2161 4639 2275 4695 Deo
2313 4634 2518 4692 servire
2551 4639 2608 4687 et
2631 4645 2741 4686 non
2775 4624 2958 4683 saeculi
2995 4621 3193 4679 sectari
3219 4630 3464 4689 pompas.
3491 4612 3675 4668 Talem
3699 4621 3756 4666 te

2161 4746 2314 4803 para,
2362 4724 2577 4797 qualem
2605 4731 2659 4778 te
2686 4720 2873 4791 cupias
2917 4725 3064 4773 stare
3092 4720 3220 4768 ante
3249 4707 3484 4766 tribunal
3506 4704 3750 4770 Christi;

2164 4798 2377 4890 meique
2405 4829 2618 4885 semper
2642 4825 2852 4871 memor
2873 4816 2993 4865 esto
3021 4806 3076 4860 in
3102 4801 3438 4859 orationibus
3465 4798 3592 4861 tuis,
3622 4810 3759 4865 qua-

2165 4886 2322 4967 tenus
2348 4908 2529 4964 divina
2561 4901 2855 4961 clementia
2894 4898 3013 4953 dies
3040 4910 3192 4951 meos
3229 4892 3299 4948 ad
3327 4892 3486 4945 ﬁnem
3524 4886 3760 4942 deducat

2162 5004 2483 5075 perlectum,
2506 5008 2563 5054 et
2606 5006 2667 5053 ut
2689 5004 2744 5050 tu
2770 4994 2974 5050 habeas
2999 4987 3302 5044 mercedem
3325 4985 3521 5039 bonam
3548 4993 3617 5034 ex
3645 4992 3756 5038 me,

2163 5074 2219 5152 et
2245 5109 2347 5165 ego
2368 5090 2739 5148 remissionem
2764 5092 3116 5156 peccatorum
3139 5093 3240 5149 per
3263 5086 3336 5131 te.
3363 5074 3522 5129 Fides
3547 5084 3679 5125 vero
3704 5077 3765 5123 et

2167 5185 2383 5241 dilectio
2406 5187 2590 5238 sancta
2615 5189 2892 5245 nunquam
2921 5171 3174 5242 frigescat
3214 5167 3267 5222 in
3310 5162 3507 5219 animis
3534 5158 3758 5220 nostris,

2168 5278 2264 5335 sed
2304 5288 2519 5345 semper
2541 5268 2715 5339 magis
2741 5266 3025 5338 magisque
3059 5267 3321 5332 augeatur
3345 5297 3359 5322 ,
3390 5254 3611 5311 Christo
3650 5250 3766 5305 Deo

2172 5339 2487 5427 miserante,
2521 5357 2614 5432 qui
2634 5356 2791 5412 nobis
2818 5353 3087 5427 propitius
3121 5350 3191 5407 sit
3219 5349 3275 5404 in
3303 5353 3585 5403 aeternum.
3621 5339 3766 5411 Opto

2172 5464 2228 5512 te
2251 5455 2453 5518 valere,
2478 5431 2612 5506 etin
2630 5445 2832 5504 Christi
2853 5444 3118 5502 charitate
3142 5438 3427 5513 proiicere,
3452 5431 3771 5491 dulcissime

2174 5547 2337 5602 Pater
2359 5545 2371 5596 i

561 5863 587 5896 ι
626 5848 844 5926 Sperate
886 5843 1140 5914 episcopo.
1195 5838 1429 5898 incertae
1466 5834 1606 5889 sedis
1654 5833 1707 5887 in
1746 5828 1958 5902 Anglia,
1991 5827 2057 5910 ad
2080 5842 2240 5899 quem
2268 5812 2433 5882 etiam
2462 5829 2639 5879 exstat
2664 5819 2889 5892 epistola
2927 5814 2996 5871 56
3026 5815 3189 5886 (nunc
3216 5809 3327 5875 70).
