4070 6182
255 355 363 413 Ξιῦ

746 484 772 514 ι
804 466 1136 526 EPISTOLA
1161 466 1370 524 LXXII.

689 579 756 617 AD
784 575 1051 619 SIIIONEI
1073 573 1439 616 SACEBDOTEI.

769 668 947 741 (Circa
979 683 1180 723 annum
1214 663 1363 738 797.)

263 786 532 845 Hortatur
569 782 640 836 ad
689 781 914 904 orcium
967 775 1261 850 episcopale
1307 774 1526 832 solerter
1568 775 1861 830 obeundum

304 864 309 867 ‘
540 853 722 904 nericu
746 851 850 904 osis
870 851 925 903 in
946 848 1228 904 Britannia
1252 846 1591 904 temnoribus.

304 864 309 867 ‘
540 846 850 925 periculosis
870 851 925 903 in
946 846 1228 904 Britannia
1252 846 1591 917 temporibus.

332 965 677 1025 Charissimo
704 961 815 1017 ﬁlio
835 961 863 1001 ιι
890 959 1131 1016 Simeoni
1156 958 1426 1016 sacerdoti
1451 958 1676 1015 Albinus
1702 957 1865 1017 Pater

262 1060 521 1116 salutem.

336 1149 395 1205 Si
425 1145 771 1220 gaudendum
810 1150 897 1198 est
940 1141 1007 1197 de
1052 1155 1301 1205 ascensu,
1346 1139 1644 1196 timendum
1679 1146 1765 1195 est
1801 1139 1866 1196 de

261 1242 439 1312 lapsu,
494 1237 623 1309 quia
665 1235 731 1291 de
767 1232 945 1288 altiori
990 1231 1110 1286 loco
1148 1228 1502 1300 periculosior
1534 1236 1618 1284 est
1659 1227 1863 1298 lapsus.

263 1334 392 1391 ideo
411 1328 707 1388 secundum
727 1339 923 1381 nomen
948 1331 1100 1377 tuum
1123 1330 1241 1378 esto
1268 1318 1738 1392 superspeculator
1759 1334 1866 1373 non

266 1424 447 1481 solum
485 1420 667 1492 gregis
704 1416 801 1472 tibi
822 1414 1129 1480 commissi,
1168 1413 1262 1469 sed
1287 1414 1452 1468 etiam
1477 1413 1556 1468 tui
1576 1413 1766 1483 ipsius,
1804 1420 1870 1467 ut

269 1517 328 1569 in
365 1512 555 1585 paucis
574 1508 764 1565 diebus
792 1506 995 1562 laboris
1030 1503 1321 1576 plurimam
1360 1503 1622 1559 merearis
1664 1502 1867 1557 habere

265 1605 583 1671 mercedem
621 1599 989 1661 beatitudinis.
1037 1597 1303 1669 Tempora
1327 1594 1630 1668 periculosa
1658 1602 1786 1651 sunt
1812 1595 1867 1650 in

271 1696 597 1761 Britannia;
643 1702 699 1748 et
734 1706 884 1747 mors
908 1704 1094 1761 regum
1137 1687 1371 1744 miseriae
1404 1686 1616 1758 signum
1645 1692 1767 1752 est;
1815 1693 1872 1741 et

1707 351 2085 411 EPISTOLE.

1881 472 1929 529 Α
2026 463 2322 518 animarum
2356 460 2572 515 solerter
2600 459 2893 526 intendere,
2923 468 2970 514 et
3001 457 3311 513 Christiania
3340 458 3541 511 virtutis

3420 340 3524 399 Ξεϐ

2031 532 2278 587 exercitia
2306 531 2513 585 suadet.

2032 628 2391 685 Dilectissimo
2441 628 2551 684 ﬁlio
2601 628 2629 668 ει
2683 628 2905 685 Calvino
2951 629 3269 700 presbytero
3316 625 3542 683 Albinus

1962 723 2184 778 devotus
2212 722 2268 776 in
2297 721 2557 777 charitate
2583 721 2741 777 Pater
2768 722 3014 778 salutem.

2032 816 2289 885 Quamvis
2318 815 2583 887 corporali
2620 816 2801 887 specie
2836 815 3429 887 amici,disjungantur,
3469 824 3552 870 ta-

1964 923 2089 965 men
2113 907 2397 964 charitatis
2423 905 2606 962 ofﬁcio
2629 921 2845 977 semper
2864 914 3160 977 praesentes
3181 919 3302 961 esse
3322 912 3546 977 queunt.

1962 999 2074 1055 Nec
2099 1006 2368 1054 terrarum
2395 995 2785 1068 longinquitate
2810 1001 3150 1064 separantur,
3183 994 3276 1064 qui
3305 993 3549 1050 dilectio-

1963 1091 2049 1147 nis
2073 1091 2356 1147 dulcedine
2371 1090 2691 1160 junguntur.
2718 1087 2847 1142 Hinc
2869 1093 2953 1141 est
2973 1099 3092 1156 qua:
3118 1100 3391 1155 nunquam
3416 1097 3555 1155 prat-

1962 1183 2122 1248 terit,
2149 1182 2197 1237 si
2216 1182 2272 1236 in
2294 1181 2522 1237 veritate
2543 1178 2775 1235 ﬁdeliter
2799 1177 3063 1232 habetur:
3076 1176 3221 1233 Proh
3248 1175 3432 1232 dolor!
3460 1175 3553 1231 sed

1966 1289 2088 1331 rare
2120 1274 2489 1339 inveniuntur,
2519 1285 2752 1342 quorum
2786 1269 2997 1340 integra
3028 1268 3160 1324 ﬁdes
3188 1282 3371 1323 veram
3409 1264 3556 1323 foras

1963 1364 2213 1420 ostendat
2247 1365 2567 1420 charitatem
2587 1404 2602 1430 ,
2631 1378 2752 1434 quae
2779 1362 3042 1434 plurimos
3067 1357 3557 1433 habet'impugna-

1968 1465 2139 1521 tores,
2165 1455 2260 1510 sed
2287 1455 2523 1509 maxime
2551 1453 2734 1509 saeculi
2766 1452 3002 1518 divitias,
3029 1465 3149 1522 quae
3172 1449 3349 1506 fallaci
3379 1450 3558 1521 specie

1967 1547 2225 1602 infestant
2269 1546 2434 1602 corda
2478 1545 2834 1615 quaerentium
2877 1543 3034 1609 illas;
3085 1549 3146 1597 ut
3184 1542 3278 1595 vix
3322 1542 3558 1612 antiqua:

1967 1638 2269 1694 dilectionis
2292 1638 2545 1707 quaelibet
2567 1634 2799 1692 scintilla
2827 1635 3040 1691 eluceat
3067 1633 3211 1688 inter
3234 1632 3558 1705 caliginosas

1970 1738 2307 1783 terrenarum
2349 1727 2740 1783 desideriorum
2781 1726 3022 1781 umbras.
3066 1723 3216 1779 Hanc
3240 1738 3370 1779 vero
3395 1723 3559 1795 pesti-

272 1789 550 1847 discordia
592 1784 922 1858 captivitatis
960 1782 1152 1854 origo;
1182 1780 1536 1869 et‘festinant
1571 1794 1703 1835 vera
1745 1794 1866 1835 esse

1977 1818 2141 1874 feram
2187 1817 2368 1874 saeculi
2408 1817 2759 1888 cupiditatem
2801 1832 2832 1870 a
2874 1824 2966 1869 tuo
2994 1813 3208 1880 animo,
3238 1780 3559 1869 charissime

274 1896 399 1954 qua:
437 1878 636 1950 szrpius
672 1875 867 1932 audisti
903 1889 936 1930 a
958 1881 1144 1929 nostro
1182 1862 1401 1944 praedici
1427 1872 1700 1943 magistro.
1748 1869 1866 1926 Noli

273 1973 505 2046 cupidus
526 1986 652 2027 esse
671 1969 739 2026 de
764 1983 899 2024 auro
927 1975 983 2022 et
1013 1974 1266 2038 argento,
1318 1965 1413 2021 sed
1451 1965 1519 2021 de
1562 1965 1868 2020 animarum

274 2067 451 2122 lucro.
500 2061 584 2117 Me
621 2075 750 2116 vero
787 2059 843 2114 in
890 2057 1230 2113 orationibus
1264 2065 1322 2112 et
1357 2055 1714 2127 eleemosynis
1757 2070 1868 2110 me-

274 2171 433 2213 mora
459 2154 736 2226 quotidie,
785 2158 843 2206 et
878 2159 930 2206 te
963 2150 1018 2205 in
1066 2148 1445 2205 observatione
1491 2146 1870 2203 mandatorum

276 2249 374 2304 Dei
400 2261 661 2316 semper;
688 2253 746 2300 et
768 2244 815 2300 si
846 2250 1140 2314 tempestas
1168 2242 1401 2312 undique
1435 2242 1735 2307 immineat,
1768 2256 1871 2313 gu-

273 2341 447 2397 berna
484 2336 716 2392 viriliter
759 2348 956 2390 navem
998 2332 1201 2390 Christi
1223 2372 1240 2399 ,
1286 2340 1348 2388 ut
1391 2333 1715 2404 quandoque
1747 2347 1875 2389 cum

278 2429 389 2483 tuis
414 2426 595 2483 nautis
634 2425 692 2480 in
713 2432 932 2495 portum
963 2422 1249 2495 pervenias
1279 2423 1675 2494 prosperitatis.
1726 2421 1876 2478 Nan-

278 2533 444 2590 quam
480 2533 512 2571 a
537 2522 729 2571 saneta
745 2512 1129 2585 praedicatione
1163 2511 1345 2584 lingua
1379 2511 1553 2578 sileat,
1597 2528 1877 2584 nunquam

279 2625 314 2662 a
338 2609 481 2666 bono
505 2620 670 2677 apere
697 2619 891 2659 manus
911 2610 1217 2674 torpescat;
1250 2610 1308 2658 et
1331 2618 1655 2675 quocunque
1681 2604 1877 2671 vadas,

278 2699 420 2756 liber
438 2696 610 2753 sancti
635 2694 882 2767 Gregorii
908 2692 1204 2751 Pastoralis
1232 2700 1411 2749 tecum
1431 2702 1639 2766 pergat.
1666 2693 1877 2765 Saepius

279 2789 434 2844 illum
468 2786 619 2858 legas
661 2792 720 2841 et
773 2783 1002 2855 relegas,
1051 2791 1320 2853 quatenus
1368 2783 1602 2854 teipsum
1632 2792 1689 2840 et
1720 2792 1877 2843 tuum

277 2895 419 2953 opus
443 2891 740 2952 cognoscas
767 2876 823 2932 in
849 2875 941 2932 illo
958 2916 973 2941 ,
1003 2884 1066 2930 ut
1098 2875 1332 2946 qualiter
1365 2876 1550 2933 vivere
1576 2876 1662 2932 vel
1680 2877 1879 2933 docere

278 2970 500 3037 debeas,
527 2978 653 3025 ante
674 2967 861 3025 oculos
887 2966 1128 3024 habeas:
1160 2966 1440 3038 speculum
1467 2974 1552 3023 est
1578 2967 1723 3022 enim
1744 2982 1879 3038 pon-

280 3061 499 3119 tiﬁcalis
544 3061 668 3117 vita:
704 3068 765 3116 et
810 3058 1078 3115 medicina
1117 3066 1307 3114 contra
1350 3057 1562 3129 singula
1600 3058 1877 3114 diabolica:

281 3153 493 3210 fraudis
518 3151 764 3207 vulnera.
795 3148 915 3204 Non
952 3148 1235 3205 mollescat
1262 3149 1476 3205 animus
1500 3156 1626 3205 tuus
1660 3148 1717 3203 in
1742 3151 1876 3204 adu-
1901 3154 1949 3218 c

281 3245 488 3301 latione
510 3243 833 3316 principum,
874 3257 975 3298 nec
1002 3248 1273 3311 torpescat
1299 3241 1355 3295 in
1385 3241 1725 3297 correctione
1751 3241 1881 3297 sub-

274 3338 577 3408 iectorum.
629 3335 747 3391 Non
788 3344 842 3390 te
869 3334 1140 3405 decipiant
1184 3332 1367 3389 saeculi
1403 3333 1716 3399 blanditiae;
1770 3348 1880 3388 non

279 3427 541 3485 exaltent
569 3426 801 3481 honores
832 3432 1212 3490 transeuntes;
1254 3438 1362 3480 non
1396 3424 1714 3480 subvertant
1736 3423 1884 3483 favo-

283 3533 385 3575 res
406 3514 616 3588 populi.
665 3514 793 3570 Esto
831 3514 1080 3570 columna
1126 3513 1530 3582 ﬁrmissima-in
1566 3512 1728 3569 domo
1759 3513 1876 3576 Dei,

288 3628 399 3669 non
420 3610 631 3667 arundo
653 3618 814 3666 vento
833 3610 1035 3681 agitata
1052 3607 1266 3681 (Matth.
1289 3624 1367 3674 ιι,
1396 3608 1472 3680 7).
1505 3608 1633 3664 Esto
1659 3608 1881 3664 lucerna

291 3718 455 3774 super
476 3701 857 3759 candelabrum
878 3701 1076 3773 posita,
1107 3716 1212 3756 non
1240 3701 1341 3757 sub
1364 3700 1543 3756 modio
1567 3699 1882 3756 abscondita

293 3793 509 3864 (Matth.
537 3809 593 3859 v,
629 3792 738 3863 l5).
788 3792 918 3848 Esto
947 3792 1197 3847 omnibus
1223 3791 1309 3846 via
1343 3790 1553 3855 salutis,
1601 3806 1708 3846 non
1743 3805 1881 3845 vena

291 3882 626 3954 perditionis,
645 3891 706 3936 ut
731 3896 830 3952 per
859 3890 910 3937 te
933 3881 1152 3953 plurimi
1181 3881 1546 3951 corrigantur,
1577 3881 1877 3947 salventur,

294 3974 435 4029 etad
469 3974 643 4028 vitam
682 3980 866 4027 tecum
903 3971 1225 4042 perveniant
1271 3971 1677 4043 sempiternam.
1722 3972 1875 4035 Vive,

294 4065 409 4120 vale
437 4065 672 4122 feliciter
717 4073 773 4120 et
809 4064 981 4120 nostri
1021 4078 1230 4119 memor
1271 4063 1525 4134 proﬁcias
1571 4077 1786 4134 semper
1826 4062 1880 4116 in

296 4170 456 4227 opere
490 4156 607 4211 Dei.

752 4258 774 4287 ε
818 4245 1152 4303 EPISTOLA
1185 4244 1418 4301 LXXIII.

681 4375 748 4415 AD
786 4374 1055 4415 ωινιιωι
1090 4374 1493 4415 νιιεειιγτειυιι.

775 4470 794 4542 (
819 4468 975 4525 Circa
1005 4486 1207 4525 annum
1238 4470 1361 4526 797.
1388 4470 1405 4542 )

293 4580 561 4636 hortatur
596 4583 666 4637 ad
702 4592 1051 4653 contemptum
1077 4583 1377 4638 divitiarum
1414 4594 1461 4638 et
1497 4583 1751 4638 honorum
1781 4600 1879 4653 sir—

367 4653 474 4708 alt'
502 4670 523 4710 :
561 4652 1510 4724 Simeonem_sunt_muntsacerdotem
1557 4654 1748 4724 sapius
1786 4652 1897 4705 πάϊ

368 4723 572 4780 moneri
600 4723 738 4793 cupit
766 4739 783 4776 :
811 4722 912 4783 sibi
954 4722 1021 4776 ab
1054 4721 1447 4776 adulationibus
1488 4721 1694 4786 carere,
1740 4739 1882 4777 cura:

510 4890 537 4919 α
574 4876 833 4933 lneditam
869 4877 1128 4932 hactenus
1156 4877 1503 4946 producimus
1530 4893 1596 4933 ex
1625 4878 1744 4934 cod.
1777 4893 1881 4933 ms.

306 4945 723 5019 Salisburgensi.
757 4946 933 5019 (Apud
953 4945 1204 5019 Froben.
1238 4945 1353 5018 57.)

372 5018 403 5060 δ
421 5016 678 5088 _Sin{eoni
703 5016 982 5072 sacerdoti.
1010 5016 1231 5088 Eidem,
1262 5016 1422 5088 puto,
1451 5033 1609 5085 quem
1641 5018 1695 5073 in
1725 5020 1882 5088 epist.

304 5089 372 5145 ad
405 5086 695 5143 Calvinum
723 5102 990 5143 summum
1029 5086 1366 5144 sacerdotem
1393 5097 1569 5143 vocat.
1597 5089 1672 5144 De
1698 5086 1890 5145 cole-

305 5158 530 5223 landus,
575 5156 774 5228 script.
820 5157 954 5228 Drit.
998 5172 1123 5228 pag.
1170 5156 1303 5223 126,
1352 5159 1467 5228 haec
1509 5159 1709 5214 habet:
1743 5177 1762 5209 α
1797 5160 1887 5215 Si-

305 5228 516 5283 meonis
570 5226 770 5282 claram
826 5226 955 5282 facit
1002 5226 1337 5284 mentionem
1389 5227 1615 5284 Flaccus
1664 5229 1891 5285 Albinus

303 5298 466 5369 epist.
516 5298 587 5353 ad
630 5296 913 5369 Calvinum
957 5336 971 5351 .
1013 5336 1027 5350 .
1072 5335 1087 5350 .
1123 5298 1316 5354 Exstat
1358 5308 1618 5369 praeterea
1663 5300 1890 5369 epistola

305 5368 487 5450 Albini
531 5368 625 5450 ad
644 5368 828 5450 ipsum
859 5367 1198 5450 Simeonem,
1246 5367 1374 5440 qua'
1392 5367 1754 5426 collaudatum
1794 5372 1892 5426 ad—

309 5447 496 5511 monet
539 5436 757 5511 cilicii,
783 5438 1083 5511 etalioqui
1133 5454 1230 5511 sua
1264 5436 1656 5511 properantem
1700 5452 1894 5511 sponte

309 5509 569 5565 mncitat.
604 5508 761 5582 Apud
799 5507 1053 5582 Albinum
1088 5509 1232 5582 nulla
1266 5507 1331 5565 de
1371 5507 1496 5566 sede
1532 5512 1648 5582 ejus
1681 5507 1893 5582 episco-

311 5588 473 5652 patus
499 5577 782 5652 memoria.
816 5577 872 5633 ln
897 5578 1069 5652 Gallia
1098 5577 1264 5652 fuisse
1290 5595 1413 5652 eum
1439 5577 1750 5652 episcopum
1777 5597 1897 5637 mea

309 5648 533 5721 quidem
575 5649 766 5721 opinio
805 5658 907 5704 est.
940 5666 959 5701 ι
985 5649 1080 5721 Ι⁵ῑίιΔ
1107 5648 1409 5721 Lelandns.
1438 5648 1564 5706 Mihi
1607 5648 1785 5707 tamen
1829 5668 1893 5706 ex

312 5717 431 5789 ipso
457 5717 701 5787 epistola
728 5728 879 5775 textu
906 5735 1037 5775 vero
1065 5717 1221 5790 longe
1254 5719 1483 5790 similius
1507 5721 1739 5785 videtur,
1772 5738 1898 5777 eum

312 5794 479 5848 fuisse
523 5793 839 5863 episcopum
881 5791 934 5846 in
974 5789 1291 5857 Britannia;
1335 5789 1582 5845 hortatur
1618 5791 1760 5845 cnim
1808 5800 1895 5851 ut.

1910 4505 1959 4562 Ι)

1969 1910 2074 1976 ﬁli,
2103 1909 2397 1965 miserante
2425 1907 2560 1974 Deo,
2582 1904 2868 1975 adjuvante
2892 1904 3068 1976 gratia
3096 1902 3287 1972 procul
3312 1900 3555 1974 expelle;

1968 2009 2236 2073 quatenus
2261 1999 2549 2071 tranquilla
2574 2013 2709 2069 pace
2736 1997 2791 2052 in
2822 2013 2918 2068 spe
2950 1997 3256 2063 suavitatis,
3287 2003 3342 2051 et
3369 1995 3422 2050 in
3456 1994 3562 2050 ﬁde

1969 2091 2249 2157 veritatis,
2276 2098 2331 2147 et
2359 2089 2642 2146 charitatis
2669 2086 3003 2158 perfectione
3043 2087 3152 2143 Deo
3192 2086 3409 2144 Christo
3447 2100 3563 2140 ser-

1970 2181 2088 2236 vire
2113 2179 2327 2243 valcas,
2365 2179 2568 2235 habens
2597 2177 2856 2233 saeculum
2895 2185 3152 2248 tanquam
3193 2192 3302 2232 non
3336 2175 3559 2231 habeas.

1973 2272 2031 2328 Si
2060 2288 2192 2329 vero
2229 2272 2435 2329 sentias
2471 2271 2523 2325 in
2567 2269 2748 2325 animo
2784 2279 2877 2326 tuo
2906 2268 3000 2324 tibi
3028 2268 3414 2339 impedimento
3438 2280 3561 2322 esse

1971 2365 2212 2439 paciﬁca;
2248 2352 2560 2429 servitutis,
2597 2378 2704 2433 qua
2740 2362 2969 2417 Domino
3010 2360 3131 2416 Deo
3162 2358 3433 2415 deservire
3472 2357 3566 2412 de-

1972 2459 2124 2523 beas,
2150 2456 2426 2513 stecularis
2446 2453 2718 2526 possessio
2743 2451 3083 2525 [saecularem
3109 2449 3557 2523 possessionem],

1975 2551 2173 2606 melius
2211 2558 2295 2604 est
2335 2547 2627 2619 praecidere
2654 2543 2836 2598 funem
2866 2542 3168 2612 iniquitatis
3196 2541 3367 2606 illius,
3402 2555 3565 2612 quam

1973 2655 2114 2697 vana
2162 2654 2259 2711 spe
2308 2639 2543 2693 lamenta
2591 2636 2647 2690 in
2691 2633 2909 2704 longum
2951 2631 3270 2702 protrahere
3313 2639 3563 2701 tempus,

1974 2733 2225 2789 nesciens
2252 2729 2381 2801 quid
2406 2736 2635 2783 ventura
2660 2726 2777 2782 dies
2800 2725 2995 2796 pariat.
3027 2723 3167 2779 Sunt
3204 2723 3351 2778 enim
3390 2722 3566 2778 homi-

1976 2838 2074 2880 nes
2102 2822 2195 2894 qui
2224 2836 2319 2893 spe
2348 2825 2542 2885 ruunt,
2570 2817 2784 2886 longam
2814 2814 2916 2872 sibi
2941 2813 3323 2885 promittentes
3350 2812 3516 2867 vitam
3545 2827 3559 2877 ;

1976 2924 2032 2973 et
2069 2915 2250 2970 subito
2290 2913 2580 2984 rapiuntur
2617 2912 2683 2966 de
2721 2908 2967 2964 hacluce
2984 2949 3010 2974 ,.
3028 2916 3084 2962 et
3111 2907 3251 2976 quod
3293 2905 3564 2975 cogitave-
3614 2895 3619 2899 ’

1976 3015 2134 3071 runt,
2182 3020 2291 3059 non
2331 3000 2696 3074 perfecerunt.
2741 2999 2873 3056 Tibi'
2902 3012 3033 3054 vero
3063 3013 3092 3051 a
3121 2996 3232 3052 Deo
3272 2996 3397 3052 data
3441 3009 3567 3065 pru-

1978 3098 2159 3155 dentia
2182 3095 2505 3168 pnevideat,
2537 3109 2644 3164 quo
2672 3101 2797 3146 tuus
2822 3099 2876 3146 te
2915 3088 3055 3145 ferat
3086 3088 3333 3153 animus;
3364 3093 3421 3142 et
3449 3084 3558 3142 noli

1983 3189 2202 3246 tardare
2230 3189 2285 3243 in
2313 3202 2379 3243 eo
2406 3186 2551 3259 quod
2579 3184 2675 3240 tibi
2705 3184 2968 3256 optimum
2993 3181 3185 3252 eligas.

2051 3279 2133 3334 Tu
2175 3292 2308 3334 vero
2349 3276 2494 3333 scias
2530 3290 2639 3345 quo
2670 3272 2969 3337 desiderio,
3003 3286 3110 3341 qua
3134 3271 3350 3341 quietev’,
3383 3269 3567 3325 saeculi

1979 3370 2262 3443 possideas
2304 3368 2558 3423 honores.
2603 3365 2660 3421 Si
2701 3364 2800 3420 tibi
2838 3363 2972 3418 nihil
3013 3359 3379 3432 impedimenti
3409 3373 3569 3431 gene-

1982 3468 2107 3516 rant
2143 3458 2388 3529 pristince
2415 3455 2703 3526 religiones
2728 3470 2865 3525 quas
2892 3451 3210 3525 [religionis
3236 3447 3440 3520 quam]
3474 3449 3570 3503 ha-

1981 3551 2179 3615 buisti,
2227 3558 2283 3603 et
2324 3561 2542 3616 semper
2580 3546 2787 3600 habere
2827 3551 2957 3611 opto
2992 3540 3049 3594 in
3075 3539 3278 3595 Christi
3320 3537 3563 3593 servitio.

1981 3641 2067 3695 Nil
2119 3641 2214 3696 tibi
2263 3639 2454 3695 deesse
2497 3636 2709 3692 mslimo
2758 3634 2812 3687 in
2845 3644 2869 3672 ο
2897 3630 3031 3687 cella
3078 3630 3251 3685 sancti
3301 3627 3561 3700 Stephani

1981 3734 2221 3788 honestae
2242 3726 2688 3789 conversationis,
2711 3739 2818 3795 quo
2838 3731 2898 3778 ut
2919 3723 3015 3779 tibi
3037 3736 3256 3778 necesse
3279 3718 3371 3793 [ιδ’.
3395 3720 3564 3791 suppl.

1981 3820 2112 3893 non]
2140 3820 2212 3875 sit
2237 3818 2384 3873 foras
2410 3832 2506 3888 per
2529 3817 2713 3871 varias
2742 3822 3009 3870 terrarum
3037 3814 3246 3885 species
3269 3812 3486 3883 vagari,
3517 3821 3573 3869 et

1982 3910 2170 3967 audire
2202 3908 2430 3962 aliorum
2463 3904 2828 3968 inﬁdelitates,
2862 3911 2917 3958 et
2941 3912 3129 3958 contra
3159 3913 3381 3972 peccata
3408 3901 3569 3956 irasci

1982 4002 2196 4065 aliena,
2217 4007 2274 4053 et
2301 3998 2503 4053 mentis
2529 4004 2632 4050 tuae
2662 3994 3027 4049 dulcissimam
3056 3991 3282 4061 perdere
3310 3990 3566 4059 quietem.

1983 4094 2218 4157 Tamen,
2260 4098 2320 4145 ut
2359 4090 2500 4154 dixi,
2534 4088 2800 4159 sapientia
2832 4095 2923 4141 tua
2955 4084 3258 4141 consideret
3285 4098 3446 4154 quem
3474 4083 3572 4138 ha-

1981 4184 2115 4239 beas
2142 4180 2448 4255 profeetum
2477 4181 2530 4234 in
2561 4180 2809 4235 habendo
2836 4193 2923 4233 res
2951 4177 3186 4240 alienas,
3218 4176 3264 4232 si
3294 4174 3569 4233 sufﬁciant

1985 4274 2090 4329 tibi-
2129 4273 2197 4328 ad
2243 4272 2679 4343 elemosynarum
2726 4271 2781 4324 in
2828 4269 3056 4324 miseros
3099 4265 3478 4338 largitionem;
3524 4267 3568 4321 si

1984 4364 2222 4421 scholam
2252 4362 2548 4434 legentium
2596 4359 2798 4416 habere
2841 4358 3050 4429 possis,
3092 4357 3138 4412 si
3180 4371 3448 4427 pauperes
3482 4371 3574 4409 vc-

1987 4453 2147 4516 stire,
2187 4452 2233 4507 si
2274 4451 2591 4522 peregrinos
2632 4450 2907 4518 recipere,
2955 4447 3002 4501 si
3045 4447 3227 4517 quiete
3266 4447 3481 4512 vivere,
3525 4448 3570 4502 si

1984 4560 2174 4615 pacem
2203 4558 2326 4598 cum
2356 4543 2438 4597 eis
2467 4543 2559 4613 qui
2585 4541 2717 4596 foris
2742 4547 2868 4594 sunt
2892 4540 3095 4595 habere
3119 4539 3321 4593 valeas.
3350 4539 3571 4594 Plurimi

1984 4643 2110 4690 sunt
2155 4634 2563 4704 impugnatores
2607 4630 2869 4686 Ecclesia:
2915 4629 3150 4694 Christi,
3199 4629 3291 4699 qui
3335 4628 3575 4701 quotidie

1985 4726 2187 4796 aliquid
2231 4724 2317 4779 vel
2366 4739 2524 4795 prece
2544 4764 2558 4788 ,
2613 4723 2696 4779 vel
2751 4722 3005 4777 violentia
3055 4736 3248 4791 rapere
3296 4722 3570 4794 gestiunt;

1985 4902 2112 4944 cum
2139 4887 2209 4943 ob
2230 4901 2421 4968 regum
2451 4893 2685 4968 mortem
2723 4884 2834 4968 sint
2865 4884 3169 4968 periculosa
3205 4883 3264 4967 in
3295 4883 3581 4968 Dritannia

1988 4967 2261 5028 tempora,
2291 4954 2338 5028 si
2376 4956 2500 5012 inde
2539 4963 2834 5026 tempestas
2872 4954 3185 5020 immineat,
3216 4954 3447 5028 viriliter
3470 4968 3581 5028 gna-

1987 5023 2116 5082 vein
2134 5027 2337 5082 Christi
2366 5028 2629 5097 gubernet
2646 5023 2755 5097 {get
2773 5040 3113 5097 communem
3136 5025 3368 5097 (utrique
3408 5023 3580 5081 fuisse

1990 5098 2307 5178 magistrum
2328 5138 2342 5161 ,
2372 5094 2559 5166 utique
2587 5098 2640 5156 in
2670 5095 2977 5158 Britannia,
3009 5094 3295 5166 signiﬁcat.
3382 5110 3398 5120 ν

2066 5178 2088 5206 ε
2128 5167 2272 5222 Edit.
2304 5168 2559 5234 Quercet.
2592 5166 2687 5221 101
2718 5180 2785 5234 ex
2815 5181 2918 5221 ms.
2947 5165 3203 5234 (Froben.
3225 5163 3350 5231 58);

2213 5182 2272 5221 ιι.
2304 5182 2559 5221 υιιθνοει.
2592 5182 2687 5221 ιυι
2718 5182 2785 5220 ΘΧ
2815 5182 2918 5221 ms.
2947 5182 3203 5221 (ιειιοοειι.
3225 5182 3350 5221 05k

2066 5166 2101 5206 εί
2128 5167 2272 5222 Edit.
2304 5168 2559 5234 Quercet.
2592 5166 2687 5221 101
2718 5180 2785 5220 ex
2815 5181 2918 5221 ms.
2947 5166 3203 5236 (Froben.
3225 5166 3350 5231 58);

2061 5236 2090 5277 ἀ
2130 5235 2345 5309 qutvino
2367 5237 2684 5309 presbytero.
2714 5227 2849 5309 Quis
2873 5235 2964 5292 ille
2992 5234 3063 5309 sit
3086 5248 3248 5309 nemo
3267 5234 3450 5309 edicit.
3471 5234 3588 5309 Aug

1994 5305 2337 5388 glumgfui'sse
2358 5304 2425 5362 ex
2447 5304 2742 5388 mentione
2777 5304 3049 5361 Simeonis
3080 5304 3319 5376 episcopi
3357 5305 3583 5376 intelligi

1994 5376 2189 5451 potest.
2221 5377 2342 5432 Vid.
2375 5376 2480 5431 col.
2508 5393 2624 5447 seq.
2654 5383 2769 5430 not.
2802 5388 2851 5430 ι.

1999 5519 2031 5530 Α
2071 5459 2095 5488 ο
2121 5445 2266 5530 Cella
2293 5446 2355 5530 S:
2386 5445 2659 5530 Stephani.
2688 5444 2773 5530 An
2800 5446 3070 5530 cella‘ista
3097 5445 3165 5530 sit
3195 5445 3607 5530 monasterium-

1998 5518 2185 5574 Sancti
2210 5513 2486 5589 Stephani
2485 5515 2856 5589 Cauciacense
2868 5514 3119 5589 (Clinia)
3140 5530 3309 5589 prope
3322 5513 3588 5589 Compen-

1999 5591 2145 5646 dium
2166 5629 2182 5654 ,
2221 5588 2274 5643 in
2302 5584 2445 5658 quod
2471 5584 2717 5658 Caluinus
2743 5603 2810 5642 ex
2850 5584 3044 5658 Anglia
3066 5584 3474 5658 've'niensfortc'
3502 5600 3597 5658 se-

2000 5666 2267 5742 cesserat;
2302 5654 2369 5714 :{n
2405 5671 2533 5713 vero
2567 5655 2699 5714 illud
2740 5658 2794 5714 in
2838 5654 3029 5729 Anglia
3069 5655 3419 5729 quaerendum
3475 5654 3546 5712 sit
3571 5690 3589 5717 ι

2003 5746 2208 5801 ignoro.
