4054 6182
420 350 524 405 247

1301 345 1363 398 Β.
1404 341 1466 395 F.
1507 339 1731 396 ALBlNl
1769 337 1900 394 SEU
1934 335 2212 403 ALCUINI
2248 283 2530 394 OPERUOM
2568 331 2746 391 PARS
2782 335 2824 389 ι.
2930 328 2942 341 ’

3573 340 3689 400 2‘3,

423 470 479 517 et
525 475 635 516 non
675 466 831 524 sunt,
879 456 982 511 nisi
1022 455 1380 521 verbotenus,
1426 453 1622 519 amici,
1665 451 1825 509 factis
1865 464 1996 509 vero
2026 453 2074 506 Α
2098 447 2296 501 amico.
2347 445 2536 502 Melius
2582 454 2668 503 est
2707 445 2952 502 cauterio
3002 455 3197 501 sanare
3246 447 3477 517 vulnus,
3523 466 3686 521 quam

424 566 649 606 InlmlCl.

492 640 697 696 Horum
723 636 1053 709 perversitas
1075 635 1302 692 multum
1332 636 1637 707 inquieme
1662 634 1800 693 solet
1823 642 2004 691 custo-

424 731 519 784 des
559 727 925 784 Ecclesiarum
968 725 1205 793 Christi,
1247 727 1390 784 sicut
1427 726 1482 782 in
1524 727 1848 791 charissima
1889 727 2004 786 filio

422 833 544 873 meo
571 830 596 858 ι
630 814 880 896 Sitneone
908 832 1121 874 summo
1158 819 1441 876 sacerdote
1479 818 1778 891 intelligere
1813 828 1969 891 potes
1987 862 2002 888 ,

421 909 641 966 easdem
655 909 721 964 ab
746 909 929 981 impiis
952 910 1191 979 patiente
1212 911 1506 978 molestias,
1536 927 1671 983 quas
1695 921 2003 979 antecesso-

423 1016 515 1059 res
552 1001 695 1057 illius
721 1001 790 1056 ab
819 1003 1053 1058 inimicis
1082 1002 1283 1060 Christi
1312 1004 1555 1074 perpessi
1584 1013 1730 1065 sunt.
1763 1004 2002 1073 Quorum

422 1094 784 1151 contrarietas
830 1095 1012 1151 debito
1060 1095 1167 1150 fine
1187 1136 1203 1161 ,
1250 1097 1546 1155 secundum
1587 1097 1850 1167 judicium
1895 1099 2006 1170 76

419 1182 549 1252 justi
593 1182 690 1240 Dei
728 1184 871 1255 perit
913 1181 1048 1256 [.F.,
1077 1185 1320 1259 periit],
1351 1187 1495 1256 sicut
1517 1194 1575 1243 et
1602 1187 1688 1243 his
1714 1188 1810 1259 qui
1838 1189 2004 1257 modo

424 1275 779 1333 adversantur
814 1276 1185 1347 praedicationi
1218 1277 1460 1347 praedicti
1486 1278 1585 1333 filii
1612 1280 1781 1336 nostri
1809 1287 1867 1336 et
1891 1294 2005 1337 ser-

423 1381 617 1421 vorum
641 1366 768 1429 Dei,
799 1367 925 1437 quia
954 1375 1076 1439 post
1099 1382 1198 1424 vos
1222 1375 1381 1435 sunt,
1420 1377 1571 1428 certa
1608 1377 1851 1425 remanet
1881 1386 2007 1441 per-

425 1455 576 1513 ditio.
622 1440 702 1525 Tu
744 1464 925 1513 tamen
969 1456 1112 1513 illius
1148 1459 1345 1514 bonam
1387 1460 1715 1524 voluntatem
1753 1440 2005 1532 precibus

426 1544 681 1615 adjuvare
700 1588 715 1612 ,
767 1548 1235 1605 exhortationibus
1286 1550 1574 1607 admonere
1593 1591 1609 1618 ,
1663 1560 1726 1611 ut
1774 1553 2004 1609 viriliter

426 1644 586 1708 agat,
614 1638 920 1694 nullatenus
957 1639 1155 1695 desiste
1184 1659 1196 1694 :
1229 1641 1355 1711 quia
1394 1642 1451 1697 in
1488 1642 1663 1698 salute
1700 1643 1860 1713 illius
1878 1660 2004 1716 pro-

425 1729 658 1799 speritas
684 1738 865 1785 vestra
889 1731 1171 1799 consistit,
1217 1740 1273 1787 et
1317 1733 1372 1787 in
1419 1734 1664 1804 proiectu
1710 1736 2004 1793 voluntatis

2101 536 2486 591 blandimentis
2513 536 2721 592 nutrire
2741 576 2757 601 ,
2786 544 2847 591 ut
2871 534 3025 607 pejor
3051 534 3253 612 [pejus]
3282 538 3396 597 ﬁat.

2174 626 2491 697 Consideret
2526 626 2795 698 sagacitas
2822 635 2912 682 tua
2933 636 3153 701 tempus
3170 668 3187 695 ,
3215 629 3391 685 locum
3416 640 3474 687 et
3497 648 3689 704 perso-

2102 733 2267 785 nam;
2321 733 2429 789 quo
2474 725 2743 787 tempore,
2793 734 2901 789 quo
2941 718 3095 785 loco,
3140 721 3227 775 cui
3267 737 3514 792 persona:
3553 725 3688 796 quid

2103 809 2386 866 dicendum
2424 810 2515 865 sit.
2556 810 2687 878 Qua:
2718 813 2919 883 optime
2956 813 3015 869 in
3046 813 3186 870 libro
3217 815 3363 870 beati
3398 816 3701 890 Gregorii,

2102 903 2194 974 qui
2218 903 2514 960 Pastoralis
2542 905 2762 971 dicitur,
2792 905 2895 977 legi
2923 913 2978 960 et
3003 906 3233 962 discerni
3263 918 3506 980 possunt.
3536 910 3688 968 Nun-

2101 1009 2264 1063 quam
2303 1010 2461 1051 sacra
2499 995 2662 1051 lectio
2696 996 3030 1067 temporibus
3065 999 3381 1069 opportunis
3418 1001 3484 1056 de
3511 1001 3687 1058 mani-

2102 1085 2205 1140 bus
2230 1086 2448 1141 recedat
2471 1086 2595 1141 tuis.
2625 1086 2785 1142 Vices
2808 1102 2932 1142 suas
2957 1088 3195 1143 habeant
3220 1089 3379 1145 lectio
3402 1099 3460 1146 et
3485 1094 3682 1149 oratio.

2103 1173 2172 1229 Et
2196 1190 2303 1230 non
2332 1189 2439 1230 nox
2457 1215 2473 1241 ,
2506 1190 2683 1246 neque
2710 1177 2827 1232 dies
2850 1179 3202 1247 protrahatur
3229 1180 3284 1234 in
3311 1183 3572 1259 conviviis
3598 1186 3687 1242 vel

2102 1266 2484 1333 ebrietatibus,
2517 1274 2612 1322 aut
2645 1266 3171 1325 confabulationibus
3192 1286 3310 1325 non
3342 1273 3685 1329 necessariis.

2103 1361 2248 1416 inter
2283 1360 2479 1431 pocula
2518 1377 2685 1417 sonus
2721 1369 2776 1417 et
2806 1369 2985 1417 sermo
3025 1363 3395 1424 aedificationis
3438 1366 3690 1421 audiatur

2105 1467 2288 1509 coram
2319 1448 2733 1509 admonentibus
2761 1451 2888 1526 [F.,
2920 1452 3369 1528 admanentibus]
3397 1456 3482 1511 vel
3506 1456 3691 1528 palam

2103 1543 2377 1608 omnibus,
2391 1542 2475 1601 vel
2494 1542 2714 1598 cuilibet
2727 1543 3046 1599 considenti.
3063 1543 3294 1601 Puerilis
3304 1554 3435 1602 astas
3451 1548 3559 1603 tuis
3580 1563 3694 1605 ser-

2104 1634 2356 1689 monibus
2385 1648 2417 1688 a
2444 1631 2657 1688 ﬂamma
2684 1643 2932 1689 servetur
2952 1635 3235 1701 vitiorum,
3265 1642 3533 1708 quatenus
3557 1646 3694 1696 tetas

2105 1723 2318 1779 illorum
2342 1725 2440 1779 tibi
2465 1725 2712 1795 proficiat
2740 1726 2796 1780 in
2821 1727 3126 1783 mercedem
3148 1738 3420 1799 perpetuae
3443 1746 3698 1789 remune-

426 1819 580 1879 homo
603 1820 758 1875 nobis
780 1821 1029 1897 (mnibus
1052 1837 1263 1878 merces
1284 1825 1425 1893 apud
1452 1826 1620 1881 Deum
1648 1829 2002 1899 reputabitur.
2036 1808 2079 1867 Β
2112 1816 2356 1870 rationis.
2394 1815 2513 1871 Non
2549 1817 2646 1872 tibi
2677 1818 2749 1872 sit
2780 1818 2903 1873 vilis
2932 1818 3144 1886 anima,
3168 1835 3270 1889 pro
3298 1820 3406 1892 qua
3432 1821 3697 1879 Dominus

425 1908 560 1974 Quia
578 1924 702 1980 ego,
723 1909 851 1966 licet
871 1909 1119 1983 indignus
1135 1913 1318 1978 Pater,
1342 1916 1544 1971 nutrivi
1559 1957 1575 1984 ,
1597 1918 1852 1985 educavi,
1870 1929 1925 1980 et
1946 1921 2012 1976 ad

425 1998 729 2070 perfectum
752 2001 979 2071 perduxi
1004 2002 1175 2058 virum
1197 2019 1357 2077 quem
1380 2020 1478 2061 vos
1497 2005 1735 2078 elegistis
1764 2009 1818 2065 in
1836 2010 2016 2080 ponti-

430 2090 623 2145 ticatus
648 2090 929 2155 honorem.
947 2091 1155 2162 Srepius
1172 2094 1403 2149 admone
1422 2088 1573 2150 illum
1600 2097 1665 2155 de
1688 2098 2017 2168 precationis

431 2176 554 2257 [F.,
583 2179 1013 2252 praedicationis]
1045 2182 1198 2237 verbi
1227 2182 1321 2238 Dei
1360 2185 1616 2240 instantia
1652 2195 1708 2241 et
1743 2189 2019 2256 patientia:

427 2269 605 2337 bono,
637 2284 757 2339 quae
784 2270 941 2328 valde
981 2275 1285 2329 necessaria
1326 2283 1413 2330 est
1454 2276 1531 2332 illi
1572 2278 1839 2345 habitanti
1877 2281 2020 2338 inter

429 2360 586 2432 lupos
610 2369 671 2418 et
694 2370 991 2433 serpentes.
1024 2363 1229 2421 Memor
1254 2367 1329 2423 sit
1353 2368 1583 2427 dicentis
1609 2370 1815 2430 Christi
1842 2391 1857 2427 :
1885 2372 2022 2429 Can-

430 2453 580 2535 [idite
597 2494 612 2520 ,
641 2470 734 2525 ego
764 2456 862 2509 vici
886 2456 1139 2511 mundum
1168 2457 1362 2530 (Joan.
1385 2477 1477 2517 xvr
1495 2502 1511 2529 ,
1532 2463 1645 2535 55).
1677 2463 1812 2529 Item
1839 2476 2021 2524 mente

434 2544 730 2614 saspissime
782 2545 1093 2601 consideret
1134 2548 1261 2618 quid
1315 2550 1432 2622 ipsa
1485 2553 1700 2610 Veritas
1745 2556 2023 2627 discipulis

432 2639 554 2693 suis
571 2635 944 2705 praecepisset,
976 2637 1106 2693 dum
1145 2653 1240 2696 eos
1275 2641 1345 2696 ad
1383 2644 1784 2713 praedicationis
1823 2647 2024 2707 direxit

438 2722 680 2781 ofﬁcium
707 2743 722 2778 :
753 2724 890 2780 Ecce
923 2743 1016 2798 ego
1049 2729 1198 2785 mitto
1224 2746 1313 2786 vos
1337 2732 1470 2788 sicut
1498 2751 1615 2789 oves
1648 2735 1705 2795 in
1735 2738 1906 2794 medio
1935 2738 2023 2794 lu-

434 2832 640 2881 porum.
671 2816 853 2877 Estote
881 2835 1002 2890 ergo
1027 2821 1305 2891 prudentes
1329 2825 1462 2879 sicut
1496 2838 1787 2897 serpentes,
1815 2838 1863 2883 et
1895 2831 2022 2885 sim-

432 2906 592 2976 plices
618 2907 753 2961 sicut
780 2906 1052 2977 columbis.
1085 2909 1271 2967 Cavete
1298 2913 1363 2968 ab
1391 2915 1686 2972 hominibus
1713 2918 1935 2989 (Matth:
1962 2936 2017 2987 ι,

441 2998 545 3068 16,
575 2997 704 3072 l7).
748 2997 994 3061 Admone
1032 3001 1182 3059 illum
1222 3005 1557 3080 diligentius,
1608 3026 1676 3067 ne
1718 3013 1790 3068 sit
1838 2999 2023 3075 seaculi

436 3098 669 3169 amator,
717 3106 787 3146 ne
835 3092 1205 3153 adulatoribus
1247 3101 1627 3168 consentiens,
1679 3119 1749 3159 ne
1795 3116 2019 3177 propter

435 3166 859 3252 propinquorum
886 3186 1098 3242 turbam
1125 3202 1281 3244 suum
1321 3157 1706 3261 cupiditatibus
1729 3157 2017 3261 “terrarum
2044 3157 2090 3220 Ο

435 3271 522 3327 vel
552 3272 859 3329 divitiarum
898 3275 1136 3333 involvat
1170 3280 1411 3345 animum
1435 3322 1450 3348 ,
1489 3282 1585 3337 sed
1621 3283 1804 3340 divino
1841 3287 2021 3357 rigore

440 3364 643 3435 regiam
683 3364 827 3421 viam
857 3367 909 3423 in
940 3368 1189 3424 omnibus
1230 3370 1428 3439 ubique
1472 3380 1670 3428 teneat.
1716 3373 1904 3430 Melior
1938 3386 2025 3432 est

436 3455 686 3519 Christus
720 3457 1054 3528 propinquus
1077 3466 1134 3513 et
1159 3460 1397 3527 amicus,
1426 3476 1590 3531 quam
1638 3463 1803 3529 totius
1840 3465 2023 3521 seaculi
2082 3532 2083 3535 η

437 3561 726 3605 numerosa
752 3548 1124 3618 propinquitas
1150 3549 1243 3605 vel
1265 3551 1522 3606 amicitia.

513 3637 649 3701 Vide
678 3638 808 3709 quid
836 3638 1083 3697 charitas
1102 3638 1252 3713 facit.
1284 3640 1422 3707 Dum
1451 3649 1506 3698 te
1532 3643 1824 3701 admonere
1859 3645 2020 3705 fami-

442 3725 564 3781 liari
592 3727 733 3802 style
756 3742 986 3785 exorsus
1010 3744 1133 3784 sum
1149 3770 1165 3795 ,
1196 3738 1423 3802 repente
1446 3747 1533 3788 me
1560 3734 1844 3790 charitatis
1870 3734 2025 3794 llam:

444 3832 534 3872 ma
562 3819 832 3874 transtulit
859 3819 927 3874 ad
957 3820 1128 3877 illum.
1163 3821 1270 3880 Sed
1297 3824 1514 3897 ignosce
1540 3827 1703 3894 mihi,
1736 3830 1879 3898 quod
1907 3830 2025 3888 haec
2052 3882 2057 3883 ,

439 3923 612 3979 pauca
639 3909 705 3964 de
732 3908 875 3965 illius
902 3910 1143 3980 profectu
1173 3913 1269 3969 tibi
1310 3916 1595 3973 destinatis
1633 3919 1839 3977 inserui
1876 3919 2021 3977 litte-

445 4000 620 4057 rulis:
660 4009 856 4073 optans
892 4010 945 4058 te
982 4012 1039 4058 et
1076 4004 1128 4059 in
1172 4006 1275 4063 hac
1314 4016 1554 4079 paternae
1594 4010 1718 4067 fidei
1758 4012 2024 4072 felicitate

444 4091 710 4162 proficere
737 4108 920 4149 coram
950 4093 1060 4150 Deo
1082 4134 1096 4161 ,
1125 4103 1187 4150 ut
1222 4097 1299 4154 sis
1340 4098 1395 4153 in
1436 4101 1685 4157 omnibus
1713 4102 1855 4165 illius
1882 4106 2025 4161 veri-

445 4183 573 4240 tatis
602 4193 859 4250 assertor,
895 4200 1001 4241 non
1034 4184 1287 4254 falsitatis
1323 4189 1585 4244 adulator.
1623 4190 1769 4253 Bene
1801 4194 2022 4263 quidam

444 4274 779 4331 adulatorem
817 4275 1059 4332 deﬁnivit
1101 4277 1324 4333 dicens:
1374 4280 1635 4336 Adulator
1675 4294 1750 4338 est
1798 4284 2022 4344 blandus

441 4368 683 4424 inimicus
707 4384 726 4423 :
752 4375 809 4423 et
832 4382 1018 4423 vertun
1045 4368 1157 4436 ait;
1184 4369 1401 4439 plurimi
1429 4387 1662 4443 namque
1688 4383 1814 4430 sunt
1841 4377 2024 4434 adula-

2111 1904 2349 1959 omnium
2377 1904 2514 1960 mori
2535 1906 2784 1977 dignatus
2807 1916 2912 1963 est.
2948 1907 3027 1964 Ne
3056 1909 3205 1966 dicas
3232 1911 3287 1965 in
3320 1912 3533 1979 animo,
3562 1913 3699 1983 quid

2113 1993 2182 2048 ad
2205 2009 2291 2049 me
2314 1996 2579 2065 pertinet,
2604 1996 2718 2051 sive
2745 1997 2882 2053 bene
2903 2038 2918 2063 ,
2947 1998 3061 2053 sive
3088 1999 3225 2055 male
3252 1999 3458 2058 faciat?
3483 2003 3584 2059 Ubi
3609 2012 3699 2059 est

2113 2085 2370 2150 Charitas,
2399 2086 2447 2141 si
2473 2096 2746 2143 errantem
2771 2090 3042 2160 corrigere
3070 2107 3175 2148 non
3203 2095 3406 2150 curas?
3427 2080 3717 2152 Memento,

2114 2173 2428 2245 Apostolum
2485 2177 2796 2233 dicentem:
2848 2178 2978 2245 Quis
3024 2182 3448 2252 scandalizatur,
3500 2196 3549 2241 et
3599 2204 3697 2258 ego

2118 2279 2223 2319 non
2246 2281 2376 2319 uror
2401 2265 2489 2340 (II
2515 2265 2639 2323 Cor.
2664 2284 2722 2323 ιι
2741 2310 2756 2336 ,
2774 2269 2910 2342 29)?
2934 2270 3167 2328 Alterius
3195 2284 3477 2344 peccatum
3493 2318 3508 2343 ,
3536 2292 3697 2333 suum

2117 2352 2246 2410 fecit
2270 2357 2528 2414 dolorem.
2568 2357 2709 2427 Quid
2735 2361 2904 2417 habes
2930 2361 3274 2435 Redemptori
3302 2372 3395 2423 tuo
3424 2378 3479 2424 et
3521 2368 3696 2428 Iudici

2119 2447 2360 2502 omnium
2388 2449 2443 2503 in
2473 2450 2560 2506 die
2581 2466 2780 2524 magno
2806 2454 3091 2510 ostendere
3108 2496 3123 2521 ,
3156 2456 3201 2512 si
3230 2459 3439 2515 animas
3466 2476 3572 2515 non
3600 2462 3701 2517 ha-

2119 2538 2239 2605 bes,
2266 2547 2364 2597 tuo
2387 2540 2573 2598 labore
2600 2544 2904 2614 redemptos
2932 2560 2962 2600 a
2987 2544 3184 2602 diaboli
3213 2551 3488 2617 servitute,
3515 2560 3703 2607 osten-

2119 2628 2359 2687 dendas?
2385 2631 2627 2698 Quantas
2653 2634 2709 2689 in
2735 2636 2840 2692 hoc
2867 2636 3059 2693 exsilio
3086 2639 3192 2694 tuis
3216 2639 3476 2697 doctrinis
3497 2643 3567 2698 ab
3595 2644 3703 2698 ini-

2121 2723 2328 2792 quitate
2353 2739 2604 2789 revocas,
2633 2734 2688 2781 et
2715 2727 2773 2782 in
2801 2727 2943 2782 viam
2971 2730 3216 2786 veritatis
3241 2732 3482 2798 reducis,
3507 2735 3701 2804 procul
3766 2774 3775 2781 .

2121 2812 2285 2869 dubio
2311 2822 2489 2869 tantas
2513 2816 2742 2885 recipies
2768 2819 3044 2875 mercedes
3077 2820 3133 2874 in
3167 2821 3254 2877 die
3290 2821 3401 2876 illa.
3441 2822 3565 2879 Ideo
3592 2840 3703 2881 non

2122 2911 2301 2959 cesset
2330 2904 2570 2960 charitas
2599 2905 2857 2975 operandi
2889 2907 3031 2963 bona
3058 2909 3346 2965 omnibus:
3386 2927 3495 2966 non
3528 2921 3705 2969 cesset

2122 2994 2302 3065 lingua
2342 2993 2592 3064 loquendi
2635 2995 2701 3050 de
2742 2996 2897 3052 bonis
2936 2997 3002 3052 ad
3047 3012 3270 3064 omnes,
3312 3000 3412 3055 bos
3450 3003 3704 3071 precibus

2121 3085 2489 3154 persuadens,
2542 3084 2663 3141 illos
2713 3088 3001 3143 severitate
3049 3090 3356 3159 castigans,
3404 3094 3702 3149 secundum

2120 3175 2335 3229 modum
2369 3174 2790 3246 uniuscujusque
2823 3178 2998 3232 aetatis
3025 3178 3111 3234 vel
3144 3194 3409 3250 personae.
3450 3181 3580 3237 Esto
3614 3181 3703 3238 lu—
3816 3166 3821 3173 ”

2120 3277 2280 3324 cerua
2314 3270 2368 3323 in
2403 3269 2563 3324 domo
2592 3268 2723 3336 Dei,
2755 3278 2810 3326 et
2838 3285 2935 3340 per
2971 3279 3024 3327 te
3059 3272 3276 3342 plurimi
3310 3273 3696 3343 illuminentur,

2119 3366 2177 3413 et
2202 3374 2236 3414 a
2265 3359 2502 3415 tenebris
2530 3359 2783 3415 vitiorum
2812 3361 2868 3415 in
2894 3361 3039 3417 viam
3066 3371 3339 3434 perpetuae
3373 3363 3506 3420 lucis
3539 3376 3703 3422 revo-

2119 3458 2331 3505 centur.
2372 3449 2488 3506 Non
2525 3451 2699 3506 deerit
2735 3451 2832 3506 tibi
2860 3453 3030 3522 gratia
3062 3452 3371 3522 adjuvantis
3400 3456 3525 3522 Dei,
3554 3456 3600 3511 si
3630 3457 3708 3511 in-

2119 3541 2225 3595 erit
2257 3541 2506 3597 volnntas
2538 3542 2920 3598 admonitionis
2953 3551 3170 3600 sanctas.
3224 3543 3413 3601 Scribe
3456 3546 3701 3617 Evange-

2121 3629 2252 3685 lium
2278 3631 2393 3701 7⁸1
2410 3631 2465 3685 in
2492 3633 2654 3692 corde
2681 3642 2792 3698 tuo,
2817 3641 2873 3689 et
2896 3634 2947 3687 in
2973 3635 3234 3689 memoria
3262 3643 3514 3690 maneant
3539 3637 3706 3690 mira-

2122 3721 2264 3787 cula,
2293 3722 2380 3777 vel
2401 3723 2567 3777 verba
2589 3723 2803 3779 Domini
2828 3725 2996 3780 nostri
3015 3723 3141 3781 Jesu
3169 3725 3366 3781 Christi
3394 3769 3407 3780 .
3436 3736 3490 3782 et
3510 3729 3707 3798 sirpius

2120 3810 2447 3882 psalmomm
2476 3812 2593 3868 vice
2619 3815 2801 3869 canito
2828 3814 3176 3886 Evangelium
3195 3858 3211 3881 ,
3238 3817 3475 3875 maxime
3502 3833 3703 3874 secun-

2124 3901 2250 3956 dum
2274 3899 2534 3957 Joannem
2552 3943 2567 3969 ,
2592 3903 2685 3958 ubi
2707 3904 2899 3959 altiova
2922 3904 3172 3976 leguntur
3199 3906 3374 3962 inesse
3388 3909 3663 3977 mysteria
3687 3926 3705 3964 :

2122 3991 2178 4048 in
2207 4007 2314 4064 quo
2344 4007 2443 4066 ego
2472 3993 2539 4049 de
2566 3992 2788 4048 Patrum
2817 3994 3010 4051 libellis
3038 3995 3222 4054 laboro
3246 3997 3275 4036 ιι
3298 3996 3707 4069 Expositionem

2122 4085 2273 4140 brevi
2305 4100 2553 4143 sermone
2591 4102 2850 4158 peragere
2877 4106 2890 4143 :
2923 4104 3059 4160 opus
3095 4089 3481 4156 necessarium,
3508 4089 3704 4148 vobis-

2122 4191 2227 4246 que
2265 4175 2593 4244 jucundum,
2641 4179 2685 4234 si
2731 4179 2965 4236 donante
3009 4180 3119 4237 Deo
3154 4178 3485 4250 perficiatur,
3534 4190 3591 4238 et
3632 4183 3704 4239 ad

2125 4280 2222 4321 vos
2248 4267 2530 4337 pervenire
2566 4268 2783 4338 poterit.

2196 4374 2278 4429 Tu
2304 4391 2434 4431 vero
2464 4390 2653 4447 pacem
2683 4392 2805 4432 cum
2831 4378 3082 4434 omnibus
3111 4377 3229 4452 [F.,
3254 4379 3584 4453 hominibus]
3608 4382 3704 4436 ha-

443 4471 590 4518 tores
626 4463 886 4530 divitum,
924 4472 980 4520 et
1015 4464 1173 4534 pauci
1211 4465 1594 4524 admonitores.
1636 4468 1706 4524 Et
1728 4470 1918 4525 melior
1940 4480 2024 4527 est
2052 4516 2100 4538 η
2125 4463 2273 4531 beas,
2302 4465 2500 4520 bellum
2524 4481 2649 4521 cum
2686 4468 2857 4534 vitiis,
2900 4470 3248 4526 concordiam
3273 4486 3398 4526 cum
3426 4470 3701 4538 fratribus,

444 4569 580 4610 unus
628 4568 821 4610 suasor
858 4555 1106 4611 veritatis
1147 4571 1309 4626 quam
1346 4557 1490 4617 mille
1527 4560 1834 4618 adulatores
1867 4561 2025 4619 falsi-
2054 4554 2100 4578 ¹’
2120 4570 2413 4625 moresque
2432 4554 2702 4624 iucundos
2741 4575 2863 4615 Cum
2884 4561 2975 4616 eis
3004 4562 3096 4632 (Ιιιί
3127 4570 3435 4618 θδηοιοτιιω
3464 4564 3725 4631 moribus.

442 4644 591 4698 tatis.
621 4644 922 4717 Quaproter
945 4647 1049 4702 hoc
1078 4648 1271 4703 vitium
1295 4650 1619 4709 omnimodis
1650 4652 1747 4707 tibi
1786 4668 1981 4710 caveas
2003 4694 2020 4721 ,

2124 4646 2501 4702 consociantur
2527 4657 2581 4704 et
2608 4650 2795 4706 vivunt
2821 4669 2833 4705 :
2864 4654 3235 4724 patienterque
3264 4664 3386 4711 tuas
3417 4655 3582 4711 suffer
3615 4656 3705 4710 in-

441 4736 755 4792 charissime
777 4737 847 4792 ﬁli
869 4778 883 4802 ,
909 4745 967 4793 et
987 4752 1202 4809 semper
1222 4754 1401 4795 sermo
1426 4748 1551 4799 tuus
1571 4743 1798 4799 veritate
1822 4744 2017 4816 vigeat.
2113 4734 2313 4805 jurias;
2356 4738 2438 4794 vel
2461 4739 2633 4811 magis
2655 4741 2883 4809 dimitte,
2920 4751 2980 4798 ut
3008 4744 3310 4800 dimittatur
3332 4748 3448 4803 tibi.
3479 4748 3609 4803 Esto
3648 4749 3707 4803 in

439 4826 594 4883 Licet
617 4827 818 4884 veritas
845 4843 1093 4900 rugosam
1133 4829 1329 4885 habeat
1366 4829 1630 4898 frontem,
1674 4840 1855 4888 tamen
1896 4834 2019 4889 soli-
2121 4829 2242 4884 cibo
2263 4830 2559 4897 modestus,
2586 4832 2638 4887 in
2662 4834 2854 4903 poculo
2877 4850 3091 4905 parcus,
3116 4837 3169 4892 in
3192 4837 3704 4909 loquendosobrius,

443 4919 572 4974 dum
621 4917 823 4975 habere
876 4918 1012 4978 solet
1057 4919 1361 4980 consilium.
1419 4919 1476 4974 Si
1505 4935 1603 4990 pro
1652 4922 1798 4975 omni
1846 4924 2022 4979 otioso
2120 4919 2177 4973 in
2200 4919 2395 4990 vigiliis
2417 4920 2661 4989 devotus,
2686 4925 2753 4980 ad
2776 4940 2935 4981 omne
2958 4940 3095 4996 opus
3124 4927 3220 4983 Dei
3249 4937 3553 4999 promptus,
3580 4930 3707 5000 pius

441 5012 609 5069 verbo
635 5012 892 5068 reddituri
935 5012 1135 5067 erimus
1180 5013 1446 5069 rationem
1493 5014 1724 5088 (Matth.
1753 5033 1859 5083 xu,
1883 5018 2018 5091 56),

2122 5008 2189 5065 ad
2217 5023 2481 5079 pauperes
2508 5020 2563 5067 et
2592 5006 2857 5091 infirmos,
2879 5011 3184 5072 consolator
3210 5018 3577 5081 mmrentium,
3608 5020 3709 5073 ad-

444 5110 646 5173 quanto
675 5102 846 5173 magis
871 5108 970 5173 pro
998 5103 1160 5159 noxio
1186 5104 1271 5159 vel
1299 5102 1475 5161 fallaci
1494 5106 1521 5160 ’ἒ
1554 5105 1625 5161 Os
1662 5109 1803 5178 quod
1835 5113 2024 5166 menti-

2115 5099 2265 5170 jutor
2289 5100 2672 5169 laborantium,
2693 5106 3027 5175 compatiens
3048 5108 3289 5163 miseriis
3311 5110 3578 5174 omnium,
3600 5109 3710 5164 lar-

445 5203 532 5248 tur
556 5194 744 5248 occidit
769 5195 1000 5249 animant
1030 5192 1184 5267 (Sap.
1209 5210 1265 5260 ι,
1290 5194 1402 5268 tt).
1437 5196 1544 5252 Pro
1572 5198 1816 5255 veritatis
1841 5200 2023 5256 officio
2122 5210 2223 5266 gus
2260 5195 2315 5249 in
2342 5194 2697 5267 eleemosynis
2729 5198 3024 5254 secundum
3052 5199 3199 5256 vires
3222 5200 3472 5263 habendi,
3501 5214 3711 5256 memo-

445 5298 624 5339 sermo
665 5293 750 5340 est
793 5286 997 5342 homini
1038 5289 1227 5355 datus,
1272 5303 1379 5343 non
1420 5288 1674 5345 falsitatis
1717 5291 2019 5363 iniquitate.
2123 5303 2250 5343 rans
2276 5286 2596 5356 evangelicae
2637 5288 2811 5343 viduae
2847 5290 2954 5357 duo
2994 5292 3233 5357 minuta.
3280 5292 3714 5362 prophetamque

449 5371 727 5443 Nunquam
761 5376 1006 5432 adulator
1043 5393 1205 5435 verus
1242 5388 1326 5435 est
1362 5382 1601 5448 amicus,
1631 5382 1726 5437 sed
1758 5383 2021 5453 blandus,
2122 5376 2428 5432 dicentem:
2455 5374 2667 5446 Frange
2705 5379 3162 5460 esurienti_panem
3198 5380 3522 5454 tuumUsoi.
3553 5397 3705 5445 Lvtn,

427 5469 507 5523 .ut
541 5464 756 5532 dicitur,
792 5467 1062 5527 inimicus.
1099 5467 1350 5527 Gladium
1390 5473 1549 5529 melle
1582 5473 1737 5529 litum
1779 5462 2037 5545 porriges.
2125 5466 2199 5537 7)-
2227 5466 2369 5521 cave
2410 5474 2482 5531 ιθ,
2509 5466 2811 5535 Ρττενίάθηε
2846 5469 3225 5529 discretionem
3255 5471 3611 5544 δεεωοδῖυε
3652 5469 3712 5527 in

518 5630 825 5713 f‘Simeone
842 5640 1358 5721 sumﬁo'sﬂcefdot-e.
1392 5641 1546 5721 Hunc
1568 5641 2022 5721 Wprmatiensem
2126 5644 2331 5721 nuisse:
2358 5644 2480 5721 Viti.
2502 5646 2674 5721 _epist.
2703 5648 2939 5721 priorem
2971 5648 3047 5707 ad
3065 5650 3240 5721 ipsum
3264 5648 3594 5717 Simeonem.

344 5742 349 5745 .
450 5703 756 5776 episcopum
774 5713 933 5756 vocat
960 5706 1159 5759 Mabill.
1186 5710 1239 5761 in
1263 5707 1416 5827 Elog.
1440 5711 2020 5781 Alcuini,§t2,n.oc.
2199 5713 2226 5753 b
2276 5703 3710 5788 Επροείείοὶιευι.’ρυηῄᾱροὲιέᾱῐῖτοῖἷιῐὼδθο

454 5773 558 5827 Sed
586 5771 762 5827 verius
791 5781 946 5827 nuto.
984 5773 1131 5827 illum
1162 5775 1218 5827 in
1257 5776 1373 5827 Ana
1398 5778 1446 5827 ia
1476 5780 1842 5827 enisconntum
1878 5782 2021 5827 nhti-
2128 5783 2382 5827 υιιςηινίιτ
2415 5801 2535 5827 nam
2566 5786 2684 5827 ratio
2718 5787 2851 5827 infra
2880 5799 3033 5827 mm.
3052 5805 3092 5827 ι.
3128 5791 3362 5827 Ιὶηοηιηι

454 5773 558 5827 Sed
586 5773 762 5827 verius
790 5781 946 5839 puto,
984 5773 1131 5827 illum
1162 5775 1218 5828 in
1257 5773 1446 5845 Anglia
1476 5773 1842 5849 episc0p5tum
1878 5782 2021 5838 obti-
2128 5773 2385 5851 absolvit';
2415 5773 2537 5840 cant
2566 5786 2686 5842 vide
2716 5773 3035 5858 in‘fraparte
3051 5773 3384 5862 inoperosa.
