  <div class='ocr_page' id='page_1' title='image "/cluster/home/n/w/nwhite01/storage/ocr_20150623/100/hvd.32044052819521/130.png"; bbox 0 0 4070 6182; ppageno 0'>
   <div class='ocr_carea' id='block_1_1' title="bbox 315 351 435 409">
    <p class='ocr_par' dir='ltr' id='par_1_1' title="bbox 315 351 435 409">
     <span class='ocr_line' id='line_1_1' title="bbox 315 351 435 409; baseline 0.008 -1"><span class='ocrx_word' id='word_1_1' title='bbox 315 351 435 409; x_wconf 67' lang='lat'><strong>249</strong></span> 
     </span>
    </p>
   </div>
   <div class='ocr_carea' id='block_1_2' title="bbox 1758 347 2138 405">
    <p class='ocr_par' dir='ltr' id='par_1_2' title="bbox 1758 347 2138 405">
     <span class='ocr_line' id='line_1_2' title="bbox 1758 347 2138 405; baseline -0.003 -2"><span class='ocrx_word' id='word_1_2' title='bbox 1758 347 2138 405; x_wconf 65' lang='lat' dir='ltr'><strong>EPfSTOLE.</strong></span> 
     </span>
    </p>
   </div>
   <div class='ocr_carea' id='block_1_3' title="bbox 3465 362 3575 417">
    <p class='ocr_par' dir='ltr' id='par_1_3' title="bbox 3465 362 3575 417">
     <span class='ocr_line' id='line_1_3' title="bbox 3465 362 3575 417; baseline 0 0"><span class='ocrx_word' id='word_1_3' title='bbox 3465 362 3575 417; x_wconf 68' lang='lat'><strong>250</strong></span> 
     </span>
    </p>
   </div>
   <div class='ocr_carea' id='block_1_4' title="bbox 316 454 3575 535">
    <p class='ocr_par' dir='ltr' id='par_1_4' title="bbox 316 454 3575 535">
     <span class='ocr_line' id='line_1_4' title="bbox 316 454 3575 535; baseline 0.006 -24"><span class='ocrx_word' id='word_1_4' title='bbox 316 468 582 530; x_wconf 63' lang='lat' dir='ltr'><strong>unoque,</strong></span> <span class='ocrx_word' id='word_1_5' title='bbox 604 465 663 513; x_wconf 92' lang='lat' dir='ltr'><strong>et</strong></span> <span class='ocrx_word' id='word_1_6' title='bbox 680 455 828 513; x_wconf 89' lang='lat' dir='ltr'><strong>danti</strong></span> <span class='ocrx_word' id='word_1_7' title='bbox 851 463 907 511; x_wconf 88' lang='lat' dir='ltr'><strong>et</strong></span> <span class='ocrx_word' id='word_1_8' title='bbox 925 454 1231 526; x_wconf 77' lang='lat' dir='ltr'><strong>accipienti,</strong></span> <span class='ocrx_word' id='word_1_9' title='bbox 1254 455 1502 510; x_wconf 75' lang='lat' dir='ltr'><strong>solatium</strong></span> <span class='ocrx_word' id='word_1_10' title='bbox 1528 469 1666 511; x_wconf 90' lang='lat' dir='ltr'><strong>esse.</strong></span> <span class='ocrx_word' id='word_1_11' title='bbox 1699 455 1907 526; x_wconf 86' lang='lat' dir='ltr'><strong>Ubique</strong></span> <span class='ocrx_word' id='word_1_12' title='bbox 1936 463 1983 522; x_wconf 75' lang='grc' dir='ltr'><strong>Α</strong></span> <span class='ocrx_word' id='word_1_13' title='bbox 2009 460 2131 515; x_wconf 89' lang='lat' dir='ltr'><strong>simi</strong></span> <span class='ocrx_word' id='word_1_14' title='bbox 2160 456 2214 515; x_wconf 89' lang='lat' dir='ltr'><strong>in</strong></span> <span class='ocrx_word' id='word_1_15' title='bbox 2238 461 2378 517; x_wconf 88' lang='lat' dir='ltr'><strong>bello</strong></span> <span class='ocrx_word' id='word_1_16' title='bbox 2395 502 2410 527; x_wconf 96' lang='lat'><strong>,</strong></span> <span class='ocrx_word' id='word_1_17' title='bbox 2441 469 2496 516; x_wconf 92' lang='lat' dir='ltr'><strong>et</strong></span> <span class='ocrx_word' id='word_1_18' title='bbox 2534 461 2821 532; x_wconf 75' lang='lat' dir='ltr'><strong>iustissimi</strong></span> <span class='ocrx_word' id='word_1_19' title='bbox 2846 465 2900 521; x_wconf 91' lang='lat' dir='ltr'><strong>in</strong></span> <span class='ocrx_word' id='word_1_20' title='bbox 2924 464 3173 535; x_wconf 73' lang='lat' dir='ltr'><strong>iudiciis;</strong></span> <span class='ocrx_word' id='word_1_21' title='bbox 3216 485 3427 527; x_wconf 91' lang='lat' dir='ltr'><strong>morum</strong></span> <span class='ocrx_word' id='word_1_22' title='bbox 3473 490 3575 529; x_wconf 87' lang='lat' dir='ltr'><strong>no-</strong></span> 
     </span>
    </p>
   </div>
   <div class='ocr_carea' id='block_1_5' title="bbox 316 549 1903 624">
    <p class='ocr_par' dir='ltr' id='par_1_5' title="bbox 316 549 1903 624">
     <span class='ocr_line' id='line_1_5' title="bbox 316 549 1903 624; baseline -0.007 -10"><span class='ocrx_word' id='word_1_23' title='bbox 316 555 587 614; x_wconf 86' lang='lat' dir='ltr'><strong>discretio</strong></span> <span class='ocrx_word' id='word_1_24' title='bbox 614 551 818 624; x_wconf 89' lang='lat' dir='ltr'><strong>optime</strong></span> <span class='ocrx_word' id='word_1_25' title='bbox 843 550 1021 616; x_wconf 88' lang='lat' dir='ltr'><strong>valet,</strong></span> <span class='ocrx_word' id='word_1_26' title='bbox 1048 565 1167 619; x_wconf 76' lang='lat' dir='ltr'><strong>qua:</strong></span> <span class='ocrx_word' id='word_1_27' title='bbox 1194 561 1220 590; x_wconf 75' lang='grc' dir='ltr'>ι</span> <span class='ocrx_word' id='word_1_28' title='bbox 1252 549 1392 604; x_wconf 85' lang='lat' dir='ltr'><strong>inter</strong></span> <span class='ocrx_word' id='word_1_29' title='bbox 1416 549 1709 603; x_wconf 74' lang='lat' dir='ltr'><strong>monachos</strong></span> <span class='ocrx_word' id='word_1_30' title='bbox 1732 556 1903 603; x_wconf 85' lang='lat' dir='ltr'><strong>mater</strong></span> 
     </span>
    </p>
   </div>
   <div class='ocr_carea' id='block_1_6' title="bbox 314 638 1906 708">
    <p class='ocr_par' dir='ltr' id='par_1_6' title="bbox 314 638 1906 708">
     <span class='ocr_line' id='line_1_6' title="bbox 314 638 1906 708; baseline -0.006 -5"><span class='ocrx_word' id='word_1_31' title='bbox 314 648 591 704; x_wconf 86' lang='lat' dir='ltr'><strong>virtutum</strong></span> <span class='ocrx_word' id='word_1_32' title='bbox 619 657 741 699; x_wconf 90' lang='lat' dir='ltr'><strong>esse</strong></span> <span class='ocrx_word' id='word_1_33' title='bbox 769 642 984 708; x_wconf 89' lang='lat' dir='ltr'><strong>dicitur,</strong></span> <span class='ocrx_word' id='word_1_34' title='bbox 1026 639 1310 696; x_wconf 78' lang='lat' dir='ltr'><strong>Salomone</strong></span> <span class='ocrx_word' id='word_1_35' title='bbox 1344 647 1632 695; x_wconf 89' lang='lat' dir='ltr'><strong>attestante</strong></span> <span class='ocrx_word' id='word_1_36' title='bbox 1663 652 1679 693; x_wconf 87' lang='lat'><strong>:</strong></span> <span class='ocrx_word' id='word_1_37' title='bbox 1711 638 1906 708; x_wconf 81' lang='lat' dir='ltr'><strong>Palpe-</strong></span> 
     </span>
    </p>
   </div>
   <div class='ocr_carea' id='block_1_7' title="bbox 315 717 1901 812">
    <p class='ocr_par' dir='ltr' id='par_1_7' title="bbox 315 717 1901 812">
     <span class='ocr_line' id='line_1_7' title="bbox 315 717 1901 812; baseline -0.005 -15"><span class='ocrx_word' id='word_1_38' title='bbox 315 743 435 797; x_wconf 70' lang='lat' dir='ltr'><strong>brce</strong></span> <span class='ocrx_word' id='word_1_39' title='bbox 450 753 560 796; x_wconf 62' lang='lat' dir='ltr'><strong>tum</strong></span> <span class='ocrx_word' id='word_1_40' title='bbox 586 717 889 812; x_wconf 63' lang='lat' dir='ltr'><strong>praecedant</strong></span> <span class='ocrx_word' id='word_1_41' title='bbox 906 753 1111 808; x_wconf 87' lang='lat' dir='ltr'><strong>gressus</strong></span> <span class='ocrx_word' id='word_1_42' title='bbox 1138 742 1253 791; x_wconf 75' lang='lat' dir='ltr'><strong>tuos</strong></span> <span class='ocrx_word' id='word_1_43' title='bbox 1274 735 1455 810; x_wconf 79' lang='lat' dir='ltr'><strong>(Prov.</strong></span> <span class='ocrx_word' id='word_1_44' title='bbox 1482 750 1555 800; x_wconf 83' lang='lat' dir='ltr'><strong>tv,</strong></span> <span class='ocrx_word' id='word_1_45' title='bbox 1577 734 1690 805; x_wconf 76' lang='lat'><strong>25),</strong></span> <span class='ocrx_word' id='word_1_46' title='bbox 1723 735 1775 791; x_wconf 96' lang='lat' dir='ltr'><strong>id</strong></span> <span class='ocrx_word' id='word_1_47' title='bbox 1799 740 1901 801; x_wconf 84' lang='lat' dir='ltr'><strong>est,</strong></span> 
     </span>
    </p>
   </div>
   <div class='ocr_carea' id='block_1_8' title="bbox 315 824 1906 894">
    <p class='ocr_par' dir='ltr' id='par_1_8' title="bbox 315 824 1906 894">
     <span class='ocr_line' id='line_1_8' title="bbox 315 824 1906 894; baseline -0.006 -6"><span class='ocrx_word' id='word_1_48' title='bbox 315 831 585 888; x_wconf 79' lang='lat' dir='ltr'><strong>discretio</strong></span> <span class='ocrx_word' id='word_1_49' title='bbox 607 836 760 884; x_wconf 89' lang='lat' dir='ltr'><strong>actus</strong></span> <span class='ocrx_word' id='word_1_50' title='bbox 784 834 926 882; x_wconf 91' lang='lat' dir='ltr'><strong>tuos.</strong></span> <span class='ocrx_word' id='word_1_51' title='bbox 966 824 1063 882; x_wconf 85' lang='lat' dir='ltr'><strong>Cui</strong></span> <span class='ocrx_word' id='word_1_52' title='bbox 1084 826 1362 881; x_wconf 63' lang='lat' dir='ltr'><strong>sententiae</strong></span> <span class='ocrx_word' id='word_1_53' title='bbox 1388 831 1442 879; x_wconf 91' lang='lat' dir='ltr'><strong>et</strong></span> <span class='ocrx_word' id='word_1_54' title='bbox 1471 824 1758 894; x_wconf 73' lang='lat' dir='ltr'><strong>Apostolus</strong></span> <span class='ocrx_word' id='word_1_55' title='bbox 1777 838 1906 879; x_wconf 86' lang='lat' dir='ltr'><strong>con-</strong></span> 
     </span>
    </p>
   </div>
   <div class='ocr_carea' id='block_1_9' title="bbox 315 914 1904 987">
    <p class='ocr_par' dir='ltr' id='par_1_9' title="bbox 315 914 1904 987">
     <span class='ocr_line' id='line_1_9' title="bbox 315 914 1904 987; baseline -0.006 -9"><span class='ocrx_word' id='word_1_56' title='bbox 315 931 508 987; x_wconf 81' lang='lat' dir='ltr'><strong>sonat,</strong></span> <span class='ocrx_word' id='word_1_57' title='bbox 528 920 621 975; x_wconf 89' lang='lat' dir='ltr'><strong>ubi</strong></span> <span class='ocrx_word' id='word_1_58' title='bbox 645 918 723 974; x_wconf 88' lang='lat' dir='ltr'><strong>ait</strong></span> <span class='ocrx_word' id='word_1_59' title='bbox 748 936 761 972; x_wconf 93' lang='lat'>:</span> <span class='ocrx_word' id='word_1_60' title='bbox 797 915 987 971; x_wconf 80' lang='lat' dir='ltr'><strong>Omnia</strong></span> <span class='ocrx_word' id='word_1_61' title='bbox 1009 925 1176 971; x_wconf 77' lang='lat' dir='ltr'><strong>vestra</strong></span> <span class='ocrx_word' id='word_1_62' title='bbox 1202 916 1411 971; x_wconf 75' lang='lat' dir='ltr'><strong>honeste</strong></span> <span class='ocrx_word' id='word_1_63' title='bbox 1429 931 1546 969; x_wconf 85' lang='lat' dir='ltr'><strong>cum</strong></span> <span class='ocrx_word' id='word_1_64' title='bbox 1571 915 1752 969; x_wconf 79' lang='lat' dir='ltr'><strong>ordine</strong></span> <span class='ocrx_word' id='word_1_65' title='bbox 1771 914 1904 983; x_wconf 77' lang='lat' dir='ltr'><strong>ﬁant</strong></span> 
     </span>
    </p>
   </div>
   <div class='ocr_carea' id='block_1_10' title="bbox 318 1003 1904 1086">
    <p class='ocr_par' dir='ltr' id='par_1_10' title="bbox 318 1003 1904 1086">
     <span class='ocr_line' id='line_1_10' title="bbox 318 1003 1904 1086; baseline -0.006 -19"><span class='ocrx_word' id='word_1_66' title='bbox 318 1013 381 1086; x_wconf 83' lang='grc' dir='ltr'><strong>(ι</strong></span> <span class='ocrx_word' id='word_1_67' title='bbox 426 1010 553 1067; x_wconf 89' lang='lat' dir='ltr'><strong>Cor.</strong></span> <span class='ocrx_word' id='word_1_68' title='bbox 587 1025 701 1075; x_wconf 70' lang='lat' dir='ltr'><strong>xxv,</strong></span> <span class='ocrx_word' id='word_1_69' title='bbox 732 1007 845 1079; x_wconf 65' lang='lat'><strong>40).</strong></span> <span class='ocrx_word' id='word_1_70' title='bbox 876 1008 945 1062; x_wconf 88' lang='lat' dir='ltr'><strong>Et</strong></span> <span class='ocrx_word' id='word_1_71' title='bbox 985 1007 1224 1063; x_wconf 84' lang='lat' dir='ltr'><strong>comicus</strong></span> <span class='ocrx_word' id='word_1_72' title='bbox 1255 1005 1473 1079; x_wconf 86' lang='lat' dir='ltr'><strong>quidam</strong></span> <span class='ocrx_word' id='word_1_73' title='bbox 1499 1005 1618 1059; x_wconf 92' lang='lat' dir='ltr'><strong>ait:</strong></span> <span class='ocrx_word' id='word_1_74' title='bbox 1651 1003 1735 1058; x_wconf 84' lang='lat' dir='ltr'><strong>Ne</strong></span> <span class='ocrx_word' id='word_1_75' title='bbox 1774 1004 1904 1075; x_wconf 88' lang='lat' dir='ltr'><strong>quid</strong></span> 
     </span>
    </p>
   </div>
   <div class='ocr_carea' id='block_1_11' title="bbox 318 1097 1904 1169">
    <p class='ocr_par' dir='ltr' id='par_1_11' title="bbox 318 1097 1904 1169">
     <span class='ocr_line' id='line_1_11' title="bbox 318 1097 1904 1169; baseline -0.007 -9"><span class='ocrx_word' id='word_1_76' title='bbox 318 1106 507 1160; x_wconf 77' lang='lat' dir='ltr'><strong>nimis.</strong></span> <span class='ocrx_word' id='word_1_77' title='bbox 537 1103 603 1158; x_wconf 76' lang='lat' dir='ltr'><strong>lt!</strong></span> <span class='ocrx_word' id='word_1_78' title='bbox 624 1102 771 1156; x_wconf 90' lang='lat' dir='ltr'><strong>omni</strong></span> <span class='ocrx_word' id='word_1_79' title='bbox 798 1115 857 1154; x_wconf 89' lang='lat' dir='ltr'><strong>re</strong></span> <span class='ocrx_word' id='word_1_80' title='bbox 884 1098 1239 1169; x_wconf 82' lang='lat' dir='ltr'><strong>temperantia</strong></span> <span class='ocrx_word' id='word_1_81' title='bbox 1262 1097 1524 1153; x_wconf 88' lang='lat' dir='ltr'><strong>servanda</strong></span> <span class='ocrx_word' id='word_1_82' title='bbox 1554 1106 1658 1160; x_wconf 90' lang='lat' dir='ltr'><strong>est,</strong></span> <span class='ocrx_word' id='word_1_83' title='bbox 1681 1109 1801 1166; x_wconf 70' lang='lat' dir='ltr'><strong>qtae</strong></span> <span class='ocrx_word' id='word_1_84' title='bbox 1821 1102 1904 1150; x_wconf 89' lang='lat' dir='ltr'><strong>est</strong></span> 
     </span>
    </p>
   </div>
   <div class='ocr_carea' id='block_1_12' title="bbox 318 1184 1902 1263">
    <p class='ocr_par' dir='ltr' id='par_1_12' title="bbox 318 1184 1902 1263">
     <span class='ocr_line' id='line_1_12' title="bbox 318 1184 1902 1263; baseline -0.006 -14"><span class='ocrx_word' id='word_1_85' title='bbox 318 1195 413 1249; x_wconf 78' lang='lat' dir='ltr'><strong>via</strong></span> <span class='ocrx_word' id='word_1_86' title='bbox 452 1192 600 1263; x_wconf 81' lang='lat' dir='ltr'><strong>regia</strong></span> <span class='ocrx_word' id='word_1_87' title='bbox 638 1191 804 1247; x_wconf 90' lang='lat' dir='ltr'><strong>totius</strong></span> <span class='ocrx_word' id='word_1_88' title='bbox 828 1190 954 1244; x_wconf 76' lang='lat' dir='ltr'><strong>vitae</strong></span> <span class='ocrx_word' id='word_1_89' title='bbox 981 1196 1209 1252; x_wconf 74' lang='lat' dir='ltr'><strong>nostrae,</strong></span> <span class='ocrx_word' id='word_1_90' title='bbox 1240 1203 1341 1243; x_wconf 88' lang='lat' dir='ltr'><strong>nec</strong></span> <span class='ocrx_word' id='word_1_91' title='bbox 1373 1184 1443 1242; x_wconf 86' lang='lat' dir='ltr'><strong>ad</strong></span> <span class='ocrx_word' id='word_1_92' title='bbox 1466 1187 1739 1242; x_wconf 81' lang='lat' dir='ltr'><strong>dexteram</strong></span> <span class='ocrx_word' id='word_1_93' title='bbox 1758 1226 1774 1252; x_wconf 90' lang='lat'><strong>,</strong></span> <span class='ocrx_word' id='word_1_94' title='bbox 1799 1200 1902 1241; x_wconf 89' lang='lat' dir='ltr'><strong>nec</strong></span> 
     </span>
    </p>
   </div>
   <div class='ocr_carea' id='block_1_13' title="bbox 319 1276 1901 1346">
    <p class='ocr_par' dir='ltr' id='par_1_13' title="bbox 319 1276 1901 1346">
     <span class='ocr_line' id='line_1_13' title="bbox 319 1276 1901 1346; baseline -0.006 -7"><span class='ocrx_word' id='word_1_95' title='bbox 319 1284 396 1339; x_wconf 72' lang='lat' dir='ltr'><strong>ad</strong></span> <span class='ocrx_word' id='word_1_96' title='bbox 420 1283 698 1338; x_wconf 81' lang='lat' dir='ltr'><strong>sinistram</strong></span> <span class='ocrx_word' id='word_1_97' title='bbox 743 1278 1175 1343; x_wconf 73' lang='lat' dir='ltr'><strong>declinans,-sed</strong></span> <span class='ocrx_word' id='word_1_98' title='bbox 1202 1284 1358 1334; x_wconf 84' lang='lat' dir='ltr'><strong>caute</strong></span> <span class='ocrx_word' id='word_1_99' title='bbox 1383 1286 1438 1334; x_wconf 90' lang='lat' dir='ltr'><strong>et</strong></span> <span class='ocrx_word' id='word_1_100' title='bbox 1458 1278 1728 1346; x_wconf 83' lang='lat' dir='ltr'><strong>sapienter</strong></span> <span class='ocrx_word' id='word_1_101' title='bbox 1754 1276 1901 1331; x_wconf 85' lang='lat' dir='ltr'><strong>ince-</strong></span> 
     </span>
    </p>
   </div>
   <div class='ocr_carea' id='block_1_14' title="bbox 321 1369 1904 1444">
    <p class='ocr_par' dir='ltr' id='par_1_14' title="bbox 321 1369 1904 1444">
     <span class='ocr_line' id='line_1_14' title="bbox 321 1369 1904 1444; baseline -0.008 -10"><span class='ocrx_word' id='word_1_102' title='bbox 321 1378 497 1442; x_wconf 83' lang='lat' dir='ltr'><strong>dens,</strong></span> <span class='ocrx_word' id='word_1_103' title='bbox 522 1373 676 1444; x_wconf 88' lang='lat' dir='ltr'><strong>quasi</strong></span> <span class='ocrx_word' id='word_1_104' title='bbox 705 1371 961 1442; x_wconf 76' lang='lat' dir='ltr'><strong>providus</strong></span> <span class='ocrx_word' id='word_1_105' title='bbox 986 1372 1161 1426; x_wconf 83' lang='lat' dir='ltr'><strong>viator</strong></span> <span class='ocrx_word' id='word_1_106' title='bbox 1185 1372 1252 1426; x_wconf 92' lang='lat' dir='ltr'><strong>ad</strong></span> <span class='ocrx_word' id='word_1_107' title='bbox 1282 1384 1526 1440; x_wconf 70' lang='lat' dir='ltr'><strong>supernae</strong></span> <span class='ocrx_word' id='word_1_108' title='bbox 1559 1369 1791 1425; x_wconf 77' lang='lat' dir='ltr'><strong>civitatis</strong></span> <span class='ocrx_word' id='word_1_109' title='bbox 1816 1384 1904 1423; x_wconf 87' lang='lat' dir='ltr'><strong>ar-</strong></span> 
     </span>
    </p>
   </div>
   <div class='ocr_carea' id='block_1_15' title="bbox 322 1464 1907 1539">
    <p class='ocr_par' dir='ltr' id='par_1_15' title="bbox 322 1464 1907 1539">
     <span class='ocr_line' id='line_1_15' title="bbox 322 1464 1907 1539; baseline -0.006 -13"><span class='ocrx_word' id='word_1_110' title='bbox 322 1485 448 1526; x_wconf 87' lang='lat' dir='ltr'><strong>cem</strong></span> <span class='ocrx_word' id='word_1_111' title='bbox 476 1481 801 1539; x_wconf 88' lang='lat' dir='ltr'><strong>properans,</strong></span> <span class='ocrx_word' id='word_1_112' title='bbox 831 1464 1111 1520; x_wconf 88' lang='lat' dir='ltr'><strong>ambulans</strong></span> <span class='ocrx_word' id='word_1_113' title='bbox 1138 1465 1203 1519; x_wconf 86' lang='lat' dir='ltr'><strong>de</strong></span> <span class='ocrx_word' id='word_1_114' title='bbox 1233 1465 1418 1519; x_wconf 74' lang='lat' dir='ltr'><strong>uirtute</strong></span> <span class='ocrx_word' id='word_1_115' title='bbox 1436 1465 1491 1519; x_wconf 88' lang='lat' dir='ltr'><strong>in</strong></span> <span class='ocrx_word' id='word_1_116' title='bbox 1517 1465 1756 1518; x_wconf 81' lang='lat' dir='ltr'><strong>virtutem</strong></span> <span class='ocrx_word' id='word_1_117' title='bbox 1774 1504 1788 1529; x_wconf 95' lang='lat'><strong>,</strong></span> <span class='ocrx_word' id='word_1_118' title='bbox 1812 1464 1907 1517; x_wconf 84' lang='lat' dir='ltr'><strong>do-</strong></span> 
     </span>
    </p>
   </div>
   <div class='ocr_carea' id='block_1_16' title="bbox 322 1555 1903 1629">
    <p class='ocr_par' dir='ltr' id='par_1_16' title="bbox 322 1555 1903 1629">
     <span class='ocr_line' id='line_1_16' title="bbox 322 1555 1903 1629; baseline -0.005 -12"><span class='ocrx_word' id='word_1_119' title='bbox 322 1579 423 1617; x_wconf 72' lang='lat' dir='ltr'><strong>nec</strong></span> <span class='ocrx_word' id='word_1_120' title='bbox 451 1559 690 1616; x_wconf 79' lang='lat' dir='ltr'><strong>uideatur</strong></span> <span class='ocrx_word' id='word_1_121' title='bbox 722 1557 865 1612; x_wconf 83' lang='lat' dir='ltr'><strong>Deus</strong></span> <span class='ocrx_word' id='word_1_122' title='bbox 902 1557 1117 1612; x_wconf 85' lang='lat' dir='ltr'><strong>deorum</strong></span> <span class='ocrx_word' id='word_1_123' title='bbox 1154 1558 1211 1611; x_wconf 84' lang='lat' dir='ltr'><strong>in</strong></span> <span class='ocrx_word' id='word_1_124' title='bbox 1264 1555 1395 1613; x_wconf 83' lang='lat' dir='ltr'><strong>Sion</strong></span> <span class='ocrx_word' id='word_1_125' title='bbox 1445 1555 1617 1629; x_wconf 83' lang='lat' dir='ltr'><strong>(Psal.</strong></span> <span class='ocrx_word' id='word_1_126' title='bbox 1663 1571 1903 1622; x_wconf 82' lang='lat' dir='ltr'><strong>Lxxml,</strong></span> 
     </span>
    </p>
   </div>
   <div class='ocr_carea' id='block_1_17' title="bbox 323 1648 1909 1727">
    <p class='ocr_par' dir='ltr' id='par_1_17' title="bbox 323 1648 1909 1727">
     <span class='ocr_line' id='line_1_17' title="bbox 323 1648 1909 1727; baseline -0.006 -17"><span class='ocrx_word' id='word_1_127' title='bbox 323 1654 418 1727; x_wconf 72' lang='lat'><strong>8);</strong></span> <span class='ocrx_word' id='word_1_128' title='bbox 449 1654 503 1709; x_wconf 90' lang='lat' dir='ltr'><strong>id</strong></span> <span class='ocrx_word' id='word_1_129' title='bbox 531 1660 649 1717; x_wconf 88' lang='lat' dir='ltr'><strong>est,</strong></span> <span class='ocrx_word' id='word_1_130' title='bbox 685 1651 741 1706; x_wconf 93' lang='lat' dir='ltr'><strong>in</strong></span> <span class='ocrx_word' id='word_1_131' title='bbox 784 1648 997 1720; x_wconf 86' lang='lat' dir='ltr'><strong>specula</strong></span> <span class='ocrx_word' id='word_1_132' title='bbox 1025 1657 1238 1705; x_wconf 67' lang='lat' dir='ltr'><strong>aeternae</strong></span> <span class='ocrx_word' id='word_1_133' title='bbox 1277 1648 1644 1713; x_wconf 85' lang='lat' dir='ltr'><strong>beatitudinis,</strong></span> <span class='ocrx_word' id='word_1_134' title='bbox 1673 1663 1794 1718; x_wconf 83' lang='lat' dir='ltr'><strong>quae</strong></span> <span class='ocrx_word' id='word_1_135' title='bbox 1825 1654 1909 1702; x_wconf 88' lang='lat' dir='ltr'><strong>est</strong></span> 
     </span>
    </p>
   </div>
   <div class='ocr_carea' id='block_1_18' title="bbox 302 1736 1902 1800">
    <p class='ocr_par' dir='ltr' id='par_1_18' title="bbox 302 1736 1902 1800">
     <span class='ocr_line' id='line_1_18' title="bbox 302 1736 1902 1800; baseline -0.006 -1"><span class='ocrx_word' id='word_1_136' title='bbox 302 1744 571 1800; x_wconf 87' lang='lat' dir='ltr'><strong>omnium</strong></span> <span class='ocrx_word' id='word_1_137' title='bbox 595 1750 904 1797; x_wconf 90' lang='lat' dir='ltr'><strong>sanctorum</strong></span> <span class='ocrx_word' id='word_1_138' title='bbox 933 1754 1141 1794; x_wconf 92' lang='lat' dir='ltr'><strong>merces</strong></span> <span class='ocrx_word' id='word_1_139' title='bbox 1168 1744 1222 1794; x_wconf 90' lang='lat' dir='ltr'><strong>et</strong></span> <span class='ocrx_word' id='word_1_140' title='bbox 1254 1738 1538 1792; x_wconf 84' lang='lat' dir='ltr'><strong>retributio</strong></span> <span class='ocrx_word' id='word_1_141' title='bbox 1563 1737 1761 1792; x_wconf 90' lang='lat' dir='ltr'><strong>laboris</strong></span> <span class='ocrx_word' id='word_1_142' title='bbox 1800 1736 1902 1793; x_wconf 91' lang='lat' dir='ltr'><strong>sui.</strong></span> 
     </span>
    </p>
   </div>
   <div class='ocr_carea' id='block_1_19' title="bbox 2006 551 3578 633">
    <p class='ocr_par' dir='ltr' id='par_1_19' title="bbox 2006 551 3578 633">
     <span class='ocr_line' id='line_1_19' title="bbox 2006 551 3578 633; baseline 0.01 -25"><span class='ocrx_word' id='word_1_143' title='bbox 2006 551 2214 608; x_wconf 89' lang='lat' dir='ltr'><strong>bilitate</strong></span> <span class='ocrx_word' id='word_1_144' title='bbox 2223 554 2494 623; x_wconf 90' lang='lat' dir='ltr'><strong>conspicui</strong></span> <span class='ocrx_word' id='word_1_145' title='bbox 2510 596 2525 621; x_wconf 93' lang='lat'><strong>,</strong></span> <span class='ocrx_word' id='word_1_146' title='bbox 2550 555 2789 611; x_wconf 88' lang='lat' dir='ltr'><strong>consiliis</strong></span> <span class='ocrx_word' id='word_1_147' title='bbox 2807 559 3035 627; x_wconf 85' lang='lat' dir='ltr'><strong>providi,</strong></span> <span class='ocrx_word' id='word_1_148' title='bbox 3050 560 3247 629; x_wconf 84' lang='lat' dir='ltr'><strong>pietate</strong></span> <span class='ocrx_word' id='word_1_149' title='bbox 3262 562 3578 633; x_wconf 80' lang='lat' dir='ltr'><strong>laudabiles,</strong></span> 
     </span>
    </p>
   </div>
   <div class='ocr_carea' id='block_1_20' title="bbox 2002 642 3579 729">
    <p class='ocr_par' dir='ltr' id='par_1_20' title="bbox 2002 642 3579 729">
     <span class='ocr_line' id='line_1_20' title="bbox 2002 642 3579 729; baseline 0.01 -32"><span class='ocrx_word' id='word_1_150' title='bbox 2002 642 2143 701; x_wconf 78' lang='lat' dir='ltr'><strong>facie</strong></span> <span class='ocrx_word' id='word_1_151' title='bbox 2166 645 2507 701; x_wconf 85' lang='lat' dir='ltr'><strong>honorabiles</strong></span> <span class='ocrx_word' id='word_1_152' title='bbox 2526 688 2542 713; x_wconf 93' lang='lat'><strong>,</strong></span> <span class='ocrx_word' id='word_1_153' title='bbox 2569 648 2720 703; x_wconf 88' lang='lat' dir='ltr'><strong>vultu</strong></span> <span class='ocrx_word' id='word_1_154' title='bbox 2744 652 3077 708; x_wconf 80' lang='lat' dir='ltr'><strong>venerabiles</strong></span> <span class='ocrx_word' id='word_1_155' title='bbox 3095 693 3110 719; x_wconf 95' lang='lat'><strong>,</strong></span> <span class='ocrx_word' id='word_1_156' title='bbox 3138 662 3194 710; x_wconf 91' lang='lat' dir='ltr'><strong>et</strong></span> <span class='ocrx_word' id='word_1_157' title='bbox 3229 656 3374 710; x_wconf 73' lang='lat' dir='ltr'><strong>omni</strong></span> <span class='ocrx_word' id='word_1_158' title='bbox 3406 658 3579 729; x_wconf 82' lang='lat' dir='ltr'><strong>digni-</strong></span> 
     </span>
    </p>
   </div>
   <div class='ocr_carea' id='block_1_21' title="bbox 2006 730 3580 819">
    <p class='ocr_par' dir='ltr' id='par_1_21' title="bbox 2006 730 3580 819">
     <span class='ocr_line' id='line_1_21' title="bbox 2006 730 3580 819; baseline 0.011 -32"><span class='ocrx_word' id='word_1_159' title='bbox 2006 740 2113 788; x_wconf 83' lang='lat' dir='ltr'><strong>tate</strong></span> <span class='ocrx_word' id='word_1_160' title='bbox 2142 730 2444 789; x_wconf 86' lang='lat' dir='ltr'><strong>clarissimi.</strong></span> <span class='ocrx_word' id='word_1_161' title='bbox 2474 735 2599 791; x_wconf 79' lang='lat' dir='ltr'><strong>iiaec</strong></span> <span class='ocrx_word' id='word_1_162' title='bbox 2618 752 2734 803; x_wconf 91' lang='lat' dir='ltr'><strong>vos,</strong></span> <span class='ocrx_word' id='word_1_163' title='bbox 2756 740 2859 794; x_wconf 89' lang='lat' dir='ltr'><strong>viri</strong></span> <span class='ocrx_word' id='word_1_164' title='bbox 2884 741 3289 811; x_wconf 85' lang='lat' dir='ltr'><strong>sapientissimi,</strong></span> <span class='ocrx_word' id='word_1_165' title='bbox 3306 745 3358 800; x_wconf 89' lang='lat' dir='ltr'><strong>in</strong></span> <span class='ocrx_word' id='word_1_166' title='bbox 3382 748 3580 819; x_wconf 83' lang='lat' dir='ltr'><strong>quibus</strong></span> 
     </span>
    </p>
   </div>
   <div class='ocr_carea' id='block_1_22' title="bbox 2004 822 3576 906">
    <p class='ocr_par' dir='ltr' id='par_1_22' title="bbox 2004 822 3576 906">
     <span class='ocr_line' id='line_1_22' title="bbox 2004 822 3576 906; baseline 0.011 -29"><span class='ocrx_word' id='word_1_167' title='bbox 2004 824 2164 879; x_wconf 91' lang='lat' dir='ltr'><strong>modo</strong></span> <span class='ocrx_word' id='word_1_168' title='bbox 2189 822 2393 879; x_wconf 65' lang='lat' dir='ltr'><strong>Cantiae</strong></span> <span class='ocrx_word' id='word_1_169' title='bbox 2417 827 2579 881; x_wconf 85' lang='lat' dir='ltr'><strong>decus</strong></span> <span class='ocrx_word' id='word_1_170' title='bbox 2602 828 2875 895; x_wconf 89' lang='lat' dir='ltr'><strong>consistit,</strong></span> <span class='ocrx_word' id='word_1_171' title='bbox 2911 831 3193 903; x_wconf 82' lang='lat' dir='ltr'><strong>diligenter</strong></span> <span class='ocrx_word' id='word_1_172' title='bbox 3216 838 3576 906; x_wconf 85' lang='lat' dir='ltr'><strong>considerate,</strong></span> 
     </span>
    </p>
   </div>
   <div class='ocr_carea' id='block_1_23' title="bbox 2002 914 3577 998">
    <p class='ocr_par' dir='ltr' id='par_1_23' title="bbox 2002 914 3577 998">
     <span class='ocr_line' id='line_1_23' title="bbox 2002 914 3577 998; baseline 0.012 -29"><span class='ocrx_word' id='word_1_173' title='bbox 2002 921 2060 969; x_wconf 90' lang='lat' dir='ltr'><strong>et</strong></span> <span class='ocrx_word' id='word_1_174' title='bbox 2111 914 2299 986; x_wconf 87' lang='lat' dir='ltr'><strong>longas</strong></span> <span class='ocrx_word' id='word_1_175' title='bbox 2359 919 2727 975; x_wconf 88' lang='lat' dir='ltr'><strong>successiones</strong></span> <span class='ocrx_word' id='word_1_176' title='bbox 2786 922 3240 982; x_wconf 85' lang='lat' dir='ltr'><strong>nobilissimorum</strong></span> <span class='ocrx_word' id='word_1_177' title='bbox 3294 940 3577 998; x_wconf 86' lang='lat' dir='ltr'><strong>parentum</strong></span> 
     </span>
    </p>
   </div>
   <div class='ocr_carea' id='block_1_24' title="bbox 2003 1005 3432 1092">
    <p class='ocr_par' dir='ltr' id='par_1_24' title="bbox 2003 1005 3432 1092">
     <span class='ocr_line' id='line_1_24' title="bbox 2003 1005 3432 1092; baseline 0.011 -36"><span class='ocrx_word' id='word_1_178' title='bbox 2003 1013 2307 1060; x_wconf 88' lang='lat' dir='ltr'><strong>vestrorum</strong></span> <span class='ocrx_word' id='word_1_179' title='bbox 2333 1005 2547 1062; x_wconf 89' lang='lat' dir='ltr'><strong>imitare</strong></span> <span class='ocrx_word' id='word_1_180' title='bbox 2571 1010 2893 1066; x_wconf 89' lang='lat' dir='ltr'><strong>studeamini</strong></span> <span class='ocrx_word' id='word_1_181' title='bbox 2926 1011 3081 1083; x_wconf 77' lang='lat' dir='ltr'><strong>[Ms.,</strong></span> <span class='ocrx_word' id='word_1_182' title='bbox 3112 1018 3432 1092; x_wconf 83' lang='lat' dir='ltr'><strong>studimini}.</strong></span> 
     </span>
    </p>
   </div>
   <div class='ocr_carea' id='block_1_25' title="bbox 2072 1095 3587 1172">
    <p class='ocr_par' dir='ltr' id='par_1_25' title="bbox 2072 1095 3587 1172">
     <span class='ocr_line' id='line_1_25' title="bbox 2072 1095 3587 1172; baseline 0.012 -22"><span class='ocrx_word' id='word_1_183' title='bbox 2072 1095 2251 1153; x_wconf 89' lang='lat' dir='ltr'><strong>Primo</strong></span> <span class='ocrx_word' id='word_1_184' title='bbox 2273 1100 2512 1155; x_wconf 90' lang='lat' dir='ltr'><strong>omnium</strong></span> <span class='ocrx_word' id='word_1_185' title='bbox 2534 1142 2549 1168; x_wconf 91' lang='lat'><strong>,</strong></span> <span class='ocrx_word' id='word_1_186' title='bbox 2579 1103 2669 1172; x_wconf 89' lang='lat' dir='ltr'><strong>qui</strong></span> <span class='ocrx_word' id='word_1_187' title='bbox 2696 1103 2748 1157; x_wconf 90' lang='lat' dir='ltr'><strong>in</strong></span> <span class='ocrx_word' id='word_1_188' title='bbox 2778 1103 3016 1161; x_wconf 89' lang='lat' dir='ltr'><strong>Ecclesia</strong></span> <span class='ocrx_word' id='word_1_189' title='bbox 3049 1106 3246 1164; x_wconf 88' lang='lat' dir='ltr'><strong>Christi</strong></span> <span class='ocrx_word' id='word_1_190' title='bbox 3272 1110 3382 1165; x_wconf 85' lang='lat' dir='ltr'><strong>Deo</strong></span> <span class='ocrx_word' id='word_1_191' title='bbox 3402 1114 3587 1168; x_wconf 89' lang='lat' dir='ltr'><strong>deser-</strong></span> 
     </span>
    </p>
   </div>
   <div class='ocr_carea' id='block_1_26' title="bbox 2007 1188 3583 1272">
    <p class='ocr_par' dir='ltr' id='par_1_26' title="bbox 2007 1188 3583 1272">
     <span class='ocr_line' id='line_1_26' title="bbox 2007 1188 3583 1272; baseline 0.011 -30"><span class='ocrx_word' id='word_1_192' title='bbox 2007 1188 2329 1262; x_wconf 67' lang='lat' dir='ltr'><strong>viunt[)!s.,</strong></span> <span class='ocrx_word' id='word_1_193' title='bbox 2360 1193 2707 1269; x_wconf 88' lang='lat' dir='ltr'><strong>deserviant],</strong></span> <span class='ocrx_word' id='word_1_194' title='bbox 2747 1196 2955 1252; x_wconf 88' lang='lat' dir='ltr'><strong>discant</strong></span> <span class='ocrx_word' id='word_1_195' title='bbox 2995 1198 3278 1270; x_wconf 77' lang='lat' dir='ltr'><strong>diligenter</strong></span> <span class='ocrx_word' id='word_1_196' title='bbox 3312 1204 3583 1272; x_wconf 88' lang='lat' dir='ltr'><strong>quomodo</strong></span> 
     </span>
    </p>
   </div>
   <div class='ocr_carea' id='block_1_27' title="bbox 2008 1282 3584 1359">
    <p class='ocr_par' dir='ltr' id='par_1_27' title="bbox 2008 1282 3584 1359">
     <span class='ocr_line' id='line_1_27' title="bbox 2008 1282 3584 1359; baseline 0.008 -22"><span class='ocrx_word' id='word_1_197' title='bbox 2008 1283 2121 1337; x_wconf 87' lang='lat' dir='ltr'><strong>Deo</strong></span> <span class='ocrx_word' id='word_1_198' title='bbox 2147 1282 2393 1351; x_wconf 86' lang='lat' dir='ltr'><strong>placeant</strong></span> <span class='ocrx_word' id='word_1_199' title='bbox 2421 1282 2641 1356; x_wconf 86' lang='lat' dir='ltr'><strong>(Coloss.</strong></span> <span class='ocrx_word' id='word_1_200' title='bbox 2671 1303 2710 1352; x_wconf 85' lang='grc' dir='ltr'><strong>ι,</strong></span> <span class='ocrx_word' id='word_1_201' title='bbox 2743 1287 2853 1359; x_wconf 75' lang='grc'>10),</span> <span class='ocrx_word' id='word_1_202' title='bbox 2877 1291 3145 1358; x_wconf 92' lang='lat' dir='ltr'><strong>quomodo</strong></span> <span class='ocrx_word' id='word_1_203' title='bbox 3172 1290 3341 1348; x_wconf 81' lang='lat' dir='ltr'><strong>ﬁdem</strong></span> <span class='ocrx_word' id='word_1_204' title='bbox 3358 1295 3584 1350; x_wconf 84' lang='lat' dir='ltr'><strong>catholi-</strong></span> 
     </span>
    </p>
   </div>
   <div class='ocr_carea' id='block_1_28' title="bbox 2008 1375 3583 1448">
    <p class='ocr_par' dir='ltr' id='par_1_28' title="bbox 2008 1375 3583 1448">
     <span class='ocr_line' id='line_1_28' title="bbox 2008 1375 3583 1448; baseline 0.011 -23"><span class='ocrx_word' id='word_1_205' title='bbox 2008 1387 2313 1443; x_wconf 89' lang='lat' dir='ltr'><strong>cam,quam</strong></span> <span class='ocrx_word' id='word_1_206' title='bbox 2341 1375 2573 1444; x_wconf 89' lang='lat' dir='ltr'><strong>primum</strong></span> <span class='ocrx_word' id='word_1_207' title='bbox 2589 1377 2838 1434; x_wconf 89' lang='lat' dir='ltr'><strong>doctores</strong></span> <span class='ocrx_word' id='word_1_208' title='bbox 2861 1381 3033 1436; x_wconf 81' lang='lat' dir='ltr'><strong>nostri</strong></span> <span class='ocrx_word' id='word_1_209' title='bbox 3047 1383 3099 1437; x_wconf 91' lang='lat' dir='ltr'><strong>in</strong></span> <span class='ocrx_word' id='word_1_210' title='bbox 3111 1383 3191 1440; x_wconf 90' lang='lat' dir='ltr'><strong>eis</strong></span> <span class='ocrx_word' id='word_1_211' title='bbox 3205 1383 3583 1448; x_wconf 77' lang='lat' dir='ltr'><strong>fundaverunt.</strong></span> 
     </span>
    </p>
   </div>
   <div class='ocr_carea' id='block_1_29' title="bbox 2006 1461 3587 1546">
    <p class='ocr_par' dir='ltr' id='par_1_29' title="bbox 2006 1461 3587 1546">
     <span class='ocr_line' id='line_1_29' title="bbox 2006 1461 3587 1546; baseline 0.009 -29"><span class='ocrx_word' id='word_1_212' title='bbox 2006 1461 2251 1517; x_wconf 87' lang='lat' dir='ltr'><strong>obtinere</strong></span> <span class='ocrx_word' id='word_1_213' title='bbox 2273 1463 2502 1519; x_wconf 74' lang='lat' dir='ltr'><strong>firmiter</strong></span> <span class='ocrx_word' id='word_1_214' title='bbox 2527 1475 2579 1521; x_wconf 91' lang='lat' dir='ltr'><strong>et</strong></span> <span class='ocrx_word' id='word_1_215' title='bbox 2598 1468 2891 1537; x_wconf 55' lang='lat' dir='ltr'><strong>praedicare</strong></span> <span class='ocrx_word' id='word_1_216' title='bbox 2912 1471 3155 1539; x_wconf 86' lang='lat' dir='ltr'><strong>valeant;</strong></span> <span class='ocrx_word' id='word_1_217' title='bbox 3184 1474 3309 1543; x_wconf 87' lang='lat' dir='ltr'><strong>quia</strong></span> <span class='ocrx_word' id='word_1_218' title='bbox 3335 1474 3587 1546; x_wconf 86' lang='lat' dir='ltr'><strong>ignoran-</strong></span> 
     </span>
    </p>
   </div>
   <div class='ocr_carea' id='block_1_30' title="bbox 2008 1551 3587 1628">
    <p class='ocr_par' dir='ltr' id='par_1_30' title="bbox 2008 1551 3587 1628">
     <span class='ocr_line' id='line_1_30' title="bbox 2008 1551 3587 1628; baseline 0.009 -23"><span class='ocrx_word' id='word_1_219' title='bbox 2008 1551 2083 1606; x_wconf 88' lang='lat' dir='ltr'><strong>tia</strong></span> <span class='ocrx_word' id='word_1_220' title='bbox 2133 1551 2536 1622; x_wconf 87' lang='lat' dir='ltr'><strong>Scripturarum</strong></span> <span class='ocrx_word' id='word_1_221' title='bbox 2589 1557 2889 1628; x_wconf 83' lang='lat' dir='ltr'><strong>ignorantia</strong></span> <span class='ocrx_word' id='word_1_222' title='bbox 2923 1560 3018 1617; x_wconf 88' lang='lat' dir='ltr'><strong>Dei</strong></span> <span class='ocrx_word' id='word_1_223' title='bbox 3057 1571 3140 1618; x_wconf 90' lang='lat' dir='ltr'><strong>est</strong></span> <span class='ocrx_word' id='word_1_224' title='bbox 3169 1578 3184 1617; x_wconf 90' lang='lat'><strong>:</strong></span> <span class='ocrx_word' id='word_1_225' title='bbox 3218 1572 3272 1619; x_wconf 91' lang='lat' dir='ltr'><strong>et</strong></span> <span class='ocrx_word' id='word_1_226' title='bbox 3318 1565 3365 1620; x_wconf 92' lang='lat' dir='ltr'><strong>si</strong></span> <span class='ocrx_word' id='word_1_227' title='bbox 3410 1582 3587 1622; x_wconf 66' lang='lat' dir='ltr'><strong>caecus</strong></span> 
     </span>
    </p>
   </div>
   <div class='ocr_carea' id='block_1_31' title="bbox 2009 1642 3583 1729">
    <p class='ocr_par' dir='ltr' id='par_1_31' title="bbox 2009 1642 3583 1729">
     <span class='ocr_line' id='line_1_31' title="bbox 2009 1642 3583 1729; baseline 0.011 -35"><span class='ocrx_word' id='word_1_228' title='bbox 2009 1655 2209 1719; x_wconf 66' lang='lat' dir='ltr'><strong>caecum</strong></span> <span class='ocrx_word' id='word_1_229' title='bbox 2223 1642 2389 1712; x_wconf 88' lang='lat' dir='ltr'><strong>ducit,</strong></span> <span class='ocrx_word' id='word_1_230' title='bbox 2416 1646 2613 1701; x_wconf 90' lang='lat' dir='ltr'><strong>cadunt</strong></span> <span class='ocrx_word' id='word_1_231' title='bbox 2634 1649 2860 1703; x_wconf 84' lang='lat' dir='ltr'><strong>amboin</strong></span> <span class='ocrx_word' id='word_1_232' title='bbox 2885 1649 3093 1707; x_wconf 80' lang='lat' dir='ltr'><strong>foveam</strong></span> <span class='ocrx_word' id='word_1_233' title='bbox 3116 1651 3331 1721; x_wconf 71' lang='lat' dir='ltr'><strong>(Matth.</strong></span> <span class='ocrx_word' id='word_1_234' title='bbox 3357 1671 3448 1722; x_wconf 97' lang='lat' dir='ltr'><strong>xv,</strong></span> <span class='ocrx_word' id='word_1_235' title='bbox 3472 1656 3583 1729; x_wconf 69' lang='lat' dir='ltr'><strong>ii);</strong></span> 
     </span>
    </p>
   </div>
   <div class='ocr_carea' id='block_1_32' title="bbox 2010 1735 3585 1816">
    <p class='ocr_par' dir='ltr' id='par_1_32' title="bbox 2010 1735 3585 1816">
     <span class='ocr_line' id='line_1_32' title="bbox 2010 1735 3585 1816; baseline 0.01 -31"><span class='ocrx_word' id='word_1_236' title='bbox 2010 1739 2067 1785; x_wconf 87' lang='lat' dir='ltr'><strong>et</strong></span> <span class='ocrx_word' id='word_1_237' title='bbox 2112 1740 2332 1787; x_wconf 85' lang='lat' dir='ltr'><strong>econtra</strong></span> <span class='ocrx_word' id='word_1_238' title='bbox 2376 1735 2671 1791; x_wconf 86' lang='lat' dir='ltr'><strong>multitudo</strong></span> <span class='ocrx_word' id='word_1_239' title='bbox 2712 1739 3034 1808; x_wconf 89' lang='lat' dir='ltr'><strong>sapientium</strong></span> <span class='ocrx_word' id='word_1_240' title='bbox 3077 1743 3224 1799; x_wconf 89' lang='lat' dir='ltr'><strong>salus</strong></span> <span class='ocrx_word' id='word_1_241' title='bbox 3281 1752 3365 1799; x_wconf 91' lang='lat' dir='ltr'><strong>est</strong></span> <span class='ocrx_word' id='word_1_242' title='bbox 3405 1746 3585 1816; x_wconf 85' lang='lat' dir='ltr'><strong>populi</strong></span> 
     </span>
    </p>
   </div>
   <div class='ocr_carea' id='block_1_33' title="bbox 311 1797 3583 1907">
    <p class='ocr_par' dir='ltr' id='par_1_33' title="bbox 311 1797 3583 1907">
     <span class='ocr_line' id='line_1_33' title="bbox 311 1797 3583 1907; baseline 0.001 -19"><span class='ocrx_word' id='word_1_243' title='bbox 311 1797 407 1889; x_wconf 58' lang='lat' dir='ltr'><strong>ibi</strong></span> <span class='ocrx_word' id='word_1_244' title='bbox 431 1797 571 1887; x_wconf 14' lang='lat' dir='ltr'><strong>vbeati</strong></span> <span class='ocrx_word' id='word_1_245' title='bbox 595 1832 792 1885; x_wconf 84' lang='lat' dir='ltr'><strong>mundo</strong></span> <span class='ocrx_word' id='word_1_246' title='bbox 818 1830 988 1893; x_wconf 85' lang='lat' dir='ltr'><strong>corde,</strong></span> <span class='ocrx_word' id='word_1_247' title='bbox 1011 1831 1135 1901; x_wconf 83' lang='lat' dir='ltr'><strong>quia</strong></span> <span class='ocrx_word' id='word_1_248' title='bbox 1154 1829 1321 1884; x_wconf 86' lang='lat' dir='ltr'><strong>Deum</strong></span> <span class='ocrx_word' id='word_1_249' title='bbox 1344 1829 1585 1884; x_wconf 83' lang='lat' dir='ltr'><strong>videbunt</strong></span> <span class='ocrx_word' id='word_1_250' title='bbox 1609 1828 1827 1900; x_wconf 74' lang='lat' dir='ltr'><strong>(Matth.</strong></span> <span class='ocrx_word' id='word_1_251' title='bbox 1847 1845 1902 1897; x_wconf 90' lang='lat' dir='ltr'><strong>v,</strong></span> <span class='ocrx_word' id='word_1_252' title='bbox 1936 1797 1980 1856; x_wconf 77' lang='grc' dir='ltr'><strong>Β</strong></span> <span class='ocrx_word' id='word_1_253' title='bbox 2012 1819 2164 1893; x_wconf 84' lang='lat' dir='ltr'><strong>(Sap.</strong></span> <span class='ocrx_word' id='word_1_254' title='bbox 2190 1836 2266 1888; x_wconf 83' lang='lat' dir='ltr'><strong>vt,</strong></span> <span class='ocrx_word' id='word_1_255' title='bbox 2311 1823 2421 1896; x_wconf 73' lang='lat'><strong>26).</strong></span> <span class='ocrx_word' id='word_1_256' title='bbox 2446 1823 2711 1882; x_wconf 85' lang='lat' dir='ltr'><strong>Adducite</strong></span> <span class='ocrx_word' id='word_1_257' title='bbox 2739 1797 2890 1884; x_wconf 75' lang='lat' dir='ltr'><strong>vobis</strong></span> <span class='ocrx_word' id='word_1_258' title='bbox 2919 1797 3251 1889; x_wconf 19' lang='lat' dir='ltr'><strong>doctoresﬂet</strong></span> 
     </span>
    </p>
   </div>
   <div class='ocr_carea' id='block_1_34' title="bbox 320 1920 1905 2004">
    <p class='ocr_par' dir='ltr' id='par_1_34' title="bbox 320 1920 1905 2004">
     <span class='ocr_line' id='line_1_34' title="bbox 320 1920 1905 2004; baseline -0.006 -24"><span class='ocrx_word' id='word_1_259' title='bbox 320 1922 409 1994; x_wconf 69' lang='lat'><strong>‘8).</strong></span> <span class='ocrx_word' id='word_1_260' title='bbox 576 1921 710 1975; x_wconf 82' lang='lat' dir='ltr'><strong>beati</strong></span> <span class='ocrx_word' id='word_1_261' title='bbox 742 1921 843 1991; x_wconf 86' lang='lat' dir='ltr'><strong>qui</strong></span> <span class='ocrx_word' id='word_1_262' title='bbox 889 1920 1292 1989; x_wconf 79' lang='lat' dir='ltr'><strong>persecutionem</strong></span> <span class='ocrx_word' id='word_1_263' title='bbox 1330 1920 1619 1990; x_wconf 75' lang='lat' dir='ltr'><strong>patiuntur,</strong></span> <span class='ocrx_word' id='word_1_264' title='bbox 1658 1920 1905 1997; x_wconf 85' lang='lat' dir='ltr'><strong>quoniam</strong></span> 
     </span>
    </p>
   </div>
   <div class='ocr_carea' id='block_1_35' title="bbox 325 2008 1908 2084">
    <p class='ocr_par' dir='ltr' id='par_1_35' title="bbox 325 2008 1908 2084">
     <span class='ocr_line' id='line_1_35' title="bbox 325 2008 1908 2084; baseline -0.004 -14"><span class='ocrx_word' id='word_1_265' title='bbox 325 2017 564 2084; x_wconf 71' lang='lat' dir='ltr'><strong>ipsorum</strong></span> <span class='ocrx_word' id='word_1_266' title='bbox 593 2020 668 2066; x_wconf 87' lang='lat' dir='ltr'><strong>est</strong></span> <span class='ocrx_word' id='word_1_267' title='bbox 692 2027 904 2082; x_wconf 84' lang='lat' dir='ltr'><strong>regnum</strong></span> <span class='ocrx_word' id='word_1_268' title='bbox 930 2010 1176 2066; x_wconf 63' lang='lat' dir='ltr'><strong>calorum</strong></span> <span class='ocrx_word' id='word_1_269' title='bbox 1203 2009 1390 2080; x_wconf 62' lang='lat' dir='ltr'><strong>(Ibid,</strong></span> <span class='ocrx_word' id='word_1_270' title='bbox 1417 2009 1527 2081; x_wconf 73' lang='lat'><strong>10).</strong></span> <span class='ocrx_word' id='word_1_271' title='bbox 1554 2008 1632 2064; x_wconf 81' lang='lat' dir='ltr'><strong>Ibi</strong></span> <span class='ocrx_word' id='word_1_272' title='bbox 1664 2010 1798 2063; x_wconf 86' lang='lat' dir='ltr'><strong>beati</strong></span> <span class='ocrx_word' id='word_1_273' title='bbox 1819 2010 1908 2081; x_wconf 85' lang='lat' dir='ltr'><strong>qui</strong></span> 
     </span>
    </p>
   </div>
   <div class='ocr_carea' id='block_1_36' title="bbox 327 2099 1909 2171">
    <p class='ocr_par' dir='ltr' id='par_1_36' title="bbox 327 2099 1909 2171">
     <span class='ocr_line' id='line_1_36' title="bbox 327 2099 1909 2171; baseline -0.003 -12"><span class='ocrx_word' id='word_1_274' title='bbox 327 2104 568 2159; x_wconf 70' lang='lat' dir='ltr'><strong>habitant</strong></span> <span class='ocrx_word' id='word_1_275' title='bbox 587 2100 645 2155; x_wconf 85' lang='lat' dir='ltr'><strong>in</strong></span> <span class='ocrx_word' id='word_1_276' title='bbox 663 2100 817 2155; x_wconf 84' lang='lat' dir='ltr'><strong>domo</strong></span> <span class='ocrx_word' id='word_1_277' title='bbox 838 2101 1070 2166; x_wconf 87' lang='lat' dir='ltr'><strong>Domini,</strong></span> <span class='ocrx_word' id='word_1_278' title='bbox 1102 2101 1226 2171; x_wconf 85' lang='lat' dir='ltr'><strong>quia</strong></span> <span class='ocrx_word' id='word_1_279' title='bbox 1243 2102 1298 2155; x_wconf 87' lang='lat' dir='ltr'><strong>in</strong></span> <span class='ocrx_word' id='word_1_280' title='bbox 1320 2100 1570 2156; x_wconf 75' lang='lat' dir='ltr'><strong>sa&#39;culum</strong></span> <span class='ocrx_word' id='word_1_281' title='bbox 1590 2099 1771 2155; x_wconf 76' lang='lat' dir='ltr'><strong>steculi</strong></span> <span class='ocrx_word' id='word_1_282' title='bbox 1791 2100 1909 2154; x_wconf 84' lang='lat' dir='ltr'><strong>lau-</strong></span> 
     </span>
    </p>
   </div>
   <div class='ocr_carea' id='block_1_37' title="bbox 328 2190 1256 2264">
    <p class='ocr_par' dir='ltr' id='par_1_37' title="bbox 328 2190 1256 2264">
     <span class='ocr_line' id='line_1_37' title="bbox 328 2190 1256 2264; baseline -0.004 -15"><span class='ocrx_word' id='word_1_283' title='bbox 328 2193 529 2249; x_wconf 62' lang='lat' dir='ltr'><strong>dabunt</strong></span> <span class='ocrx_word' id='word_1_284' title='bbox 567 2208 685 2247; x_wconf 85' lang='lat' dir='ltr'><strong>eum</strong></span> <span class='ocrx_word' id='word_1_285' title='bbox 714 2191 889 2264; x_wconf 89' lang='lat' dir='ltr'><strong>(Psal.</strong></span> <span class='ocrx_word' id='word_1_286' title='bbox 919 2208 1143 2256; x_wconf 80' lang='lat' dir='ltr'><strong>Lxxxm,</strong></span> <span class='ocrx_word' id='word_1_287' title='bbox 1179 2190 1256 2261; x_wconf 84' lang='lat'><strong>5).</strong></span> 
     </span>
    </p>
   </div>
   <div class='ocr_carea' id='block_1_38' title="bbox 382 2280 1953 2348">
    <p class='ocr_par' dir='ltr' id='par_1_38' title="bbox 382 2280 1953 2348">
     <span class='ocr_line' id='line_1_38' title="bbox 382 2280 1953 2348; baseline -0.004 -9"><span class='ocrx_word' id='word_1_288' title='bbox 382 2283 553 2339; x_wconf 70' lang='lat' dir='ltr'><strong>lianc</strong></span> <span class='ocrx_word' id='word_1_289' title='bbox 580 2282 790 2338; x_wconf 81' lang='lat' dir='ltr'><strong>habeto</strong></span> <span class='ocrx_word' id='word_1_290' title='bbox 822 2282 1120 2338; x_wconf 85' lang='lat' dir='ltr'><strong>chartulam</strong></span> <span class='ocrx_word' id='word_1_291' title='bbox 1140 2323 1154 2348; x_wconf 93' lang='lat'><strong>,</strong></span> <span class='ocrx_word' id='word_1_292' title='bbox 1185 2280 1532 2337; x_wconf 82' lang='lat' dir='ltr'><strong>dilectissime</strong></span> <span class='ocrx_word' id='word_1_293' title='bbox 1562 2280 1634 2335; x_wconf 84' lang='lat' dir='ltr'><strong>illi</strong></span> <span class='ocrx_word' id='word_1_294' title='bbox 1653 2322 1668 2348; x_wconf 92' lang='lat'><strong>,</strong></span> <span class='ocrx_word' id='word_1_295' title='bbox 1701 2280 1953 2337; x_wconf 78' lang='lat' dir='ltr'><strong>sociam.</strong></span> 
     </span>
    </p>
   </div>
   <div class='ocr_carea' id='block_1_39' title="bbox 327 2370 1904 2447">
    <p class='ocr_par' dir='ltr' id='par_1_39' title="bbox 327 2370 1904 2447">
     <span class='ocr_line' id='line_1_39' title="bbox 327 2370 1904 2447; baseline -0.004 -14"><span class='ocrx_word' id='word_1_296' title='bbox 327 2375 449 2444; x_wconf 69' lang='lat' dir='ltr'><strong>tibi,</strong></span> <span class='ocrx_word' id='word_1_297' title='bbox 485 2375 602 2431; x_wconf 85' lang='lat' dir='ltr'><strong>vice</strong></span> <span class='ocrx_word' id='word_1_298' title='bbox 625 2383 865 2447; x_wconf 77' lang='lat' dir='ltr'><strong>paternae</strong></span> <span class='ocrx_word' id='word_1_299' title='bbox 892 2373 1176 2429; x_wconf 89' lang='lat' dir='ltr'><strong>charitatis</strong></span> <span class='ocrx_word' id='word_1_300' title='bbox 1200 2373 1294 2428; x_wconf 87' lang='lat' dir='ltr'><strong>tibi</strong></span> <span class='ocrx_word' id='word_1_301' title='bbox 1315 2372 1623 2441; x_wconf 80' lang='lat' dir='ltr'><strong>loquentem</strong></span> <span class='ocrx_word' id='word_1_302' title='bbox 1644 2370 1699 2426; x_wconf 91' lang='lat' dir='ltr'><strong>in</strong></span> <span class='ocrx_word' id='word_1_303' title='bbox 1722 2372 1904 2439; x_wconf 88' lang='lat' dir='ltr'><strong>corde,</strong></span> 
     </span>
    </p>
   </div>
   <div class='ocr_carea' id='block_1_40' title="bbox 330 2462 1905 2529">
    <p class='ocr_par' dir='ltr' id='par_1_40' title="bbox 330 2462 1905 2529">
     <span class='ocr_line' id='line_1_40' title="bbox 330 2462 1905 2529; baseline -0.004 -6"><span class='ocrx_word' id='word_1_304' title='bbox 330 2476 388 2523; x_wconf 87' lang='lat' dir='ltr'><strong>te</strong></span> <span class='ocrx_word' id='word_1_305' title='bbox 429 2462 812 2523; x_wconf 85' lang='lat' dir='ltr'><strong>admonentem</strong></span> <span class='ocrx_word' id='word_1_306' title='bbox 842 2464 965 2519; x_wconf 72' lang='lat' dir='ltr'><strong>&#39;non</strong></span> <span class='ocrx_word' id='word_1_307' title='bbox 1016 2465 1187 2520; x_wconf 89' lang='lat' dir='ltr'><strong>solum</strong></span> <span class='ocrx_word' id='word_1_308' title='bbox 1231 2463 1297 2520; x_wconf 91' lang='lat' dir='ltr'><strong>de</strong></span> <span class='ocrx_word' id='word_1_309' title='bbox 1346 2464 1516 2520; x_wconf 89' lang='lat' dir='ltr'><strong>salute</strong></span> <span class='ocrx_word' id='word_1_310' title='bbox 1544 2473 1666 2529; x_wconf 91' lang='lat' dir='ltr'><strong>tua,</strong></span> <span class='ocrx_word' id='word_1_311' title='bbox 1717 2479 1905 2518; x_wconf 89' lang='lat' dir='ltr'><strong>verum</strong></span> 
     </span>
    </p>
   </div>
   <div class='ocr_carea' id='block_1_41' title="bbox 330 2556 1907 2627">
    <p class='ocr_par' dir='ltr' id='par_1_41' title="bbox 330 2556 1907 2627">
     <span class='ocr_line' id='line_1_41' title="bbox 330 2556 1907 2627; baseline -0.002 -13"><span class='ocrx_word' id='word_1_312' title='bbox 330 2559 496 2614; x_wconf 85' lang='lat' dir='ltr'><strong>etiam</strong></span> <span class='ocrx_word' id='word_1_313' title='bbox 524 2558 592 2614; x_wconf 87' lang='lat' dir='ltr'><strong>de</strong></span> <span class='ocrx_word' id='word_1_314' title='bbox 618 2557 913 2613; x_wconf 89' lang='lat' dir='ltr'><strong>multorum</strong></span> <span class='ocrx_word' id='word_1_315' title='bbox 943 2556 1184 2627; x_wconf 82' lang='lat' dir='ltr'><strong>profectu</strong></span> <span class='ocrx_word' id='word_1_316' title='bbox 1218 2564 1273 2611; x_wconf 89' lang='lat' dir='ltr'><strong>et</strong></span> <span class='ocrx_word' id='word_1_317' title='bbox 1299 2556 1656 2626; x_wconf 88' lang='lat' dir='ltr'><strong>prosperitate</strong></span> <span class='ocrx_word' id='word_1_318' title='bbox 1673 2596 1688 2620; x_wconf 98' lang='lat'><strong>,</strong></span> <span class='ocrx_word' id='word_1_319' title='bbox 1713 2568 1907 2625; x_wconf 87' lang='lat' dir='ltr'><strong>meque</strong></span> 
     </span>
    </p>
   </div>
   <div class='ocr_carea' id='block_1_42' title="bbox 328 2648 1906 2721">
    <p class='ocr_par' dir='ltr' id='par_1_42' title="bbox 328 2648 1906 2721">
     <span class='ocr_line' id='line_1_42' title="bbox 328 2648 1906 2721; baseline -0.003 -15"><span class='ocrx_word' id='word_1_320' title='bbox 328 2652 505 2721; x_wconf 86' lang='lat' dir='ltr'><strong>ipsum</strong></span> <span class='ocrx_word' id='word_1_321' title='bbox 534 2658 629 2705; x_wconf 89' lang='lat' dir='ltr'><strong>tuo</strong></span> <span class='ocrx_word' id='word_1_322' title='bbox 651 2657 872 2719; x_wconf 88' lang='lat' dir='ltr'><strong>pectore</strong></span> <span class='ocrx_word' id='word_1_323' title='bbox 901 2649 1138 2719; x_wconf 88' lang='lat' dir='ltr'><strong>quotidie</strong></span> <span class='ocrx_word' id='word_1_324' title='bbox 1173 2648 1636 2703; x_wconf 89' lang='lat' dir='ltr'><strong>commendantem</strong></span> <span class='ocrx_word' id='word_1_325' title='bbox 1653 2688 1668 2712; x_wconf 96' lang='lat'><strong>,</strong></span> <span class='ocrx_word' id='word_1_326' title='bbox 1696 2655 1756 2702; x_wconf 88' lang='lat' dir='ltr'><strong>ut</strong></span> <span class='ocrx_word' id='word_1_327' title='bbox 1779 2662 1906 2702; x_wconf 88' lang='lat' dir='ltr'><strong>vera</strong></span> 
     </span>
    </p>
   </div>
   <div class='ocr_carea' id='block_1_43' title="bbox 329 2735 1903 2808">
    <p class='ocr_par' dir='ltr' id='par_1_43' title="bbox 329 2735 1903 2808">
     <span class='ocr_line' id='line_1_43' title="bbox 329 2735 1903 2808; baseline -0.003 -12"><span class='ocrx_word' id='word_1_328' title='bbox 329 2756 431 2795; x_wconf 87' lang='lat' dir='ltr'><strong>nos</strong></span> <span class='ocrx_word' id='word_1_329' title='bbox 450 2739 694 2796; x_wconf 86' lang='lat' dir='ltr'><strong>charitas</strong></span> <span class='ocrx_word' id='word_1_330' title='bbox 731 2737 925 2793; x_wconf 77' lang='lat' dir='ltr'><strong>ﬂorere</strong></span> <span class='ocrx_word' id='word_1_331' title='bbox 956 2736 1118 2791; x_wconf 84' lang='lat' dir='ltr'><strong>faciat</strong></span> <span class='ocrx_word' id='word_1_332' title='bbox 1158 2738 1214 2791; x_wconf 90' lang='lat' dir='ltr'><strong>in</strong></span> <span class='ocrx_word' id='word_1_333' title='bbox 1243 2737 1528 2808; x_wconf 71' lang='lat' dir='ltr'><strong>praeceptis</strong></span> <span class='ocrx_word' id='word_1_334' title='bbox 1552 2735 1755 2792; x_wconf 87' lang='lat' dir='ltr'><strong>Christi</strong></span> <span class='ocrx_word' id='word_1_335' title='bbox 1787 2736 1903 2805; x_wconf 90' lang='lat' dir='ltr'><strong>Dei,</strong></span> 
     </span>
    </p>
   </div>
   <div class='ocr_carea' id='block_1_44' title="bbox 328 2830 1513 2902">
    <p class='ocr_par' dir='ltr' id='par_1_44' title="bbox 328 2830 1513 2902">
     <span class='ocr_line' id='line_1_44' title="bbox 328 2830 1513 2902; baseline -0.005 -13"><span class='ocrx_word' id='word_1_336' title='bbox 328 2834 416 2889; x_wconf 87' lang='lat' dir='ltr'><strong>cui</strong></span> <span class='ocrx_word' id='word_1_337' title='bbox 439 2833 557 2889; x_wconf 88' lang='lat' dir='ltr'><strong>laus</strong></span> <span class='ocrx_word' id='word_1_338' title='bbox 583 2840 638 2888; x_wconf 91' lang='lat' dir='ltr'><strong>et</strong></span> <span class='ocrx_word' id='word_1_339' title='bbox 661 2830 830 2902; x_wconf 79' lang='lat' dir='ltr'><strong>gloria</strong></span> <span class='ocrx_word' id='word_1_340' title='bbox 859 2831 914 2884; x_wconf 89' lang='lat' dir='ltr'><strong>in</strong></span> <span class='ocrx_word' id='word_1_341' title='bbox 945 2830 1139 2886; x_wconf 70' lang='lat' dir='ltr'><strong>saecula</strong></span> <span class='ocrx_word' id='word_1_342' title='bbox 1167 2830 1513 2899; x_wconf 88' lang='lat' dir='ltr'><strong>sempiterna.</strong></span> 
     </span>
    </p>
   </div>
   <div class='ocr_carea' id='block_1_45' title="bbox 719 2940 1512 3019">
    <p class='ocr_par' dir='ltr' id='par_1_45' title="bbox 719 2940 1512 3019">
     <span class='ocr_line' id='line_1_45' title="bbox 719 2940 1512 3019; baseline -0.013 -14"><span class='ocrx_word' id='word_1_343' title='bbox 719 2942 839 3019; x_wconf 70' lang='grc'><strong>78,</strong></span> <span class='ocrx_word' id='word_1_344' title='bbox 866 2943 895 2983; x_wconf 69' lang='grc' dir='ltr'>δ</span> <span class='ocrx_word' id='word_1_345' title='bbox 931 2940 1265 2999; x_wconf 78' lang='lat' dir='ltr'><strong>EPISTOLA</strong></span> <span class='ocrx_word' id='word_1_346' title='bbox 1299 2940 1512 2996; x_wconf 75' lang='lat' dir='ltr'><strong>LXXIV</strong></span> 
     </span>
    </p>
   </div>
   <div class='ocr_carea' id='block_1_46' title="bbox 539 3047 1690 3097">
    <p class='ocr_par' dir='ltr' id='par_1_46' title="bbox 539 3047 1690 3097">
     <span class='ocr_line' id='line_1_46' title="bbox 539 3047 1690 3097; baseline -0.005 -6"><span class='ocrx_word' id='word_1_347' title='bbox 539 3050 608 3091; x_wconf 74' lang='grc' dir='ltr'><strong>ΔΙ)</strong></span> <span class='ocrx_word' id='word_1_348' title='bbox 634 3048 847 3097; x_wconf 61' lang='grc' dir='ltr'><strong>ρεπεν</strong></span> <span class='ocrx_word' id='word_1_349' title='bbox 880 3047 951 3089; x_wconf 78' lang='grc' dir='ltr'><strong>ΕΤ</strong></span> <span class='ocrx_word' id='word_1_350' title='bbox 979 3048 1219 3089; x_wconf 68' lang='grc' dir='ltr'><strong>ΡΟΡῐΙιιῐῘὶι</strong></span> <span class='ocrx_word' id='word_1_351' title='bbox 1255 3047 1690 3089; x_wconf 72' lang='lat' dir='ltr'><strong>CANTUABIORUM.</strong></span> 
     </span>
    </p>
   </div>
   <div class='ocr_carea' id='block_1_47' title="bbox 922 3123 1298 3196">
    <p class='ocr_par' dir='ltr' id='par_1_47' title="bbox 922 3123 1298 3196">
     <span class='ocr_line' id='line_1_47' title="bbox 922 3123 1298 3196; baseline -0.003 -18"><span class='ocrx_word' id='word_1_352' title='bbox 922 3124 1100 3196; x_wconf 79' lang='lat' dir='ltr'><strong>(Anno</strong></span> <span class='ocrx_word' id='word_1_353' title='bbox 1147 3123 1298 3196; x_wconf 83' lang='lat'><strong>797.)</strong></span> 
     </span>
    </p>
   </div>
   <div class='ocr_carea' id='block_1_48' title="bbox 330 3194 1906 3288">
    <p class='ocr_par' dir='ltr' id='par_1_48' title="bbox 330 3194 1906 3288">
     <span class='ocr_line' id='line_1_48' title="bbox 330 3194 1906 3288; baseline -0.004 -14"><span class='ocrx_word' id='word_1_354' title='bbox 330 3218 556 3275; x_wconf 81' lang='lat' dir='ltr'><strong>Illorum</strong></span> <span class='ocrx_word' id='word_1_355' title='bbox 582 3216 748 3288; x_wconf 8' lang='lat' dir='ltr'><strong>ﬁdem?</strong></span> <span class='ocrx_word' id='word_1_356' title='bbox 771 3194 835 3288; x_wconf 72' lang='lat' dir='ltr'><strong>ac</strong></span> <span class='ocrx_word' id='word_1_357' title='bbox 854 3194 1173 3288; x_wconf 61' lang='lat' dir='ltr'><strong>nobilitatem</strong></span> <span class='ocrx_word' id='word_1_358' title='bbox 1206 3194 1447 3288; x_wconf 74' lang='lat' dir='ltr'><strong>laudibus</strong></span> <span class='ocrx_word' id='word_1_359' title='bbox 1473 3214 1704 3288; x_wconf 73' lang='lat' dir='ltr'><strong>extollit;</strong></span> <span class='ocrx_word' id='word_1_360' title='bbox 1732 3231 1906 3288; x_wconf 80' lang='lat' dir='ltr'><strong>sacer-</strong></span> 
     </span>
    </p>
   </div>
   <div class='ocr_carea' id='block_1_49' title="bbox 399 3283 1905 3356">
    <p class='ocr_par' dir='ltr' id='par_1_49' title="bbox 399 3283 1905 3356">
     <span class='ocr_line' id='line_1_49' title="bbox 399 3283 1905 3356; baseline -0.004 -14"><span class='ocrx_word' id='word_1_361' title='bbox 399 3288 551 3342; x_wconf 79' lang='lat' dir='ltr'><strong>dotes</strong></span> <span class='ocrx_word' id='word_1_362' title='bbox 574 3283 635 3340; x_wconf 78' lang='lat' dir='ltr'><strong>ac</strong></span> <span class='ocrx_word' id='word_1_363' title='bbox 661 3283 855 3341; x_wconf 82' lang='lat' dir='ltr'><strong>nobiles</strong></span> <span class='ocrx_word' id='word_1_364' title='bbox 880 3285 1247 3356; x_wconf 65' lang='lat' dir='ltr'><strong>adhortatur:</strong></span> <span class='ocrx_word' id='word_1_365' title='bbox 1280 3285 1601 3356; x_wconf 77' lang='lat' dir='ltr'><strong>calamitates</strong></span> <span class='ocrx_word' id='word_1_366' title='bbox 1634 3284 1905 3356; x_wconf 78' lang='lat' dir='ltr'><strong>deplorat;</strong></span> 
     </span>
    </p>
   </div>
   <div class='ocr_carea' id='block_1_50' title="bbox 402 3354 1907 3426">
    <p class='ocr_par' dir='ltr' id='par_1_50' title="bbox 402 3354 1907 3426">
     <span class='ocr_line' id='line_1_50' title="bbox 402 3354 1907 3426; baseline -0.003 -13"><span class='ocrx_word' id='word_1_367' title='bbox 402 3368 455 3413; x_wconf 83' lang='lat' dir='ltr'><strong>et</strong></span> <span class='ocrx_word' id='word_1_368' title='bbox 477 3368 533 3411; x_wconf 85' lang='lat' dir='ltr'><strong>ut</strong></span> <span class='ocrx_word' id='word_1_369' title='bbox 564 3356 1005 3426; x_wconf 82' lang='lat' dir='ltr'><strong>archiepiscopum</strong></span> <span class='ocrx_word' id='word_1_370' title='bbox 1043 3354 1420 3410; x_wconf 80' lang='lat' dir='ltr'><strong>Aedilhardum</strong></span> <span class='ocrx_word' id='word_1_371' title='bbox 1451 3373 1482 3408; x_wconf 93' lang='lat' dir='ltr'><strong>a</strong></span> <span class='ocrx_word' id='word_1_372' title='bbox 1507 3355 1631 3425; x_wconf 78' lang='lat' dir='ltr'><strong>fuga</strong></span> <span class='ocrx_word' id='word_1_373' title='bbox 1663 3354 1907 3408; x_wconf 78' lang='lat' dir='ltr'><strong>reducere</strong></span> 
     </span>
    </p>
   </div>
   <div class='ocr_carea' id='block_1_51' title="bbox 408 3426 905 3488">
    <p class='ocr_par' dir='ltr' id='par_1_51' title="bbox 408 3426 905 3488">
     <span class='ocr_line' id='line_1_51' title="bbox 408 3426 905 3488; baseline -0.008 -6"><span class='ocrx_word' id='word_1_374' title='bbox 408 3436 681 3488; x_wconf 75' lang='lat' dir='ltr'><strong>tenentur,</strong></span> <span class='ocrx_word' id='word_1_375' title='bbox 707 3426 905 3487; x_wconf 70' lang='lat' dir='ltr'><strong>suadet.</strong></span> 
     </span>
    </p>
   </div>
   <div class='ocr_carea' id='block_1_52' title="bbox 405 3510 1907 3608">
    <p class='ocr_par' dir='ltr' id='par_1_52' title="bbox 405 3510 1907 3608">
     <span class='ocr_line' id='line_1_52' title="bbox 405 3510 1907 3608; baseline 0.002 -18"><span class='ocrx_word' id='word_1_376' title='bbox 405 3535 765 3593; x_wconf 76' lang='lat' dir='ltr'><strong>Nohilissimm</strong></span> <span class='ocrx_word' id='word_1_377' title='bbox 790 3510 942 3608; x_wconf 80' lang='lat' dir='ltr'><strong>genti</strong></span> <span class='ocrx_word' id='word_1_378' title='bbox 968 3546 1025 3591; x_wconf 91' lang='lat' dir='ltr'><strong>et</strong></span> <span class='ocrx_word' id='word_1_379' title='bbox 1075 3536 1270 3608; x_wconf 89' lang='lat' dir='ltr'><strong>populo</strong></span> <span class='ocrx_word' id='word_1_380' title='bbox 1312 3535 1595 3601; x_wconf 82' lang='lat' dir='ltr'><strong>laudabili,</strong></span> <span class='ocrx_word' id='word_1_381' title='bbox 1637 3545 1692 3592; x_wconf 90' lang='lat' dir='ltr'><strong>et</strong></span> <span class='ocrx_word' id='word_1_382' title='bbox 1743 3551 1907 3608; x_wconf 86' lang='lat' dir='ltr'><strong>regno</strong></span> 
     </span>
    </p>
   </div>
   <div class='ocr_carea' id='block_1_53' title="bbox 329 3625 1908 3698">
    <p class='ocr_par' dir='ltr' id='par_1_53' title="bbox 329 3625 1908 3698">
     <span class='ocr_line' id='line_1_53' title="bbox 329 3625 1908 3698; baseline -0.001 -14"><span class='ocrx_word' id='word_1_383' title='bbox 329 3626 599 3698; x_wconf 86' lang='lat' dir='ltr'><strong>imperiali</strong></span> <span class='ocrx_word' id='word_1_384' title='bbox 643 3625 1055 3683; x_wconf 84' lang='lat' dir='ltr'><strong>Cantuariorum</strong></span> <span class='ocrx_word' id='word_1_385' title='bbox 1083 3627 1301 3683; x_wconf 83' lang='lat' dir='ltr'><strong>humilis</strong></span> <span class='ocrx_word' id='word_1_386' title='bbox 1332 3628 1495 3687; x_wconf 85' lang='lat' dir='ltr'><strong>levita</strong></span> <span class='ocrx_word' id='word_1_387' title='bbox 1538 3627 1803 3683; x_wconf 80' lang='lat' dir='ltr'><strong>Alcuinus</strong></span> <span class='ocrx_word' id='word_1_388' title='bbox 1820 3642 1908 3682; x_wconf 91' lang='lat' dir='ltr'><strong>sa-</strong></span> 
     </span>
    </p>
   </div>
   <div class='ocr_carea' id='block_1_54' title="bbox 330 3720 521 3774">
    <p class='ocr_par' dir='ltr' id='par_1_54' title="bbox 330 3720 521 3774">
     <span class='ocr_line' id='line_1_54' title="bbox 330 3720 521 3774; baseline -0.01 0"><span class='ocrx_word' id='word_1_389' title='bbox 330 3720 521 3774; x_wconf 77' lang='lat' dir='ltr'><strong>hitem.</strong></span> 
     </span>
    </p>
   </div>
   <div class='ocr_carea' id='block_1_55' title="bbox 399 3734 1907 3895">
    <p class='ocr_par' dir='ltr' id='par_1_55' title="bbox 399 3734 1907 3895">
     <span class='ocr_line' id='line_1_55' title="bbox 399 3734 521 3774; baseline -0.016 0"><span class='ocrx_word' id='word_1_390' title='bbox 399 3734 443 3774; x_wconf 75' lang='lat' dir='ltr'><strong>te</strong></span> <span class='ocrx_word' id='word_1_391' title='bbox 504 3757 521 3772; x_wconf 93' lang='lat'><strong>.</strong></span> 
     </span>
     <span class='ocr_line' id='line_1_56' title="bbox 399 3734 1907 3895; baseline -0.004 -26"><span class='ocrx_word' id='word_1_392' title='bbox 399 3734 582 3869; x_wconf 58' lang='lat' dir='ltr'><strong>VZtri</strong></span> <span class='ocrx_word' id='word_1_393' title='bbox 610 3812 827 3868; x_wconf 87' lang='lat' dir='ltr'><strong>decoris</strong></span> <span class='ocrx_word' id='word_1_394' title='bbox 862 3820 918 3868; x_wconf 91' lang='lat' dir='ltr'><strong>et</strong></span> <span class='ocrx_word' id='word_1_395' title='bbox 941 3819 1140 3867; x_wconf 72' lang='lat' dir='ltr'><strong>vestrm</strong></span> <span class='ocrx_word' id='word_1_396' title='bbox 1175 3810 1364 3866; x_wconf 86' lang='lat' dir='ltr'><strong>salutis</strong></span> <span class='ocrx_word' id='word_1_397' title='bbox 1385 3810 1538 3895; x_wconf 80' lang='lat' dir='ltr'><strong>valde</strong></span> <span class='ocrx_word' id='word_1_398' title='bbox 1560 3810 1786 3879; x_wconf 88' lang='lat' dir='ltr'><strong>cupidus</strong></span> <span class='ocrx_word' id='word_1_399' title='bbox 1806 3809 1907 3864; x_wconf 90' lang='lat' dir='ltr'><strong>bas</strong></span> 
     </span>
    </p>
   </div>
   <div class='ocr_carea' id='block_1_56' title="bbox 328 3899 1910 3974">
    <p class='ocr_par' dir='ltr' id='par_1_56' title="bbox 328 3899 1910 3974">
     <span class='ocr_line' id='line_1_57' title="bbox 328 3899 1910 3974; baseline -0.004 -15"><span class='ocrx_word' id='word_1_400' title='bbox 328 3918 531 3974; x_wconf 86' lang='lat' dir='ltr'><strong>paucas</strong></span> <span class='ocrx_word' id='word_1_401' title='bbox 556 3902 845 3967; x_wconf 86' lang='lat' dir='ltr'><strong>litterulas,</strong></span> <span class='ocrx_word' id='word_1_402' title='bbox 866 3903 938 3958; x_wconf 90' lang='lat' dir='ltr'><strong>ob</strong></span> <span class='ocrx_word' id='word_1_403' title='bbox 962 3902 1179 3956; x_wconf 86' lang='lat' dir='ltr'><strong>nimiam</strong></span> <span class='ocrx_word' id='word_1_404' title='bbox 1209 3908 1403 3956; x_wconf 71' lang='lat' dir='ltr'><strong>vestrm</strong></span> <span class='ocrx_word' id='word_1_405' title='bbox 1430 3899 1803 3970; x_wconf 88' lang='lat' dir='ltr'><strong>prosperitatis</strong></span> <span class='ocrx_word' id='word_1_406' title='bbox 1828 3899 1910 3953; x_wconf 87' lang='lat' dir='ltr'><strong>di-</strong></span> 
     </span>
    </p>
   </div>
   <div class='ocr_carea' id='block_1_57' title="bbox 332 3988 1908 4066">
    <p class='ocr_par' dir='ltr' id='par_1_57' title="bbox 332 3988 1908 4066">
     <span class='ocr_line' id='line_1_58' title="bbox 332 3988 1908 4066; baseline -0.003 -19"><span class='ocrx_word' id='word_1_407' title='bbox 332 3993 647 4059; x_wconf 81' lang='lat' dir='ltr'><strong>lectionem,</strong></span> <span class='ocrx_word' id='word_1_408' title='bbox 702 3993 758 4047; x_wconf 91' lang='lat' dir='ltr'><strong>in</strong></span> <span class='ocrx_word' id='word_1_409' title='bbox 786 4005 1069 4046; x_wconf 88' lang='lat' dir='ltr'><strong>commune</strong></span> <span class='ocrx_word' id='word_1_410' title='bbox 1093 3991 1245 4046; x_wconf 81' lang='lat' dir='ltr'><strong>vobis</strong></span> <span class='ocrx_word' id='word_1_411' title='bbox 1278 3989 1514 4060; x_wconf 78' lang='lat' dir='ltr'><strong>dirigere</strong></span> <span class='ocrx_word' id='word_1_412' title='bbox 1533 3989 1754 4066; x_wconf 81' lang='lat' dir='ltr'><strong>curavi.</strong></span> <span class='ocrx_word' id='word_1_413' title='bbox 1798 3988 1908 4043; x_wconf 77' lang='lat' dir='ltr'><strong>Vos</strong></span> 
     </span>
    </p>
   </div>
   <div class='ocr_carea' id='block_1_58' title="bbox 331 4079 1908 4155">
    <p class='ocr_par' dir='ltr' id='par_1_58' title="bbox 331 4079 1908 4155">
     <span class='ocr_line' id='line_1_59' title="bbox 331 4079 1908 4155; baseline -0.006 -13"><span class='ocrx_word' id='word_1_414' title='bbox 331 4100 460 4141; x_wconf 77' lang='lat' dir='ltr'><strong>vero</strong></span> <span class='ocrx_word' id='word_1_415' title='bbox 479 4084 807 4155; x_wconf 84' lang='lat' dir='ltr'><strong>principium</strong></span> <span class='ocrx_word' id='word_1_416' title='bbox 834 4082 1023 4138; x_wconf 88' lang='lat' dir='ltr'><strong>salutis</strong></span> <span class='ocrx_word' id='word_1_417' title='bbox 1044 4081 1337 4151; x_wconf 79' lang='lat' dir='ltr'><strong>Anglorum</strong></span> <span class='ocrx_word' id='word_1_418' title='bbox 1351 4121 1366 4145; x_wconf 91' lang='lat'><strong>,</strong></span> <span class='ocrx_word' id='word_1_419' title='bbox 1393 4081 1606 4135; x_wconf 86' lang='lat' dir='ltr'><strong>initium</strong></span> <span class='ocrx_word' id='word_1_420' title='bbox 1632 4079 1908 4150; x_wconf 87' lang='lat' dir='ltr'><strong>prosperi-</strong></span> 
     </span>
    </p>
   </div>
   <div class='ocr_carea' id='block_1_59' title="bbox 334 4169 1910 4247">
    <p class='ocr_par' dir='ltr' id='par_1_59' title="bbox 334 4169 1910 4247">
     <span class='ocr_line' id='line_1_60' title="bbox 334 4169 1910 4247; baseline -0.005 -13"><span class='ocrx_word' id='word_1_421' title='bbox 334 4179 483 4244; x_wconf 81' lang='lat' dir='ltr'><strong>tatis,</strong></span> <span class='ocrx_word' id='word_1_422' title='bbox 525 4185 716 4247; x_wconf 88' lang='lat' dir='ltr'><strong>portus</strong></span> <span class='ocrx_word' id='word_1_423' title='bbox 758 4175 1094 4241; x_wconf 85' lang='lat' dir='ltr'><strong>intrantium,</strong></span> <span class='ocrx_word' id='word_1_424' title='bbox 1146 4172 1405 4243; x_wconf 86' lang='lat' dir='ltr'><strong>triumphi</strong></span> <span class='ocrx_word' id='word_1_425' title='bbox 1452 4172 1598 4237; x_wconf 90' lang='lat' dir='ltr'><strong>laus,</strong></span> <span class='ocrx_word' id='word_1_426' title='bbox 1634 4169 1910 4241; x_wconf 61' lang='lat' dir='ltr'><strong>sapientia</strong></span> 
     </span>
    </p>
   </div>
   <div class='ocr_carea' id='block_1_60' title="bbox 332 4264 1911 4341">
    <p class='ocr_par' dir='ltr' id='par_1_60' title="bbox 332 4264 1911 4341">
     <span class='ocr_line' id='line_1_61' title="bbox 332 4264 1911 4341; baseline -0.006 -15"><span class='ocrx_word' id='word_1_427' title='bbox 332 4270 509 4341; x_wconf 82' lang='lat' dir='ltr'><strong>origo,</strong></span> <span class='ocrx_word' id='word_1_428' title='bbox 534 4277 589 4323; x_wconf 87' lang='lat' dir='ltr'><strong>et</strong></span> <span class='ocrx_word' id='word_1_429' title='bbox 609 4284 649 4323; x_wconf 90' lang='lat' dir='ltr'><strong>a.</strong></span> <span class='ocrx_word' id='word_1_430' title='bbox 664 4267 820 4323; x_wconf 87' lang='lat' dir='ltr'><strong>vobis</strong></span> <span class='ocrx_word' id='word_1_431' title='bbox 842 4266 1052 4337; x_wconf 86' lang='lat' dir='ltr'><strong>imperii</strong></span> <span class='ocrx_word' id='word_1_432' title='bbox 1072 4274 1310 4336; x_wconf 84' lang='lat' dir='ltr'><strong>potestas</strong></span> <span class='ocrx_word' id='word_1_433' title='bbox 1332 4265 1506 4336; x_wconf 86' lang='lat' dir='ltr'><strong>prima</strong></span> <span class='ocrx_word' id='word_1_434' title='bbox 1524 4264 1824 4334; x_wconf 88' lang='lat' dir='ltr'><strong>processit,</strong></span> <span class='ocrx_word' id='word_1_435' title='bbox 1855 4271 1911 4319; x_wconf 91' lang='lat' dir='ltr'><strong>et</strong></span> 
     </span>
    </p>
   </div>
   <div class='ocr_carea' id='block_1_61' title="bbox 334 4354 1909 4427">
    <p class='ocr_par' dir='ltr' id='par_1_61' title="bbox 334 4354 1909 4427">
     <span class='ocr_line' id='line_1_62' title="bbox 334 4354 1909 4427; baseline -0.005 -12"><span class='ocrx_word' id='word_1_436' title='bbox 334 4359 456 4415; x_wconf 77' lang='lat' dir='ltr'><strong>ﬁdei</strong></span> <span class='ocrx_word' id='word_1_437' title='bbox 487 4358 768 4415; x_wconf 64' lang='lat' dir='ltr'><strong>catholicae</strong></span> <span class='ocrx_word' id='word_1_438' title='bbox 789 4357 939 4427; x_wconf 88' lang='lat' dir='ltr'><strong>origo</strong></span> <span class='ocrx_word' id='word_1_439' title='bbox 962 4367 1151 4413; x_wconf 87' lang='lat' dir='ltr'><strong>exorta</strong></span> <span class='ocrx_word' id='word_1_440' title='bbox 1170 4363 1273 4411; x_wconf 91' lang='lat' dir='ltr'><strong>est.</strong></span> <span class='ocrx_word' id='word_1_441' title='bbox 1302 4355 1457 4425; x_wconf 78' lang='lat' dir='ltr'><strong>Apud</strong></span> <span class='ocrx_word' id='word_1_442' title='bbox 1482 4370 1580 4411; x_wconf 87' lang='lat' dir='ltr'><strong>vos</strong></span> <span class='ocrx_word' id='word_1_443' title='bbox 1609 4354 1909 4409; x_wconf 85' lang='lat' dir='ltr'><strong>clarissima</strong></span> 
     </span>
    </p>
   </div>
   <div class='ocr_carea' id='block_1_62' title="bbox 335 4446 1908 4591">
    <p class='ocr_par' dir='ltr' id='par_1_62' title="bbox 335 4446 1908 4591">
     <span class='ocr_line' id='line_1_63' title="bbox 335 4446 1908 4591; baseline -0.004 -85"><span class='ocrx_word' id='word_1_444' title='bbox 335 4451 539 4507; x_wconf 84' lang='lat' dir='ltr'><strong>lumina</strong></span> <span class='ocrx_word' id='word_1_445' title='bbox 559 4450 850 4506; x_wconf 73' lang='lat' dir='ltr'><strong>Britannia:</strong></span> <span class='ocrx_word' id='word_1_446' title='bbox 879 4450 1249 4518; x_wconf 87' lang='lat' dir='ltr'><strong>requiescunt,</strong></span> <span class='ocrx_word' id='word_1_447' title='bbox 1277 4464 1374 4518; x_wconf 90' lang='lat' dir='ltr'><strong>per</strong></span> <span class='ocrx_word' id='word_1_448' title='bbox 1394 4463 1529 4591; x_wconf 55' lang='grc' dir='ltr'><strong>ιειοε</strong></span> <span class='ocrx_word' id='word_1_449' title='bbox 1552 4448 1643 4502; x_wconf 93' lang='lat' dir='ltr'><strong>lux</strong></span> <span class='ocrx_word' id='word_1_450' title='bbox 1664 4446 1908 4502; x_wconf 87' lang='lat' dir='ltr'><strong>veritatis</strong></span> 
     </span>
     <span class='ocr_line' id='line_1_64' title="bbox 335 4538 1907 4591; baseline 0 0"><span class='ocrx_word' id='word_1_451' title='bbox 335 4556 434 4591; x_wconf 86' lang='lat' dir='ltr'><strong>ner</strong></span> <span class='ocrx_word' id='word_1_452' title='bbox 461 4549 632 4591; x_wconf 88' lang='lat' dir='ltr'><strong>totam</strong></span> <span class='ocrx_word' id='word_1_453' title='bbox 663 4539 995 4591; x_wconf 88' lang='lat' dir='ltr'><strong>Britanniam</strong></span> <span class='ocrx_word' id='word_1_454' title='bbox 1026 4539 1263 4591; x_wconf 84' lang='lat' dir='ltr'><strong>emicuit.</strong></span> <span class='ocrx_word' id='word_1_455' title='bbox 1305 4539 1363 4591; x_wconf 87' lang='lat' dir='ltr'><strong>In</strong></span> <span class='ocrx_word' id='word_1_456' title='bbox 1435 4538 1552 4591; x_wconf 90' lang='lat' dir='ltr'><strong>obis</strong></span> <span class='ocrx_word' id='word_1_457' title='bbox 1593 4543 1907 4591; x_wconf 79' lang='lat' dir='ltr'><strong>utrumque.</strong></span> 
     </span>
    </p>
   </div>
   <div class='ocr_carea' id='block_1_63' title="bbox 335 4538 1907 4613">
    <p class='ocr_par' dir='ltr' id='par_1_63' title="bbox 335 4538 1907 4613">
     <span class='ocr_line' id='line_1_65' title="bbox 335 4538 1907 4613; baseline -0.005 -17"><span class='ocrx_word' id='word_1_458' title='bbox 335 4556 434 4613; x_wconf 87' lang='lat' dir='ltr'><strong>per</strong></span> <span class='ocrx_word' id='word_1_459' title='bbox 461 4549 632 4596; x_wconf 87' lang='lat' dir='ltr'><strong>totam</strong></span> <span class='ocrx_word' id='word_1_460' title='bbox 663 4539 995 4594; x_wconf 87' lang='lat' dir='ltr'><strong>Britanniam</strong></span> <span class='ocrx_word' id='word_1_461' title='bbox 1026 4539 1263 4594; x_wconf 82' lang='lat' dir='ltr'><strong>emicuit.</strong></span> <span class='ocrx_word' id='word_1_462' title='bbox 1298 4539 1363 4611; x_wconf 71' lang='lat' dir='ltr'><strong>in</strong></span> <span class='ocrx_word' id='word_1_463' title='bbox 1401 4538 1552 4592; x_wconf 67' lang='lat' dir='ltr'><strong>Vobis</strong></span> <span class='ocrx_word' id='word_1_464' title='bbox 1593 4543 1907 4604; x_wconf 90' lang='lat' dir='ltr'><strong>utrumque,</strong></span> 
     </span>
    </p>
   </div>
   <div class='ocr_carea' id='block_1_64' title="bbox 335 4627 1913 4700">
    <p class='ocr_par' dir='ltr' id='par_1_64' title="bbox 335 4627 1913 4700">
     <span class='ocr_line' id='line_1_66' title="bbox 335 4627 1913 4700; baseline -0.004 -13"><span class='ocrx_word' id='word_1_465' title='bbox 335 4639 392 4687; x_wconf 89' lang='lat' dir='ltr'><strong>et</strong></span> <span class='ocrx_word' id='word_1_466' title='bbox 411 4630 799 4700; x_wconf 72' lang='lat' dir='ltr'><strong>philosophicas</strong></span> <span class='ocrx_word' id='word_1_467' title='bbox 835 4628 1129 4697; x_wconf 70' lang='lat' dir='ltr'><strong>disciplinae</strong></span> <span class='ocrx_word' id='word_1_468' title='bbox 1172 4629 1339 4685; x_wconf 86' lang='lat' dir='ltr'><strong>decus</strong></span> <span class='ocrx_word' id='word_1_469' title='bbox 1364 4627 1615 4691; x_wconf 89' lang='lat' dir='ltr'><strong>emicuit,</strong></span> <span class='ocrx_word' id='word_1_470' title='bbox 1648 4633 1702 4682; x_wconf 73' lang='lat' dir='ltr'><strong>et</strong></span> <span class='ocrx_word' id='word_1_471' title='bbox 1743 4639 1913 4680; x_wconf 73' lang='lat' dir='ltr'><strong>sacrm</strong></span> 
     </span>
    </p>
   </div>
   <div class='ocr_carea' id='block_1_65' title="bbox 336 4716 1909 4792">
    <p class='ocr_par' dir='ltr' id='par_1_65' title="bbox 336 4716 1909 4792">
     <span class='ocr_line' id='line_1_67' title="bbox 336 4716 1909 4792; baseline -0.005 -14"><span class='ocrx_word' id='word_1_472' title='bbox 336 4720 617 4792; x_wconf 71' lang='lat' dir='ltr'><strong>religionis</strong></span> <span class='ocrx_word' id='word_1_473' title='bbox 648 4720 868 4775; x_wconf 89' lang='lat' dir='ltr'><strong>claritas</strong></span> <span class='ocrx_word' id='word_1_474' title='bbox 891 4719 1108 4775; x_wconf 79' lang='lat' dir='ltr'><strong>effulsit.</strong></span> <span class='ocrx_word' id='word_1_475' title='bbox 1144 4720 1203 4774; x_wconf 92' lang='lat' dir='ltr'><strong>ln</strong></span> <span class='ocrx_word' id='word_1_476' title='bbox 1241 4719 1395 4774; x_wconf 83' lang='lat' dir='ltr'><strong>vobis</strong></span> <span class='ocrx_word' id='word_1_477' title='bbox 1415 4722 1547 4774; x_wconf 66' lang='lat' dir='ltr'><strong>vero</strong></span> <span class='ocrx_word' id='word_1_478' title='bbox 1593 4717 1810 4772; x_wconf 86' lang='lat' dir='ltr'><strong>fuerunt</strong></span> <span class='ocrx_word' id='word_1_479' title='bbox 1833 4716 1909 4771; x_wconf 89' lang='lat' dir='ltr'><strong>si-</strong></span> 
     </span>
    </p>
   </div>
   <div class='ocr_carea' id='block_1_66' title="bbox 335 4808 1911 4881">
    <p class='ocr_par' dir='ltr' id='par_1_66' title="bbox 335 4808 1911 4881">
     <span class='ocr_line' id='line_1_68' title="bbox 335 4808 1911 4881; baseline -0.003 -14"><span class='ocrx_word' id='word_1_480' title='bbox 335 4811 447 4867; x_wconf 90' lang='lat' dir='ltr'><strong>mul</strong></span> <span class='ocrx_word' id='word_1_481' title='bbox 473 4819 531 4866; x_wconf 90' lang='lat' dir='ltr'><strong>et</strong></span> <span class='ocrx_word' id='word_1_482' title='bbox 573 4810 808 4881; x_wconf 84' lang='lat' dir='ltr'><strong>religiosi</strong></span> <span class='ocrx_word' id='word_1_483' title='bbox 836 4811 1083 4866; x_wconf 89' lang='lat' dir='ltr'><strong>doctores</strong></span> <span class='ocrx_word' id='word_1_484' title='bbox 1122 4810 1503 4866; x_wconf 64' lang='lat' dir='ltr'><strong>ecclesiastica:</strong></span> <span class='ocrx_word' id='word_1_485' title='bbox 1531 4808 1653 4863; x_wconf 86' lang='lat' dir='ltr'><strong>iidei</strong></span> <span class='ocrx_word' id='word_1_486' title='bbox 1676 4848 1691 4873; x_wconf 91' lang='lat'><strong>,</strong></span> <span class='ocrx_word' id='word_1_487' title='bbox 1739 4816 1793 4862; x_wconf 90' lang='lat' dir='ltr'><strong>et</strong></span> <span class='ocrx_word' id='word_1_488' title='bbox 1820 4821 1911 4863; x_wconf 85' lang='lat' dir='ltr'><strong>sa-</strong></span> 
     </span>
    </p>
   </div>
   <div class='ocr_carea' id='block_1_67' title="bbox 334 4899 1914 4973">
    <p class='ocr_par' dir='ltr' id='par_1_67' title="bbox 334 4899 1914 4973">
     <span class='ocr_line' id='line_1_69' title="bbox 334 4899 1914 4973; baseline -0.001 -16"><span class='ocrx_word' id='word_1_489' title='bbox 334 4902 654 4973; x_wconf 86' lang='lat' dir='ltr'><strong>pientissimi</strong></span> <span class='ocrx_word' id='word_1_490' title='bbox 677 4902 947 4973; x_wconf 87' lang='lat' dir='ltr'><strong>principes</strong></span> <span class='ocrx_word' id='word_1_491' title='bbox 972 4901 1171 4973; x_wconf 85' lang='lat' dir='ltr'><strong>regalis</strong></span> <span class='ocrx_word' id='word_1_492' title='bbox 1190 4901 1492 4973; x_wconf 83' lang='lat' dir='ltr'><strong>dignitatis,</strong></span> <span class='ocrx_word' id='word_1_493' title='bbox 1522 4910 1579 4956; x_wconf 90' lang='lat' dir='ltr'><strong>et</strong></span> <span class='ocrx_word' id='word_1_494' title='bbox 1602 4900 1719 4955; x_wconf 89' lang='lat' dir='ltr'><strong>viri.</strong></span> <span class='ocrx_word' id='word_1_495' title='bbox 1736 4899 1914 4955; x_wconf 78' lang='lat' dir='ltr'><strong>fortis-</strong></span> 
     </span>
    </p>
   </div>
   <div class='ocr_carea' id='block_1_68' title="bbox 405 5015 1910 5081">
    <p class='ocr_par' dir='ltr' id='par_1_68' title="bbox 405 5015 1910 5081">
     <span class='ocr_line' id='line_1_70' title="bbox 405 5015 1910 5081; baseline 0 -10"><span class='ocrx_word' id='word_1_496' title='bbox 405 5027 433 5055; x_wconf 72' lang='grc' dir='ltr'>α</span> <span class='ocrx_word' id='word_1_497' title='bbox 473 5015 621 5071; x_wconf 83' lang='lat' dir='ltr'><strong>Inter</strong></span> <span class='ocrx_word' id='word_1_498' title='bbox 654 5017 955 5073; x_wconf 82' lang='lat' dir='ltr'><strong>monachos.</strong></span> <span class='ocrx_word' id='word_1_499' title='bbox 980 5018 1107 5073; x_wconf 84' lang='lat' dir='ltr'><strong>inde</strong></span> <span class='ocrx_word' id='word_1_500' title='bbox 1128 5016 1347 5081; x_wconf 84' lang='lat' dir='ltr'><strong>colligas</strong></span> <span class='ocrx_word' id='word_1_501' title='bbox 1370 5056 1385 5081; x_wconf 95' lang='lat'><strong>,</strong></span> <span class='ocrx_word' id='word_1_502' title='bbox 1413 5015 1695 5075; x_wconf 87' lang='lat' dir='ltr'><strong>Calvinum</strong></span> <span class='ocrx_word' id='word_1_503' title='bbox 1720 5031 1910 5073; x_wconf 89' lang='lat' dir='ltr'><strong>mona-</strong></span> 
     </span>
    </p>
   </div>
   <div class='ocr_carea' id='block_1_69' title="bbox 335 5086 1522 5155">
    <p class='ocr_par' dir='ltr' id='par_1_69' title="bbox 335 5086 1522 5155">
     <span class='ocr_line' id='line_1_71' title="bbox 335 5086 1522 5155; baseline 0.001 -15"><span class='ocrx_word' id='word_1_504' title='bbox 335 5086 495 5140; x_wconf 90' lang='lat' dir='ltr'><strong>chum</strong></span> <span class='ocrx_word' id='word_1_505' title='bbox 519 5086 684 5142; x_wconf 77' lang='lat' dir='ltr'><strong>fuisse</strong></span> <span class='ocrx_word' id='word_1_506' title='bbox 714 5087 766 5140; x_wconf 91' lang='lat' dir='ltr'><strong>in</strong></span> <span class='ocrx_word' id='word_1_507' title='bbox 787 5088 972 5142; x_wconf 88' lang='lat' dir='ltr'><strong>eadem</strong></span> <span class='ocrx_word' id='word_1_508' title='bbox 996 5088 1132 5144; x_wconf 79' lang='lat' dir='ltr'><strong>cella</strong></span> <span class='ocrx_word' id='word_1_509' title='bbox 1158 5087 1215 5143; x_wconf 92' lang='lat' dir='ltr'><strong>S.</strong></span> <span class='ocrx_word' id='word_1_510' title='bbox 1243 5086 1522 5155; x_wconf 87' lang='lat' dir='ltr'><strong>Stephani.</strong></span> 
     </span>
    </p>
   </div>
   <div class='ocr_carea' id='block_1_70' title="bbox 402 5155 1914 5242">
    <p class='ocr_par' dir='ltr' id='par_1_70' title="bbox 402 5155 1914 5242">
     <span class='ocr_line' id='line_1_72' title="bbox 402 5155 1914 5242; baseline 0.001 -32"><span class='ocrx_word' id='word_1_511' title='bbox 402 5155 436 5239; x_wconf 61' lang='grc' dir='ltr'><strong>ξ’</strong></span> <span class='ocrx_word' id='word_1_512' title='bbox 474 5156 623 5212; x_wconf 84' lang='lat' dir='ltr'><strong>Hanc</strong></span> <span class='ocrx_word' id='word_1_513' title='bbox 648 5157 952 5242; x_wconf 49' lang='lat' dir='ltr'><strong>epistolam&quot;</strong></span> <span class='ocrx_word' id='word_1_514' title='bbox 970 5175 1266 5242; x_wconf 62' lang='lat' dir='ltr'><strong>utinquam</strong></span> <span class='ocrx_word' id='word_1_515' title='bbox 1290 5166 1446 5242; x_wconf 71' lang='lat' dir='ltr'><strong>antea</strong></span> <span class='ocrx_word' id='word_1_516' title='bbox 1480 5156 1681 5242; x_wconf 76' lang='lat' dir='ltr'><strong>editam</strong></span> <span class='ocrx_word' id='word_1_517' title='bbox 1711 5155 1914 5212; x_wconf 85' lang='lat' dir='ltr'><strong>descri-</strong></span> 
     </span>
    </p>
   </div>
   <div class='ocr_carea' id='block_1_71' title="bbox 332 5227 1912 5380">
    <p class='ocr_par' dir='ltr' id='par_1_71' title="bbox 332 5227 1912 5380">
     <span class='ocr_line' id='line_1_73' title="bbox 332 5227 1912 5351; baseline 0.001 -71"><span class='ocrx_word' id='word_1_518' title='bbox 332 5227 541 5307; x_wconf 83' lang='lat' dir='ltr'><strong>psimus</strong></span> <span class='ocrx_word' id='word_1_519' title='bbox 557 5242 622 5281; x_wconf 86' lang='lat' dir='ltr'><strong>ex</strong></span> <span class='ocrx_word' id='word_1_520' title='bbox 651 5227 772 5281; x_wconf 89' lang='lat' dir='ltr'><strong>cod.</strong></span> <span class='ocrx_word' id='word_1_521' title='bbox 798 5244 899 5282; x_wconf 88' lang='lat' dir='ltr'><strong>ms.</strong></span> <span class='ocrx_word' id='word_1_522' title='bbox 918 5227 1119 5284; x_wconf 72' lang='lat' dir='ltr'><strong>SalisbI</strong></span> <span class='ocrx_word' id='word_1_523' title='bbox 1138 5245 1152 5295; x_wconf 94' lang='lat'><strong>;</strong></span> <span class='ocrx_word' id='word_1_524' title='bbox 1181 5228 1303 5311; x_wconf 76' lang='lat' dir='ltr'><strong>data</strong></span> <span class='ocrx_word' id='word_1_525' title='bbox 1330 5227 1520 5285; x_wconf 86' lang='lat' dir='ltr'><strong>eodem</strong></span> <span class='ocrx_word' id='word_1_526' title='bbox 1546 5235 1787 5351; x_wconf 54' lang='lat' dir='ltr'><strong>temme</strong></span> <span class='ocrx_word' id='word_1_527' title='bbox 1805 5241 1912 5294; x_wconf 90' lang='lat' dir='ltr'><strong>quo</strong></span> 
     </span>
     <span class='ocr_line' id='line_1_74' title="bbox 334 5294 1911 5380; baseline 0.001 -31"><span class='ocrx_word' id='word_1_528' title='bbox 334 5295 428 5380; x_wconf 78' lang='lat' dir='ltr'><strong>illa</strong></span> <span class='ocrx_word' id='word_1_529' title='bbox 452 5297 522 5380; x_wconf 59' lang='lat' dir='ltr'><strong>ad</strong></span> <span class='ocrx_word' id='word_1_530' title='bbox 542 5296 913 5380; x_wconf 75' lang='lat' dir='ltr'><strong>Athelardum,</strong></span> <span class='ocrx_word' id='word_1_531' title='bbox 939 5309 1341 5380; x_wconf 53' lang='lat' dir='ltr'><strong>quaesequitur.</strong></span> <span class='ocrx_word' id='word_1_532' title='bbox 1360 5296 1669 5380; x_wconf 39' lang='lat' dir='ltr'><strong>(ApudEro.</strong></span> <span class='ocrx_word' id='word_1_533' title='bbox 1728 5294 1911 5380; x_wconf 28' lang='lat'><strong>&quot;159.)</strong></span> 
     </span>
    </p>
   </div>
   <div class='ocr_carea' id='block_1_72' title="bbox 409 5365 1919 5449">
    <p class='ocr_par' dir='ltr' id='par_1_72' title="bbox 409 5365 1919 5449">
     <span class='ocr_line' id='line_1_75' title="bbox 409 5365 1919 5449; baseline 0.004 -29"><span class='ocrx_word' id='word_1_534' title='bbox 409 5376 443 5449; x_wconf 31' lang='grc' dir='ltr'><strong>ξ.</strong></span> <span class='ocrx_word' id='word_1_535' title='bbox 474 5366 711 5449; x_wconf 81' lang='lat' dir='ltr'><strong>Populus</strong></span> <span class='ocrx_word' id='word_1_536' title='bbox 759 5365 1022 5449; x_wconf 74' lang='lat' dir='ltr'><strong>paganus,</strong></span> <span class='ocrx_word' id='word_1_537' title='bbox 1060 5365 1192 5431; x_wconf 69' lang='lat' dir='ltr'><strong>Dalii</strong></span> <span class='ocrx_word' id='word_1_538' title='bbox 1246 5365 1672 5449; x_wconf 38' lang='lat' dir='ltr'><strong>nimigimkqtli</strong></span> <span class='ocrx_word' id='word_1_539' title='bbox 1728 5365 1919 5449; x_wconf 60' lang='lat' dir='ltr'><strong>littora</strong></span> 
     </span>
    </p>
   </div>
   <div class='ocr_carea' id='block_1_73' title="bbox 332 5432 1913 5563">
    <p class='ocr_par' dir='ltr' id='par_1_73' title="bbox 332 5432 1913 5563">
     <span class='ocr_line' id='line_1_76' title="bbox 332 5432 1913 5563; baseline 0.003 -73"><span class='ocrx_word' id='word_1_540' title='bbox 332 5432 626 5563; x_wconf 49' lang='grc' dir='ltr'><strong>ξέἓιειιηᾷω</strong></span> <span class='ocrx_word' id='word_1_541' title='bbox 654 5432 871 5495; x_wconf 71' lang='lat' dir='ltr'><strong>vastare</strong></span> <span class='ocrx_word' id='word_1_542' title='bbox 892 5449 1170 5511; x_wconf 70' lang='lat' dir='ltr'><strong>crept-runt</strong></span> <span class='ocrx_word' id='word_1_543' title='bbox 1189 5455 1331 5501; x_wconf 81' lang='lat' dir='ltr'><strong>anno</strong></span> <span class='ocrx_word' id='word_1_544' title='bbox 1360 5439 1484 5499; x_wconf 75' lang='lat'><strong>795.</strong></span> <span class='ocrx_word' id='word_1_545' title='bbox 1508 5432 1711 5508; x_wconf 55' lang='lat' dir='ltr'><strong>simius</strong></span> <span class='ocrx_word' id='word_1_546' title='bbox 1728 5446 1913 5507; x_wconf 83' lang='lat' dir='ltr'><strong>postea</strong></span> 
     </span>
     <span class='ocr_line' id='line_1_77' title="bbox 433 5523 1198 5563; baseline -0.007 -1"><span class='ocrx_word' id='word_1_547' title='bbox 433 5523 535 5562; x_wconf 89' lang='lat' dir='ltr'><strong>eun</strong></span> <span class='ocrx_word' id='word_1_548' title='bbox 597 5524 644 5563; x_wconf 91' lang='lat' dir='ltr'><strong>s.</strong></span> <span class='ocrx_word' id='word_1_549' title='bbox 1192 5546 1198 5557; x_wconf 89' lang='lat'><strong>.</strong></span> 
     </span>
    </p>
   </div>
   <div class='ocr_carea' id='block_1_74' title="bbox 433 5523 644 5564">
    <p class='ocr_par' dir='ltr' id='par_1_74' title="bbox 433 5523 644 5564">
     <span class='ocr_line' id='line_1_78' title="bbox 433 5523 644 5564; baseline 0 -2"><span class='ocrx_word' id='word_1_550' title='bbox 433 5523 644 5564; x_wconf 86' lang='lat' dir='ltr'><strong>euntes.</strong></span> 
     </span>
    </p>
   </div>
   <div class='ocr_carea' id='block_1_75' title="bbox 404 5575 1909 5653">
    <p class='ocr_par' dir='ltr' id='par_1_75' title="bbox 404 5575 1909 5653">
     <span class='ocr_line' id='line_1_79' title="bbox 404 5575 1909 5653; baseline 0.002 -21"><span class='ocrx_word' id='word_1_551' title='bbox 404 5575 433 5615; x_wconf 71' lang='grc' dir='ltr'><em>δ</em></span> <span class='ocrx_word' id='word_1_552' title='bbox 452 5648 465 5653; x_wconf 85' lang='lat'>_</span> <span class='ocrx_word' id='word_1_553' title='bbox 486 5575 584 5633; x_wconf 76' lang='lat' dir='ltr'><strong>Via:</strong></span> <span class='ocrx_word' id='word_1_554' title='bbox 607 5577 820 5653; x_wconf 74' lang='lat' dir='ltr'><strong>aliqu’s_</strong></span> <span class='ocrx_word' id='word_1_555' title='bbox 826 5579 1001 5653; x_wconf 84' lang='lat' dir='ltr'><strong>modo.</strong></span> <span class='ocrx_word' id='word_1_556' title='bbox 1037 5617 1051 5631; x_wconf 93' lang='lat'><strong>.</strong></span> <span class='ocrx_word' id='word_1_557' title='bbox 1088 5617 1101 5630; x_wconf 97' lang='lat'><strong>.</strong></span> <span class='ocrx_word' id='word_1_558' title='bbox 1134 5616 1147 5631; x_wconf 90' lang='lat'><strong>.</strong></span> <span class='ocrx_word' id='word_1_559' title='bbox 1178 5595 1245 5653; x_wconf 68' lang='lat' dir='ltr'><strong>ea:</strong></span> <span class='ocrx_word' id='word_1_560' title='bbox 1272 5580 1701 5653; x_wconf 62' lang='lat' dir='ltr'><strong>aruiquaregum</strong></span> <span class='ocrx_word' id='word_1_561' title='bbox 1723 5594 1909 5653; x_wconf 52' lang='lat' dir='ltr'><strong>prosa-</strong></span> 
     </span>
    </p>
   </div>
   <div class='ocr_carea' id='block_1_76' title="bbox 330 5646 1910 5715">
    <p class='ocr_par' dir='ltr' id='par_1_76' title="bbox 330 5646 1910 5715">
     <span class='ocr_line' id='line_1_80' title="bbox 330 5646 1910 5715; baseline 0.001 -14"><span class='ocrx_word' id='word_1_562' title='bbox 330 5646 422 5715; x_wconf 84' lang='lat' dir='ltr'><strong>pia</strong></span> <span class='ocrx_word' id='word_1_563' title='bbox 447 5646 730 5703; x_wconf 77' lang='lat' dir='ltr'><strong>invenitur.</strong></span> <span class='ocrx_word' id='word_1_564' title='bbox 779 5648 854 5703; x_wconf 84' lang='lat' dir='ltr'><strong>Ea</strong></span> <span class='ocrx_word' id='word_1_565' title='bbox 884 5650 951 5705; x_wconf 93' lang='lat' dir='ltr'><strong>de</strong></span> <span class='ocrx_word' id='word_1_566' title='bbox 1000 5663 1059 5704; x_wconf 90' lang='lat' dir='ltr'><strong>re</strong></span> <span class='ocrx_word' id='word_1_567' title='bbox 1093 5646 1695 5707; x_wconf 66' lang='lat' dir='ltr'><strong>audiendusMaimésb.</strong></span> <span class='ocrx_word' id='word_1_568' title='bbox 1724 5646 1875 5715; x_wconf 78' lang='lat' dir='ltr'><strong>libro</strong></span> <span class='ocrx_word' id='word_1_569' title='bbox 1888 5664 1910 5703; x_wconf 81' lang='grc' dir='ltr'>ι</span> 
     </span>
    </p>
   </div>
   <div class='ocr_carea' id='block_1_77' title="bbox 330 5716 1909 5789">
    <p class='ocr_par' dir='ltr' id='par_1_77' title="bbox 330 5716 1909 5789">
     <span class='ocr_line' id='line_1_81' title="bbox 330 5716 1909 5789; baseline 0.001 -18"><span class='ocrx_word' id='word_1_570' title='bbox 330 5716 400 5772; x_wconf 89' lang='lat' dir='ltr'><strong>de</strong></span> <span class='ocrx_word' id='word_1_571' title='bbox 424 5716 559 5789; x_wconf 50' lang='grc' dir='ltr'><strong>ἷξες.</strong></span> <span class='ocrx_word' id='word_1_572' title='bbox 599 5718 786 5789; x_wconf 76' lang='lat' dir='ltr'><strong>Angl.,</strong></span> <span class='ocrx_word' id='word_1_573' title='bbox 816 5734 866 5774; x_wconf 92' lang='lat' dir='ltr'><strong>c.</strong></span> <span class='ocrx_word' id='word_1_574' title='bbox 898 5720 917 5775; x_wconf 89' lang='lat' dir='ltr'><strong>l</strong></span> <span class='ocrx_word' id='word_1_575' title='bbox 953 5734 967 5772; x_wconf 91' lang='lat'><strong>:</strong></span> <span class='ocrx_word' id='word_1_576' title='bbox 1008 5738 1026 5769; x_wconf 71' lang='grc' dir='ltr'><strong>ε</strong></span> <span class='ocrx_word' id='word_1_577' title='bbox 1058 5718 1327 5789; x_wconf 72' lang='lat' dir='ltr'><strong>Postillos</strong></span> <span class='ocrx_word' id='word_1_578' title='bbox 1353 5718 1645 5788; x_wconf 76' lang='lat' dir='ltr'><strong>(Witbredi</strong></span> <span class='ocrx_word' id='word_1_579' title='bbox 1679 5719 1909 5781; x_wconf 82' lang='lat' dir='ltr'><strong>liberos,</strong></span> 
     </span>
    </p>
   </div>
   <div class='ocr_carea' id='block_1_78' title="bbox 331 5788 1910 5860">
    <p class='ocr_par' dir='ltr' id='par_1_78' title="bbox 331 5788 1910 5860">
     <span class='ocr_line' id='line_1_82' title="bbox 331 5788 1910 5860; baseline 0.003 -19"><span class='ocrx_word' id='word_1_580' title='bbox 331 5796 386 5841; x_wconf 82' lang='lat' dir='ltr'><strong>ct</strong></span> <span class='ocrx_word' id='word_1_581' title='bbox 414 5788 594 5844; x_wconf 83' lang='lat' dir='ltr'><strong>Cantii</strong></span> <span class='ocrx_word' id='word_1_582' title='bbox 625 5788 782 5860; x_wconf 83' lang='lat' dir='ltr'><strong>rcges</strong></span> <span class='ocrx_word' id='word_1_583' title='bbox 802 5828 816 5853; x_wconf 87' lang='lat'><strong>,</strong></span> <span class='ocrx_word' id='word_1_584' title='bbox 857 5805 1107 5860; x_wconf 76' lang='lat' dir='ltr'><strong>quorum.</strong></span> <span class='ocrx_word' id='word_1_585' title='bbox 1136 5788 1355 5849; x_wconf 85' lang='lat' dir='ltr'><strong>ultimus</strong></span> <span class='ocrx_word' id='word_1_586' title='bbox 1382 5789 1741 5857; x_wconf 75' lang='lat' dir='ltr'><strong>erat.Alricus</strong></span> <span class='ocrx_word' id='word_1_587' title='bbox 1765 5825 1781 5856; x_wconf 90' lang='lat'><strong>,</strong></span> <span class='ocrx_word' id='word_1_588' title='bbox 1818 5789 1910 5860; x_wconf 79' lang='lat' dir='ltr'><strong>qui</strong></span> 
     </span>
    </p>
   </div>
   <div class='ocr_carea' id='block_1_79' title="bbox 2007 1913 3584 1991">
    <p class='ocr_par' dir='ltr' id='par_1_79' title="bbox 2007 1913 3584 1991">
     <span class='ocr_line' id='line_1_83' title="bbox 2007 1913 3584 1991; baseline 0.011 -24"><span class='ocrx_word' id='word_1_589' title='bbox 2007 1920 2209 1968; x_wconf 79' lang='lat' dir='ltr'><strong>sanctae</strong></span> <span class='ocrx_word' id='word_1_590' title='bbox 2239 1913 2553 1985; x_wconf 72' lang='lat' dir='ltr'><strong>Scriptum,</strong></span> <span class='ocrx_word' id='word_1_591' title='bbox 2577 1932 2644 1972; x_wconf 91' lang='lat' dir='ltr'><strong>ne</strong></span> <span class='ocrx_word' id='word_1_592' title='bbox 2678 1918 2748 1972; x_wconf 89' lang='lat' dir='ltr'><strong>sit</strong></span> <span class='ocrx_word' id='word_1_593' title='bbox 2774 1919 2952 1990; x_wconf 89' lang='lat' dir='ltr'><strong>inopia</strong></span> <span class='ocrx_word' id='word_1_594' title='bbox 2982 1921 3121 1991; x_wconf 91' lang='lat' dir='ltr'><strong>apud</strong></span> <span class='ocrx_word' id='word_1_595' title='bbox 3147 1939 3243 1979; x_wconf 92' lang='lat' dir='ltr'><strong>vos</strong></span> <span class='ocrx_word' id='word_1_596' title='bbox 3272 1927 3420 1980; x_wconf 87' lang='lat' dir='ltr'><strong>verbi</strong></span> <span class='ocrx_word' id='word_1_597' title='bbox 3450 1927 3543 1979; x_wconf 88' lang='lat' dir='ltr'><strong>Dei</strong></span> <span class='ocrx_word' id='word_1_598' title='bbox 3569 1943 3584 1985; x_wconf 86' lang='lat'><strong>:</strong></span> 
     </span>
    </p>
   </div>
   <div class='ocr_carea' id='block_1_80' title="bbox 2008 2005 3587 2083">
    <p class='ocr_par' dir='ltr' id='par_1_80' title="bbox 2008 2005 3587 2083">
     <span class='ocr_line' id='line_1_84' title="bbox 2008 2005 3587 2083; baseline 0.009 -26"><span class='ocrx_word' id='word_1_599' title='bbox 2008 2012 2100 2058; x_wconf 91' lang='lat' dir='ltr'><strong>aut</strong></span> <span class='ocrx_word' id='word_1_600' title='bbox 2124 2005 2279 2060; x_wconf 86' lang='lat' dir='ltr'><strong>vobis</strong></span> <span class='ocrx_word' id='word_1_601' title='bbox 2304 2005 2474 2070; x_wconf 80' lang='lat' dir='ltr'><strong>desit,</strong></span> <span class='ocrx_word' id='word_1_602' title='bbox 2508 2006 2599 2075; x_wconf 89' lang='lat' dir='ltr'><strong>qui</strong></span> <span class='ocrx_word' id='word_1_603' title='bbox 2642 2009 2898 2078; x_wconf 90' lang='lat' dir='ltr'><strong>populum</strong></span> <span class='ocrx_word' id='word_1_604' title='bbox 2935 2010 3032 2066; x_wconf 84' lang='lat' dir='ltr'><strong>Dei</strong></span> <span class='ocrx_word' id='word_1_605' title='bbox 3071 2027 3259 2081; x_wconf 88' lang='lat' dir='ltr'><strong>regere</strong></span> <span class='ocrx_word' id='word_1_606' title='bbox 3283 2014 3488 2083; x_wconf 86' lang='lat' dir='ltr'><strong>valeat;</strong></span> <span class='ocrx_word' id='word_1_607' title='bbox 3519 2032 3587 2071; x_wconf 87' lang='lat' dir='ltr'><strong>ne</strong></span> 
     </span>
    </p>
   </div>
   <div class='ocr_carea' id='block_1_81' title="bbox 2006 2095 3586 2162">
    <p class='ocr_par' dir='ltr' id='par_1_81' title="bbox 2006 2095 3586 2162">
     <span class='ocr_line' id='line_1_85' title="bbox 2006 2095 3586 2162; baseline 0.007 -12"><span class='ocrx_word' id='word_1_608' title='bbox 2006 2095 2126 2152; x_wconf 90' lang='lat' dir='ltr'><strong>l‘ons</strong></span> <span class='ocrx_word' id='word_1_609' title='bbox 2154 2097 2397 2153; x_wconf 85' lang='lat' dir='ltr'><strong>veritatis</strong></span> <span class='ocrx_word' id='word_1_610' title='bbox 2422 2098 2477 2152; x_wconf 91' lang='lat' dir='ltr'><strong>in</strong></span> <span class='ocrx_word' id='word_1_611' title='bbox 2501 2099 2654 2154; x_wconf 90' lang='lat' dir='ltr'><strong>vobis</strong></span> <span class='ocrx_word' id='word_1_612' title='bbox 2688 2101 3013 2157; x_wconf 80' lang='lat' dir='ltr'><strong>exsiccetur.</strong></span> <span class='ocrx_word' id='word_1_613' title='bbox 3057 2102 3234 2160; x_wconf 78' lang='lat' dir='ltr'><strong>Nolite</strong></span> <span class='ocrx_word' id='word_1_614' title='bbox 3273 2121 3372 2161; x_wconf 90' lang='lat' dir='ltr'><strong>vos</strong></span> <span class='ocrx_word' id='word_1_615' title='bbox 3397 2115 3586 2162; x_wconf 89' lang='lat' dir='ltr'><strong>contra</strong></span> 
     </span>
    </p>
   </div>
   <div class='ocr_carea' id='block_1_82' title="bbox 2007 2187 3589 2253">
    <p class='ocr_par' dir='ltr' id='par_1_82' title="bbox 2007 2187 3589 2253">
     <span class='ocr_line' id='line_1_86' title="bbox 2007 2187 3589 2253; baseline 0.006 -12"><span class='ocrx_word' id='word_1_616' title='bbox 2007 2187 2429 2242; x_wconf 89' lang='lat' dir='ltr'><strong>ecclesiasticam</strong></span> <span class='ocrx_word' id='word_1_617' title='bbox 2476 2191 2917 2246; x_wconf 89' lang='lat' dir='ltr'><strong>consuetudinem</strong></span> <span class='ocrx_word' id='word_1_618' title='bbox 2954 2194 3191 2249; x_wconf 89' lang='lat' dir='ltr'><strong>vanitate</strong></span> <span class='ocrx_word' id='word_1_619' title='bbox 3240 2196 3589 2253; x_wconf 80' lang='lat' dir='ltr'><strong>vestimento-</strong></span> 
     </span>
    </p>
   </div>
   <div class='ocr_carea' id='block_1_83' title="bbox 2007 2278 3590 2344">
    <p class='ocr_par' dir='ltr' id='par_1_83' title="bbox 2007 2278 3590 2344">
     <span class='ocr_line' id='line_1_87' title="bbox 2007 2278 3590 2344; baseline 0.006 -14"><span class='ocrx_word' id='word_1_620' title='bbox 2007 2278 2128 2331; x_wconf 83' lang='lat' dir='ltr'><strong>rum</strong></span> <span class='ocrx_word' id='word_1_621' title='bbox 2175 2291 2372 2332; x_wconf 87' lang='lat' dir='ltr'><strong>ornare</strong></span> <span class='ocrx_word' id='word_1_622' title='bbox 2395 2318 2409 2344; x_wconf 94' lang='lat'><strong>,</strong></span> <span class='ocrx_word' id='word_1_623' title='bbox 2449 2279 2555 2333; x_wconf 69' lang='lat' dir='ltr'><strong>sed»</strong></span> <span class='ocrx_word' id='word_1_624' title='bbox 2581 2279 2825 2335; x_wconf 85' lang='lat' dir='ltr'><strong>moribus</strong></span> <span class='ocrx_word' id='word_1_625' title='bbox 2860 2295 2958 2336; x_wconf 89' lang='lat' dir='ltr'><strong>vos</strong></span> <span class='ocrx_word' id='word_1_626' title='bbox 2989 2283 3257 2339; x_wconf 88' lang='lat' dir='ltr'><strong>ostendite</strong></span> <span class='ocrx_word' id='word_1_627' title='bbox 3297 2282 3500 2340; x_wconf 86' lang='lat' dir='ltr'><strong>nobiles</strong></span> <span class='ocrx_word' id='word_1_628' title='bbox 3532 2295 3590 2341; x_wconf 90' lang='lat' dir='ltr'><strong>et</strong></span> 
     </span>
    </p>
   </div>
   <div class='ocr_carea' id='block_1_84' title="bbox 2006 2356 3589 2443">
    <p class='ocr_par' dir='ltr' id='par_1_84' title="bbox 2006 2356 3589 2443">
     <span class='ocr_line' id='line_1_88' title="bbox 2006 2356 3589 2443; baseline 0.007 -23"><span class='ocrx_word' id='word_1_629' title='bbox 2006 2374 2228 2422; x_wconf 85' lang='lat' dir='ltr'><strong>ornatos</strong></span> <span class='ocrx_word' id='word_1_630' title='bbox 2248 2407 2263 2433; x_wconf 95' lang='lat'><strong>,</strong></span> <span class='ocrx_word' id='word_1_631' title='bbox 2292 2375 2349 2422; x_wconf 91' lang='lat' dir='ltr'><strong>et</strong></span> <span class='ocrx_word' id='word_1_632' title='bbox 2379 2368 2761 2438; x_wconf 72' lang='lat' dir='ltr'><strong>prtedicatione</strong></span> <span class='ocrx_word' id='word_1_633' title='bbox 2788 2369 2938 2426; x_wconf 90' lang='lat' dir='ltr'><strong>verbi</strong></span> <span class='ocrx_word' id='word_1_634' title='bbox 2959 2356 3055 2427; x_wconf 82' lang='lat' dir='ltr'><strong>Dei</strong></span> <span class='ocrx_word' id='word_1_635' title='bbox 3083 2380 3301 2443; x_wconf 88' lang='lat' dir='ltr'><strong>paratos</strong></span> <span class='ocrx_word' id='word_1_636' title='bbox 3320 2415 3336 2441; x_wconf 94' lang='lat'><strong>,</strong></span> <span class='ocrx_word' id='word_1_637' title='bbox 3362 2383 3423 2429; x_wconf 88' lang='lat' dir='ltr'><strong>ut</strong></span> <span class='ocrx_word' id='word_1_638' title='bbox 3464 2375 3589 2432; x_wconf 90' lang='lat' dir='ltr'><strong>laici</strong></span> 
     </span>
    </p>
   </div>
   <div class='ocr_carea' id='block_1_85' title="bbox 2007 2459 3589 2537">
    <p class='ocr_par' dir='ltr' id='par_1_85' title="bbox 2007 2459 3589 2537">
     <span class='ocr_line' id='line_1_89' title="bbox 2007 2459 3589 2537; baseline 0.006 -23"><span class='ocrx_word' id='word_1_639' title='bbox 2007 2467 2061 2515; x_wconf 90' lang='lat' dir='ltr'><strong>et</strong></span> <span class='ocrx_word' id='word_1_640' title='bbox 2085 2460 2249 2514; x_wconf 89' lang='lat' dir='ltr'><strong>vestri</strong></span> <span class='ocrx_word' id='word_1_641' title='bbox 2274 2459 2563 2516; x_wconf 87' lang='lat' dir='ltr'><strong>bellatores</strong></span> <span class='ocrx_word' id='word_1_642' title='bbox 2604 2476 2700 2530; x_wconf 88' lang='lat' dir='ltr'><strong>per</strong></span> <span class='ocrx_word' id='word_1_643' title='bbox 2721 2477 2819 2516; x_wconf 89' lang='lat' dir='ltr'><strong>vos</strong></span> <span class='ocrx_word' id='word_1_644' title='bbox 2844 2462 3013 2521; x_wconf 79' lang='lat' dir='ltr'><strong>fortes</strong></span> <span class='ocrx_word' id='word_1_645' title='bbox 3041 2463 3343 2520; x_wconf 75' lang='lat' dir='ltr'><strong>elﬁciantur</strong></span> <span class='ocrx_word' id='word_1_646' title='bbox 3360 2507 3376 2532; x_wconf 91' lang='lat'><strong>,</strong></span> <span class='ocrx_word' id='word_1_647' title='bbox 3404 2475 3459 2521; x_wconf 89' lang='lat' dir='ltr'><strong>et</strong></span> <span class='ocrx_word' id='word_1_648' title='bbox 3490 2482 3589 2537; x_wconf 91' lang='lat' dir='ltr'><strong>po-</strong></span> 
     </span>
    </p>
   </div>
   <div class='ocr_carea' id='block_1_86' title="bbox 2004 2547 2811 2619">
    <p class='ocr_par' dir='ltr' id='par_1_86' title="bbox 2004 2547 2811 2619">
     <span class='ocr_line' id='line_1_90' title="bbox 2004 2547 2811 2619; baseline 0.001 -16"><span class='ocrx_word' id='word_1_649' title='bbox 2004 2550 2162 2619; x_wconf 89' lang='lat' dir='ltr'><strong>pulus</strong></span> <span class='ocrx_word' id='word_1_650' title='bbox 2189 2550 2332 2604; x_wconf 88' lang='lat' dir='ltr'><strong>viam</strong></span> <span class='ocrx_word' id='word_1_651' title='bbox 2366 2549 2555 2605; x_wconf 89' lang='lat' dir='ltr'><strong>salutis</strong></span> <span class='ocrx_word' id='word_1_652' title='bbox 2578 2547 2811 2606; x_wconf 79' lang='lat' dir='ltr'><strong>incedat.</strong></span> 
     </span>
    </p>
   </div>
   <div class='ocr_carea' id='block_1_87' title="bbox 2078 2640 3588 2716">
    <p class='ocr_par' dir='ltr' id='par_1_87' title="bbox 2078 2640 3588 2716">
     <span class='ocr_line' id='line_1_91' title="bbox 2078 2640 3588 2716; baseline 0.005 -21"><span class='ocrx_word' id='word_1_653' title='bbox 2078 2640 2338 2695; x_wconf 86' lang='lat' dir='ltr'><strong>Similiter</strong></span> <span class='ocrx_word' id='word_1_654' title='bbox 2365 2641 2573 2696; x_wconf 89' lang='lat' dir='ltr'><strong>nobiles</strong></span> <span class='ocrx_word' id='word_1_655' title='bbox 2595 2642 2688 2710; x_wconf 86' lang='lat' dir='ltr'><strong>qui</strong></span> <span class='ocrx_word' id='word_1_656' title='bbox 2717 2650 2842 2696; x_wconf 90' lang='lat' dir='ltr'><strong>sunt</strong></span> <span class='ocrx_word' id='word_1_657' title='bbox 2862 2642 2917 2695; x_wconf 90' lang='lat' dir='ltr'><strong>in</strong></span> <span class='ocrx_word' id='word_1_658' title='bbox 2941 2643 3137 2712; x_wconf 87' lang='lat' dir='ltr'><strong>populo</strong></span> <span class='ocrx_word' id='word_1_659' title='bbox 3155 2660 3280 2700; x_wconf 90' lang='lat' dir='ltr'><strong>suas</strong></span> <span class='ocrx_word' id='word_1_660' title='bbox 3294 2645 3588 2716; x_wconf 80' lang='lat' dir='ltr'><strong>dignitates</strong></span> 
     </span>
    </p>
   </div>
   <div class='ocr_carea' id='block_1_88' title="bbox 2006 2730 3575 2804">
    <p class='ocr_par' dir='ltr' id='par_1_88' title="bbox 2006 2730 3575 2804">
     <span class='ocr_line' id='line_1_92' title="bbox 2006 2730 3575 2804; baseline 0.001 -17"><span class='ocrx_word' id='word_1_661' title='bbox 2006 2747 2128 2787; x_wconf 89' lang='lat' dir='ltr'><strong>cum</strong></span> <span class='ocrx_word' id='word_1_662' title='bbox 2144 2731 2381 2787; x_wconf 87' lang='lat' dir='ltr'><strong>consiliis</strong></span> <span class='ocrx_word' id='word_1_663' title='bbox 2408 2741 2614 2802; x_wconf 89' lang='lat' dir='ltr'><strong>regant,</strong></span> <span class='ocrx_word' id='word_1_664' title='bbox 2639 2740 2693 2785; x_wconf 91' lang='lat' dir='ltr'><strong>et</strong></span> <span class='ocrx_word' id='word_1_665' title='bbox 2719 2730 2914 2800; x_wconf 86' lang='lat' dir='ltr'><strong>populo</strong></span> <span class='ocrx_word' id='word_1_666' title='bbox 2931 2747 3027 2801; x_wconf 86' lang='lat' dir='ltr'><strong>per</strong></span> <span class='ocrx_word' id='word_1_667' title='bbox 3039 2731 3305 2801; x_wconf 82' lang='lat' dir='ltr'><strong>justitiam</strong></span> <span class='ocrx_word' id='word_1_668' title='bbox 3331 2735 3575 2804; x_wconf 80' lang='lat' dir='ltr'><strong>praesint,</strong></span> 
     </span>
    </p>
   </div>
   <div class='ocr_carea' id='block_1_89' title="bbox 2006 2818 3584 2892">
    <p class='ocr_par' dir='ltr' id='par_1_89' title="bbox 2006 2818 3584 2892">
     <span class='ocr_line' id='line_1_93' title="bbox 2006 2818 3584 2892; baseline 0.001 -17"><span class='ocrx_word' id='word_1_669' title='bbox 2006 2828 2249 2875; x_wconf 88' lang='lat' dir='ltr'><strong>amantes</strong></span> <span class='ocrx_word' id='word_1_670' title='bbox 2271 2828 2496 2890; x_wconf 87' lang='lat' dir='ltr'><strong>paterna</strong></span> <span class='ocrx_word' id='word_1_671' title='bbox 2525 2827 2725 2874; x_wconf 89' lang='lat' dir='ltr'><strong>statuta</strong></span> <span class='ocrx_word' id='word_1_672' title='bbox 2754 2819 2807 2873; x_wconf 91' lang='lat' dir='ltr'><strong>in</strong></span> <span class='ocrx_word' id='word_1_673' title='bbox 2830 2818 3049 2890; x_wconf 86' lang='lat' dir='ltr'><strong>jndiciis</strong></span> <span class='ocrx_word' id='word_1_674' title='bbox 3092 2821 3263 2892; x_wconf 89' lang='lat' dir='ltr'><strong>magis</strong></span> <span class='ocrx_word' id='word_1_675' title='bbox 3293 2838 3452 2891; x_wconf 88' lang='lat' dir='ltr'><strong>quam</strong></span> <span class='ocrx_word' id='word_1_676' title='bbox 3489 2836 3584 2892; x_wconf 88' lang='lat' dir='ltr'><strong>pc-</strong></span> 
     </span>
    </p>
   </div>
   <div class='ocr_carea' id='block_1_90' title="bbox 2013 2908 3582 2979">
    <p class='ocr_par' dir='ltr' id='par_1_90' title="bbox 2013 2908 3582 2979">
     <span class='ocr_line' id='line_1_94' title="bbox 2013 2908 3582 2979; baseline 0.003 -15"><span class='ocrx_word' id='word_1_677' title='bbox 2013 2909 2220 2964; x_wconf 84' lang='lat' dir='ltr'><strong>cuniam</strong></span> <span class='ocrx_word' id='word_1_678' title='bbox 2238 2950 2252 2975; x_wconf 90' lang='lat'><strong>,</strong></span> <span class='ocrx_word' id='word_1_679' title='bbox 2301 2924 2420 2979; x_wconf 65' lang='lat' dir='ltr'><strong>quae</strong></span> <span class='ocrx_word' id='word_1_680' title='bbox 2448 2909 2719 2965; x_wconf 81' lang='lat' dir='ltr'><strong>subvertit</strong></span> <span class='ocrx_word' id='word_1_681' title='bbox 2740 2911 2902 2964; x_wconf 89' lang='lat' dir='ltr'><strong>verba</strong></span> <span class='ocrx_word' id='word_1_682' title='bbox 2920 2908 3191 2978; x_wconf 68' lang='lat' dir='ltr'><strong>iustorum</strong></span> <span class='ocrx_word' id='word_1_683' title='bbox 3210 2952 3226 2977; x_wconf 91' lang='lat'><strong>,</strong></span> <span class='ocrx_word' id='word_1_684' title='bbox 3258 2921 3313 2967; x_wconf 87' lang='lat' dir='ltr'><strong>et</strong></span> <span class='ocrx_word' id='word_1_685' title='bbox 3338 2914 3582 2969; x_wconf 88' lang='lat' dir='ltr'><strong>unanimi</strong></span> 
     </span>
    </p>
   </div>
   <div class='ocr_carea' id='block_1_91' title="bbox 2006 2996 3582 3073">
    <p class='ocr_par' dir='ltr' id='par_1_91' title="bbox 2006 2996 3582 3073">
     <span class='ocr_line' id='line_1_95' title="bbox 2006 2996 3582 3073; baseline -0.001 -13"><span class='ocrx_word' id='word_1_686' title='bbox 2006 3002 2250 3067; x_wconf 85' lang='lat' dir='ltr'><strong>consilio,</strong></span> <span class='ocrx_word' id='word_1_687' title='bbox 2294 3001 2437 3070; x_wconf 92' lang='lat' dir='ltr'><strong>quod</strong></span> <span class='ocrx_word' id='word_1_688' title='bbox 2462 3002 2662 3056; x_wconf 88' lang='lat' dir='ltr'><strong>bonum</strong></span> <span class='ocrx_word' id='word_1_689' title='bbox 2685 3001 2775 3065; x_wconf 87' lang='lat' dir='ltr'><strong>sit,</strong></span> <span class='ocrx_word' id='word_1_690' title='bbox 2821 3002 2967 3073; x_wconf 84' lang='lat' dir='ltr'><strong>genti</strong></span> <span class='ocrx_word' id='word_1_691' title='bbox 3004 3011 3197 3058; x_wconf 75' lang='lat' dir='ltr'><strong>vestrae</strong></span> <span class='ocrx_word' id='word_1_692' title='bbox 3235 3003 3467 3059; x_wconf 78' lang='lat' dir='ltr'><strong>viriliter</strong></span> <span class='ocrx_word' id='word_1_693' title='bbox 3503 2996 3582 3059; x_wconf 76' lang='lat' dir='ltr'><strong>fa-</strong></span> 
     </span>
    </p>
   </div>
   <div class='ocr_carea' id='block_1_92' title="bbox 2007 3089 3583 3163">
    <p class='ocr_par' dir='ltr' id='par_1_92' title="bbox 2007 3089 3583 3163">
     <span class='ocr_line' id='line_1_96' title="bbox 2007 3089 3583 3163; baseline 0.003 -17"><span class='ocrx_word' id='word_1_694' title='bbox 2007 3092 2161 3146; x_wconf 38' lang='lat' dir='ltr'><strong>ciant.</strong></span> <span class='ocrx_word' id='word_1_695' title='bbox 2178 3107 2203 3144; x_wconf 76' lang='grc' dir='ltr'><strong>τ</strong></span> <span class='ocrx_word' id='word_1_696' title='bbox 2241 3097 2296 3145; x_wconf 93' lang='lat' dir='ltr'><strong>et</strong></span> <span class='ocrx_word' id='word_1_697' title='bbox 2320 3098 2562 3145; x_wconf 88' lang='lat' dir='ltr'><strong>rectores</strong></span> <span class='ocrx_word' id='word_1_698' title='bbox 2586 3089 2739 3145; x_wconf 85' lang='lat' dir='ltr'><strong>vobis</strong></span> <span class='ocrx_word' id='word_1_699' title='bbox 2763 3091 3057 3161; x_wconf 66' lang='lat' dir='ltr'><strong>praeponite</strong></span> <span class='ocrx_word' id='word_1_700' title='bbox 3082 3092 3362 3148; x_wconf 85' lang='lat' dir='ltr'><strong>nobilitate</strong></span> <span class='ocrx_word' id='word_1_701' title='bbox 3382 3094 3583 3163; x_wconf 80' lang='lat' dir='ltr'><strong>claros,</strong></span> 
     </span>
    </p>
   </div>
   <div class='ocr_carea' id='block_1_93' title="bbox 2009 3180 3579 3252">
    <p class='ocr_par' dir='ltr' id='par_1_93' title="bbox 2009 3180 3579 3252">
     <span class='ocr_line' id='line_1_97' title="bbox 2009 3180 3579 3252; baseline 0.003 -17"><span class='ocrx_word' id='word_1_702' title='bbox 2009 3196 2218 3236; x_wconf 89' lang='lat' dir='ltr'><strong>morum</strong></span> <span class='ocrx_word' id='word_1_703' title='bbox 2245 3180 2505 3252; x_wconf 80' lang='lat' dir='ltr'><strong>dignitate</strong></span> <span class='ocrx_word' id='word_1_704' title='bbox 2548 3180 2685 3251; x_wconf 89' lang='lat' dir='ltr'><strong>pios,</strong></span> <span class='ocrx_word' id='word_1_705' title='bbox 2709 3180 2935 3251; x_wconf 60' lang='lat' dir='ltr'><strong>iustitiae</strong></span> <span class='ocrx_word' id='word_1_706' title='bbox 2976 3180 3172 3237; x_wconf 88' lang='lat' dir='ltr'><strong>decore</strong></span> <span class='ocrx_word' id='word_1_707' title='bbox 3214 3183 3579 3250; x_wconf 87' lang='lat' dir='ltr'><strong>honorabiles,</strong></span> 
     </span>
    </p>
   </div>
   <div class='ocr_carea' id='block_1_94' title="bbox 1980 3271 3581 3347">
    <p class='ocr_par' dir='ltr' id='par_1_94' title="bbox 1980 3271 3581 3347">
     <span class='ocr_line' id='line_1_98' title="bbox 1980 3271 3581 3347; baseline 0.006 -24"><span class='ocrx_word' id='word_1_708' title='bbox 1980 3279 2273 3340; x_wconf 72' lang='lat' dir='ltr'><strong>&#39;quatenus</strong></span> <span class='ocrx_word' id='word_1_709' title='bbox 2300 3271 2481 3326; x_wconf 89' lang='lat' dir='ltr'><strong>divina</strong></span> <span class='ocrx_word' id='word_1_710' title='bbox 2502 3273 2874 3329; x_wconf 89' lang='lat' dir='ltr'><strong>misericordia</strong></span> <span class='ocrx_word' id='word_1_711' title='bbox 2898 3283 3133 3329; x_wconf 86' lang='lat' dir='ltr'><strong>vestram</strong></span> <span class='ocrx_word' id='word_1_712' title='bbox 3158 3284 3369 3347; x_wconf 84' lang='lat' dir='ltr'><strong>gentem</strong></span> <span class='ocrx_word' id='word_1_713' title='bbox 3387 3277 3581 3345; x_wconf 73' lang='lat' dir='ltr'><strong>guber-</strong></span> 
     </span>
    </p>
   </div>
   <div class='ocr_carea' id='block_1_95' title="bbox 2004 3365 3270 3438">
    <p class='ocr_par' dir='ltr' id='par_1_95' title="bbox 2004 3365 3270 3438">
     <span class='ocr_line' id='line_1_99' title="bbox 2004 3365 3270 3438; baseline 0.006 -23"><span class='ocrx_word' id='word_1_714' title='bbox 2004 3377 2157 3427; x_wconf 90' lang='lat' dir='ltr'><strong>nare,</strong></span> <span class='ocrx_word' id='word_1_715' title='bbox 2185 3371 2240 3416; x_wconf 92' lang='lat' dir='ltr'><strong>et</strong></span> <span class='ocrx_word' id='word_1_716' title='bbox 2278 3377 2625 3429; x_wconf 84' lang='lat' dir='ltr'><strong>conservare,</strong></span> <span class='ocrx_word' id='word_1_717' title='bbox 2655 3373 2710 3420; x_wconf 86' lang='lat' dir='ltr'><strong>et</strong></span> <span class='ocrx_word' id='word_1_718' title='bbox 2735 3365 2976 3422; x_wconf 83' lang='lat' dir='ltr'><strong>exaltare</strong></span> <span class='ocrx_word' id='word_1_719' title='bbox 3002 3365 3270 3438; x_wconf 84' lang='lat' dir='ltr'><strong>dignetur.</strong></span> 
     </span>
    </p>
   </div>
   <div class='ocr_carea' id='block_1_96' title="bbox 2074 3452 3582 3528">
    <p class='ocr_par' dir='ltr' id='par_1_96' title="bbox 2074 3452 3582 3528">
     <span class='ocr_line' id='line_1_100' title="bbox 2074 3452 3582 3528; baseline 0.005 -21"><span class='ocrx_word' id='word_1_720' title='bbox 2074 3452 2324 3509; x_wconf 75' lang='lat' dir='ltr'><strong>imminet</strong></span> <span class='ocrx_word' id='word_1_721' title='bbox 2358 3469 2489 3510; x_wconf 86' lang='lat' dir='ltr'><strong>vero</strong></span> <span class='ocrx_word' id='word_1_722' title='bbox 2540 3455 2833 3509; x_wconf 88' lang='lat' dir='ltr'><strong>maximum</strong></span> <span class='ocrx_word' id='word_1_723' title='bbox 2883 3456 3071 3511; x_wconf 63' lang='lat' dir='ltr'><strong>insulae</strong></span> <span class='ocrx_word' id='word_1_724' title='bbox 3104 3456 3232 3511; x_wconf 90' lang='lat' dir='ltr'><strong>huic</strong></span> <span class='ocrx_word' id='word_1_725' title='bbox 3281 3464 3336 3512; x_wconf 90' lang='lat' dir='ltr'><strong>et</strong></span> <span class='ocrx_word' id='word_1_726' title='bbox 3383 3459 3582 3528; x_wconf 86' lang='lat' dir='ltr'><strong>populo</strong></span> 
     </span>
    </p>
   </div>
   <div class='ocr_carea' id='block_1_97' title="bbox 2006 3544 3585 3616">
    <p class='ocr_par' dir='ltr' id='par_1_97' title="bbox 2006 3544 3585 3616">
     <span class='ocr_line' id='line_1_101' title="bbox 2006 3544 3585 3616; baseline 0.003 -17"><span class='ocrx_word' id='word_1_727' title='bbox 2006 3544 2269 3600; x_wconf 87' lang='lat' dir='ltr'><strong>habitanti</strong></span> <span class='ocrx_word' id='word_1_728' title='bbox 2301 3545 2354 3600; x_wconf 91' lang='lat' dir='ltr'><strong>in</strong></span> <span class='ocrx_word' id='word_1_729' title='bbox 2391 3561 2454 3601; x_wconf 90' lang='lat' dir='ltr'><strong>ea</strong></span> <span class='ocrx_word' id='word_1_730' title='bbox 2494 3546 2812 3615; x_wconf 87' lang='lat' dir='ltr'><strong>periculum.</strong></span> <span class='ocrx_word' id='word_1_731' title='bbox 2844 3546 2984 3601; x_wconf 87' lang='lat' dir='ltr'><strong>Ecce</strong></span> <span class='ocrx_word' id='word_1_732' title='bbox 3018 3548 3158 3615; x_wconf 93' lang='lat' dir='ltr'><strong>quod</strong></span> <span class='ocrx_word' id='word_1_733' title='bbox 3198 3563 3470 3616; x_wconf 90' lang='lat' dir='ltr'><strong>nunquam</strong></span> <span class='ocrx_word' id='word_1_734' title='bbox 3494 3564 3585 3604; x_wconf 86' lang='lat' dir='ltr'><strong>an-</strong></span> 
     </span>
    </p>
   </div>
   <div class='ocr_carea' id='block_1_98' title="bbox 2008 3633 3585 3709">
    <p class='ocr_par' dir='ltr' id='par_1_98' title="bbox 2008 3633 3585 3709">
     <span class='ocr_line' id='line_1_102' title="bbox 2008 3633 3585 3709; baseline 0.003 -19"><span class='ocrx_word' id='word_1_735' title='bbox 2008 3641 2095 3689; x_wconf 77' lang='lat' dir='ltr'><strong>tea</strong></span> <span class='ocrx_word' id='word_1_736' title='bbox 2118 3634 2364 3689; x_wconf 85' lang='lat' dir='ltr'><strong>auditum</strong></span> <span class='ocrx_word' id='word_1_737' title='bbox 2385 3633 2509 3699; x_wconf 83' lang='lat' dir='ltr'><strong>fuit,</strong></span> <span class='ocrx_word' id='word_1_738' title='bbox 2535 3646 2557 3672; x_wconf 75' lang='grc' dir='ltr'><strong>ο</strong></span> <span class='ocrx_word' id='word_1_739' title='bbox 2590 3634 2820 3703; x_wconf 91' lang='lat' dir='ltr'><strong>populus</strong></span> <span class='ocrx_word' id='word_1_740' title='bbox 2846 3649 3085 3703; x_wconf 80' lang='lat' dir='ltr'><strong>paganus</strong></span> <span class='ocrx_word' id='word_1_741' title='bbox 3115 3634 3250 3690; x_wconf 87' lang='lat' dir='ltr'><strong>solet</strong></span> <span class='ocrx_word' id='word_1_742' title='bbox 3268 3643 3484 3692; x_wconf 87' lang='lat' dir='ltr'><strong>vastare</strong></span> <span class='ocrx_word' id='word_1_743' title='bbox 3503 3638 3585 3709; x_wconf 57' lang='lat' dir='ltr'><strong>pi-‘</strong></span> 
     </span>
    </p>
   </div>
   <div class='ocr_carea' id='block_1_99' title="bbox 2007 3725 3580 3800">
    <p class='ocr_par' dir='ltr' id='par_1_99' title="bbox 2007 3725 3580 3800">
     <span class='ocr_line' id='line_1_103' title="bbox 2007 3725 3580 3800; baseline 0.002 -18"><span class='ocrx_word' id='word_1_744' title='bbox 2007 3729 2176 3783; x_wconf 86' lang='lat' dir='ltr'><strong>ratico</strong></span> <span class='ocrx_word' id='word_1_745' title='bbox 2212 3727 2495 3781; x_wconf 86' lang='lat' dir='ltr'><strong>latrocinio</strong></span> <span class='ocrx_word' id='word_1_746' title='bbox 2541 3726 2723 3779; x_wconf 87' lang='lat' dir='ltr'><strong>littora</strong></span> <span class='ocrx_word' id='word_1_747' title='bbox 2762 3732 2999 3780; x_wconf 85' lang='lat' dir='ltr'><strong>nostra:</strong></span> <span class='ocrx_word' id='word_1_748' title='bbox 3038 3735 3103 3785; x_wconf 75' lang='lat' dir='ltr'><strong>et,</strong></span> <span class='ocrx_word' id='word_1_749' title='bbox 3137 3725 3211 3782; x_wconf 92' lang='lat' dir='ltr'><strong>illi</strong></span> <span class='ocrx_word' id='word_1_750' title='bbox 3258 3728 3358 3798; x_wconf 88' lang='lat' dir='ltr'><strong>ipsi</strong></span> <span class='ocrx_word' id='word_1_751' title='bbox 3396 3730 3580 3800; x_wconf 86' lang='lat' dir='ltr'><strong>populi</strong></span> 
     </span>
    </p>
   </div>
   <div class='ocr_carea' id='block_1_100' title="bbox 2005 3815 3587 3887">
    <p class='ocr_par' dir='ltr' id='par_1_100' title="bbox 2005 3815 3587 3887">
     <span class='ocr_line' id='line_1_104' title="bbox 2005 3815 3587 3887; baseline 0.002 -14"><span class='ocrx_word' id='word_1_752' title='bbox 2005 3817 2315 3887; x_wconf 79' lang='lat' dir='ltr'><strong>Anglorum,</strong></span> <span class='ocrx_word' id='word_1_753' title='bbox 2342 3824 2397 3870; x_wconf 89' lang='lat' dir='ltr'><strong>et</strong></span> <span class='ocrx_word' id='word_1_754' title='bbox 2420 3832 2581 3887; x_wconf 84' lang='lat' dir='ltr'><strong>regna</strong></span> <span class='ocrx_word' id='word_1_755' title='bbox 2610 3824 2664 3872; x_wconf 92' lang='lat' dir='ltr'><strong>et</strong></span> <span class='ocrx_word' id='word_1_756' title='bbox 2701 3831 2855 3885; x_wconf 83' lang='lat' dir='ltr'><strong>reges</strong></span> <span class='ocrx_word' id='word_1_757' title='bbox 2876 3815 3199 3873; x_wconf 86' lang='lat' dir='ltr'><strong>dissentiunt</strong></span> <span class='ocrx_word' id='word_1_758' title='bbox 3221 3818 3364 3874; x_wconf 90' lang='lat' dir='ltr'><strong>inter</strong></span> <span class='ocrx_word' id='word_1_759' title='bbox 3401 3835 3491 3887; x_wconf 88' lang='lat' dir='ltr'><strong>se;</strong></span> <span class='ocrx_word' id='word_1_760' title='bbox 3530 3829 3587 3876; x_wconf 90' lang='lat' dir='ltr'><strong>ct</strong></span> 
     </span>
    </p>
   </div>
   <div class='ocr_carea' id='block_1_101' title="bbox 2006 3904 3581 3977">
    <p class='ocr_par' dir='ltr' id='par_1_101' title="bbox 2006 3904 3581 3977">
     <span class='ocr_line' id='line_1_105' title="bbox 2006 3904 3581 3977; baseline 0.004 -17"><span class='ocrx_word' id='word_1_761' title='bbox 2006 3908 2033 3948; x_wconf 73' lang='grc' dir='ltr'>ἀ</span> <span class='ocrx_word' id='word_1_762' title='bbox 2057 3908 2147 3961; x_wconf 91' lang='lat' dir='ltr'><strong>vix</strong></span> <span class='ocrx_word' id='word_1_763' title='bbox 2176 3905 2368 3975; x_wconf 90' lang='lat' dir='ltr'><strong>aliquis</strong></span> <span class='ocrx_word' id='word_1_764' title='bbox 2396 3904 2575 3972; x_wconf 82' lang='lat' dir='ltr'><strong>modo,</strong></span> <span class='ocrx_word' id='word_1_765' title='bbox 2609 3905 2752 3975; x_wconf 88' lang='lat' dir='ltr'><strong>quod</strong></span> <span class='ocrx_word' id='word_1_766' title='bbox 2787 3905 2905 3969; x_wconf 87' lang='lat' dir='ltr'><strong>sine</strong></span> <span class='ocrx_word' id='word_1_767' title='bbox 2948 3906 3200 3977; x_wconf 86' lang='lat' dir='ltr'><strong>lacrymis</strong></span> <span class='ocrx_word' id='word_1_768' title='bbox 3230 3925 3348 3971; x_wconf 85' lang='lat' dir='ltr'><strong>non.</strong></span> <span class='ocrx_word' id='word_1_769' title='bbox 3366 3910 3541 3967; x_wconf 84' lang='lat' dir='ltr'><strong>dicam</strong></span> <span class='ocrx_word' id='word_1_770' title='bbox 3564 3951 3581 3976; x_wconf 92' lang='lat'><strong>,</strong></span> 
     </span>
    </p>
   </div>
   <div class='ocr_carea' id='block_1_102' title="bbox 2008 3997 3583 4069">
    <p class='ocr_par' dir='ltr' id='par_1_102' title="bbox 2008 3997 3583 4069">
     <span class='ocr_line' id='line_1_106' title="bbox 2008 3997 3583 4069; baseline 0.003 -16"><span class='ocrx_word' id='word_1_771' title='bbox 2008 4015 2074 4054; x_wconf 85' lang='lat' dir='ltr'><strong>ex</strong></span> <span class='ocrx_word' id='word_1_772' title='bbox 2105 3999 2324 4069; x_wconf 76' lang='lat' dir='ltr'><strong>antiqua</strong></span> <span class='ocrx_word' id='word_1_773' title='bbox 2358 4013 2545 4068; x_wconf 85' lang='lat' dir='ltr'><strong>regum</strong></span> <span class='ocrx_word' id='word_1_774' title='bbox 2568 3997 2821 4068; x_wconf 85' lang='lat' dir='ltr'><strong>prosapia</strong></span> <span class='ocrx_word' id='word_1_775' title='bbox 2868 3997 3179 4063; x_wconf 80' lang='lat' dir='ltr'><strong>invenitur,</strong></span> <span class='ocrx_word' id='word_1_776' title='bbox 3211 4006 3266 4053; x_wconf 91' lang='lat' dir='ltr'><strong>et</strong></span> <span class='ocrx_word' id='word_1_777' title='bbox 3320 4007 3470 4058; x_wconf 84' lang='lat' dir='ltr'><strong>tanto</strong></span> <span class='ocrx_word' id='word_1_778' title='bbox 3499 4001 3583 4057; x_wconf 86' lang='lat' dir='ltr'><strong>in-</strong></span> 
     </span>
    </p>
   </div>
   <div class='ocr_carea' id='block_1_103' title="bbox 2008 4088 3585 4161">
    <p class='ocr_par' dir='ltr' id='par_1_103' title="bbox 2008 4088 3585 4161">
     <span class='ocr_line' id='line_1_107' title="bbox 2008 4088 3585 4161; baseline -0.001 -15"><span class='ocrx_word' id='word_1_779' title='bbox 2008 4092 2269 4147; x_wconf 88' lang='lat' dir='ltr'><strong>certiores</strong></span> <span class='ocrx_word' id='word_1_780' title='bbox 2290 4099 2420 4144; x_wconf 89' lang='lat' dir='ltr'><strong>sunt</strong></span> <span class='ocrx_word' id='word_1_781' title='bbox 2449 4089 2695 4161; x_wconf 85' lang='lat' dir='ltr'><strong>originis,</strong></span> <span class='ocrx_word' id='word_1_782' title='bbox 2733 4097 2931 4158; x_wconf 89' lang='lat' dir='ltr'><strong>quanto</strong></span> <span class='ocrx_word' id='word_1_783' title='bbox 2962 4088 3250 4160; x_wconf 72' lang='lat' dir='ltr'><strong>minores[</strong></span> <span class='ocrx_word' id='word_1_784' title='bbox 3272 4089 3404 4149; x_wconf 87' lang='lat' dir='ltr'><strong>Cod,</strong></span> <span class='ocrx_word' id='word_1_785' title='bbox 3441 4089 3585 4149; x_wconf 79' lang='lat' dir='ltr'><strong>Har-</strong></span> 
     </span>
    </p>
   </div>
   <div class='ocr_carea' id='block_1_104' title="bbox 2008 4177 3584 4252">
    <p class='ocr_par' dir='ltr' id='par_1_104' title="bbox 2008 4177 3584 4252">
     <span class='ocr_line' id='line_1_108' title="bbox 2008 4177 3584 4252; baseline -0.001 -17"><span class='ocrx_word' id='word_1_786' title='bbox 2008 4181 2232 4248; x_wconf 81' lang='lat' dir='ltr'><strong>leianus,</strong></span> <span class='ocrx_word' id='word_1_787' title='bbox 2279 4181 2654 4236; x_wconf 89' lang='lat' dir='ltr'><strong>incertioris...</strong></span> <span class='ocrx_word' id='word_1_788' title='bbox 2689 4178 2937 4252; x_wconf 88' lang='lat' dir='ltr'><strong>minoris]</strong></span> <span class='ocrx_word' id='word_1_789' title='bbox 2965 4188 3089 4235; x_wconf 88' lang='lat' dir='ltr'><strong>sunt</strong></span> <span class='ocrx_word' id='word_1_790' title='bbox 3112 4177 3460 4241; x_wconf 82' lang='lat' dir='ltr'><strong>fortitudinis.</strong></span> <span class='ocrx_word' id='word_1_791' title='bbox 3499 4179 3584 4235; x_wconf 90' lang='lat' dir='ltr'><strong>Si-</strong></span> 
     </span>
    </p>
   </div>
   <div class='ocr_carea' id='block_1_105' title="bbox 2009 4270 3588 4344">
    <p class='ocr_par' dir='ltr' id='par_1_105' title="bbox 2009 4270 3588 4344">
     <span class='ocr_line' id='line_1_109' title="bbox 2009 4270 3588 4344; baseline -0.002 -16"><span class='ocrx_word' id='word_1_792' title='bbox 2009 4273 2211 4328; x_wconf 89' lang='lat' dir='ltr'><strong>militer</strong></span> <span class='ocrx_word' id='word_1_793' title='bbox 2249 4279 2303 4327; x_wconf 90' lang='lat' dir='ltr'><strong>et</strong></span> <span class='ocrx_word' id='word_1_794' title='bbox 2339 4287 2436 4344; x_wconf 89' lang='lat' dir='ltr'><strong>per</strong></span> <span class='ocrx_word' id='word_1_795' title='bbox 2474 4271 2730 4327; x_wconf 89' lang='lat' dir='ltr'><strong>ecclesias</strong></span> <span class='ocrx_word' id='word_1_796' title='bbox 2772 4270 2974 4326; x_wconf 85' lang='lat' dir='ltr'><strong>Christi</strong></span> <span class='ocrx_word' id='word_1_797' title='bbox 3018 4270 3297 4341; x_wconf 82' lang='lat' dir='ltr'><strong>perierunt</strong></span> <span class='ocrx_word' id='word_1_798' title='bbox 3338 4270 3588 4327; x_wconf 89' lang='lat' dir='ltr'><strong>doctores</strong></span> 
     </span>
    </p>
   </div>
   <div class='ocr_carea' id='block_1_106' title="bbox 2009 4361 3587 4431">
    <p class='ocr_par' dir='ltr' id='par_1_106' title="bbox 2009 4361 3587 4431">
     <span class='ocr_line' id='line_1_110' title="bbox 2009 4361 3587 4431; baseline -0.003 -14"><span class='ocrx_word' id='word_1_799' title='bbox 2009 4363 2278 4428; x_wconf 84' lang='lat' dir='ltr'><strong>veritatis;</strong></span> <span class='ocrx_word' id='word_1_800' title='bbox 2320 4378 2507 4419; x_wconf 88' lang='lat' dir='ltr'><strong>omnes</strong></span> <span class='ocrx_word' id='word_1_801' title='bbox 2533 4377 2670 4431; x_wconf 89' lang='lat' dir='ltr'><strong>pene</strong></span> <span class='ocrx_word' id='word_1_802' title='bbox 2708 4362 2976 4417; x_wconf 86' lang='lat' dir='ltr'><strong>vanitates</strong></span> <span class='ocrx_word' id='word_1_803' title='bbox 3024 4361 3311 4418; x_wconf 71' lang='lat' dir='ltr'><strong>sceculares</strong></span> <span class='ocrx_word' id='word_1_804' title='bbox 3352 4376 3587 4430; x_wconf 86' lang='lat' dir='ltr'><strong>sequun-</strong></span> 
     </span>
    </p>
   </div>
   <div class='ocr_carea' id='block_1_107' title="bbox 2012 4451 3588 4523">
    <p class='ocr_par' dir='ltr' id='par_1_107' title="bbox 2012 4451 3588 4523">
     <span class='ocr_line' id='line_1_111' title="bbox 2012 4451 3588 4523; baseline -0.004 -13"><span class='ocrx_word' id='word_1_805' title='bbox 2012 4465 2132 4520; x_wconf 90' lang='lat' dir='ltr'><strong>tur,</strong></span> <span class='ocrx_word' id='word_1_806' title='bbox 2161 4464 2216 4510; x_wconf 90' lang='lat' dir='ltr'><strong>et</strong></span> <span class='ocrx_word' id='word_1_807' title='bbox 2245 4454 2557 4523; x_wconf 88' lang='lat' dir='ltr'><strong>disciplinas</strong></span> <span class='ocrx_word' id='word_1_808' title='bbox 2594 4453 2869 4523; x_wconf 85' lang='lat' dir='ltr'><strong>regulares</strong></span> <span class='ocrx_word' id='word_1_809' title='bbox 2890 4452 3016 4507; x_wconf 90' lang='lat' dir='ltr'><strong>odio</strong></span> <span class='ocrx_word' id='word_1_810' title='bbox 3044 4452 3244 4506; x_wconf 87' lang='lat' dir='ltr'><strong>habent</strong></span> <span class='ocrx_word' id='word_1_811' title='bbox 3276 4465 3291 4504; x_wconf 88' lang='lat'><strong>:</strong></span> <span class='ocrx_word' id='word_1_812' title='bbox 3330 4460 3381 4506; x_wconf 91' lang='lat' dir='ltr'><strong>el</strong></span> <span class='ocrx_word' id='word_1_813' title='bbox 3422 4451 3588 4506; x_wconf 90' lang='lat' dir='ltr'><strong>bella-</strong></span> 
     </span>
    </p>
   </div>
   <div class='ocr_carea' id='block_1_108' title="bbox 2014 4536 3581 4609">
    <p class='ocr_par' dir='ltr' id='par_1_108' title="bbox 2014 4536 3581 4609">
     <span class='ocr_line' id='line_1_112' title="bbox 2014 4536 3581 4609; baseline -0.002 -14"><span class='ocrx_word' id='word_1_814' title='bbox 2014 4549 2158 4596; x_wconf 89' lang='lat' dir='ltr'><strong>tores</strong></span> <span class='ocrx_word' id='word_1_815' title='bbox 2187 4540 2399 4595; x_wconf 89' lang='lat' dir='ltr'><strong>illorum</strong></span> <span class='ocrx_word' id='word_1_816' title='bbox 2426 4539 2597 4609; x_wconf 86' lang='lat' dir='ltr'><strong>magis</strong></span> <span class='ocrx_word' id='word_1_817' title='bbox 2625 4537 2866 4592; x_wconf 68' lang='lat' dir='ltr'><strong>avaritia:</strong></span> <span class='ocrx_word' id='word_1_818' title='bbox 2907 4536 3125 4591; x_wconf 89' lang='lat' dir='ltr'><strong>student</strong></span> <span class='ocrx_word' id='word_1_819' title='bbox 3153 4552 3313 4608; x_wconf 75' lang='lat' dir='ltr'><strong>quam</strong></span> <span class='ocrx_word' id='word_1_820' title='bbox 3335 4536 3581 4607; x_wconf 71' lang='lat' dir='ltr'><strong>justitiaz.</strong></span> 
     </span>
    </p>
   </div>
   <div class='ocr_carea' id='block_1_109' title="bbox 2012 4626 3586 4701">
    <p class='ocr_par' dir='ltr' id='par_1_109' title="bbox 2012 4626 3586 4701">
     <span class='ocr_line' id='line_1_113' title="bbox 2012 4626 3586 4701; baseline -0.001 -15"><span class='ocrx_word' id='word_1_821' title='bbox 2012 4631 2212 4687; x_wconf 87' lang='lat' dir='ltr'><strong>Discite</strong></span> <span class='ocrx_word' id='word_1_822' title='bbox 2240 4641 2264 4670; x_wconf 73' lang='grc' dir='ltr'>ε</span> <span class='ocrx_word' id='word_1_823' title='bbox 2290 4629 2520 4701; x_wconf 83' lang='lat' dir='ltr'><strong>Gylbum</strong></span> <span class='ocrx_word' id='word_1_824' title='bbox 2566 4628 2656 4701; x_wconf 88' lang='lat' dir='ltr'><strong>[Id</strong></span> <span class='ocrx_word' id='word_1_825' title='bbox 2684 4628 2827 4695; x_wconf 89' lang='lat' dir='ltr'><strong>cod.,</strong></span> <span class='ocrx_word' id='word_1_826' title='bbox 2848 4626 3149 4696; x_wconf 80' lang='lat' dir='ltr'><strong>Giraldum]</strong></span> <span class='ocrx_word' id='word_1_827' title='bbox 3171 4630 3478 4685; x_wconf 89' lang='lat' dir='ltr'><strong>Brettonem</strong></span> <span class='ocrx_word' id='word_1_828' title='bbox 3501 4645 3586 4684; x_wconf 85' lang='lat' dir='ltr'><strong>sa-</strong></span> 
     </span>
    </p>
   </div>
   <div class='ocr_carea' id='block_1_110' title="bbox 2011 4717 3587 4791">
    <p class='ocr_par' dir='ltr' id='par_1_110' title="bbox 2011 4717 3587 4791">
     <span class='ocr_line' id='line_1_114' title="bbox 2011 4717 3587 4791; baseline -0.002 -15"><span class='ocrx_word' id='word_1_829' title='bbox 2011 4720 2424 4791; x_wconf 90' lang='lat' dir='ltr'><strong>pientissimum,</strong></span> <span class='ocrx_word' id='word_1_830' title='bbox 2441 4726 2494 4772; x_wconf 88' lang='lat' dir='ltr'><strong>et</strong></span> <span class='ocrx_word' id='word_1_831' title='bbox 2509 4718 2678 4774; x_wconf 81' lang='lat' dir='ltr'><strong>videte</strong></span> <span class='ocrx_word' id='word_1_832' title='bbox 2698 4733 2765 4772; x_wconf 84' lang='lat' dir='ltr'><strong>ex</strong></span> <span class='ocrx_word' id='word_1_833' title='bbox 2779 4717 2972 4789; x_wconf 84' lang='lat' dir='ltr'><strong>quibus</strong></span> <span class='ocrx_word' id='word_1_834' title='bbox 2988 4718 3165 4772; x_wconf 90' lang='lat' dir='ltr'><strong>causis</strong></span> <span class='ocrx_word' id='word_1_835' title='bbox 3181 4727 3429 4788; x_wconf 87' lang='lat' dir='ltr'><strong>parentes</strong></span> <span class='ocrx_word' id='word_1_836' title='bbox 3445 4719 3587 4774; x_wconf 90' lang='lat' dir='ltr'><strong>Brit-</strong></span> 
     </span>
    </p>
   </div>
   <div class='ocr_carea' id='block_1_111' title="bbox 2012 4810 3588 4883">
    <p class='ocr_par' dir='ltr' id='par_1_111' title="bbox 2012 4810 3588 4883">
     <span class='ocr_line' id='line_1_115' title="bbox 2012 4810 3588 4883; baseline -0.002 -15"><span class='ocrx_word' id='word_1_837' title='bbox 2012 4821 2198 4869; x_wconf 85' lang='lat' dir='ltr'><strong>tonum</strong></span> <span class='ocrx_word' id='word_1_838' title='bbox 2214 4810 2560 4883; x_wconf 89' lang='lat' dir='ltr'><strong>perdiderunt</strong></span> <span class='ocrx_word' id='word_1_839' title='bbox 2571 4825 2794 4880; x_wconf 85' lang='lat' dir='ltr'><strong>regnum</strong></span> <span class='ocrx_word' id='word_1_840' title='bbox 2814 4819 2869 4864; x_wconf 90' lang='lat' dir='ltr'><strong>et</strong></span> <span class='ocrx_word' id='word_1_841' title='bbox 2889 4811 3119 4880; x_wconf 87' lang='lat' dir='ltr'><strong>patriam</strong></span> <span class='ocrx_word' id='word_1_842' title='bbox 3143 4826 3158 4863; x_wconf 88' lang='lat'>:</span> <span class='ocrx_word' id='word_1_843' title='bbox 3182 4817 3237 4864; x_wconf 89' lang='lat' dir='ltr'><strong>et</strong></span> <span class='ocrx_word' id='word_1_844' title='bbox 3249 4810 3588 4865; x_wconf 87' lang='lat' dir='ltr'><strong>considerate</strong></span> 
     </span>
    </p>
   </div>
   <div class='ocr_carea' id='block_1_112' title="bbox 2010 4900 3591 4976">
    <p class='ocr_par' dir='ltr' id='par_1_112' title="bbox 2010 4900 3591 4976">
     <span class='ocr_line' id='line_1_116' title="bbox 2010 4900 3591 4976; baseline -0.003 -13"><span class='ocrx_word' id='word_1_845' title='bbox 2010 4913 2385 4976; x_wconf 78' lang='lat' dir='ltr'><strong>vosmetipsos,</strong></span> <span class='ocrx_word' id='word_1_846' title='bbox 2401 4905 2518 4960; x_wconf 87' lang='lat' dir='ltr'><strong>etin</strong></span> <span class='ocrx_word' id='word_1_847' title='bbox 2531 4903 2829 4972; x_wconf 86' lang='lat' dir='ltr'><strong>vobispene</strong></span> <span class='ocrx_word' id='word_1_848' title='bbox 2840 4902 3033 4957; x_wconf 87' lang='lat' dir='ltr'><strong>similia</strong></span> <span class='ocrx_word' id='word_1_849' title='bbox 3052 4902 3355 4963; x_wconf 84' lang='lat' dir='ltr'><strong>invenietis.</strong></span> <span class='ocrx_word' id='word_1_850' title='bbox 3378 4900 3591 4959; x_wconf 87' lang='lat' dir='ltr'><strong>Timete</strong></span> 
     </span>
    </p>
   </div>
   <div class='ocr_carea' id='block_1_113' title="bbox 2013 5014 3587 5098">
    <p class='ocr_par' dir='ltr' id='par_1_113' title="bbox 2013 5014 3587 5098">
     <span class='ocr_line' id='line_1_117' title="bbox 2013 5014 3587 5098; baseline -0.006 -21"><span class='ocrx_word' id='word_1_851' title='bbox 2013 5038 2156 5077; x_wconf 92' lang='lat' dir='ltr'><strong>anno</strong></span> <span class='ocrx_word' id='word_1_852' title='bbox 2183 5020 2286 5076; x_wconf 73' lang='lat'><strong>794</strong></span> <span class='ocrx_word' id='word_1_853' title='bbox 2309 5018 2461 5098; x_wconf 80' lang='lat' dir='ltr'><strong>obiit)</strong></span> <span class='ocrx_word' id='word_1_854' title='bbox 2491 5017 2875 5098; x_wconf 56' lang='lat' dir='ltr'><strong>nubilaregum</strong></span> <span class='ocrx_word' id='word_1_855' title='bbox 2899 5029 3118 5098; x_wconf 71' lang='lat' dir='ltr'><strong>germen</strong></span> <span class='ocrx_word' id='word_1_856' title='bbox 3147 5014 3359 5098; x_wconf 68' lang='lat' dir='ltr'><strong>exaruit</strong></span> <span class='ocrx_word' id='word_1_857' title='bbox 3381 5052 3396 5079; x_wconf 88' lang='lat'><strong>,</strong></span> <span class='ocrx_word' id='word_1_858' title='bbox 3424 5028 3587 5097; x_wconf 49' lang='lat' dir='ltr'><strong>gena</strong></span> 
     </span>
    </p>
   </div>
   <div class='ocr_carea' id='block_1_114' title="bbox 2014 5084 3582 5158">
    <p class='ocr_par' dir='ltr' id='par_1_114' title="bbox 2014 5084 3582 5158">
     <span class='ocr_line' id='line_1_118' title="bbox 2014 5084 3582 5158; baseline -0.007 -10"><span class='ocrx_word' id='word_1_859' title='bbox 2014 5107 2172 5148; x_wconf 83' lang='lat' dir='ltr'><strong>rosus</strong></span> <span class='ocrx_word' id='word_1_860' title='bbox 2214 5084 2711 5158; x_wconf 61' lang='lat' dir='ltr'><strong>sanguis&#39;eli‘riguit.</strong></span> <span class='ocrx_word' id='word_1_861' title='bbox 2726 5084 2888 5158; x_wconf 63' lang='lat' dir='ltr'><strong>Tunc</strong></span> <span class='ocrx_word' id='word_1_862' title='bbox 2910 5084 3405 5158; x_wconf 79' lang='lat' dir='ltr'><strong>impudentissimas</strong></span> <span class='ocrx_word' id='word_1_863' title='bbox 3428 5084 3582 5153; x_wconf 84' lang='lat' dir='ltr'><strong>quis-</strong></span> 
     </span>
    </p>
   </div>
   <div class='ocr_carea' id='block_1_115' title="bbox 2014 5154 3591 5231">
    <p class='ocr_par' dir='ltr' id='par_1_115' title="bbox 2014 5154 3591 5231">
     <span class='ocr_line' id='line_1_119' title="bbox 2014 5154 3591 5231; baseline -0.006 -13"><span class='ocrx_word' id='word_1_864' title='bbox 2014 5177 2138 5231; x_wconf 87' lang='lat' dir='ltr'><strong>que,</strong></span> <span class='ocrx_word' id='word_1_865' title='bbox 2170 5160 2258 5215; x_wconf 89' lang='lat' dir='ltr'><strong>cui</strong></span> <span class='ocrx_word' id='word_1_866' title='bbox 2280 5154 2363 5213; x_wconf 78' lang='lat' dir='ltr'><strong>vel</strong></span> <span class='ocrx_word' id='word_1_867' title='bbox 2386 5158 2566 5231; x_wconf 78' lang='lat' dir='ltr'><strong>lingua</strong></span> <span class='ocrx_word' id='word_1_868' title='bbox 2585 5154 2825 5231; x_wconf 72' lang='lat' dir='ltr'><strong>divitias,</strong></span> <span class='ocrx_word' id='word_1_869' title='bbox 2843 5154 3121 5231; x_wconf 41' lang='lat' dir='ltr'><strong>velliactio</strong></span> <span class='ocrx_word' id='word_1_870' title='bbox 3152 5164 3417 5231; x_wconf 80' lang='lat' dir='ltr'><strong>terrorem</strong></span> <span class='ocrx_word' id='word_1_871' title='bbox 3431 5170 3591 5231; x_wconf 72' lang='lat' dir='ltr'><strong>com-</strong></span> 
     </span>
    </p>
   </div>
   <div class='ocr_carea' id='block_1_116' title="bbox 2013 5225 3583 5301">
    <p class='ocr_par' dir='ltr' id='par_1_116' title="bbox 2013 5225 3583 5301">
     <span class='ocr_line' id='line_1_120' title="bbox 2013 5225 3583 5301; baseline -0.003 -17"><span class='ocrx_word' id='word_1_872' title='bbox 2013 5225 2334 5301; x_wconf 66' lang='lat' dir='ltr'><strong>paraverat,</strong></span> <span class='ocrx_word' id='word_1_873' title='bbox 2373 5225 2803 5301; x_wconf 73' lang='lat' dir='ltr'><strong>adtyrannidern</strong></span> <span class='ocrx_word' id='word_1_874' title='bbox 2834 5225 3113 5301; x_wconf 70' lang='lat' dir='ltr'><strong>anhelare,</strong></span> <span class='ocrx_word' id='word_1_875' title='bbox 3156 5225 3469 5301; x_wconf 50' lang='lat' dir='ltr'><strong>tuncjegio-</strong></span> <span class='ocrx_word' id='word_1_876' title='bbox 3497 5225 3583 5279; x_wconf 92' lang='lat' dir='ltr'><strong>in-</strong></span> 
     </span>
    </p>
   </div>
   <div class='ocr_carea' id='block_1_117' title="bbox 2014 5293 3595 5371">
    <p class='ocr_par' dir='ltr' id='par_1_117' title="bbox 2014 5293 3595 5371">
     <span class='ocr_line' id='line_1_121' title="bbox 2014 5293 3595 5371; baseline -0.011 -15"><span class='ocrx_word' id='word_1_877' title='bbox 2014 5293 2152 5371; x_wconf 71' lang='lat' dir='ltr'><strong>signi</strong></span> <span class='ocrx_word' id='word_1_878' title='bbox 2174 5299 2341 5371; x_wconf 67' lang='lat' dir='ltr'><strong>abuti.</strong></span> <span class='ocrx_word' id='word_1_879' title='bbox 2363 5293 2602 5371; x_wconf 72' lang='lat' dir='ltr'><strong>Quorum</strong></span> <span class='ocrx_word' id='word_1_880' title='bbox 2618 5295 2980 5371; x_wconf 36' lang='lat' dir='ltr'><strong>aedili-mtas,</strong></span> <span class='ocrx_word' id='word_1_881' title='bbox 3011 5293 3435 5371; x_wconf 49' lang='lat' dir='ltr'><strong>idemqueyren,</strong></span> <span class='ocrx_word' id='word_1_882' title='bbox 3458 5308 3595 5371; x_wconf 79' lang='lat' dir='ltr'><strong>cum.</strong></span> 
     </span>
    </p>
   </div>
   <div class='ocr_carea' id='block_1_118' title="bbox 2013 5362 3597 5434">
    <p class='ocr_par' dir='ltr' id='par_1_118' title="bbox 2013 5362 3597 5434">
     <span class='ocr_line' id='line_1_122' title="bbox 2013 5362 3597 5434; baseline -0.008 -7"><span class='ocrx_word' id='word_1_883' title='bbox 2013 5362 2230 5427; x_wconf 62' lang='lat' dir='ltr'><strong>biénnio</strong></span> <span class='ocrx_word' id='word_1_884' title='bbox 2259 5362 2589 5423; x_wconf 84' lang='lat' dir='ltr'><strong>Cantuaritis</strong></span> <span class='ocrx_word' id='word_1_885' title='bbox 2617 5364 2972 5434; x_wconf 86' lang='lat' dir='ltr'><strong>imperitaret,</strong></span> <span class='ocrx_word' id='word_1_886' title='bbox 3017 5364 3087 5417; x_wconf 90' lang='lat' dir='ltr'><strong>in.</strong></span> <span class='ocrx_word' id='word_1_887' title='bbox 3117 5362 3347 5434; x_wconf 68' lang='lat' dir='ltr'><strong>marcius</strong></span> <span class='ocrx_word' id='word_1_888' title='bbox 3379 5362 3597 5431; x_wconf 46' lang='lat' dir='ltr'><strong>majora:</strong></span> 
     </span>
    </p>
   </div>
   <div class='ocr_carea' id='block_1_119' title="bbox 2013 5433 3584 5507">
    <p class='ocr_par' dir='ltr' id='par_1_119' title="bbox 2013 5433 3584 5507">
     <span class='ocr_line' id='line_1_123' title="bbox 2013 5433 3584 5507; baseline -0.003 -14"><span class='ocrx_word' id='word_1_889' title='bbox 2013 5439 2219 5495; x_wconf 85' lang='lat' dir='ltr'><strong>viribus</strong></span> <span class='ocrx_word' id='word_1_890' title='bbox 2259 5451 2422 5507; x_wconf 83' lang='lat' dir='ltr'><strong>ausus</strong></span> <span class='ocrx_word' id='word_1_891' title='bbox 2448 5437 2607 5507; x_wconf 81' lang='lat' dir='ltr'><strong>etab</strong></span> <span class='ocrx_word' id='word_1_892' title='bbox 2634 5433 2837 5507; x_wconf 75' lang='lat' dir='ltr'><strong>eisdem</strong></span> <span class='ocrx_word' id='word_1_893' title='bbox 2865 5441 3074 5504; x_wconf 90' lang='lat' dir='ltr'><strong>captus,</strong></span> <span class='ocrx_word' id='word_1_894' title='bbox 3113 5433 3348 5489; x_wconf 85' lang='lat' dir='ltr'><strong>vinculis</strong></span> <span class='ocrx_word' id='word_1_895' title='bbox 3366 5448 3584 5507; x_wconf 72' lang='lat' dir='ltr'><strong>mnus,</strong></span> 
     </span>
    </p>
   </div>
   <div class='ocr_carea' id='block_1_120' title="bbox 2014 5503 3572 5578">
    <p class='ocr_par' dir='ltr' id='par_1_120' title="bbox 2014 5503 3572 5578">
     <span class='ocr_line' id='line_1_124' title="bbox 2014 5503 3572 5578; baseline -0.006 -12"><span class='ocrx_word' id='word_1_896' title='bbox 2014 5523 2207 5578; x_wconf 70' lang='lat' dir='ltr'><strong>corpus</strong></span> <span class='ocrx_word' id='word_1_897' title='bbox 2233 5505 2527 5578; x_wconf 66' lang='lat' dir='ltr'><strong>captivitati</strong></span> <span class='ocrx_word' id='word_1_898' title='bbox 2556 5503 2805 5578; x_wconf 57' lang='lat' dir='ltr'><strong>pgeliuit.</strong></span> <span class='ocrx_word' id='word_1_899' title='bbox 2835 5523 2898 5578; x_wconf 67' lang='lat' dir='ltr'><strong>i__</strong></span> <span class='ocrx_word' id='word_1_900' title='bbox 2933 5503 2946 5504; x_wconf 27' lang='grc' dir='ltr'>θ</span> <span class='ocrx_word' id='word_1_901' title='bbox 3005 5574 3067 5578; x_wconf 44' lang='grc' dir='ltr'><strong><em>ψ</em></strong></span> <span class='ocrx_word' id='word_1_902' title='bbox 3226 5575 3240 5578; x_wconf 95' lang='lat'><em>_</em></span> <span class='ocrx_word' id='word_1_903' title='bbox 3291 5576 3305 5578; x_wconf 94' lang='lat'><em>_</em></span> <span class='ocrx_word' id='word_1_904' title='bbox 3486 5573 3501 5578; x_wconf 86' lang='lat'><strong><em>_</em></strong></span> <span class='ocrx_word' id='word_1_905' title='bbox 3551 5517 3572 5537; x_wconf 74' lang='grc' dir='ltr'><strong>ο</strong></span> 
     </span>
    </p>
   </div>
   <div class='ocr_carea' id='block_1_121' title="bbox 2052 5573 3589 5659">
    <p class='ocr_par' dir='ltr' id='par_1_121' title="bbox 2052 5573 3589 5659">
     <span class='ocr_line' id='line_1_125' title="bbox 2052 5573 3589 5659; baseline 0 0"><span class='ocrx_word' id='word_1_906' title='bbox 2052 5648 2065 5659; x_wconf 90' lang='grc'>.</span> <span class='ocrx_word' id='word_1_907' title='bbox 2090 5573 2126 5618; x_wconf 79' lang='grc'><strong>·“</strong></span> <span class='ocrx_word' id='word_1_908' title='bbox 2147 5573 2817 5659; x_wconf 42' lang='lat' dir='ltr'><strong>“durissimae;</strong></span> <span class='ocrx_word' id='word_1_909' title='bbox 2842 5573 3589 5659; x_wconf 42' lang='lat' dir='ltr'><strong>resumes»!!!-</strong></span> 
     </span>
    </p>
   </div>
   <div class='ocr_carea' id='block_1_122' title="bbox 2014 5643 3591 5777">
    <p class='ocr_par' dir='ltr' id='par_1_122' title="bbox 2014 5643 3591 5777">
     <span class='ocr_line' id='line_1_126' title="bbox 2014 5643 3591 5777; baseline -0.008 -3"><span class='ocrx_word' id='word_1_910' title='bbox 2014 5643 3591 5777; x_wconf 44' lang='lat' dir='ltr'><strong>ﬁiiiﬁiﬁ&#39;ﬂﬁﬁﬁiiﬁi’iﬂi~§iiif°é§l”3iif&#39;°eﬁii</strong></span> 
     </span>
    </p>
   </div>
   <div class='ocr_carea' id='block_1_123' title="bbox 2016 5785 2520 5860">
    <p class='ocr_par' dir='ltr' id='par_1_123' title="bbox 2016 5785 2520 5860">
     <span class='ocr_line' id='line_1_127' title="bbox 2016 5785 2520 5860; baseline -0.008 -14"><span class='ocrx_word' id='word_1_911' title='bbox 2016 5788 2210 5860; x_wconf 62' lang='lat' dir='ltr'><strong>Lugm,</strong></span> <span class='ocrx_word' id='word_1_912' title='bbox 2246 5802 2366 5859; x_wconf 76' lang='lat' dir='ltr'><strong>pag.</strong></span> <span class='ocrx_word' id='word_1_913' title='bbox 2397 5785 2520 5842; x_wconf 88' lang='lat'><strong>707.</strong></span> 
     </span>
    </p>
   </div>
  </div>
