4070 6182
340 383 450 438 235

1785 387 2136 446 ΕΡΙΒΤΟΙΑΕ
2148 430 2161 445 .

3501 399 3610 453 εει

341 495 448 549 tius
475 502 707 564 pugnat,
756 493 897 548 sicut
921 495 1020 550 bos
1059 495 1232 550 lassus
1277 493 1469 549 fortius
1499 494 1610 564 ﬁgit
1647 495 1916 564 ungulam.
1949 503 1994 557 Α
2024 500 2148 564 tuit,
2185 502 2374 557 melius
2403 512 2486 558 est
2531 521 2590 559 ea
2622 505 2802 562 facere
2841 508 2945 578 81
2999 525 3117 578 qua:
3165 509 3363 564 suadeo
3391 552 3404 574 ,
3443 527 3608 579 quam

337 587 494 644 Sicut
522 586 771 642 diabolus
800 586 1010 642 ltetatus
1033 596 1116 643 est
1165 588 1230 643 de
1278 585 1420 654 luga,
1469 585 1553 641 l'ac
1595 594 1653 640 ut
1697 587 1924 656 gaudeat

332 679 588 736 Christus
613 677 682 734 de
724 679 1005 749 multiplici
1057 681 1357 734 animarum
1393 694 1422 732 a
1460 687 1509 732 te
1548 676 1827 747 profectu;
1869 685 1925 733 et

329 782 430 826 tua
476 784 692 825 merces
717 769 894 838 major
940 779 1172 835 crescat,
1222 769 1434 824 dicente
1483 769 1598 838 ipsa
1640 769 1918 824 Veritate:

2027 593 2296 647 omittere.
2333 592 2564 650 Omnino
2606 597 2898 652 aﬂ‘ectuosa
2927 599 3193 655 chmitate
3225 601 3516 664 admoneo.
3545 610 3607 655 ut

2027 682 2290 737 instanter
2333 684 2594 754 prmdices
2643 689 2866 742 verbum
2914 689 3038 754 Dei;
3089 689 3192 744 hoc
3237 699 3318 745 est
3371 689 3609 745 cilicium

2025 778 2176 825 tuum
2196 812 2209 835 ,
2241 772 2357 826 lucc
2379 789 2588 828 merces
2611 784 2723 839 tua,
2749 777 2804 830 hi
2833 774 3040 831 fructus
3060 778 3258 846 operis,
3284 780 3398 832 lure
3427 793 3606 834 sacer-

333 859 520 931 Hajus
546 858 799 931 gaudium
840 869 913 912 est
939 859 994 912 in
1024 857 1163 913 cretis
1199 874 1375 912 coram
1407 858 1602 928 angelis
1632 858 1730 912 Dei
1769 877 1924 930 super
2025 859 2168 914 dotis
2195 861 2459 931 dignitas,
2489 863 2605 917 laus
2649 872 2704 918 et
2732 865 2936 929 honor;
3001 875 3262 934 quatenus
3322 862 3604 938 multiplici

328 968 440 1005 uno
460 959 733 1022 peccatore
757 949 1108 1018 pwnitentiam
1141 958 1350 1018 agente,
1385 965 1540 1019 quam
1569 967 1724 1019 super
1757 967 1922 1004 nona-

327 1043 480 1112 ginta
507 1057 685 1095 nouem
713 1041 804 1111 qui
834 1056 936 1093 non
957 1039 1187 1108 indigent
1212 1041 1509 1110 pmitentia
1533 1040 1684 1112 (Luc.
1720 1058 1806 1104 xv,
1839 1042 1914 1113 7).

326 1131 464 1190 Hac
511 1132 692 1189 omnia
728 1132 948 1186 omnino
977 1130 1388 1200 diligentissime
1427 1132 1775 1188 considerans
1801 1174 1815 1197 ,
1864 1134 1917 1187 in

326 1225 535 1281 Christi
564 1225 830 1280 charitate
861 1237 1076 1292 semper
1115 1221 1402 1290 proﬁcias;
1446 1240 1635 1279 amans
1665 1224 1813 1278 illum
1850 1241 1916 1280 ex

327 1327 449 1374 toto
507 1296 709 1382 corde,
781 1327 891 1372 tota
945 1317 1147 1371 virtute
1200 1328 1253 1374 et
1291 1326 1401 1372 tota
1462 1329 1672 1384 mente,
1725 1321 1816 1389 qui
1863 1329 1915 1375 te

326 1409 588 1464 exaltavit
609 1450 624 1475 ,
665 1407 1040 1463 bonorilicavit
1075 1417 1130 1463 et
1164 1409 1501 1465 conservavit
1521 1409 1574 1462 in
1598 1409 1740 1464 diem
1774 1411 1916 1464 salu-

327 1501 402 1554 tis
426 1508 553 1555 tuae.

401 1590 766 1646 Vanissimum
797 1604 926 1644 vero
949 1589 1392 1644 vestimentorum
1421 1589 1644 1654 cultum,
1693 1597 1748 1642 ct
1787 1604 1914 1643 con-

326 1680 596 1734 viviorum
630 1679 1039 1734 immoderatum
1063 1695 1220 1733 usum
1256 1679 1503 1742 omnino,
1534 1687 1789 1749 quantum
1822 1694 1915 1732 va-

324 1771 459 1835 leas,
490 1771 758 1840 expellere
779 1786 810 1824 a
834 1778 885 1823 te
911 1771 1125 1838 tuisque
1155 1770 1656 1836 consacerdotibus,
1685 1769 1770 1824 vel
1798 1785 1910 1824 ma-

325 1861 410 1930 gis
448 1835 596 1916 omni
637 1859 784 1915 clero
819 1868 878 1914 et
926 1835 1306 1914 ecclesiastica:
1349 1859 1627 1928 dignitatis
1658 1860 1910 1932 gradibus
1940 1835 1987 1895 Β

327 1951 741 2022 diligentissime
765 1949 999 2004 studeas.
1028 1949 1226 2004 Beatus
1255 1950 1472 2013 Petrus,
1503 1951 1753 2020 princeps
1784 1965 1912 2020 apo—

324 2043 610 2106 stolorum,
639 2042 836 2096 trinam
864 2041 1162 2109 negationis
1186 2040 1450 2094 maculam
1475 2040 1654 2112 (Joan.
1680 2057 1792 2105 xxi,
1822 2041 1910 2113 15)

323 2134 522 2206 triplici
545 2134 897 2189 confessionis
913 2133 1138 2187 veritate
1153 2133 1352 2198 abluit;
1376 2143 1432 2187 tu
1451 2133 1630 2204 fugam
1654 2134 1912 2202 simplicis

323 2226 528 2282 erroris
575 2223 858 2294 multiplici
915 2223 1314 2294 praedicationis
1347 2223 1488 2278 bono
1531 2224 1708 2279 ablue.
1742 2225 1809 2278 Et
1852 2234 1914 2279 ut

324 2316 560 2372 maxime
607 2324 916 2370 sanctarum
946 2313 1348 2384 Scripturarum
1403 2314 1564 2369 lectio
1614 2330 1712 2384 per
1763 2323 1908 2368 tuam

323 2407 723 2463 sanctissimam
768 2421 957 2461 curam
989 2415 1313 2470 renovetur,
1361 2414 1416 2460 et
1436 2406 1803 2461 ecclesiastica
1829 2405 1911 2460 di-

326 2501 508 2573 gnitas
541 2499 743 2569 ubique
777 2498 1063 2563 exaltetur,
1087 2507 1141 2552 et
1172 2506 1358 2553 sancta
1388 2498 1558 2559 sedes,
1592 2512 1710 2566 qum
1735 2497 1910 2566 prima

323 2591 425 2644 fuit
453 2590 506 2644 in
533 2589 658 2654 llde,
686 2590 858 2684 p.rima
889 2589 960 2644 sit
985 2589 1038 2643 in
1061 2588 1206 2643 omni
1230 2587 1514 2658 sapientia,
1536 2595 1589 2641 et
1605 2589 1907 2654 sanctitate,

322 2691 377 2736 et
396 2682 635 2746 honore;
667 2679 736 2735 ut
755 2681 831 2736 ibi
862 2681 1200 2752 interrogans
1218 2680 1472 2741 inveniat,
1505 2679 1762 2750 ignorans
1801 2679 1912 2733 dis-

321 2781 411 2827 cat
434 2772 578 2844 quod
625 2773 822 2843 cupiat,
884 2772 1064 2826 sciens
1108 2771 1289 2825 videat
1317 2769 1460 2840 quod
1511 2768 1708 2824 laudet.
1756 2769 1823 2824 Et
1851 2778 1910 2824 ut

319 2863 578 2918 Ecclesiae
609 2863 808 2926 unitas,
842 2877 963 2932 qua:
999 2861 1195 2931 partim
1233 2861 1456 2916 discissa
1483 2868 1565 2915 est
1609 2875 1716 2914 non
1745 2860 1911 2914 ratio-

319 2954 504 3018 nabili,
537 2963 599 3010 ut
619 2953 854 3019 videtur,
884 2953 1339 3014 consideratione,
1371 2950 1465 3006 sed
1495 2951 1725 3022 quadam
1758 2959 1910 3020 pote-

316 3045 477 3099 statis
497 3043 824 3118 [Malmesb.,
847 3040 1084 3115 pietatis]
1111 3041 1424 3113 cupiditate,
1454 3052 1479 3080 α
1505 3041 1550 3095 si
1577 3039 1692 3095 ﬁeri
1715 3039 1904 3109 possit,

315 3134 547 3204 paciliee
576 3133 862 3197 adunetur,
890 3141 944 3186 et
976 3133 1165 3188 scissio
1195 3132 1549 3196 resarciatur,
1580 3130 1778 3185 bonum
1823 3131 1903 3184 vi-

317 3226 478 3281 detur
501 3241 620 3279 esse
645 3240 766 3280 cum
796 3223 1022 3279 consilio
1046 3224 1287 3278 omnium
1327 3222 1666 3277 sacerdotum
1697 3219 1903 3276 Christi

311 3324 372 3371 ct
400 3317 701 3384 coepiscopi
724 3313 991 3388 [Usserius
1017 3314 1161 3386 legit,
1192 3312 1546 3384 coepiscopis]
1595 3314 1902 3369 Eboracen-

317 3410 400 3463 sis
446 3407 700 3462 Ecclesia:
727 3407 1056 3473 deliberare;
1115 3408 1191 3462 ita
1222 3415 1422 3471 tamen,
1454 3414 1514 3459 ut
1545 3406 1573 3445 ιι
1599 3413 1754 3475 pater
1779 3406 1900 3475 pius

316 3499 492 3572 pallio
520 3498 709 3554 diebus
736 3501 844 3556 suis
891 3489 1001 3555 non
1049 3508 1302 3563 exuatur,
1338 3499 1464 3554 licet
1493 3498 1758 3553 ordinatio
1792 3498 1904 3567 epi-

320 3605 613 3661 sceporum
645 3590 710 3645 ad
737 3601 972 3648 sanctam
1022 3599 1078 3646 et
1120 3591 1351 3661 primam
1401 3591 1580 3645 sedem
1635 3599 1900 3645 recurrat.

325 3680 453 3738 Haec
481 3682 662 3736 omnia
692 3689 780 3735 tua
801 3683 1141 3737 sanctissima
1170 3681 1435 3752 sapientia
1472 3681 1810 3745 consideret,
1843 3689 1903 3735 ut

323 3773 606 3830 charitatis
632 3773 1040 3829 concordia-ﬁat
1061 3774 1203 3829 inter
1225 3774 1430 3845 primos
1451 3782 1698 3846 pastores
1733 3773 1904 3828 eccle-

320 3863 526 3918 siarum
549 3862 773 3918 Christi.

386 3941 444 4009 Si
467 3947 600 4026 quid
618 3970 747 4026 ergo
777 3955 1040 4026 superﬂue
1069 3957 1126 4011 in
1155 3955 1242 4011 his
1271 3956 1404 4011 meis
1448 3955 1698 4010 litterulis
1725 3955 1898 4010 dicta-

315 4046 484 4100 vcrim
508 4088 524 4112 ,
564 4055 658 4100 tua
700 4055 887 4102 sancta
916 4048 1176 4118 patientia
1200 4048 1450 4118 benigne,
1477 4049 1706 4103 obsecro
1727 4088 1740 4111 ,
1779 4063 1901 4102 sus—

315 4136 518 4206 cipiat,
555 4152 657 4193 nec
698 4139 832 4193 mihi
863 4139 1120 4195 scribenti
1153 4140 1415 4210 imputet,
1443 4140 1538 4195 sed
1571 4140 1666 4194 tibi
1688 4140 1896 4210 jubenti

315 4227 574 4298 injungat.
599 4228 709 4285 Nec
729 4245 830 4302 ego
849 4242 1275 4302 prresumptuosa
1304 4232 1611 4286 temeritate
1655 4231 1771 4301 egi,
1803 4231 1898 4286 sed

315 4318 504 4373 humili
531 4320 872 4386 obedientia;
925 4322 1307 4386 considerans,
1345 4322 1476 4392 quid
1509 4321 1691 4375 multis
1735 4321 1898 4390 proli-

311 4425 436 4465 cere
480 4412 766 4482 potuissct,
817 4413 930 4468 sive
979 4413 1134 4483 culpa
1170 4423 1341 4478 esset,
1388 4415 1500 4470 sive
1530 4430 1635 4469 non
1663 4422 1805 4469 esset
1839 4414 1894 4468 in

2021 951 2221 1006 laboris
2249 951 2425 1005 fructu
2452 953 2504 1006 in
2533 963 2820 1022 conspectu
2856 954 3066 1009 Domini
3093 955 3188 1010 Dei
3215 957 3297 1010 sui
3325 966 3600 1025 appareat,

2019 1049 2075 1094 et
2109 1042 2302 1108 dignus
2351 1041 2612 1096 elilciatur
2669 1043 3081 1097 desiderabilem
3131 1045 3317 1098 audire
3374 1059 3599 1099 vocem:

2019 1131 2199 1201 Euge,
2222 1148 2362 1186 serve
2400 1132 2530 1186 bone
2565 1144 2611 1186 et
2640 1132 2811 1203 ﬁdelis
2833 1173 2847 1197 ,
2883 1134 3012 1203 quia
3061 1150 3218 1204 super
3249 1151 3418 1204 pauca
3456 1135 3604 1204 fuisti

2017 1220 2186 1289 ﬁdelis
2205 1261 2218 1284 ,
2253 1238 2408 1291 super
2427 1221 2592 1275 multa
2619 1233 2668 1276 te
2695 1224 3011 1276 constituam
3037 1239 3055 1287 ;
3101 1223 3241 1275 intra
3270 1222 3326 1275 in
3351 1222 3602 1292 gaudium

2017 1311 2231 1365 Domini
2277 1312 2375 1366 Dei
2401 1313 2478 1366 tui
2520 1313 2733 1382 (Matth.
2781 1329 2921 1377 xxv,
2971 1312 3058 1378 21,
3090 1313 3202 1385 23).
3251 1311 3602 1380 Omnipotens

2017 1401 2160 1456 Deus
2185 1405 2561 1472 paternitatem
2612 1413 2850 1458 vestram
2896 1404 2962 1458 ad
2986 1403 3370 1458 exultationem
3399 1411 3600 1457 sanctis

2018 1505 2127 1545 sua:
2162 1491 2415 1546 Ecclesia:
2459 1493 2514 1546 in
2553 1493 2700 1547 omni
2743 1509 2906 1562 opere
2947 1492 3186 1561 perfecto
3232 1491 3602 1561 multipliciter

2014 1579 2206 1637 ﬂorere
2229 1581 2415 1648 faciat,
2446 1585 2790 1638 sanctissime
2820 1583 2980 1638 Pater
3004 1585 3018 1638 ι

2473 1705 2494 1731 ο
2522 1693 2852 1748 EPISTOLA
2896 1694 3130 1750 LXXVI.

2545 1781 2611 1816 AD
2638 1781 2853 1819 DOMNUI
2883 1780 3057 1819 REGI-Ill
3070 1805 3083 1817 .

2333 1854 2508 1926 (Auno
2533 1853 2656 1918 797,
2704 1871 2890 1910 mense
2935 1854 3269 1922 Novembri.)

2437 1947 2514 2000 De
2536 1948 2734 2000 ratione
2753 1947 2918 2001 saltus
2939 1945 3163 2000 lunaris.

2083 2043 2310 2100 Domino
2336 2043 2836 2098 desiderantissime
2861 2052 2915 2097 et
2943 2042 3090 2096 omni
3113 2043 3391 2113 sapientia:
3403 2043 3604 2098 decore

2012 2133 2314 2188 clarissimo
2343 2133 2510 2187 David
2541 2135 2653 2203 regi
2683 2133 2911 2188 Flaccus
2937 2133 3168 2189 Albinus
3194 2143 3463 2205 perpetua:
3501 2150 3595 2204 pa—

2012 2225 2092 2280 cis
2121 2232 2177 2278 et
2203 2223 2386 2295 gloriae
2415 2223 2663 2279 salutem.

2084 2315 2270 2370 Solent
2309 2317 2492 2385 itaque
2537 2316 2602 2371 de
2651 2316 2799 2371 fonte
2854 2315 3136 2370 cbaritatis
3193 2315 3389 2386 saepius
3432 2317 3596 2371 verba

2010 2405 2178 2462 ﬂuere
2205 2399 2576 2473 salutationis;
2610 2406 2695 2461 vel
2729 2407 2772 2460 si
2809 2406 3178 2478 longinquitas
3205 2415 3470 2461 terrarum
3499 2422 3600 2462 vo-

2011 2498 2089 2552 cis
2117 2497 2291 2562 oﬂleia
2319 2507 2496 2569 neget,
2525 2499 2707 2567 apices
2731 2497 3038 2552 dilectionis
3066 2507 3373 2554 atramento
3395 2497 3596 2552 forma-

2009 2589 2052 2642 ti
2074 2589 2348 2642 multotics
2369 2597 2668 2643 recurrant.
2697 2587 2904 2643 Idcirco
2928 2589 3162 2659 simplici
3193 2589 3595 2658 votodcprccor

2009 2687 2069 2733 ut
2091 2679 2252 2733 liceat
2275 2689 2470 2733 nostrae
2493 2679 2778 2748 parvitatis
2805 2680 3106 2733 chartulam
3149 2680 3216 2734 ad
3248 2689 3442 2734 vestra:
3490 2696 3592 2734 au-

2008 2774 2278 2830 ctoritatis
2329 2773 2671 2842 prtesentiam
2723 2773 2919 2841 smpius
2964 2786 3264 2834 recurrere,
3327 2770 3590 2838 ferentem

2008 2879 2129 2933 quae
2167 2863 2250 2918 vel
2289 2871 2486 2917 vestra:
2514 2862 2794 2932 sapientia:
2816 2860 3076 2929 jucunda,
3107 2861 3192 2916 vel
3223 2869 3420 2916 nostrae
3458 2876 3588 2933 par-

2007 2954 2159 3008 vitati
2181 2953 2486 3008 necessaria
2510 2966 2630 3006 esse
2653 2952 2981 3006 arbitremur
3013 2967 3027 3004 :
3055 2959 3108 3004 et
3127 2958 3430 3020 opportuno
3455 2960 3592 3004 tem-

2005 3058 2137 3114 pore
2165 3043 2386 3098 Flaccus
2407 3050 2586 3097 vester
2607 3042 2817 3112 legatur
2855 3041 2908 3095 in
2946 3041 3163 3106 litteris,
3192 3041 3284 3111 qui
3313 3041 3584 3110 quondam

2009 3134 2329 3189 audiebatur
2356 3134 2412 3186 in
2436 3134 2614 3188 verbis
2639 3132 2688 3186 (ί.
2721 3132 2854 3186 Nam
2891 3147 3055 3186 causa
3101 3133 3258 3202 hujus
3307 3133 3591 3202 praesentis

2009 3225 2266 3281 chartula:
2292 3225 2498 3279 lunaris
2525 3225 2696 3280 saltus
2717 3223 2906 3280 ell‘ecta
2936 3232 3040 3288 est,
3065 3225 3155 3294 qui
3188 3225 3240 3279 in
3275 3223 3592 3279 hac-lucenti

2005 3319 2154 3374 Luna
2179 3318 2485 3374 Novembrii
2523 3319 2722 3373 mensis
2750 3333 2892 3372 anno
2917 3317 3107 3372 circuli
3140 3317 3586 3372 decennovenna-

2005 3411 2073 3466 lis
2100 3411 2396 3466 novissimo
2427 3421 2450 3449 ο
2477 3411 2783 3466 certissime
2813 3408 3008 3478 inspici
3035 3407 3257 3477 poterit.
3286 3407 3452 3477 Igitur
3477 3405 3594 3460 haec

2003 3503 2130 3558 luna
2165 3501 2480 3558 Novembrii
2505 3503 2728 3566 mensis,
2759 3516 2879 3571 quae
2901 3515 2998 3570 per
3029 3501 3217 3554 decem
3245 3507 3298 3553 et
3319 3508 3443 3554 octo
3491 3513 3590 3550 an-

2004 3612 2103 3652 nos
2137 3597 2416 3650 tricesima
2447 3595 2881 3664 computabatur,
2914 3593 2968 3644 in
2999 3591 3106 3645 hoc
3141 3605 3283 3643 anno
3333 3588 3591 3658 praesenti

2000 3687 2208 3759 pratl‘ati
2235 3686 2426 3743 circuli
2456 3700 2600 3740 nono
2625 3683 2835 3737 decimo
2852 3721 2866 3746 ,
2919 3679 3340 3735 undetricesima
3365 3693 3588 3750 compu-

2003 3781 2104 3834 tari
2135 3780 2244 3850 82
2269 3778 2448 3832 debet.
2474 3775 2558 3828 ita
2577 3782 2636 3828 ut
2658 3773 2723 3828 de
2760 3772 3014 3827 vicesima
3042 3787 3202 3836 nona,
3227 3786 3349 3841 qua:
3388 3770 3450 3824 lit
3490 3785 3586 3826 oc-

2005 3880 2156 3928 tavas
2176 3869 2292 3923 Kal.
2319 3867 2652 3932 Decembris,
2681 3873 2928 3920 vertatur
2955 3866 3182 3935 septima
3209 3864 3334 3919 Kal.
3370 3866 3424 3920 in
3469 3866 3584 3934 pri-

1997 3976 2143 4016 mam
2177 3977 2188 4013 :
2215 3967 2270 4013 et
2298 3958 2359 4013 lit
2385 3957 2474 4012 die
2497 3956 2614 4011 Kal.
2638 3955 3013 4010 Decembrium
3033 3956 3281 4024 septima,
3314 3970 3435 4023 quae
3456 3954 3584 4020 jux-

1998 4061 2053 4108 ta
2081 4051 2358 4122 regulares
2399 4055 2619 4119 epactas
2663 4055 2814 4102 sexta
2843 4053 3152 4116 computata
3183 4053 3296 4110 est;
3326 4053 3382 4098 et
3427 4057 3588 4099 erunt

1999 4152 2110 4198 tres
2142 4143 2282 4197 luna:
2308 4140 2535 4212 pariter,
2561 4138 2782 4194 Octobri
2809 4137 3040 4200 scilicet,
3065 4143 3122 4189 et
3167 4133 3478 4196 Novembri,
3529 4143 3586 4187 et

1997 4235 2280 4292 Decembri
2317 4233 2519 4288 mensis
2547 4231 3019 4286 undetricenarum
3057 4227 3289 4282 dierum.
3340 4223 3492 4289 Quod
3539 4223 3586 4276 si

1997 4329 2116 4397 quis
2140 4326 2409 4382 obstinata
2435 4332 2612 4378 mente
2634 4322 2814 4377 facere
2841 4320 3160 4391 neglexerit,
3197 4326 3250 4373 et
3283 4316 3456 4384 magis
3506 4328 3585 4368 re-

1997 4417 2272 4487 gularibus
2308 4430 2470 4485 quam
2501 4414 2695 4468 rationi
2718 4413 2887 4468 saltus
2926 4411 3197 4473 innititur,
3229 4417 3285 4462 et
3313 4407 3428 4461 vult
3474 4405 3583 4462 No-

311 4502 457 4574 fuga.
486 4505 688 4561 Tamen
726 4515 986 4577 quantum
1011 4522 1129 4561 mea
1157 4506 1370 4562 devotio
1393 4507 1749 4562 considerare
1791 4521 1891 4575 po-
1925 4525 1973 4586 ι)
1998 4509 2226 4564 vembrii
2254 4507 2457 4562 mensis
2485 4506 2664 4560 lunam
2711 4504 2932 4575 triginta
2979 4502 3182 4556 habere
3225 4501 3360 4564 dies,
3421 4508 3477 4554 et
3521 4500 3578 4554 in

383 4626 422 4688 Ἀ
435 4613 506 4688 Si
524 4615 640 4683 ﬁeri
661 4616 842 4688 possit.
874 4615 1365 4688 Malmcsburiensis
1393 4618 1466 4672 ita
1507 4618 1665 4688 legit:
1699 4637 1716 4668 ι
1739 4616 1891 4684 Quod

311 4684 357 4764 si
391 4684 509 4768 fieri
538 4684 706 4768 possit
727 4695 785 4740 ut
816 4687 1039 4768 pacilice
1078 4688 1362 4754 adunetur,
1390 4696 1446 4740 et
1481 4684 1670 4768 sci-ssio
1718 4703 1891 4768 resar-

311 4755 507 4818 ciatur,
540 4759 737 4810 bonum
778 4755 990 4811 videtur
1017 4772 1158 4820 esse,
1211 4773 1334 4811 cum
1373 4758 1602 4812 consilio
1649 4759 1890 4812 omnium

310 4823 653 4896 sacerdotum
685 4825 881 4880 Christi
904 4836 958 4882 et
986 4828 1290 4896 coepiscopi
1317 4828 1482 4882 vestri
1528 4828 1890 4884 Eboracensis

312 4891 587 4959 Ecclesiae,
618 4903 676 4949 ut
707 4895 829 4958 liat;
865 4897 936 4950 ita
969 4891 1169 4960 tamen,
1196 4917 1215 4948 ι
1237 4891 1358 4952 etc.

381 4965 409 5004 ι)
431 4964 567 5036 Pius
591 4975 758 5036 pater.
785 4965 1048 5020 Nimirum
1075 4965 1319 5022 Aldull‘us
1354 4981 1448 5022 seu
1474 4965 1734 5036 Advull‘us
1772 4967 1889 5036 epi-

310 5049 505 5107 scopus
547 5035 1002 5098 Liccidl'eldensis,
1037 5052 1194 5105 quem
1231 5039 1446 5107 quidem
1470 5035 1584 5090 Oll‘a
1618 5053 1711 5090 rex
1748 5035 1888 5090 Mer-

309 5105 515 5161 ciorum
545 5107 989 5178 archiepiscopali
1020 5108 1224 5163 honore
1250 5105 1317 5162 ﬁet
1341 5106 1504 5178 pallio
1530 5107 1780 5178 insigniri
1796 5123 1891 5178 cu-

309 5183 555 5246 raverat,
602 5175 898 5232 abstractis
952 5178 1169 5246 primati
1225 5175 1600 5233 Cantuariensi
1641 5175 1890 5232 carnibus

309 5243 627 5317 Merciorum
668 5243 1132 5312 ecclesiisfsedis
1187 5257 1366 5303 tamen
1418 5264 1528 5302 suae
1575 5247 1887 5317 dignitatem

309 5316 578 5385 reparavit
600 5316 944 5390 Athelardus,
975 5320 1247 5390 negotium
1283 5316 1648 5389 promovente
1674 5317 1889 5390 scriptis

308 5401 408 5458 suo
444 5393 504 5439 et
545 5387 788 5458 omnium
822 5387 1115 5444 Britannia:
1162 5387 1550 5458 episcoporum
1578 5387 1794 5458 nomine
1821 5387 1889 5441 ad

309 5452 544 5510 Leonem
565 5456 854 5528 llilitteris
876 5459 1104 5513 Kenulfo
1130 5452 1276 5528 rege,
1303 5452 1433 5514 Oll‘a:
1458 5469 1512 5511 et
1532 5456 1737 5528 ngridi
1765 5472 1886 5512 suc-

307 5541 546 5598 cessere.
575 5527 796 5597 (Mabill.
829 5529 1022 5583 Annal.
1046 5527 1240 5582 Bened.
1280 5531 1373 5584 lib.
1401 5545 1548 5591 xxvr,
1575 5527 1629 5581 ἡ.
1657 5527 1747 5592 65,
1765 5543 1885 5598 pag.

309 5595 460 5668 ξδο.)
489 5595 667 5653 Monet
693 5599 857 5668 igitur
887 5601 990 5654 hoc
1017 5600 1137 5653 loco
1171 5599 1454 5663 Alcuinus,
1507 5607 1566 5668 ut
1612 5595 1892 5653 Liceidl’él-

308 5664 502 5740 densis
515 5664 807 5740 episcopus
845 5669 1235 5738 metropolitico
1259 5670 1475 5740 quidem
1503 5667 1645 5734 jure,
1661 5683 1768 5722 non
1794 5683 1887 5740 ve-_

311 5753 373 5811 ro
401 5737 571 5809 pallio
585 5737 846 5804 exuatur;
869 5751 924 5794 et
943 5737 1316 5811 episcoporum
1344 5739 1634 5811 ordinatio,
1668 5755 1772 5811 non
1793 5809 1800 5811 _
1823 5738 1888 5792 ad

315 5807 514 5880 ipsum,
559 5811 651 5866 sed
685 5811 750 5866 ad
808 5807 1035 5880 primam
1089 5807 1400 5876 sédem,cui
1428 5823 1617 5877 nempe
1661 5809 1891 5879 dignitas

1991 4622 2382 4692 metropolitica
2410 4619 2690 4692 competit,
2721 4619 2771 4672 id
2794 4627 2878 4672 est
2911 4615 3356 4673 Cantuariensem
3396 4629 3583 4670 recur-

1992 4703 2096 4749 rat.
2115 4689 2260 4766 fide
2296 4691 2578 4766 epistolam
2601 4689 2858 4766 priorem.
3014 4757 3028 4766 _
3080 4757 3112 4766 Α
3190 4756 3202 4766 ,
3241 4755 3252 4766 ο
3422 4763 3432 4766 _
3507 4753 3539 4766 Α,

2065 4775 2088 4804 ο
2114 4765 2209 4818 Est
2241 4755 2359 4818 haec
2387 4755 2618 4831 epistola
2641 4759 2848 4831 decima
2887 4757 3030 4831 apud
3072 4755 3368 4831 Canisium,
3403 4755 3578 4831 tertia

1991 4835 2132 4905 apud
2148 4824 2542 4900 Quercetanum
2559 4824 3119 4947 (Sexagesima—(prima
3135 4827 3274 4894 apud
3297 4824 3577 4947 Frobeng.

1995 4905 2124 4947 Eam
2177 4903 2346 4947 mnltn
2375 4901 2668 4947 auctiorem
2720 4901 2888 4947 edidit
2984 4909 3306 4947 uercetanus
3348 4911 3414 4947 ex
3451 4909 3514 4947 co
3559 4933 3573 4946 .

1992 4845 2132 4905 apud
2148 4845 2542 4900 Quercetanum
2559 4845 2931 4900 toexagesuma
2985 4845 3119 4883 rima
3135 4845 3274 4894 apua
3298 4845 3322 4878 r
3340 4845 3552 4947 ruben};

1992 4905 2126 4959 Eam
2177 4903 2346 4958 multo
2375 4901 2668 4974 auctiorem
2720 4901 2888 4974 edidit
2904 4845 3306 4974 ⁸διξεξιόειειηιιε
3348 4911 3414 4974 ex
3433 4909 3552 4974 -ςοῄθ

1991 4991 2094 5030 ms.
2145 4973 2519 5030 Correctiones
2563 4970 2767 5039 aliquot
2793 4964 3136 5026 adhibuimus
3181 4983 3248 5022 ex
3285 4965 3403 5021 cod.
3433 4964 3579 5018 Vati-

1992 5061 2148 5100 cano.

2061 5115 2088 5154 ἀ
2114 5116 2214 5187 liic
2240 5115 2360 5187 linis
2389 5111 2629 5187 epistolae
2659 5110 3120 5187 apudCanisium.
3235 5177 3247 5187 _
3313 5174 3325 5187 .
3483 5141 3500 5158 .

2068 5196 2091 5223 θ
2120 5185 2320 5240 Circuli
2370 5177 2858 5238 décennovennalis
2899 5196 3072 5234 annus
3127 5177 3452 5232 novissimus
3477 5189 3572 5228 seu

1992 5253 2215 5308 ultimus
2240 5255 2377 5307 intra
2401 5264 2758 5327 tempuslquo
2779 5251 3037 5327 Alguinus
3059 5251 3109 5302 in
3141 5246 3367 5327 Francia
3395 5258 3575 5326 mora-

1991 5327 2170 5384 batur.
2203 5332 2319 5378 erat
2345 5319 2527 5377 annus
2545 5319 2685 5386 797,‘
2701 5336 2808 5390 quo
2841 5321 2964 5374 luna
2987 5319 3406 5390 quartadecima
3433 5319 3575 5390 inci-

1989 5396 2152 5450 debat
2180 5409 2267 5470 xv.
2299 5393 2417 5470 lial.
2450 5393 2592 5455 Maii,
2618 5385 2759 5446 sicut
2791 5385 3218 5470 annosequenti,
3252 5386 3344 5470 qui
3360 5385 3574 5470 primus

1991 5472 2110 5518 erat
2155 5463 2344 5518 circuli
2379 5460 2887 5524 decennovennalis,
2936 5455 3124 5514 incidit
3153 5455 3320 5513 Nonis
3347 5455 3568 5524 Aprilis.

1992 5535 2092 5602 Qui
2121 5533 2358 5588 calculus
2379 5533 2542 5602 etiam
2570 5531 2821 5602 convenit
2851 5529 3200 5602 cum__calculo
3227 5528 3360 5602 Yen.
3391 5526 3570 5590 Betim,

1992 5598 2153 5674 quem
2192 5604 2315 5658 vide
2361 5611 2491 5656 tom.
2525 5601 2542 5656 Ι
2572 5601 2707 5670 Opp.
2732 5616 2856 5674 pag.
2895 5599 2998 5674 565';
3031 5598 3374 5674 (Patrologia:
3423 5605 3574 5674 temo

1992 5670 2125 5748 XC).
2156 5675 2324 5743 Igitur
2373 5687 2610 5748 praesens
2659 5671 2885 5748 epistola
2932 5670 3220 5728 absdubio
3247 5670 3448 5738 scripta
3488 5671 3574 5721 ea

1991 5739 2343 5804 cod'cm'anno
2376 5739 2502 5809 797,
2545 5739 2728 5800 mense
2753 5739 2884 5796 Nov.
