  <div class='ocr_page' id='page_1' title='image "/cluster/home/n/w/nwhite01/storage/ocr_20150623/100/hvd.32044052819521/133.png"; bbox 0 0 4070 6182; ppageno 0'>
   <div class='ocr_carea' id='block_1_1' title="bbox 471 359 576 425">
    <p class='ocr_par' dir='ltr' id='par_1_1' title="bbox 471 359 576 425">
     <span class='ocr_line' id='line_1_1' title="bbox 471 359 576 425; baseline 0 -13"><span class='ocrx_word' id='word_1_1' title='bbox 471 359 576 425; x_wconf 64' lang='lat'><strong>255</strong></span> 
     </span>
    </p>
   </div>
   <div class='ocr_carea' id='block_1_2' title="bbox 1347 349 2872 407">
    <p class='ocr_par' dir='ltr' id='par_1_2' title="bbox 1347 349 2872 407">
     <span class='ocr_line' id='line_1_2' title="bbox 1347 349 2872 407; baseline -0.001 -2"><span class='ocrx_word' id='word_1_2' title='bbox 1347 351 1406 405; x_wconf 86' lang='grc' dir='ltr'><strong>Β.</strong></span> <span class='ocrx_word' id='word_1_3' title='bbox 1449 351 1510 405; x_wconf 82' lang='lat' dir='ltr'><strong>F.</strong></span> <span class='ocrx_word' id='word_1_4' title='bbox 1549 350 1776 405; x_wconf 71' lang='lat' dir='ltr'><strong>ALBINI</strong></span> <span class='ocrx_word' id='word_1_5' title='bbox 1815 350 1952 405; x_wconf 87' lang='lat' dir='ltr'><strong>SEU.</strong></span> <span class='ocrx_word' id='word_1_6' title='bbox 1987 349 2267 407; x_wconf 73' lang='lat' dir='ltr'><strong>ALCUINI</strong></span> <span class='ocrx_word' id='word_1_7' title='bbox 2302 349 2584 406; x_wconf 77' lang='lat' dir='ltr'><strong>OPERUM</strong></span> <span class='ocrx_word' id='word_1_8' title='bbox 2622 349 2796 406; x_wconf 74' lang='lat' dir='ltr'><strong>PARS</strong></span> <span class='ocrx_word' id='word_1_9' title='bbox 2833 350 2872 404; x_wconf 85' lang='grc' dir='ltr'><strong>Ι.</strong></span> 
     </span>
    </p>
   </div>
   <div class='ocr_carea' id='block_1_3' title="bbox 3613 348 3725 404">
    <p class='ocr_par' dir='ltr' id='par_1_3' title="bbox 3613 348 3725 404">
     <span class='ocr_line' id='line_1_3' title="bbox 3613 348 3725 404; baseline 0.018 -2"><span class='ocrx_word' id='word_1_10' title='bbox 3613 348 3725 404; x_wconf 68' lang='grc' dir='ltr'>Ξὸὖ</span> 
     </span>
    </p>
   </div>
   <div class='ocr_carea' id='block_1_4' title="bbox 474 457 3725 530">
    <p class='ocr_par' dir='ltr' id='par_1_4' title="bbox 474 457 3725 530">
     <span class='ocr_line' id='line_1_4' title="bbox 474 457 3725 530; baseline -0.003 -4"><span class='ocrx_word' id='word_1_11' title='bbox 474 472 593 526; x_wconf 68' lang='lat' dir='ltr'><strong>Kal.</strong></span> <span class='ocrx_word' id='word_1_12' title='bbox 629 465 939 524; x_wconf 81' lang='lat' dir='ltr'><strong>Decembris</strong></span> <span class='ocrx_word' id='word_1_13' title='bbox 959 471 1165 519; x_wconf 81' lang='lat' dir='ltr'><strong>sextam</strong></span> <span class='ocrx_word' id='word_1_14' title='bbox 1195 462 1401 525; x_wconf 89' lang='lat' dir='ltr'><strong>lunam,</strong></span> <span class='ocrx_word' id='word_1_15' title='bbox 1433 476 1628 530; x_wconf 85' lang='lat' dir='ltr'><strong>magno</strong></span> <span class='ocrx_word' id='word_1_16' title='bbox 1675 476 1734 516; x_wconf 89' lang='lat' dir='ltr'><strong>se</strong></span> <span class='ocrx_word' id='word_1_17' title='bbox 1779 475 1902 514; x_wconf 82' lang='lat' dir='ltr'><strong>mox</strong></span> <span class='ocrx_word' id='word_1_18' title='bbox 1950 459 2052 513; x_wconf 63' lang='lat' dir='ltr'><strong>imo-</strong></span> <span class='ocrx_word' id='word_1_19' title='bbox 2078 466 2119 522; x_wconf 72' lang='grc' dir='ltr'><strong>Λ</strong></span> <span class='ocrx_word' id='word_1_20' title='bbox 2155 461 2392 530; x_wconf 75' lang='lat' dir='ltr'><strong>adjicere</strong></span> <span class='ocrx_word' id='word_1_21' title='bbox 2415 461 2549 516; x_wconf 88' lang='lat' dir='ltr'><strong>solet</strong></span> <span class='ocrx_word' id='word_1_22' title='bbox 2567 475 2662 515; x_wconf 87' lang='lat' dir='ltr'><strong>seu</strong></span> <span class='ocrx_word' id='word_1_23' title='bbox 2693 459 2856 520; x_wconf 85' lang='lat' dir='ltr'><strong>solari</strong></span> <span class='ocrx_word' id='word_1_24' title='bbox 2884 473 2980 514; x_wconf 88' lang='lat' dir='ltr'><strong>seu</strong></span> <span class='ocrx_word' id='word_1_25' title='bbox 3007 457 3181 513; x_wconf 88' lang='lat' dir='ltr'><strong>lunari</strong></span> <span class='ocrx_word' id='word_1_26' title='bbox 3211 473 3372 523; x_wconf 88' lang='lat' dir='ltr'><strong>anno,</strong></span> <span class='ocrx_word' id='word_1_27' title='bbox 3411 466 3471 512; x_wconf 91' lang='lat' dir='ltr'><strong>ut</strong></span> <span class='ocrx_word' id='word_1_28' title='bbox 3490 460 3725 530; x_wconf 63' lang='lat' dir='ltr'><strong>testium,</strong></span> 
     </span>
    </p>
   </div>
   <div class='ocr_carea' id='block_1_5' title="bbox 479 549 2050 633">
    <p class='ocr_par' dir='ltr' id='par_1_5' title="bbox 479 549 2050 633">
     <span class='ocr_line' id='line_1_5' title="bbox 479 549 2050 633; baseline -0.008 -17"><span class='ocrx_word' id='word_1_29' title='bbox 479 561 759 633; x_wconf 86' lang='lat' dir='ltr'><strong>plicaverit</strong></span> <span class='ocrx_word' id='word_1_30' title='bbox 789 555 962 611; x_wconf 88' lang='lat' dir='ltr'><strong>errori</strong></span> <span class='ocrx_word' id='word_1_31' title='bbox 984 555 1042 608; x_wconf 89' lang='lat' dir='ltr'><strong>in</strong></span> <span class='ocrx_word' id='word_1_32' title='bbox 1084 561 1276 622; x_wconf 89' lang='lat' dir='ltr'><strong>quarta</strong></span> <span class='ocrx_word' id='word_1_33' title='bbox 1325 553 1534 607; x_wconf 73' lang='lat' dir='ltr'><strong>decima</strong></span> <span class='ocrx_word' id='word_1_34' title='bbox 1595 552 1724 606; x_wconf 80' lang='lat' dir='ltr'><strong>luna</strong></span> <span class='ocrx_word' id='word_1_35' title='bbox 1770 549 2050 605; x_wconf 80' lang='lat' dir='ltr'><strong>Paschalis</strong></span> 
     </span>
    </p>
   </div>
   <div class='ocr_carea' id='block_1_6' title="bbox 478 640 2052 711">
    <p class='ocr_par' dir='ltr' id='par_1_6' title="bbox 478 640 2052 711">
     <span class='ocr_line' id='line_1_6' title="bbox 478 640 2052 711; baseline -0.007 -7"><span class='ocrx_word' id='word_1_36' title='bbox 478 652 621 706; x_wconf 82' lang='lat' dir='ltr'><strong>festi.</strong></span> <span class='ocrx_word' id='word_1_37' title='bbox 656 649 712 702; x_wconf 92' lang='lat' dir='ltr'><strong>Si</strong></span> <span class='ocrx_word' id='word_1_38' title='bbox 737 661 865 702; x_wconf 88' lang='lat' dir='ltr'><strong>vero</strong></span> <span class='ocrx_word' id='word_1_39' title='bbox 885 644 1002 699; x_wconf 83' lang='lat' dir='ltr'><strong>Kal.</strong></span> <span class='ocrx_word' id='word_1_40' title='bbox 1037 644 1350 699; x_wconf 85' lang='lat' dir='ltr'><strong>Decembris</strong></span> <span class='ocrx_word' id='word_1_41' title='bbox 1375 650 1526 697; x_wconf 86' lang='lat' dir='ltr'><strong>sexta</strong></span> <span class='ocrx_word' id='word_1_42' title='bbox 1555 640 2052 711; x_wconf 86' lang='lat' dir='ltr'><strong>computabiturlu-</strong></span> 
     </span>
    </p>
   </div>
   <div class='ocr_carea' id='block_1_7' title="bbox 479 733 2049 808">
    <p class='ocr_par' dir='ltr' id='par_1_7' title="bbox 479 733 2049 808">
     <span class='ocr_line' id='line_1_7' title="bbox 479 733 2049 808; baseline -0.008 -9"><span class='ocrx_word' id='word_1_43' title='bbox 479 741 579 808; x_wconf 80' lang='lat' dir='ltr'><strong>na,</strong></span> <span class='ocrx_word' id='word_1_44' title='bbox 597 755 818 796; x_wconf 85' lang='lat' dir='ltr'><strong>necesse</strong></span> <span class='ocrx_word' id='word_1_45' title='bbox 837 740 941 796; x_wconf 88' lang='lat' dir='ltr'><strong>erit</strong></span> <span class='ocrx_word' id='word_1_46' title='bbox 969 747 1028 793; x_wconf 90' lang='lat' dir='ltr'><strong>ut</strong></span> <span class='ocrx_word' id='word_1_47' title='bbox 1050 738 1102 792; x_wconf 90' lang='lat' dir='ltr'><strong>in</strong></span> <span class='ocrx_word' id='word_1_48' title='bbox 1128 737 1244 791; x_wconf 80' lang='lat' dir='ltr'><strong>Kal.</strong></span> <span class='ocrx_word' id='word_1_49' title='bbox 1273 735 1558 792; x_wconf 54' lang='lat' dir='ltr'><strong>ianuarias</strong></span> <span class='ocrx_word' id='word_1_50' title='bbox 1585 733 1874 800; x_wconf 4' lang='lat' dir='ltr'><strong>octavagsit</strong></span> <span class='ocrx_word' id='word_1_51' title='bbox 1903 733 2049 796; x_wconf 88' lang='lat' dir='ltr'><strong>luna,</strong></span> 
     </span>
    </p>
   </div>
   <div class='ocr_carea' id='block_1_8' title="bbox 475 823 2050 908">
    <p class='ocr_par' dir='ltr' id='par_1_8' title="bbox 475 823 2050 908">
     <span class='ocr_line' id='line_1_8' title="bbox 475 823 2050 908; baseline -0.006 -21"><span class='ocrx_word' id='word_1_52' title='bbox 475 841 532 888; x_wconf 86' lang='lat' dir='ltr'><strong>et</strong></span> <span class='ocrx_word' id='word_1_53' title='bbox 558 832 854 887; x_wconf 76' lang='lat' dir='ltr'><strong>Februario</strong></span> <span class='ocrx_word' id='word_1_54' title='bbox 893 845 1054 908; x_wconf 77' lang='lat' dir='ltr'><strong>nona,</strong></span> <span class='ocrx_word' id='word_1_55' title='bbox 1085 829 1215 882; x_wconf 89' lang='lat' dir='ltr'><strong>etin</strong></span> <span class='ocrx_word' id='word_1_56' title='bbox 1242 827 1434 881; x_wconf 80' lang='lat' dir='ltr'><strong>Martio</strong></span> <span class='ocrx_word' id='word_1_57' title='bbox 1454 835 1642 882; x_wconf 87' lang='lat' dir='ltr'><strong>octava</strong></span> <span class='ocrx_word' id='word_1_58' title='bbox 1671 843 1683 878; x_wconf 93' lang='lat'>:</span> <span class='ocrx_word' id='word_1_59' title='bbox 1714 832 1770 879; x_wconf 89' lang='lat' dir='ltr'><strong>et</strong></span> <span class='ocrx_word' id='word_1_60' title='bbox 1808 825 1892 879; x_wconf 85' lang='lat' dir='ltr'><strong>die</strong></span> <span class='ocrx_word' id='word_1_61' title='bbox 1947 823 2050 878; x_wconf 79' lang='lat' dir='ltr'><strong>Ka-</strong></span> 
     </span>
    </p>
   </div>
   <div class='ocr_carea' id='block_1_9' title="bbox 478 912 2053 992">
    <p class='ocr_par' dir='ltr' id='par_1_9' title="bbox 478 912 2053 992">
     <span class='ocr_line' id='line_1_9' title="bbox 478 912 2053 992; baseline -0.005 -16"><span class='ocrx_word' id='word_1_62' title='bbox 478 923 757 979; x_wconf 89' lang='lat' dir='ltr'><strong>lendarum</strong></span> <span class='ocrx_word' id='word_1_63' title='bbox 782 921 1047 992; x_wconf 82' lang='lat' dir='ltr'><strong>Aprilium</strong></span> <span class='ocrx_word' id='word_1_64' title='bbox 1069 933 1232 982; x_wconf 90' lang='lat' dir='ltr'><strong>nona,</strong></span> <span class='ocrx_word' id='word_1_65' title='bbox 1257 927 1312 972; x_wconf 78' lang='lat' dir='ltr'><strong>et‘</strong></span> <span class='ocrx_word' id='word_1_66' title='bbox 1337 925 1561 986; x_wconf 77' lang='lat' dir='ltr'><strong>quartas</strong></span> <span class='ocrx_word' id='word_1_67' title='bbox 1601 915 1783 970; x_wconf 80' lang='lat' dir='ltr'><strong>Nonas</strong></span> <span class='ocrx_word' id='word_1_68' title='bbox 1812 912 2053 982; x_wconf 87' lang='lat' dir='ltr'><strong>ejusdem</strong></span> 
     </span>
    </p>
   </div>
   <div class='ocr_carea' id='block_1_10' title="bbox 476 1007 2055 1082">
    <p class='ocr_par' dir='ltr' id='par_1_10' title="bbox 476 1007 2055 1082">
     <span class='ocr_line' id='line_1_10' title="bbox 476 1007 2055 1082; baseline -0.006 -14"><span class='ocrx_word' id='word_1_69' title='bbox 476 1014 676 1082; x_wconf 81' lang='lat' dir='ltr'><strong>Aprilis</strong></span> <span class='ocrx_word' id='word_1_70' title='bbox 716 1013 962 1076; x_wconf 85' lang='lat' dir='ltr'><strong>decima;</strong></span> <span class='ocrx_word' id='word_1_71' title='bbox 1008 1013 1200 1066; x_wconf 88' lang='lat' dir='ltr'><strong>tertias</strong></span> <span class='ocrx_word' id='word_1_72' title='bbox 1252 1010 1433 1064; x_wconf 84' lang='lat' dir='ltr'><strong>Nonas</strong></span> <span class='ocrx_word' id='word_1_73' title='bbox 1484 1007 1803 1071; x_wconf 87' lang='lat' dir='ltr'><strong>undecima;</strong></span> <span class='ocrx_word' id='word_1_74' title='bbox 1855 1007 2055 1075; x_wconf 81' lang='lat' dir='ltr'><strong>pridias</strong></span> 
     </span>
    </p>
   </div>
   <div class='ocr_carea' id='block_1_11' title="bbox 480 1093 2054 1167">
    <p class='ocr_par' dir='ltr' id='par_1_11' title="bbox 480 1093 2054 1167">
     <span class='ocr_line' id='line_1_11' title="bbox 480 1093 2054 1167; baseline -0.006 -9"><span class='ocrx_word' id='word_1_75' title='bbox 480 1104 660 1159; x_wconf 86' lang='lat' dir='ltr'><strong>Nonas</strong></span> <span class='ocrx_word' id='word_1_76' title='bbox 684 1103 1038 1167; x_wconf 86' lang='lat' dir='ltr'><strong>duodecima;</strong></span> <span class='ocrx_word' id='word_1_77' title='bbox 1068 1101 1250 1156; x_wconf 85' lang='lat' dir='ltr'><strong>Nonas</strong></span> <span class='ocrx_word' id='word_1_78' title='bbox 1275 1101 1434 1154; x_wconf 89' lang='lat' dir='ltr'><strong>tertia</strong></span> <span class='ocrx_word' id='word_1_79' title='bbox 1457 1100 1684 1161; x_wconf 88' lang='lat' dir='ltr'><strong>decima,</strong></span> <span class='ocrx_word' id='word_1_80' title='bbox 1729 1112 1848 1167; x_wconf 74' lang='lat' dir='ltr'><strong>qum</strong></span> <span class='ocrx_word' id='word_1_81' title='bbox 1898 1093 2054 1164; x_wconf 78' lang='lat' dir='ltr'><strong>juxta</strong></span> 
     </span>
    </p>
   </div>
   <div class='ocr_carea' id='block_1_12' title="bbox 480 1189 2053 1265">
    <p class='ocr_par' dir='ltr' id='par_1_12' title="bbox 480 1189 2053 1265">
     <span class='ocr_line' id='line_1_12' title="bbox 480 1189 2053 1265; baseline -0.006 -12"><span class='ocrx_word' id='word_1_82' title='bbox 480 1200 744 1255; x_wconf 87' lang='lat' dir='ltr'><strong>rationem</strong></span> <span class='ocrx_word' id='word_1_83' title='bbox 774 1198 1053 1254; x_wconf 82' lang='lat' dir='ltr'><strong>Paschalis</strong></span> <span class='ocrx_word' id='word_1_84' title='bbox 1079 1196 1202 1252; x_wconf 82' lang='lat' dir='ltr'><strong>festi</strong></span> <span class='ocrx_word' id='word_1_85' title='bbox 1233 1204 1426 1265; x_wconf 86' lang='lat' dir='ltr'><strong>quarta</strong></span> <span class='ocrx_word' id='word_1_86' title='bbox 1460 1194 1666 1250; x_wconf 82' lang='lat' dir='ltr'><strong>decima</strong></span> <span class='ocrx_word' id='word_1_87' title='bbox 1704 1191 1863 1248; x_wconf 88' lang='lat' dir='ltr'><strong>debet</strong></span> <span class='ocrx_word' id='word_1_88' title='bbox 1915 1189 2053 1255; x_wconf 86' lang='lat' dir='ltr'><strong>ﬁeri,</strong></span> 
     </span>
    </p>
   </div>
   <div class='ocr_carea' id='block_1_13' title="bbox 481 1285 2057 1355">
    <p class='ocr_par' dir='ltr' id='par_1_13' title="bbox 481 1285 2057 1355">
     <span class='ocr_line' id='line_1_13' title="bbox 481 1285 2057 1355; baseline -0.008 -8"><span class='ocrx_word' id='word_1_89' title='bbox 481 1295 624 1347; x_wconf 83' lang='lat' dir='ltr'><strong>sicut</strong></span> <span class='ocrx_word' id='word_1_90' title='bbox 649 1295 718 1346; x_wconf 90' lang='lat' dir='ltr'><strong>ab</strong></span> <span class='ocrx_word' id='word_1_91' title='bbox 743 1291 989 1347; x_wconf 90' lang='lat' dir='ltr'><strong>omnibus</strong></span> <span class='ocrx_word' id='word_1_92' title='bbox 1038 1291 1093 1344; x_wconf 89' lang='lat' dir='ltr'><strong>in</strong></span> <span class='ocrx_word' id='word_1_93' title='bbox 1127 1288 1372 1344; x_wconf 85' lang='lat' dir='ltr'><strong>terminis</strong></span> <span class='ocrx_word' id='word_1_94' title='bbox 1397 1286 1737 1355; x_wconf 76' lang='lat' dir='ltr'><strong>paschalibus</strong></span> <span class='ocrx_word' id='word_1_95' title='bbox 1776 1285 2057 1338; x_wconf 89' lang='lat' dir='ltr'><strong>verissime</strong></span> 
     </span>
    </p>
   </div>
   <div class='ocr_carea' id='block_1_14' title="bbox 480 1378 2058 1448">
    <p class='ocr_par' dir='ltr' id='par_1_14' title="bbox 480 1378 2058 1448">
     <span class='ocr_line' id='line_1_14' title="bbox 480 1378 2058 1448; baseline -0.005 -9"><span class='ocrx_word' id='word_1_96' title='bbox 480 1388 798 1440; x_wconf 85' lang='lat' dir='ltr'><strong>decantatur</strong></span> <span class='ocrx_word' id='word_1_97' title='bbox 846 1393 901 1438; x_wconf 87' lang='lat' dir='ltr'><strong>el.</strong></span> <span class='ocrx_word' id='word_1_98' title='bbox 941 1383 1248 1437; x_wconf 84' lang='lat' dir='ltr'><strong>ﬁrmissime</strong></span> <span class='ocrx_word' id='word_1_99' title='bbox 1283 1390 1517 1436; x_wconf 86' lang='lat' dir='ltr'><strong>tenetur.</strong></span> <span class='ocrx_word' id='word_1_100' title='bbox 1542 1380 1610 1434; x_wconf 88' lang='lat' dir='ltr'><strong>Et</strong></span> <span class='ocrx_word' id='word_1_101' title='bbox 1661 1378 1833 1433; x_wconf 90' lang='lat' dir='ltr'><strong>videri</strong></span> <span class='ocrx_word' id='word_1_102' title='bbox 1880 1383 2058 1448; x_wconf 79' lang='lat' dir='ltr'><strong>potest</strong></span> 
     </span>
    </p>
   </div>
   <div class='ocr_carea' id='block_1_15' title="bbox 479 1474 2056 1546">
    <p class='ocr_par' dir='ltr' id='par_1_15' title="bbox 479 1474 2056 1546">
     <span class='ocr_line' id='line_1_15' title="bbox 479 1474 2056 1546; baseline -0.005 -16"><span class='ocrx_word' id='word_1_103' title='bbox 479 1477 764 1546; x_wconf 82' lang='lat' dir='ltr'><strong>diligenter</strong></span> <span class='ocrx_word' id='word_1_104' title='bbox 785 1474 1274 1539; x_wconf 80' lang='lat' dir='ltr'><strong>considerantibus,</strong></span> <span class='ocrx_word' id='word_1_105' title='bbox 1304 1480 1542 1543; x_wconf 89' lang='lat' dir='ltr'><strong>quantus</strong></span> <span class='ocrx_word' id='word_1_106' title='bbox 1590 1487 1744 1526; x_wconf 90' lang='lat' dir='ltr'><strong>error</strong></span> <span class='ocrx_word' id='word_1_107' title='bbox 1789 1478 1846 1524; x_wconf 89' lang='lat' dir='ltr'><strong>et</strong></span> <span class='ocrx_word' id='word_1_108' title='bbox 1895 1483 2056 1538; x_wconf 87' lang='lat' dir='ltr'><strong>quam</strong></span> 
     </span>
    </p>
   </div>
   <div class='ocr_carea' id='block_1_16' title="bbox 479 1561 2058 1636">
    <p class='ocr_par' dir='ltr' id='par_1_16' title="bbox 479 1561 2058 1636">
     <span class='ocr_line' id='line_1_16' title="bbox 479 1561 2058 1636; baseline -0.003 -17"><span class='ocrx_word' id='word_1_109' title='bbox 479 1567 812 1635; x_wconf 85' lang='lat' dir='ltr'><strong>perniciosus</strong></span> <span class='ocrx_word' id='word_1_110' title='bbox 837 1567 890 1620; x_wconf 90' lang='lat' dir='ltr'><strong>in</strong></span> <span class='ocrx_word' id='word_1_111' title='bbox 921 1565 1052 1620; x_wconf 85' lang='lat' dir='ltr'><strong>luna</strong></span> <span class='ocrx_word' id='word_1_112' title='bbox 1077 1578 1270 1636; x_wconf 78' lang='lat' dir='ltr'><strong>quarta</strong></span> <span class='ocrx_word' id='word_1_113' title='bbox 1297 1566 1504 1620; x_wconf 86' lang='lat' dir='ltr'><strong>decima</strong></span> <span class='ocrx_word' id='word_1_114' title='bbox 1527 1563 1749 1618; x_wconf 88' lang='lat' dir='ltr'><strong>etindie</strong></span> <span class='ocrx_word' id='word_1_115' title='bbox 1769 1561 2058 1616; x_wconf 69' lang='lat' dir='ltr'><strong>Dominicm</strong></span> 
     </span>
    </p>
   </div>
   <div class='ocr_carea' id='block_1_17' title="bbox 482 1651 2054 1726">
    <p class='ocr_par' dir='ltr' id='par_1_17' title="bbox 482 1651 2054 1726">
     <span class='ocr_line' id='line_1_17' title="bbox 482 1651 2054 1726; baseline -0.003 -17"><span class='ocrx_word' id='word_1_116' title='bbox 482 1657 720 1722; x_wconf 69' lang='lat' dir='ltr'><strong>Paschze,</strong></span> <span class='ocrx_word' id='word_1_117' title='bbox 749 1668 805 1712; x_wconf 87' lang='lat' dir='ltr'><strong>et</strong></span> <span class='ocrx_word' id='word_1_118' title='bbox 849 1659 900 1711; x_wconf 91' lang='lat' dir='ltr'><strong>in</strong></span> <span class='ocrx_word' id='word_1_119' title='bbox 931 1666 1092 1712; x_wconf 66' lang='lat' dir='ltr'><strong>aatate</strong></span> <span class='ocrx_word' id='word_1_120' title='bbox 1141 1657 1280 1712; x_wconf 79' lang='lat' dir='ltr'><strong>luna:</strong></span> <span class='ocrx_word' id='word_1_121' title='bbox 1293 1656 1530 1726; x_wconf 84' lang='lat' dir='ltr'><strong>ejusdem</strong></span> <span class='ocrx_word' id='word_1_122' title='bbox 1551 1655 1656 1709; x_wconf 90' lang='lat' dir='ltr'><strong>diei</strong></span> <span class='ocrx_word' id='word_1_123' title='bbox 1681 1654 1812 1708; x_wconf 89' lang='lat' dir='ltr'><strong>oriri</strong></span> <span class='ocrx_word' id='word_1_124' title='bbox 1838 1651 2054 1721; x_wconf 88' lang='lat' dir='ltr'><strong>poterit,</strong></span> 
     </span>
    </p>
   </div>
   <div class='ocr_carea' id='block_1_18' title="bbox 480 1743 2056 1836">
    <p class='ocr_par' dir='ltr' id='par_1_18' title="bbox 480 1743 2056 1817">
     <span class='ocr_line' id='line_1_18' title="bbox 480 1743 2056 1817; baseline -0.003 -16"><span class='ocrx_word' id='word_1_125' title='bbox 480 1748 525 1801; x_wconf 89' lang='lat' dir='ltr'><strong>si</strong></span> <span class='ocrx_word' id='word_1_126' title='bbox 553 1749 674 1817; x_wconf 86' lang='lat' dir='ltr'><strong>quis</strong></span> <span class='ocrx_word' id='word_1_127' title='bbox 705 1763 810 1802; x_wconf 91' lang='lat' dir='ltr'><strong>non</strong></span> <span class='ocrx_word' id='word_1_128' title='bbox 837 1750 1110 1802; x_wconf 82' lang='lat' dir='ltr'><strong>curaverit</strong></span> <span class='ocrx_word' id='word_1_129' title='bbox 1135 1763 1303 1801; x_wconf 85' lang='lat' dir='ltr'><strong>unum</strong></span> <span class='ocrx_word' id='word_1_130' title='bbox 1327 1747 1470 1800; x_wconf 90' lang='lat' dir='ltr'><strong>diem</strong></span> <span class='ocrx_word' id='word_1_131' title='bbox 1509 1746 1562 1798; x_wconf 92' lang='lat' dir='ltr'><strong>in</strong></span> <span class='ocrx_word' id='word_1_132' title='bbox 1590 1751 1748 1798; x_wconf 63' lang='lat' dir='ltr'><strong>(etate</strong></span> <span class='ocrx_word' id='word_1_133' title='bbox 1775 1743 1915 1797; x_wconf 76' lang='lat' dir='ltr'><strong>luna:</strong></span> <span class='ocrx_word' id='word_1_134' title='bbox 1969 1757 2056 1796; x_wconf 86' lang='lat' dir='ltr'><strong>ra-</strong></span> 
     </span>
    </p>
   </div>
   <div class='ocr_carea' id='block_1_19' title="bbox 2151 553 2315 608">
    <p class='ocr_par' dir='ltr' id='par_1_19' title="bbox 2151 553 2315 608">
     <span class='ocr_line' id='line_1_19' title="bbox 2151 553 2315 608; baseline -0.012 0"><span class='ocrx_word' id='word_1_135' title='bbox 2151 553 2315 608; x_wconf 86' lang='lat' dir='ltr'><strong>diem.</strong></span> 
     </span>
    </p>
   </div>
   <div class='ocr_carea' id='block_1_20' title="bbox 2221 639 3730 711">
    <p class='ocr_par' dir='ltr' id='par_1_20' title="bbox 2221 639 3730 711">
     <span class='ocr_line' id='line_1_20' title="bbox 2221 639 3730 711; baseline 0.003 -15"><span class='ocrx_word' id='word_1_136' title='bbox 2221 642 2461 708; x_wconf 78' lang='lat' dir='ltr'><strong>Qualiter</strong></span> <span class='ocrx_word' id='word_1_137' title='bbox 2479 656 2607 698; x_wconf 77' lang='lat' dir='ltr'><strong>vero</strong></span> <span class='ocrx_word' id='word_1_138' title='bbox 2661 641 2820 710; x_wconf 89' lang='lat' dir='ltr'><strong>hujus</strong></span> <span class='ocrx_word' id='word_1_139' title='bbox 2867 641 3004 695; x_wconf 82' lang='lat' dir='ltr'><strong>ratio</strong></span> <span class='ocrx_word' id='word_1_140' title='bbox 3057 639 3224 694; x_wconf 86' lang='lat' dir='ltr'><strong>saltus</strong></span> <span class='ocrx_word' id='word_1_141' title='bbox 3286 640 3510 711; x_wconf 77' lang='lat' dir='ltr'><strong>singulis</strong></span> <span class='ocrx_word' id='word_1_142' title='bbox 3572 645 3730 702; x_wconf 82' lang='lat' dir='ltr'><strong>annis</strong></span> 
     </span>
    </p>
   </div>
   <div class='ocr_carea' id='block_1_21' title="bbox 2153 710 3732 804">
    <p class='ocr_par' dir='ltr' id='par_1_21' title="bbox 2153 710 3732 804">
     <span class='ocr_line' id='line_1_21' title="bbox 2153 710 3732 804; baseline 0.003 -18"><span class='ocrx_word' id='word_1_143' title='bbox 2153 731 2335 804; x_wconf 77' lang='lat' dir='ltr'><strong>[cycli]</strong></span> <span class='ocrx_word' id='word_1_144' title='bbox 2361 731 2842 786; x_wconf 88' lang='lat' dir='ltr'><strong>decennovennalis</strong></span> <span class='ocrx_word' id='word_1_145' title='bbox 2866 731 2924 784; x_wconf 90' lang='lat' dir='ltr'><strong>in</strong></span> <span class='ocrx_word' id='word_1_146' title='bbox 2956 730 3366 784; x_wconf 79' lang='lat' dir='ltr'><strong>diminutionem</strong></span> <span class='ocrx_word' id='word_1_147' title='bbox 3403 710 3573 787; x_wconf 38' lang='lat' dir='ltr'><strong>‘unius</strong></span> <span class='ocrx_word' id='word_1_148' title='bbox 3622 733 3732 793; x_wconf 81' lang='lat' dir='ltr'><strong>diei</strong></span> 
     </span>
    </p>
   </div>
   <div class='ocr_carea' id='block_1_22' title="bbox 2154 818 3731 889">
    <p class='ocr_par' dir='ltr' id='par_1_22' title="bbox 2154 818 3731 889">
     <span class='ocr_line' id='line_1_22' title="bbox 2154 818 3731 889; baseline 0.001 -14"><span class='ocrx_word' id='word_1_149' title='bbox 2154 827 2452 885; x_wconf 78' lang='lat' dir='ltr'><strong>accrescat,</strong></span> <span class='ocrx_word' id='word_1_150' title='bbox 2483 819 2710 876; x_wconf 86' lang='lat' dir='ltr'><strong>diversis</strong></span> <span class='ocrx_word' id='word_1_151' title='bbox 2736 820 2908 874; x_wconf 92' lang='lat' dir='ltr'><strong>modis</strong></span> <span class='ocrx_word' id='word_1_152' title='bbox 2939 827 3308 889; x_wconf 88' lang='lat' dir='ltr'><strong>computatur.</strong></span> <span class='ocrx_word' id='word_1_153' title='bbox 3344 818 3450 876; x_wconf 87' lang='lat' dir='ltr'><strong>Sed</strong></span> <span class='ocrx_word' id='word_1_154' title='bbox 3491 821 3606 877; x_wconf 73' lang='lat' dir='ltr'><strong>hmc</strong></span> <span class='ocrx_word' id='word_1_155' title='bbox 3649 821 3731 878; x_wconf 79' lang='lat' dir='ltr'><strong>fa-</strong></span> 
     </span>
    </p>
   </div>
   <div class='ocr_carea' id='block_1_23' title="bbox 2154 910 3736 980">
    <p class='ocr_par' dir='ltr' id='par_1_23' title="bbox 2154 910 3736 980">
     <span class='ocr_line' id='line_1_23' title="bbox 2154 910 3736 980; baseline 0.002 -14"><span class='ocrx_word' id='word_1_156' title='bbox 2154 912 2308 966; x_wconf 91' lang='lat' dir='ltr'><strong>cilior</strong></span> <span class='ocrx_word' id='word_1_157' title='bbox 2340 912 2549 966; x_wconf 90' lang='lat' dir='ltr'><strong>videtur</strong></span> <span class='ocrx_word' id='word_1_158' title='bbox 2582 912 2930 979; x_wconf 89' lang='lat' dir='ltr'><strong>computatio,</strong></span> <span class='ocrx_word' id='word_1_159' title='bbox 2957 919 3018 964; x_wconf 92' lang='lat' dir='ltr'><strong>ut</strong></span> <span class='ocrx_word' id='word_1_160' title='bbox 3037 911 3292 974; x_wconf 89' lang='lat' dir='ltr'><strong>sciamus,</strong></span> <span class='ocrx_word' id='word_1_161' title='bbox 3318 910 3547 980; x_wconf 81' lang='lat' dir='ltr'><strong>singulis</strong></span> <span class='ocrx_word' id='word_1_162' title='bbox 3574 915 3736 969; x_wconf 85' lang='lat' dir='ltr'><strong>annis</strong></span> 
     </span>
    </p>
   </div>
   <div class='ocr_carea' id='block_1_24' title="bbox 2154 1004 3725 1077">
    <p class='ocr_par' dir='ltr' id='par_1_24' title="bbox 2154 1004 3725 1077">
     <span class='ocr_line' id='line_1_24' title="bbox 2154 1004 3725 1077; baseline -0.001 -16"><span class='ocrx_word' id='word_1_163' title='bbox 2154 1004 2783 1077; x_wconf 83' lang='lat' dir='ltr'><strong>cyclidecennovennalis</strong></span> <span class='ocrx_word' id='word_1_164' title='bbox 2802 1021 2964 1058; x_wconf 90' lang='lat' dir='ltr'><strong>unam</strong></span> <span class='ocrx_word' id='word_1_165' title='bbox 2979 1005 3166 1058; x_wconf 88' lang='lat' dir='ltr'><strong>horam</strong></span> <span class='ocrx_word' id='word_1_166' title='bbox 3189 1012 3423 1058; x_wconf 91' lang='lat' dir='ltr'><strong>etuuum</strong></span> <span class='ocrx_word' id='word_1_167' title='bbox 3443 1014 3725 1076; x_wconf 89' lang='lat' dir='ltr'><strong>punctum,</strong></span> 
     </span>
    </p>
   </div>
   <div class='ocr_carea' id='block_1_25' title="bbox 2154 1093 3732 1168">
    <p class='ocr_par' dir='ltr' id='par_1_25' title="bbox 2154 1093 3732 1168">
     <span class='ocr_line' id='line_1_25' title="bbox 2154 1093 3732 1168; baseline 0 -17"><span class='ocrx_word' id='word_1_168' title='bbox 2154 1105 2210 1151; x_wconf 87' lang='lat' dir='ltr'><strong>ct</strong></span> <span class='ocrx_word' id='word_1_169' title='bbox 2234 1112 2426 1151; x_wconf 89' lang='lat' dir='ltr'><strong>novam</strong></span> <span class='ocrx_word' id='word_1_170' title='bbox 2453 1093 2816 1168; x_wconf 5' lang='lat' dir='ltr'><strong>[F.,juonam]</strong></span> <span class='ocrx_word' id='word_1_171' title='bbox 2850 1095 3114 1148; x_wconf 88' lang='lat' dir='ltr'><strong>decimam</strong></span> <span class='ocrx_word' id='word_1_172' title='bbox 3155 1102 3368 1162; x_wconf 88' lang='lat' dir='ltr'><strong>partem</strong></span> <span class='ocrx_word' id='word_1_173' title='bbox 3399 1096 3556 1150; x_wconf 82' lang='lat' dir='ltr'><strong>unius</strong></span> <span class='ocrx_word' id='word_1_174' title='bbox 3598 1112 3732 1165; x_wconf 85' lang='lat' dir='ltr'><strong>pun-</strong></span> 
     </span>
    </p>
   </div>
   <div class='ocr_carea' id='block_1_26' title="bbox 2156 1186 3734 1257">
    <p class='ocr_par' dir='ltr' id='par_1_26' title="bbox 2156 1186 3734 1257">
     <span class='ocr_line' id='line_1_26' title="bbox 2156 1186 3734 1257; baseline 0.001 -13"><span class='ocrx_word' id='word_1_175' title='bbox 2156 1190 2228 1244; x_wconf 91' lang='lat' dir='ltr'><strong>cti</strong></span> <span class='ocrx_word' id='word_1_176' title='bbox 2252 1203 2562 1244; x_wconf 88' lang='lat' dir='ltr'><strong>accrescere</strong></span> <span class='ocrx_word' id='word_1_177' title='bbox 2583 1189 2650 1242; x_wconf 91' lang='lat' dir='ltr'><strong>ad</strong></span> <span class='ocrx_word' id='word_1_178' title='bbox 2689 1188 2938 1242; x_wconf 87' lang='lat' dir='ltr'><strong>undecim</strong></span> <span class='ocrx_word' id='word_1_179' title='bbox 2961 1186 3424 1257; x_wconf 85' lang='lat' dir='ltr'><strong>epactarumdies.</strong></span> <span class='ocrx_word' id='word_1_180' title='bbox 3443 1187 3519 1241; x_wconf 84' lang='lat' dir='ltr'><strong>Ex</strong></span> <span class='ocrx_word' id='word_1_181' title='bbox 3536 1189 3734 1257; x_wconf 85' lang='lat' dir='ltr'><strong>quibus</strong></span> 
     </span>
    </p>
   </div>
   <div class='ocr_carea' id='block_1_27' title="bbox 2157 1279 3732 1350">
    <p class='ocr_par' dir='ltr' id='par_1_27' title="bbox 2157 1279 3732 1350">
     <span class='ocr_line' id='line_1_27' title="bbox 2157 1279 3732 1350; baseline 0 -15"><span class='ocrx_word' id='word_1_182' title='bbox 2157 1282 2305 1335; x_wconf 86' lang='lat' dir='ltr'><strong>horis</strong></span> <span class='ocrx_word' id='word_1_183' title='bbox 2329 1287 2382 1333; x_wconf 90' lang='lat' dir='ltr'><strong>et</strong></span> <span class='ocrx_word' id='word_1_184' title='bbox 2407 1279 2620 1350; x_wconf 88' lang='lat' dir='ltr'><strong>punctis</strong></span> <span class='ocrx_word' id='word_1_185' title='bbox 2645 1279 2913 1348; x_wconf 81' lang='lat' dir='ltr'><strong>colligitur</strong></span> <span class='ocrx_word' id='word_1_186' title='bbox 2945 1292 3084 1332; x_wconf 92' lang='lat' dir='ltr'><strong>unus</strong></span> <span class='ocrx_word' id='word_1_187' title='bbox 3109 1293 3207 1347; x_wconf 89' lang='lat' dir='ltr'><strong>per</strong></span> <span class='ocrx_word' id='word_1_188' title='bbox 3237 1293 3430 1332; x_wconf 89' lang='lat' dir='ltr'><strong>novem</strong></span> <span class='ocrx_word' id='word_1_189' title='bbox 3457 1287 3510 1332; x_wconf 90' lang='lat' dir='ltr'><strong>et</strong></span> <span class='ocrx_word' id='word_1_190' title='bbox 3546 1280 3732 1335; x_wconf 88' lang='lat' dir='ltr'><strong>decem</strong></span> 
     </span>
    </p>
   </div>
   <div class='ocr_carea' id='block_1_28' title="bbox 2157 1366 3729 1437">
    <p class='ocr_par' dir='ltr' id='par_1_28' title="bbox 2157 1366 3729 1437">
     <span class='ocr_line' id='line_1_28' title="bbox 2157 1366 3729 1437; baseline 0.002 -16"><span class='ocrx_word' id='word_1_191' title='bbox 2157 1383 2326 1423; x_wconf 90' lang='lat' dir='ltr'><strong>annos</strong></span> <span class='ocrx_word' id='word_1_192' title='bbox 2347 1367 2481 1422; x_wconf 90' lang='lat' dir='ltr'><strong>dies.</strong></span> <span class='ocrx_word' id='word_1_193' title='bbox 2513 1366 2646 1422; x_wconf 86' lang='lat' dir='ltr'><strong>Nam</strong></span> <span class='ocrx_word' id='word_1_194' title='bbox 2673 1367 2868 1437; x_wconf 76' lang='lat' dir='ltr'><strong>viginti</strong></span> <span class='ocrx_word' id='word_1_195' title='bbox 2897 1374 2951 1420; x_wconf 91' lang='lat' dir='ltr'><strong>et</strong></span> <span class='ocrx_word' id='word_1_196' title='bbox 2979 1374 3214 1435; x_wconf 85' lang='lat' dir='ltr'><strong>quatuor</strong></span> <span class='ocrx_word' id='word_1_197' title='bbox 3238 1368 3386 1422; x_wconf 71' lang='lat' dir='ltr'><strong>hora:</strong></span> <span class='ocrx_word' id='word_1_198' title='bbox 3410 1369 3549 1423; x_wconf 90' lang='lat' dir='ltr'><strong>diem</strong></span> <span class='ocrx_word' id='word_1_199' title='bbox 3589 1371 3729 1426; x_wconf 85' lang='lat' dir='ltr'><strong>inte-</strong></span> 
     </span>
    </p>
   </div>
   <div class='ocr_carea' id='block_1_29' title="bbox 2157 1458 3754 1529">
    <p class='ocr_par' dir='ltr' id='par_1_29' title="bbox 2157 1458 3754 1529">
     <span class='ocr_line' id='line_1_29' title="bbox 2157 1458 3754 1529; baseline 0.001 -16"><span class='ocrx_word' id='word_1_200' title='bbox 2157 1475 2312 1529; x_wconf 84' lang='lat' dir='ltr'><strong>grum</strong></span> <span class='ocrx_word' id='word_1_201' title='bbox 2340 1458 2651 1528; x_wconf 86' lang='lat' dir='ltr'><strong>perﬁciunt;</strong></span> <span class='ocrx_word' id='word_1_202' title='bbox 2682 1466 2912 1527; x_wconf 88' lang='lat' dir='ltr'><strong>quatuor</strong></span> <span class='ocrx_word' id='word_1_203' title='bbox 2940 1474 3070 1513; x_wconf 87' lang='lat' dir='ltr'><strong>vero</strong></span> <span class='ocrx_word' id='word_1_204' title='bbox 3095 1459 3279 1527; x_wconf 89' lang='lat' dir='ltr'><strong>puncti</strong></span> <span class='ocrx_word' id='word_1_205' title='bbox 3308 1459 3496 1514; x_wconf 90' lang='lat' dir='ltr'><strong>horam</strong></span> <span class='ocrx_word' id='word_1_206' title='bbox 3524 1461 3754 1523; x_wconf 79' lang='lat' dir='ltr'><strong>faciunt,</strong></span> 
     </span>
    </p>
   </div>
   <div class='ocr_carea' id='block_1_30' title="bbox 2157 1550 3736 1622">
    <p class='ocr_par' dir='ltr' id='par_1_30' title="bbox 2157 1550 3736 1622">
     <span class='ocr_line' id='line_1_30' title="bbox 2157 1550 3736 1622; baseline 0 -16"><span class='ocrx_word' id='word_1_207' title='bbox 2157 1552 2389 1606; x_wconf 85' lang='lat' dir='ltr'><strong>sedecim</strong></span> <span class='ocrx_word' id='word_1_208' title='bbox 2411 1551 2594 1620; x_wconf 91' lang='lat' dir='ltr'><strong>puncti</strong></span> <span class='ocrx_word' id='word_1_209' title='bbox 2608 1558 2838 1620; x_wconf 86' lang='lat' dir='ltr'><strong>quatuor</strong></span> <span class='ocrx_word' id='word_1_210' title='bbox 2863 1551 3025 1605; x_wconf 88' lang='lat' dir='ltr'><strong>horas</strong></span> <span class='ocrx_word' id='word_1_211' title='bbox 3043 1550 3281 1605; x_wconf 81' lang='lat' dir='ltr'><strong>cilicium</strong></span> <span class='ocrx_word' id='word_1_212' title='bbox 3307 1559 3392 1605; x_wconf 88' lang='lat' dir='ltr'><strong>:et</strong></span> <span class='ocrx_word' id='word_1_213' title='bbox 3410 1552 3582 1607; x_wconf 88' lang='lat' dir='ltr'><strong>tribus</strong></span> <span class='ocrx_word' id='word_1_214' title='bbox 3602 1569 3736 1622; x_wconf 90' lang='lat' dir='ltr'><strong>puu-</strong></span> 
     </span>
    </p>
   </div>
   <div class='ocr_carea' id='block_1_31' title="bbox 2157 1641 3736 1719">
    <p class='ocr_par' dir='ltr' id='par_1_31' title="bbox 2157 1641 3736 1719">
     <span class='ocr_line' id='line_1_31' title="bbox 2157 1641 3736 1719; baseline 0 -21"><span class='ocrx_word' id='word_1_215' title='bbox 2157 1642 2278 1707; x_wconf 90' lang='lat' dir='ltr'><strong>ctis,</strong></span> <span class='ocrx_word' id='word_1_216' title='bbox 2305 1642 2394 1710; x_wconf 89' lang='lat' dir='ltr'><strong>qui</strong></span> <span class='ocrx_word' id='word_1_217' title='bbox 2409 1649 2716 1710; x_wconf 87' lang='lat' dir='ltr'><strong>supersunt,</strong></span> <span class='ocrx_word' id='word_1_218' title='bbox 2749 1641 2884 1695; x_wconf 87' lang='lat' dir='ltr'><strong>addc</strong></span> <span class='ocrx_word' id='word_1_219' title='bbox 2905 1656 3077 1694; x_wconf 91' lang='lat' dir='ltr'><strong>nonas</strong></span> <span class='ocrx_word' id='word_1_220' title='bbox 3107 1641 3342 1719; x_wconf 82' lang='lat' dir='ltr'><strong>decimas</strong></span> <span class='ocrx_word' id='word_1_221' title='bbox 3376 1651 3559 1710; x_wconf 87' lang='lat' dir='ltr'><strong>partes</strong></span> <span class='ocrx_word' id='word_1_222' title='bbox 3575 1645 3736 1698; x_wconf 91' lang='lat' dir='ltr'><strong>unius</strong></span> 
     </span>
    </p>
   </div>
   <div class='ocr_carea' id='block_1_32' title="bbox 2156 1731 3738 1802">
    <p class='ocr_par' dir='ltr' id='par_1_32' title="bbox 2156 1731 3738 1802">
     <span class='ocr_line' id='line_1_32' title="bbox 2156 1731 3738 1802; baseline 0.001 -14"><span class='ocrx_word' id='word_1_223' title='bbox 2156 1735 2367 1802; x_wconf 83' lang='lat' dir='ltr'><strong>puncti,</strong></span> <span class='ocrx_word' id='word_1_224' title='bbox 2397 1741 2452 1787; x_wconf 90' lang='lat' dir='ltr'><strong>ct</strong></span> <span class='ocrx_word' id='word_1_225' title='bbox 2481 1731 2858 1801; x_wconf 87' lang='lat' dir='ltr'><strong>ﬁuntquatuor</strong></span> <span class='ocrx_word' id='word_1_226' title='bbox 2881 1732 3088 1802; x_wconf 90' lang='lat' dir='ltr'><strong>puncti,</strong></span> <span class='ocrx_word' id='word_1_227' title='bbox 3126 1740 3181 1786; x_wconf 91' lang='lat' dir='ltr'><strong>et</strong></span> <span class='ocrx_word' id='word_1_228' title='bbox 3200 1735 3565 1788; x_wconf 82' lang='lat' dir='ltr'><strong>estunahora.</strong></span> <span class='ocrx_word' id='word_1_229' title='bbox 3584 1735 3738 1791; x_wconf 85' lang='lat' dir='ltr'><strong>Hanc</strong></span> 
     </span>
    </p>
   </div>
   <div class='ocr_carea' id='block_1_33' title="bbox 481 1808 3738 1906">
    <p class='ocr_par' dir='ltr' id='par_1_33' title="bbox 481 1808 3738 1906">
     <span class='ocr_line' id='line_1_33' title="bbox 481 1808 3738 1906; baseline -0.003 -16"><span class='ocrx_word' id='word_1_230' title='bbox 481 1808 624 1890; x_wconf 76' lang='lat' dir='ltr'><strong>tione</strong></span> <span class='ocrx_word' id='word_1_231' title='bbox 659 1836 827 1906; x_wconf 81' lang='lat' dir='ltr'><strong>saltus</strong></span> <span class='ocrx_word' id='word_1_232' title='bbox 856 1836 912 1892; x_wconf 90' lang='lat' dir='ltr'><strong>in</strong></span> <span class='ocrx_word' id='word_1_233' title='bbox 955 1835 1280 1890; x_wconf 85' lang='lat' dir='ltr'><strong>Novembrio</strong></span> <span class='ocrx_word' id='word_1_234' title='bbox 1308 1849 1492 1888; x_wconf 87' lang='lat' dir='ltr'><strong>mense</strong></span> <span class='ocrx_word' id='word_1_235' title='bbox 1535 1833 1828 1887; x_wconf 88' lang='lat' dir='ltr'><strong>transilire.</strong></span> <span class='ocrx_word' id='word_1_236' title='bbox 1878 1831 2055 1886; x_wconf 86' lang='lat' dir='ltr'><strong>Etiam</strong></span> <span class='ocrx_word' id='word_1_237' title='bbox 2087 1808 2132 1868; x_wconf 74' lang='grc' dir='ltr'>Β</span> <span class='ocrx_word' id='word_1_238' title='bbox 2162 1825 2207 1878; x_wconf 82' lang='lat' dir='ltr'><strong>Si</strong></span> <span class='ocrx_word' id='word_1_239' title='bbox 2259 1823 2528 1878; x_wconf 77' lang='lat' dir='ltr'><strong>addideris</strong></span> <span class='ocrx_word' id='word_1_240' title='bbox 2561 1823 2669 1894; x_wconf 82' lang='lat'><strong>83</strong></span> <span class='ocrx_word' id='word_1_241' title='bbox 2719 1831 2951 1892; x_wconf 82' lang='lat' dir='ltr'><strong>quatuor</strong></span> <span class='ocrx_word' id='word_1_242' title='bbox 3000 1824 3331 1894; x_wconf 72' lang='lat' dir='ltr'><strong>prmscriptis</strong></span> <span class='ocrx_word' id='word_1_243' title='bbox 3371 1826 3565 1893; x_wconf 65' lang='lat' dir='ltr'><strong>horis,’</strong></span> <span class='ocrx_word' id='word_1_244' title='bbox 3600 1827 3738 1883; x_wconf 87' lang='lat' dir='ltr'><strong>ﬁunt</strong></span> 
     </span>
    </p>
   </div>
   <div class='ocr_carea' id='block_1_34' title="bbox 479 1921 2063 1991">
    <p class='ocr_par' dir='ltr' id='par_1_34' title="bbox 479 1921 2063 1991">
     <span class='ocr_line' id='line_1_34' title="bbox 479 1921 2063 1991; baseline -0.004 -10"><span class='ocrx_word' id='word_1_245' title='bbox 479 1942 580 1981; x_wconf 89' lang='lat' dir='ltr'><strong>nec</strong></span> <span class='ocrx_word' id='word_1_246' title='bbox 598 1935 729 1980; x_wconf 65' lang='lat' dir='ltr'><strong>tetas</strong></span> <span class='ocrx_word' id='word_1_247' title='bbox 757 1926 962 1981; x_wconf 87' lang='lat' dir='ltr'><strong>lunaris</strong></span> <span class='ocrx_word' id='word_1_248' title='bbox 992 1926 1052 1979; x_wconf 86' lang='lat' dir='ltr'><strong>in</strong></span> <span class='ocrx_word' id='word_1_249' title='bbox 1077 1923 1360 1991; x_wconf 77' lang='lat' dir='ltr'><strong>Januario,</strong></span> <span class='ocrx_word' id='word_1_250' title='bbox 1391 1923 1710 1987; x_wconf 85' lang='lat' dir='ltr'><strong>Februario,</strong></span> <span class='ocrx_word' id='word_1_251' title='bbox 1764 1921 1959 1976; x_wconf 78' lang='lat' dir='ltr'><strong>Martio</strong></span> <span class='ocrx_word' id='word_1_252' title='bbox 2006 1930 2063 1976; x_wconf 89' lang='lat' dir='ltr'><strong>et</strong></span> 
     </span>
    </p>
   </div>
   <div class='ocr_carea' id='block_1_35' title="bbox 476 2013 2065 2087">
    <p class='ocr_par' dir='ltr' id='par_1_35' title="bbox 476 2013 2065 2087">
     <span class='ocr_line' id='line_1_35' title="bbox 476 2013 2065 2087; baseline -0.004 -17"><span class='ocrx_word' id='word_1_253' title='bbox 476 2015 682 2086; x_wconf 84' lang='lat' dir='ltr'><strong>Aprile,</strong></span> <span class='ocrx_word' id='word_1_254' title='bbox 718 2016 1057 2087; x_wconf 79' lang='lat' dir='ltr'><strong>regularibus</strong></span> <span class='ocrx_word' id='word_1_255' title='bbox 1082 2017 1354 2081; x_wconf 80' lang='lat' dir='ltr'><strong>convenit,</strong></span> <span class='ocrx_word' id='word_1_256' title='bbox 1383 2016 1475 2084; x_wconf 90' lang='lat' dir='ltr'><strong>qui</strong></span> <span class='ocrx_word' id='word_1_257' title='bbox 1527 2014 1807 2070; x_wconf 87' lang='lat' dir='ltr'><strong>observari</strong></span> <span class='ocrx_word' id='word_1_258' title='bbox 1864 2013 2065 2067; x_wconf 88' lang='lat' dir='ltr'><strong>debent</strong></span> 
     </span>
    </p>
   </div>
   <div class='ocr_carea' id='block_1_36' title="bbox 479 2103 2064 2179">
    <p class='ocr_par' dir='ltr' id='par_1_36' title="bbox 479 2103 2064 2179">
     <span class='ocr_line' id='line_1_36' title="bbox 479 2103 2064 2179; baseline -0.003 -17"><span class='ocrx_word' id='word_1_259' title='bbox 479 2125 577 2179; x_wconf 89' lang='lat' dir='ltr'><strong>per</strong></span> <span class='ocrx_word' id='word_1_260' title='bbox 602 2109 788 2179; x_wconf 87' lang='lat' dir='ltr'><strong>decem</strong></span> <span class='ocrx_word' id='word_1_261' title='bbox 829 2116 885 2162; x_wconf 89' lang='lat' dir='ltr'><strong>et</strong></span> <span class='ocrx_word' id='word_1_262' title='bbox 912 2123 1108 2164; x_wconf 86' lang='lat' dir='ltr'><strong>novem</strong></span> <span class='ocrx_word' id='word_1_263' title='bbox 1143 2123 1313 2163; x_wconf 86' lang='lat' dir='ltr'><strong>annos</strong></span> <span class='ocrx_word' id='word_1_264' title='bbox 1368 2107 1438 2162; x_wconf 88' lang='lat' dir='ltr'><strong>ad</strong></span> <span class='ocrx_word' id='word_1_265' title='bbox 1463 2105 1897 2176; x_wconf 74' lang='lat' dir='ltr'><strong>cognoscendam</strong></span> <span class='ocrx_word' id='word_1_266' title='bbox 1949 2103 2064 2159; x_wconf 86' lang='lat' dir='ltr'><strong>die-</strong></span> 
     </span>
    </p>
   </div>
   <div class='ocr_carea' id='block_1_37' title="bbox 479 2195 2063 2252">
    <p class='ocr_par' dir='ltr' id='par_1_37' title="bbox 479 2195 2063 2252">
     <span class='ocr_line' id='line_1_37' title="bbox 479 2195 2063 2252; baseline 0.001 -1"><span class='ocrx_word' id='word_1_267' title='bbox 479 2200 579 2252; x_wconf 88' lang='lat' dir='ltr'><strong>hus</strong></span> <span class='ocrx_word' id='word_1_268' title='bbox 620 2197 981 2251; x_wconf 85' lang='lat' dir='ltr'><strong>Kalendarum</strong></span> <span class='ocrx_word' id='word_1_269' title='bbox 1035 2206 1248 2252; x_wconf 68' lang='lat' dir='ltr'><strong>aetatem</strong></span> <span class='ocrx_word' id='word_1_270' title='bbox 1304 2197 1446 2251; x_wconf 71' lang='lat' dir='ltr'><strong>luna:</strong></span> <span class='ocrx_word' id='word_1_271' title='bbox 1497 2197 1550 2250; x_wconf 90' lang='lat' dir='ltr'><strong>in</strong></span> <span class='ocrx_word' id='word_1_272' title='bbox 1607 2195 1888 2250; x_wconf 88' lang='lat' dir='ltr'><strong>mensibus</strong></span> <span class='ocrx_word' id='word_1_273' title='bbox 1952 2195 2063 2252; x_wconf 80' lang='lat' dir='ltr'><strong>sin.-</strong></span> 
     </span>
    </p>
   </div>
   <div class='ocr_carea' id='block_1_38' title="bbox 480 2287 1062 2356">
    <p class='ocr_par' dir='ltr' id='par_1_38' title="bbox 480 2287 1062 2356">
     <span class='ocr_line' id='line_1_38' title="bbox 480 2287 1062 2356; baseline 0.007 -16"><span class='ocrx_word' id='word_1_274' title='bbox 480 2287 639 2356; x_wconf 82' lang='lat' dir='ltr'><strong>gulis.</strong></span> <span class='ocrx_word' id='word_1_275' title='bbox 1060 2288 1062 2290; x_wconf 74' lang='grc'><em>’</em></span> 
     </span>
    </p>
   </div>
   <div class='ocr_carea' id='block_1_39' title="bbox 551 2376 2062 2447">
    <p class='ocr_par' dir='ltr' id='par_1_39' title="bbox 551 2376 2062 2447">
     <span class='ocr_line' id='line_1_39' title="bbox 551 2376 2062 2447; baseline 0 -15"><span class='ocrx_word' id='word_1_276' title='bbox 551 2378 648 2432; x_wconf 86' lang='lat' dir='ltr'><strong>Est</strong></span> <span class='ocrx_word' id='word_1_277' title='bbox 667 2392 882 2447; x_wconf 91' lang='lat' dir='ltr'><strong>quoque</strong></span> <span class='ocrx_word' id='word_1_278' title='bbox 903 2377 1044 2432; x_wconf 90' lang='lat' dir='ltr'><strong>aliud</strong></span> <span class='ocrx_word' id='word_1_279' title='bbox 1069 2378 1123 2432; x_wconf 91' lang='lat' dir='ltr'><strong>in</strong></span> <span class='ocrx_word' id='word_1_280' title='bbox 1147 2376 1308 2446; x_wconf 88' lang='lat' dir='ltr'><strong>hujus</strong></span> <span class='ocrx_word' id='word_1_281' title='bbox 1337 2377 1552 2432; x_wconf 85' lang='lat' dir='ltr'><strong>ratione&#39;</strong></span> <span class='ocrx_word' id='word_1_282' title='bbox 1581 2377 1750 2432; x_wconf 88' lang='lat' dir='ltr'><strong>saltus</strong></span> <span class='ocrx_word' id='word_1_283' title='bbox 1771 2377 2062 2447; x_wconf 83' lang='lat' dir='ltr'><strong>aliquando</strong></span> 
     </span>
    </p>
   </div>
   <div class='ocr_carea' id='block_1_40' title="bbox 479 2467 2058 2552">
    <p class='ocr_par' dir='ltr' id='par_1_40' title="bbox 479 2467 2058 2552">
     <span class='ocr_line' id='line_1_40' title="bbox 479 2467 2058 2552; baseline 0.001 -30"><span class='ocrx_word' id='word_1_284' title='bbox 479 2467 748 2552; x_wconf 70' lang='lat' dir='ltr'><strong>diﬁicilius</strong></span> <span class='ocrx_word' id='word_1_285' title='bbox 785 2469 1224 2538; x_wconf 88' lang='lat' dir='ltr'><strong>computandum,</strong></span> <span class='ocrx_word' id='word_1_286' title='bbox 1258 2469 1355 2524; x_wconf 89' lang='lat' dir='ltr'><strong>sed</strong></span> <span class='ocrx_word' id='word_1_287' title='bbox 1397 2468 1707 2524; x_wconf 88' lang='lat' dir='ltr'><strong>necessario</strong></span> <span class='ocrx_word' id='word_1_288' title='bbox 1760 2468 2058 2549; x_wconf 64' lang='lat' dir='ltr'><strong>sciendum.</strong></span> 
     </span>
    </p>
   </div>
   <div class='ocr_carea' id='block_1_41' title="bbox 480 2561 2062 2630">
    <p class='ocr_par' dir='ltr' id='par_1_41' title="bbox 480 2561 2062 2630">
     <span class='ocr_line' id='line_1_41' title="bbox 480 2561 2062 2630; baseline 0.001 -15"><span class='ocrx_word' id='word_1_289' title='bbox 480 2561 831 2616; x_wconf 88' lang='lat' dir='ltr'><strong>Notissimum</strong></span> <span class='ocrx_word' id='word_1_290' title='bbox 863 2577 993 2616; x_wconf 89' lang='lat' dir='ltr'><strong>vero</strong></span> <span class='ocrx_word' id='word_1_291' title='bbox 1019 2571 1211 2616; x_wconf 66' lang='lat' dir='ltr'><strong>vestrae</strong></span> <span class='ocrx_word' id='word_1_292' title='bbox 1237 2562 1351 2616; x_wconf 91' lang='lat' dir='ltr'><strong>scio</strong></span> <span class='ocrx_word' id='word_1_293' title='bbox 1397 2561 1722 2616; x_wconf 71' lang='lat' dir='ltr'><strong>acutissimte</strong></span> <span class='ocrx_word' id='word_1_294' title='bbox 1764 2561 2062 2630; x_wconf 63' lang='lat' dir='ltr'><strong>prudentiae</strong></span> 
     </span>
    </p>
   </div>
   <div class='ocr_carea' id='block_1_42' title="bbox 481 2652 2060 2721">
    <p class='ocr_par' dir='ltr' id='par_1_42' title="bbox 481 2652 2060 2721">
     <span class='ocr_line' id='line_1_42' title="bbox 481 2652 2060 2721; baseline 0.002 -16"><span class='ocrx_word' id='word_1_295' title='bbox 481 2652 616 2718; x_wconf 82' lang='lat' dir='ltr'><strong>fore,</strong></span> <span class='ocrx_word' id='word_1_296' title='bbox 638 2653 781 2721; x_wconf 90' lang='lat' dir='ltr'><strong>quod</strong></span> <span class='ocrx_word' id='word_1_297' title='bbox 810 2653 864 2707; x_wconf 90' lang='lat' dir='ltr'><strong>in</strong></span> <span class='ocrx_word' id='word_1_298' title='bbox 889 2654 1268 2708; x_wconf 87' lang='lat' dir='ltr'><strong>communibus</strong></span> <span class='ocrx_word' id='word_1_299' title='bbox 1282 2654 1437 2708; x_wconf 90' lang='lat' dir='ltr'><strong>annis</strong></span> <span class='ocrx_word' id='word_1_300' title='bbox 1457 2654 1753 2709; x_wconf 86' lang='lat' dir='ltr'><strong>secundum</strong></span> <span class='ocrx_word' id='word_1_301' title='bbox 1776 2668 2060 2708; x_wconf 87' lang='lat' dir='ltr'><strong>numerum</strong></span> 
     </span>
    </p>
   </div>
   <div class='ocr_carea' id='block_1_43' title="bbox 478 2741 2060 2812">
    <p class='ocr_par' dir='ltr' id='par_1_43' title="bbox 478 2741 2060 2812">
     <span class='ocr_line' id='line_1_43' title="bbox 478 2741 2060 2812; baseline 0.002 -17"><span class='ocrx_word' id='word_1_302' title='bbox 478 2749 811 2811; x_wconf 89' lang='lat' dir='ltr'><strong>cpactarum,</strong></span> <span class='ocrx_word' id='word_1_303' title='bbox 848 2756 970 2810; x_wconf 70' lang='lat' dir='ltr'><strong>quae</strong></span> <span class='ocrx_word' id='word_1_304' title='bbox 1002 2741 1229 2812; x_wconf 77' lang='lat' dir='ltr'><strong>singulis</strong></span> <span class='ocrx_word' id='word_1_305' title='bbox 1259 2741 1414 2797; x_wconf 90' lang='lat' dir='ltr'><strong>anuis</strong></span> <span class='ocrx_word' id='word_1_306' title='bbox 1454 2750 1773 2798; x_wconf 88' lang='lat' dir='ltr'><strong>accrescunt</strong></span> <span class='ocrx_word' id='word_1_307' title='bbox 1809 2742 2060 2799; x_wconf 84' lang='lat' dir='ltr'><strong>undecim</strong></span> 
     </span>
    </p>
   </div>
   <div class='ocr_carea' id='block_1_44' title="bbox 480 2832 2062 2902">
    <p class='ocr_par' dir='ltr' id='par_1_44' title="bbox 480 2832 2062 2902">
     <span class='ocr_line' id='line_1_44' title="bbox 480 2832 2062 2902; baseline 0.001 -15"><span class='ocrx_word' id='word_1_308' title='bbox 480 2832 698 2899; x_wconf 88' lang='lat' dir='ltr'><strong>diebus;</strong></span> <span class='ocrx_word' id='word_1_309' title='bbox 728 2841 923 2902; x_wconf 86' lang='lat' dir='ltr'><strong>quarta</strong></span> <span class='ocrx_word' id='word_1_310' title='bbox 957 2832 1164 2888; x_wconf 88' lang='lat' dir='ltr'><strong>decima</strong></span> <span class='ocrx_word' id='word_1_311' title='bbox 1187 2833 1311 2888; x_wconf 88' lang='lat' dir='ltr'><strong>luna</strong></span> <span class='ocrx_word' id='word_1_312' title='bbox 1338 2833 1616 2889; x_wconf 85' lang='lat' dir='ltr'><strong>Paschalis</strong></span> <span class='ocrx_word' id='word_1_313' title='bbox 1644 2833 1821 2888; x_wconf 91' lang='lat' dir='ltr'><strong>locum</strong></span> <span class='ocrx_word' id='word_1_314' title='bbox 1861 2832 2062 2902; x_wconf 86' lang='lat' dir='ltr'><strong>prioris</strong></span> 
     </span>
    </p>
   </div>
   <div class='ocr_carea' id='block_1_45' title="bbox 481 2919 2056 2994">
    <p class='ocr_par' dir='ltr' id='par_1_45' title="bbox 481 2919 2056 2994">
     <span class='ocr_line' id='line_1_45' title="bbox 481 2919 2056 2994; baseline -0.001 -19"><span class='ocrx_word' id='word_1_315' title='bbox 481 2928 686 2990; x_wconf 63' lang='lat' dir='ltr'><strong>quartae</strong></span> <span class='ocrx_word' id='word_1_316' title='bbox 711 2921 931 2976; x_wconf 69' lang='lat' dir='ltr'><strong>decimae</strong></span> <span class='ocrx_word' id='word_1_317' title='bbox 958 2921 1206 2977; x_wconf 90' lang='lat' dir='ltr'><strong>undecim</strong></span> <span class='ocrx_word' id='word_1_318' title='bbox 1231 2921 1377 2994; x_wconf 82' lang='lat' dir='ltr'><strong>[Al.,</strong></span> <span class='ocrx_word' id='word_1_319' title='bbox 1403 2923 1724 2988; x_wconf 87' lang='lat' dir='ltr'><strong>undecima;</strong></span> <span class='ocrx_word' id='word_1_320' title='bbox 1757 2922 1887 2977; x_wconf 79' lang='lat' dir='ltr'><strong>Cod.</strong></span> <span class='ocrx_word' id='word_1_321' title='bbox 1935 2919 2056 2977; x_wconf 82' lang='lat' dir='ltr'><strong>Vat.</strong></span> 
     </span>
    </p>
   </div>
   <div class='ocr_carea' id='block_1_46' title="bbox 483 3011 2059 3084">
    <p class='ocr_par' dir='ltr' id='par_1_46' title="bbox 483 3011 2059 3084">
     <span class='ocr_line' id='line_1_46' title="bbox 483 3011 2059 3084; baseline 0.001 -18"><span class='ocrx_word' id='word_1_322' title='bbox 483 3011 798 3083; x_wconf 82' lang='lat' dir='ltr'><strong>duodecim]</strong></span> <span class='ocrx_word' id='word_1_323' title='bbox 830 3013 1017 3068; x_wconf 86' lang='lat' dir='ltr'><strong>diebus</strong></span> <span class='ocrx_word' id='word_1_324' title='bbox 1061 3013 1342 3084; x_wconf 89' lang='lat' dir='ltr'><strong>anticipat.</strong></span> <span class='ocrx_word' id='word_1_325' title='bbox 1357 3015 1508 3081; x_wconf 86' lang='lat' dir='ltr'><strong>Quod</strong></span> <span class='ocrx_word' id='word_1_326' title='bbox 1520 3015 1682 3070; x_wconf 79' lang='lat' dir='ltr'><strong>facile</strong></span> <span class='ocrx_word' id='word_1_327' title='bbox 1707 3023 1792 3070; x_wconf 88' lang='lat' dir='ltr'><strong>est</strong></span> <span class='ocrx_word' id='word_1_328' title='bbox 1817 3015 2059 3070; x_wconf 57' lang='lat' dir='ltr'><strong>invenire.</strong></span> 
     </span>
    </p>
   </div>
   <div class='ocr_carea' id='block_1_47' title="bbox 480 3105 2130 3176">
    <p class='ocr_par' dir='ltr' id='par_1_47' title="bbox 480 3105 2130 3176">
     <span class='ocr_line' id='line_1_47' title="bbox 480 3105 2130 3176; baseline 0.004 -20"><span class='ocrx_word' id='word_1_329' title='bbox 480 3117 580 3171; x_wconf 88' lang='lat' dir='ltr'><strong>per</strong></span> <span class='ocrx_word' id='word_1_330' title='bbox 607 3118 776 3158; x_wconf 85' lang='lat' dir='ltr'><strong>annos</strong></span> <span class='ocrx_word' id='word_1_331' title='bbox 798 3119 1128 3160; x_wconf 90' lang='lat' dir='ltr'><strong>communes.</strong></span> <span class='ocrx_word' id='word_1_332' title='bbox 1144 3105 1204 3160; x_wconf 87' lang='lat' dir='ltr'><strong>In</strong></span> <span class='ocrx_word' id='word_1_333' title='bbox 1218 3107 1373 3162; x_wconf 90' lang='lat' dir='ltr'><strong>annis</strong></span> <span class='ocrx_word' id='word_1_334' title='bbox 1411 3109 1594 3176; x_wconf 83' lang='lat' dir='ltr'><strong>itaque</strong></span> <span class='ocrx_word' id='word_1_335' title='bbox 1618 3107 2056 3163; x_wconf 88' lang='lat' dir='ltr'><strong>embolismorum</strong></span> <span class='ocrx_word' id='word_1_336' title='bbox 2085 3149 2130 3176; x_wconf 78' lang='grc'><strong>,,</strong></span> 
     </span>
    </p>
   </div>
   <div class='ocr_carea' id='block_1_48' title="bbox 483 3187 2114 3254">
    <p class='ocr_par' dir='ltr' id='par_1_48' title="bbox 483 3187 2114 3254">
     <span class='ocr_line' id='line_1_48' title="bbox 483 3187 2114 3254; baseline 0.002 -7"><span class='ocrx_word' id='word_1_337' title='bbox 483 3193 671 3247; x_wconf 81' lang='lat' dir='ltr'><strong>decem</strong></span> <span class='ocrx_word' id='word_1_338' title='bbox 694 3199 754 3246; x_wconf 88' lang='lat' dir='ltr'><strong>et</strong></span> <span class='ocrx_word' id='word_1_339' title='bbox 770 3207 969 3248; x_wconf 87' lang='lat' dir='ltr'><strong>novem</strong></span> <span class='ocrx_word' id='word_1_340' title='bbox 985 3195 1174 3250; x_wconf 87' lang='lat' dir='ltr'><strong>diebus</strong></span> <span class='ocrx_word' id='word_1_341' title='bbox 1188 3197 1779 3254; x_wconf 86' lang='lat' dir='ltr'><strong>secundum-numerum</strong></span> <span class='ocrx_word' id='word_1_342' title='bbox 1796 3212 2059 3252; x_wconf 90' lang='lat' dir='ltr'><strong>annorum</strong></span> <span class='ocrx_word' id='word_1_343' title='bbox 2085 3187 2114 3211; x_wconf 71' lang='grc'><strong>’³</strong></span> 
     </span>
    </p>
   </div>
   <div class='ocr_carea' id='block_1_49' title="bbox 483 3280 2062 3356">
    <p class='ocr_par' dir='ltr' id='par_1_49' title="bbox 483 3280 2062 3356">
     <span class='ocr_line' id='line_1_49' title="bbox 483 3280 2062 3356; baseline 0.006 -21"><span class='ocrx_word' id='word_1_344' title='bbox 483 3280 675 3336; x_wconf 87' lang='lat' dir='ltr'><strong>circuli</strong></span> <span class='ocrx_word' id='word_1_345' title='bbox 690 3281 1196 3350; x_wconf 84' lang='lat' dir='ltr'><strong>decennovennalis,</strong></span> <span class='ocrx_word' id='word_1_346' title='bbox 1221 3296 1412 3356; x_wconf 86' lang='lat' dir='ltr'><strong>quarta</strong></span> <span class='ocrx_word' id='word_1_347' title='bbox 1429 3289 1635 3342; x_wconf 89' lang='lat' dir='ltr'><strong>decima</strong></span> <span class='ocrx_word' id='word_1_348' title='bbox 1647 3288 1770 3343; x_wconf 90' lang='lat' dir='ltr'><strong>luna</strong></span> <span class='ocrx_word' id='word_1_349' title='bbox 1787 3287 2062 3345; x_wconf 84' lang='lat' dir='ltr'><strong>Paschalis</strong></span> 
     </span>
    </p>
   </div>
   <div class='ocr_carea' id='block_1_50' title="bbox 483 3372 2063 3447">
    <p class='ocr_par' dir='ltr' id='par_1_50' title="bbox 483 3372 2063 3447">
     <span class='ocr_line' id='line_1_50' title="bbox 483 3372 2063 3447; baseline 0.008 -24"><span class='ocrx_word' id='word_1_350' title='bbox 483 3372 849 3442; x_wconf 84' lang='lat' dir='ltr'><strong>transponitur</strong></span> <span class='ocrx_word' id='word_1_351' title='bbox 859 3374 1054 3441; x_wconf 82' lang='lat' dir='ltr'><strong>prioris</strong></span> <span class='ocrx_word' id='word_1_352' title='bbox 1067 3377 1190 3430; x_wconf 90' lang='lat' dir='ltr'><strong>anni</strong></span> <span class='ocrx_word' id='word_1_353' title='bbox 1205 3385 1413 3447; x_wconf 79' lang='lat' dir='ltr'><strong>quaer</strong></span> <span class='ocrx_word' id='word_1_354' title='bbox 1425 3378 1672 3433; x_wconf 53' lang='lat' dir='ltr'><strong>decimae:</strong></span> <span class='ocrx_word' id='word_1_355' title='bbox 1688 3380 1764 3434; x_wconf 92' lang='lat' dir='ltr'><strong>uti</strong></span> <span class='ocrx_word' id='word_1_356' title='bbox 1776 3381 2063 3436; x_wconf 76' lang='lat' dir='ltr'><strong>detrimen-</strong></span> 
     </span>
    </p>
   </div>
   <div class='ocr_carea' id='block_1_51' title="bbox 484 3469 2064 3541">
    <p class='ocr_par' dir='ltr' id='par_1_51' title="bbox 484 3469 2064 3541">
     <span class='ocr_line' id='line_1_51' title="bbox 484 3469 2064 3541; baseline 0.008 -25"><span class='ocrx_word' id='word_1_357' title='bbox 484 3471 612 3522; x_wconf 89' lang='lat' dir='ltr'><strong>tum.</strong></span> <span class='ocrx_word' id='word_1_358' title='bbox 652 3478 936 3521; x_wconf 83' lang='lat' dir='ltr'><strong>commune</strong></span> <span class='ocrx_word' id='word_1_359' title='bbox 971 3482 1232 3522; x_wconf 75' lang='lat' dir='ltr'><strong>annorum</strong></span> <span class='ocrx_word' id='word_1_360' title='bbox 1290 3469 1621 3526; x_wconf 82' lang='lat' dir='ltr'><strong>einbolismis</strong></span> <span class='ocrx_word' id='word_1_361' title='bbox 1654 3471 1986 3541; x_wconf 82' lang='lat' dir='ltr'><strong>suppleatur,</strong></span> <span class='ocrx_word' id='word_1_362' title='bbox 2009 3481 2064 3528; x_wconf 87' lang='lat' dir='ltr'><strong>et</strong></span> 
     </span>
    </p>
   </div>
   <div class='ocr_carea' id='block_1_52' title="bbox 482 3551 2060 3623">
    <p class='ocr_par' dir='ltr' id='par_1_52' title="bbox 482 3551 2060 3623">
     <span class='ocr_line' id='line_1_52' title="bbox 482 3551 2060 3623; baseline 0.008 -18"><span class='ocrx_word' id='word_1_363' title='bbox 482 3551 576 3606; x_wconf 86' lang='lat' dir='ltr'><strong>ﬁat</strong></span> <span class='ocrx_word' id='word_1_364' title='bbox 587 3555 810 3623; x_wconf 74' lang='lat' dir='ltr'><strong>mqualis</strong></span> <span class='ocrx_word' id='word_1_365' title='bbox 837 3571 1110 3616; x_wconf 61' lang='lat' dir='ltr'><strong>numer-us:</strong></span> <span class='ocrx_word' id='word_1_366' title='bbox 1125 3559 1330 3613; x_wconf 89' lang='lat' dir='ltr'><strong>dierum</strong></span> <span class='ocrx_word' id='word_1_367' title='bbox 1355 3561 1420 3614; x_wconf 64' lang='lat' dir='ltr'><strong>in.</strong></span> <span class='ocrx_word' id='word_1_368' title='bbox 1436 3561 1622 3616; x_wconf 80' lang='lat' dir='ltr'><strong>decem</strong></span> <span class='ocrx_word' id='word_1_369' title='bbox 1637 3569 1698 3616; x_wconf 84' lang='lat' dir='ltr'><strong>et</strong></span> <span class='ocrx_word' id='word_1_370' title='bbox 1710 3577 1903 3617; x_wconf 87' lang='lat' dir='ltr'><strong>novem</strong></span> <span class='ocrx_word' id='word_1_371' title='bbox 1918 3563 2060 3618; x_wconf 66' lang='lat' dir='ltr'><strong>sola.-</strong></span> 
     </span>
    </p>
   </div>
   <div class='ocr_carea' id='block_1_53' title="bbox 483 3646 2063 3712">
    <p class='ocr_par' dir='ltr' id='par_1_53' title="bbox 483 3646 2063 3712">
     <span class='ocr_line' id='line_1_53' title="bbox 483 3646 2063 3712; baseline 0.006 -12"><span class='ocrx_word' id='word_1_372' title='bbox 483 3646 653 3712; x_wconf 86' lang='lat' dir='ltr'><strong>ribus,</strong></span> <span class='ocrx_word' id='word_1_373' title='bbox 685 3649 1331 3708; x_wconf 63' lang='lat' dir='ltr'><strong>ctindecemettnovem</strong></span> <span class='ocrx_word' id='word_1_374' title='bbox 1378 3653 1657 3710; x_wconf 86' lang='lat' dir='ltr'><strong>lunaribus</strong></span> <span class='ocrx_word' id='word_1_375' title='bbox 1694 3656 1870 3711; x_wconf 86' lang='lat' dir='ltr'><strong>annis.</strong></span> <span class='ocrx_word' id='word_1_376' title='bbox 1918 3655 2063 3712; x_wconf 82' lang='lat' dir='ltr'><strong>Inter</strong></span> 
     </span>
    </p>
   </div>
   <div class='ocr_carea' id='block_1_54' title="bbox 481 3745 2060 3817">
    <p class='ocr_par' dir='ltr' id='par_1_54' title="bbox 481 3745 2060 3817">
     <span class='ocr_line' id='line_1_54' title="bbox 481 3745 2060 3817; baseline 0.006 -23"><span class='ocrx_word' id='word_1_377' title='bbox 481 3752 730 3810; x_wconf 86' lang='lat' dir='ltr'><strong>quartam</strong></span> <span class='ocrx_word' id='word_1_378' title='bbox 772 3745 1037 3800; x_wconf 89' lang='lat' dir='ltr'><strong>decimam</strong></span> <span class='ocrx_word' id='word_1_379' title='bbox 1094 3747 1278 3817; x_wconf 88' lang='lat' dir='ltr'><strong>itaque</strong></span> <span class='ocrx_word' id='word_1_380' title='bbox 1339 3748 1520 3804; x_wconf 85' lang='lat' dir='ltr'><strong>lunam</strong></span> <span class='ocrx_word' id='word_1_381' title='bbox 1583 3750 1862 3809; x_wconf 87' lang='lat' dir='ltr'><strong>novissimi</strong></span> <span class='ocrx_word' id='word_1_382' title='bbox 1936 3751 2060 3806; x_wconf 86' lang='lat' dir='ltr'><strong>anni</strong></span> 
     </span>
    </p>
   </div>
   <div class='ocr_carea' id='block_1_55' title="bbox 481 3832 2059 3910">
    <p class='ocr_par' dir='ltr' id='par_1_55' title="bbox 481 3832 2059 3910">
     <span class='ocr_line' id='line_1_55' title="bbox 481 3832 2059 3910; baseline 0.007 -26"><span class='ocrx_word' id='word_1_383' title='bbox 481 3832 666 3886; x_wconf 91' lang='lat' dir='ltr'><strong>circuli</strong></span> <span class='ocrx_word' id='word_1_384' title='bbox 698 3848 838 3902; x_wconf 81' lang='lat' dir='ltr'><strong>saepe</strong></span> <span class='ocrx_word' id='word_1_385' title='bbox 859 3837 1139 3900; x_wconf 88' lang='lat' dir='ltr'><strong>nominati,</strong></span> <span class='ocrx_word' id='word_1_386' title='bbox 1168 3853 1286 3907; x_wconf 64' lang='lat' dir='ltr'><strong>quae</strong></span> <span class='ocrx_word' id='word_1_387' title='bbox 1327 3839 1387 3894; x_wconf 90' lang='lat' dir='ltr'><strong>ﬁt</strong></span> <span class='ocrx_word' id='word_1_388' title='bbox 1414 3841 1633 3910; x_wconf 88' lang='lat' dir='ltr'><strong>quintas</strong></span> <span class='ocrx_word' id='word_1_389' title='bbox 1662 3842 1900 3897; x_wconf 85' lang='lat' dir='ltr'><strong>decimas</strong></span> <span class='ocrx_word' id='word_1_390' title='bbox 1939 3840 2059 3895; x_wconf 86' lang='lat' dir='ltr'><strong>Kal.</strong></span> 
     </span>
    </p>
   </div>
   <div class='ocr_carea' id='block_1_56' title="bbox 481 3919 2062 4000">
    <p class='ocr_par' dir='ltr' id='par_1_56' title="bbox 481 3919 2062 4000">
     <span class='ocr_line' id='line_1_56' title="bbox 481 3919 2062 4000; baseline 0.008 -27"><span class='ocrx_word' id='word_1_391' title='bbox 481 3919 670 3987; x_wconf 78' lang='lat' dir='ltr'><strong>Maias,</strong></span> <span class='ocrx_word' id='word_1_392' title='bbox 705 3931 762 3978; x_wconf 89' lang='lat' dir='ltr'><strong>et</strong></span> <span class='ocrx_word' id='word_1_393' title='bbox 782 3927 1318 3993; x_wconf 78' lang='lat' dir='ltr'><strong>quartamdecimam</strong></span> <span class='ocrx_word' id='word_1_394' title='bbox 1343 3931 1503 3999; x_wconf 87' lang='lat' dir='ltr'><strong>primi</strong></span> <span class='ocrx_word' id='word_1_395' title='bbox 1529 3932 1657 3986; x_wconf 87' lang='lat' dir='ltr'><strong>anni</strong></span> <span class='ocrx_word' id='word_1_396' title='bbox 1689 3931 1929 4000; x_wconf 86' lang='lat' dir='ltr'><strong>ejusdem</strong></span> <span class='ocrx_word' id='word_1_397' title='bbox 1951 3933 2062 3987; x_wconf 83' lang='lat' dir='ltr'><strong>cir—</strong></span> 
     </span>
    </p>
   </div>
   <div class='ocr_carea' id='block_1_57' title="bbox 480 4013 2061 4092">
    <p class='ocr_par' dir='ltr' id='par_1_57' title="bbox 480 4013 2061 4092">
     <span class='ocr_line' id='line_1_57' title="bbox 480 4013 2061 4092; baseline 0.008 -24"><span class='ocrx_word' id='word_1_398' title='bbox 480 4013 610 4080; x_wconf 89' lang='lat' dir='ltr'><strong>culi,</strong></span> <span class='ocrx_word' id='word_1_399' title='bbox 638 4030 760 4084; x_wconf 63' lang='lat' dir='ltr'><strong>quae</strong></span> <span class='ocrx_word' id='word_1_400' title='bbox 803 4016 864 4072; x_wconf 88' lang='lat' dir='ltr'><strong>ﬁt</strong></span> <span class='ocrx_word' id='word_1_401' title='bbox 890 4018 1075 4074; x_wconf 86' lang='lat' dir='ltr'><strong>Nonas</strong></span> <span class='ocrx_word' id='word_1_402' title='bbox 1125 4021 1358 4092; x_wconf 81' lang='lat' dir='ltr'><strong>Aprilis;</strong></span> <span class='ocrx_word' id='word_1_403' title='bbox 1411 4039 1516 4078; x_wconf 85' lang='lat' dir='ltr'><strong>non</strong></span> <span class='ocrx_word' id='word_1_404' title='bbox 1545 4034 1611 4078; x_wconf 92' lang='lat' dir='ltr'><strong>ut-</strong></span> <span class='ocrx_word' id='word_1_405' title='bbox 1653 4024 1865 4080; x_wconf 67' lang='lat' dir='ltr'><strong>caeteris</strong></span> <span class='ocrx_word' id='word_1_406' title='bbox 1905 4025 2061 4080; x_wconf 81' lang='lat' dir='ltr'><strong>annis</strong></span> 
     </span>
    </p>
   </div>
   <div class='ocr_carea' id='block_1_58' title="bbox 481 4108 2062 4178">
    <p class='ocr_par' dir='ltr' id='par_1_58' title="bbox 481 4108 2062 4178">
     <span class='ocr_line' id='line_1_58' title="bbox 481 4108 2062 4178; baseline 0.006 -18"><span class='ocrx_word' id='word_1_407' title='bbox 481 4108 861 4165; x_wconf 88' lang='lat' dir='ltr'><strong>communibus</strong></span> <span class='ocrx_word' id='word_1_408' title='bbox 917 4113 1191 4178; x_wconf 90' lang='lat' dir='ltr'><strong>undecim,</strong></span> <span class='ocrx_word' id='word_1_409' title='bbox 1237 4115 1342 4170; x_wconf 64' lang='lat' dir='ltr'><strong>sed?</strong></span> <span class='ocrx_word' id='word_1_410' title='bbox 1388 4115 1680 4170; x_wconf 88' lang='lat' dir='ltr'><strong>duodecim</strong></span> <span class='ocrx_word' id='word_1_411' title='bbox 1714 4115 2062 4170; x_wconf 88' lang='lat' dir='ltr'><strong>inveniuntur</strong></span> 
     </span>
    </p>
   </div>
   <div class='ocr_carea' id='block_1_59' title="bbox 480 4200 2059 4273">
    <p class='ocr_par' dir='ltr' id='par_1_59' title="bbox 480 4200 2059 4273">
     <span class='ocr_line' id='line_1_59' title="bbox 480 4200 2059 4273; baseline 0.005 -19"><span class='ocrx_word' id='word_1_412' title='bbox 480 4200 628 4266; x_wconf 88' lang='lat' dir='ltr'><strong>dies;</strong></span> <span class='ocrx_word' id='word_1_413' title='bbox 681 4209 950 4270; x_wconf 85' lang='lat' dir='ltr'><strong>quatenus</strong></span> <span class='ocrx_word' id='word_1_414' title='bbox 984 4203 1074 4258; x_wconf 86' lang='lat' dir='ltr'><strong>illa</strong></span> <span class='ocrx_word' id='word_1_415' title='bbox 1096 4203 1232 4270; x_wconf 89' lang='lat' dir='ltr'><strong>dies,</strong></span> <span class='ocrx_word' id='word_1_416' title='bbox 1259 4220 1380 4273; x_wconf 64' lang='lat' dir='ltr'><strong>quae</strong></span> <span class='ocrx_word' id='word_1_417' title='bbox 1406 4205 1458 4259; x_wconf 88' lang='lat' dir='ltr'><strong>in</strong></span> <span class='ocrx_word' id='word_1_418' title='bbox 1504 4205 1827 4261; x_wconf 84' lang='lat' dir='ltr'><strong>Novembrio</strong></span> <span class='ocrx_word' id='word_1_419' title='bbox 1876 4221 2059 4262; x_wconf 88' lang='lat' dir='ltr'><strong>mense</strong></span> 
     </span>
    </p>
   </div>
   <div class='ocr_carea' id='block_1_60' title="bbox 481 4290 2057 4364">
    <p class='ocr_par' dir='ltr' id='par_1_60' title="bbox 481 4290 2057 4364">
     <span class='ocr_line' id='line_1_60' title="bbox 481 4290 2057 4364; baseline 0.004 -21"><span class='ocrx_word' id='word_1_420' title='bbox 481 4290 653 4345; x_wconf 89' lang='lat' dir='ltr'><strong>lunari</strong></span> <span class='ocrx_word' id='word_1_421' title='bbox 683 4292 831 4346; x_wconf 67' lang='lat' dir='ltr'><strong>aetati</strong></span> <span class='ocrx_word' id='word_1_422' title='bbox 851 4291 1101 4362; x_wconf 88' lang='lat' dir='ltr'><strong>adempta</strong></span> <span class='ocrx_word' id='word_1_423' title='bbox 1124 4301 1226 4358; x_wconf 87' lang='lat' dir='ltr'><strong>est,</strong></span> <span class='ocrx_word' id='word_1_424' title='bbox 1257 4294 1384 4348; x_wconf 90' lang='lat' dir='ltr'><strong>hinc</strong></span> <span class='ocrx_word' id='word_1_425' title='bbox 1417 4294 1469 4348; x_wconf 92' lang='lat' dir='ltr'><strong>in</strong></span> <span class='ocrx_word' id='word_1_426' title='bbox 1491 4295 1675 4363; x_wconf 82' lang='lat' dir='ltr'><strong>Aprile</strong></span> <span class='ocrx_word' id='word_1_427' title='bbox 1709 4295 1850 4349; x_wconf 89' lang='lat' dir='ltr'><strong>inter</strong></span> <span class='ocrx_word' id='word_1_428' title='bbox 1895 4309 2057 4364; x_wconf 85' lang='lat' dir='ltr'><strong>epac-</strong></span> 
     </span>
    </p>
   </div>
   <div class='ocr_carea' id='block_1_61' title="bbox 425 4381 2056 4462">
    <p class='ocr_par' dir='ltr' id='par_1_61' title="bbox 425 4381 2056 4462">
     <span class='ocr_line' id='line_1_61' title="bbox 425 4381 2056 4462; baseline 0.004 -29"><span class='ocrx_word' id='word_1_429' title='bbox 425 4437 431 4443; x_wconf 59' lang='grc'><em>,</em></span> <span class='ocrx_word' id='word_1_430' title='bbox 485 4387 565 4434; x_wconf 80' lang='lat' dir='ltr'><strong>tas</strong></span> <span class='ocrx_word' id='word_1_431' title='bbox 606 4381 1276 4451; x_wconf 85' lang='lat' dir='ltr'><strong>inveniatur,epactarum</strong></span> <span class='ocrx_word' id='word_1_432' title='bbox 1321 4398 1450 4439; x_wconf 89' lang='lat' dir='ltr'><strong>vero</strong></span> <span class='ocrx_word' id='word_1_433' title='bbox 1497 4385 1761 4439; x_wconf 87' lang='lat' dir='ltr'><strong>rationem</strong></span> <span class='ocrx_word' id='word_1_434' title='bbox 1808 4385 2056 4462; x_wconf 75' lang='lat' dir='ltr'><strong>undecim</strong></span> 
     </span>
    </p>
   </div>
   <div class='ocr_carea' id='block_1_62' title="bbox 2160 1918 3741 1991">
    <p class='ocr_par' dir='ltr' id='par_1_62' title="bbox 2160 1918 3741 1991">
     <span class='ocr_line' id='line_1_62' title="bbox 2160 1918 3741 1991; baseline 0.005 -19"><span class='ocrx_word' id='word_1_435' title='bbox 2160 1918 2396 1989; x_wconf 86' lang='lat' dir='ltr'><strong>quinque</strong></span> <span class='ocrx_word' id='word_1_436' title='bbox 2427 1919 2602 1984; x_wconf 70' lang='lat' dir='ltr'><strong>horm;</strong></span> <span class='ocrx_word' id='word_1_437' title='bbox 2625 1927 2681 1974; x_wconf 92' lang='lat' dir='ltr'><strong>et</strong></span> <span class='ocrx_word' id='word_1_438' title='bbox 2701 1919 2800 1974; x_wconf 87' lang='lat' dir='ltr'><strong>has</strong></span> <span class='ocrx_word' id='word_1_439' title='bbox 2840 1919 3078 1989; x_wconf 91' lang='lat' dir='ltr'><strong>quinque</strong></span> <span class='ocrx_word' id='word_1_440' title='bbox 3115 1921 3280 1976; x_wconf 88' lang='lat' dir='ltr'><strong>horas</strong></span> <span class='ocrx_word' id='word_1_441' title='bbox 3328 1922 3373 1976; x_wconf 91' lang='lat' dir='ltr'><strong>si</strong></span> <span class='ocrx_word' id='word_1_442' title='bbox 3420 1922 3741 1991; x_wconf 73' lang='lat' dir='ltr'><strong>adiunxeris</strong></span> 
     </span>
    </p>
   </div>
   <div class='ocr_carea' id='block_1_63' title="bbox 2161 2009 3736 2083">
    <p class='ocr_par' dir='ltr' id='par_1_63' title="bbox 2161 2009 3736 2083">
     <span class='ocr_line' id='line_1_63' title="bbox 2161 2009 3736 2083; baseline 0.004 -19"><span class='ocrx_word' id='word_1_443' title='bbox 2161 2011 2346 2064; x_wconf 90' lang='lat' dir='ltr'><strong>decem</strong></span> <span class='ocrx_word' id='word_1_444' title='bbox 2371 2019 2428 2064; x_wconf 91' lang='lat' dir='ltr'><strong>et</strong></span> <span class='ocrx_word' id='word_1_445' title='bbox 2453 2025 2645 2065; x_wconf 91' lang='lat' dir='ltr'><strong>novem</strong></span> <span class='ocrx_word' id='word_1_446' title='bbox 2670 2010 2840 2075; x_wconf 89' lang='lat' dir='ltr'><strong>horis,</strong></span> <span class='ocrx_word' id='word_1_447' title='bbox 2895 2009 3032 2065; x_wconf 90' lang='lat' dir='ltr'><strong>ﬁunt</strong></span> <span class='ocrx_word' id='word_1_448' title='bbox 3057 2011 3249 2082; x_wconf 89' lang='lat' dir='ltr'><strong>viginti</strong></span> <span class='ocrx_word' id='word_1_449' title='bbox 3295 2021 3526 2082; x_wconf 89' lang='lat' dir='ltr'><strong>quatuor</strong></span> <span class='ocrx_word' id='word_1_450' title='bbox 3565 2017 3736 2083; x_wconf 67' lang='lat' dir='ltr'><strong>horae,</strong></span> 
     </span>
    </p>
   </div>
   <div class='ocr_carea' id='block_1_64' title="bbox 2160 2101 3741 2175">
    <p class='ocr_par' dir='ltr' id='par_1_64' title="bbox 2160 2101 3741 2175">
     <span class='ocr_line' id='line_1_64' title="bbox 2160 2101 3741 2175; baseline 0.003 -19"><span class='ocrx_word' id='word_1_451' title='bbox 2160 2117 2300 2156; x_wconf 89' lang='lat' dir='ltr'><strong>unus</strong></span> <span class='ocrx_word' id='word_1_452' title='bbox 2325 2101 2440 2156; x_wconf 89' lang='lat' dir='ltr'><strong>dies</strong></span> <span class='ocrx_word' id='word_1_453' title='bbox 2469 2102 2678 2171; x_wconf 79' lang='lat' dir='ltr'><strong>integer</strong></span> <span class='ocrx_word' id='word_1_454' title='bbox 2715 2102 2768 2156; x_wconf 91' lang='lat' dir='ltr'><strong>in</strong></span> <span class='ocrx_word' id='word_1_455' title='bbox 2810 2104 2995 2157; x_wconf 89' lang='lat' dir='ltr'><strong>decem</strong></span> <span class='ocrx_word' id='word_1_456' title='bbox 3042 2112 3099 2157; x_wconf 89' lang='lat' dir='ltr'><strong>et</strong></span> <span class='ocrx_word' id='word_1_457' title='bbox 3143 2118 3334 2158; x_wconf 89' lang='lat' dir='ltr'><strong>novem</strong></span> <span class='ocrx_word' id='word_1_458' title='bbox 3388 2105 3543 2159; x_wconf 88' lang='lat' dir='ltr'><strong>annis</strong></span> <span class='ocrx_word' id='word_1_459' title='bbox 3583 2106 3741 2175; x_wconf 85' lang='lat' dir='ltr'><strong>juxta</strong></span> 
     </span>
    </p>
   </div>
   <div class='ocr_carea' id='block_1_65' title="bbox 2161 2189 3738 2266">
    <p class='ocr_par' dir='ltr' id='par_1_65' title="bbox 2161 2189 3738 2266">
     <span class='ocr_line' id='line_1_65' title="bbox 2161 2189 3738 2266; baseline 0.004 -23"><span class='ocrx_word' id='word_1_460' title='bbox 2161 2191 2366 2244; x_wconf 77' lang='lat' dir='ltr'><strong>zodiaci</strong></span> <span class='ocrx_word' id='word_1_461' title='bbox 2386 2191 2501 2260; x_wconf 86' lang='lat' dir='ltr'><strong>jam</strong></span> <span class='ocrx_word' id='word_1_462' title='bbox 2527 2189 2644 2263; x_wconf 87' lang='lat' dir='ltr'><strong>[F.,</strong></span> <span class='ocrx_word' id='word_1_463' title='bbox 2684 2191 3034 2264; x_wconf 87' lang='lat' dir='ltr'><strong>zodiacicam]</strong></span> <span class='ocrx_word' id='word_1_464' title='bbox 3066 2193 3196 2248; x_wconf 90' lang='lat' dir='ltr'><strong>solis</strong></span> <span class='ocrx_word' id='word_1_465' title='bbox 3227 2201 3282 2248; x_wconf 89' lang='lat' dir='ltr'><strong>et</strong></span> <span class='ocrx_word' id='word_1_466' title='bbox 3311 2195 3451 2249; x_wconf 77' lang='lat' dir='ltr'><strong>luna:</strong></span> <span class='ocrx_word' id='word_1_467' title='bbox 3497 2196 3738 2266; x_wconf 84' lang='lat' dir='ltr'><strong>regulam</strong></span> 
     </span>
    </p>
   </div>
   <div class='ocr_carea' id='block_1_66' title="bbox 2158 2281 3744 2357">
    <p class='ocr_par' dir='ltr' id='par_1_66' title="bbox 2158 2281 3744 2357">
     <span class='ocr_line' id='line_1_66' title="bbox 2158 2281 3744 2357; baseline 0.006 -23"><span class='ocrx_word' id='word_1_468' title='bbox 2158 2281 2350 2351; x_wconf 89' lang='lat' dir='ltr'><strong>plenus</strong></span> <span class='ocrx_word' id='word_1_469' title='bbox 2370 2289 2428 2335; x_wconf 91' lang='lat' dir='ltr'><strong>et</strong></span> <span class='ocrx_word' id='word_1_470' title='bbox 2446 2282 2733 2351; x_wconf 82' lang='lat' dir='ltr'><strong>perfectus.</strong></span> <span class='ocrx_word' id='word_1_471' title='bbox 2762 2283 2829 2337; x_wconf 85' lang='lat' dir='ltr'><strong>Et</strong></span> <span class='ocrx_word' id='word_1_472' title='bbox 2858 2291 2920 2337; x_wconf 92' lang='lat' dir='ltr'><strong>ut</strong></span> <span class='ocrx_word' id='word_1_473' title='bbox 2939 2285 3146 2339; x_wconf 89' lang='lat' dir='ltr'><strong>certius</strong></span> <span class='ocrx_word' id='word_1_474' title='bbox 3168 2285 3394 2356; x_wconf 83' lang='lat' dir='ltr'><strong>intelligi</strong></span> <span class='ocrx_word' id='word_1_475' title='bbox 3414 2288 3592 2356; x_wconf 81' lang='lat' dir='ltr'><strong>possit.-</strong></span> <span class='ocrx_word' id='word_1_476' title='bbox 3620 2303 3744 2357; x_wconf 61' lang='lat' dir='ltr'><strong>quae</strong></span> 
     </span>
    </p>
   </div>
   <div class='ocr_carea' id='block_1_67' title="bbox 2161 2372 3739 2448">
    <p class='ocr_par' dir='ltr' id='par_1_67' title="bbox 2161 2372 3739 2448">
     <span class='ocr_line' id='line_1_67' title="bbox 2161 2372 3739 2448; baseline 0.006 -22"><span class='ocrx_word' id='word_1_477' title='bbox 2161 2372 2231 2426; x_wconf 87' lang='lat' dir='ltr'><strong>sit</strong></span> <span class='ocrx_word' id='word_1_478' title='bbox 2252 2388 2414 2427; x_wconf 87' lang='lat' dir='ltr'><strong>causa</strong></span> <span class='ocrx_word' id='word_1_479' title='bbox 2442 2373 2612 2428; x_wconf 88' lang='lat' dir='ltr'><strong>saltus</strong></span> <span class='ocrx_word' id='word_1_480' title='bbox 2639 2374 2846 2429; x_wconf 88' lang='lat' dir='ltr'><strong>lunaris</strong></span> <span class='ocrx_word' id='word_1_481' title='bbox 2883 2393 2895 2428; x_wconf 89' lang='lat'>:</span> <span class='ocrx_word' id='word_1_482' title='bbox 2933 2375 3075 2431; x_wconf 90' lang='lat' dir='ltr'><strong>hunc</strong></span> <span class='ocrx_word' id='word_1_483' title='bbox 3124 2391 3254 2432; x_wconf 89' lang='lat' dir='ltr'><strong>vero</strong></span> <span class='ocrx_word' id='word_1_484' title='bbox 3299 2378 3458 2432; x_wconf 89' lang='lat' dir='ltr'><strong>citior</strong></span> <span class='ocrx_word' id='word_1_485' title='bbox 3494 2381 3739 2448; x_wconf 55' lang='lat' dir='ltr'><strong>quaedam</strong></span> 
     </span>
    </p>
   </div>
   <div class='ocr_carea' id='block_1_68' title="bbox 2160 2465 3742 2540">
    <p class='ocr_par' dir='ltr' id='par_1_68' title="bbox 2160 2465 3742 2540">
     <span class='ocr_line' id='line_1_68' title="bbox 2160 2465 3742 2540; baseline 0.004 -20"><span class='ocrx_word' id='word_1_486' title='bbox 2160 2473 2216 2520; x_wconf 90' lang='lat' dir='ltr'><strong>et</strong></span> <span class='ocrx_word' id='word_1_487' title='bbox 2241 2465 2477 2521; x_wconf 87' lang='lat' dir='ltr'><strong>velocior</strong></span> <span class='ocrx_word' id='word_1_488' title='bbox 2508 2467 2642 2521; x_wconf 89' lang='lat' dir='ltr'><strong>hora</strong></span> <span class='ocrx_word' id='word_1_489' title='bbox 2672 2482 2783 2522; x_wconf 75' lang='lat' dir='ltr'><strong>suo:</strong></span> <span class='ocrx_word' id='word_1_490' title='bbox 2829 2467 3160 2523; x_wconf 89' lang='lat' dir='ltr'><strong>incensionis</strong></span> <span class='ocrx_word' id='word_1_491' title='bbox 3196 2478 3445 2540; x_wconf 81' lang='lat' dir='ltr'><strong>generat,</strong></span> <span class='ocrx_word' id='word_1_492' title='bbox 3497 2471 3634 2525; x_wconf 90' lang='lat' dir='ltr'><strong>sicut</strong></span> <span class='ocrx_word' id='word_1_493' title='bbox 3685 2479 3742 2526; x_wconf 93' lang='lat' dir='ltr'><strong>et</strong></span> 
     </span>
    </p>
   </div>
   <div class='ocr_carea' id='block_1_69' title="bbox 2160 2559 3743 2630">
    <p class='ocr_par' dir='ltr' id='par_1_69' title="bbox 2160 2559 3743 2630">
     <span class='ocr_line' id='line_1_69' title="bbox 2160 2559 3743 2630; baseline 0.003 -16"><span class='ocrx_word' id='word_1_494' title='bbox 2160 2559 2408 2614; x_wconf 76' lang='lat' dir='ltr'><strong>undecim</strong></span> <span class='ocrx_word' id='word_1_495' title='bbox 2453 2559 2570 2613; x_wconf 90' lang='lat' dir='ltr'><strong>dies</strong></span> <span class='ocrx_word' id='word_1_496' title='bbox 2607 2567 2918 2630; x_wconf 88' lang='lat' dir='ltr'><strong>epactarum</strong></span> <span class='ocrx_word' id='word_1_497' title='bbox 2948 2560 3142 2616; x_wconf 87' lang='lat' dir='ltr'><strong>annuis</strong></span> <span class='ocrx_word' id='word_1_498' title='bbox 3192 2562 3520 2630; x_wconf 81' lang='lat' dir='ltr'><strong>temporibus</strong></span> <span class='ocrx_word' id='word_1_499' title='bbox 3567 2562 3743 2618; x_wconf 89' lang='lat' dir='ltr'><strong>solent</strong></span> 
     </span>
    </p>
   </div>
   <div class='ocr_carea' id='block_1_70' title="bbox 2159 2641 3740 2722">
    <p class='ocr_par' dir='ltr' id='par_1_70' title="bbox 2159 2641 3740 2722">
     <span class='ocr_line' id='line_1_70' title="bbox 2159 2641 3740 2722; baseline 0.003 -18"><span class='ocrx_word' id='word_1_500' title='bbox 2159 2649 2356 2707; x_wconf 80' lang='lat' dir='ltr'><strong>facere.</strong></span> <span class='ocrx_word' id='word_1_501' title='bbox 2389 2650 2551 2706; x_wconf 73' lang='lat' dir='ltr'><strong>Verbi</strong></span> <span class='ocrx_word' id='word_1_502' title='bbox 2591 2651 2780 2722; x_wconf 76' lang='lat' dir='ltr'><strong>gratia,</strong></span> <span class='ocrx_word' id='word_1_503' title='bbox 2816 2651 2862 2706; x_wconf 91' lang='lat' dir='ltr'><strong>si</strong></span> <span class='ocrx_word' id='word_1_504' title='bbox 2889 2651 3046 2706; x_wconf 91' lang='lat' dir='ltr'><strong>modo</strong></span> <span class='ocrx_word' id='word_1_505' title='bbox 3073 2650 3235 2720; x_wconf 87' lang='lat' dir='ltr'><strong>hujus</strong></span> <span class='ocrx_word' id='word_1_506' title='bbox 3269 2641 3407 2706; x_wconf 66' lang='lat' dir='ltr'><strong>lima:</strong></span> <span class='ocrx_word' id='word_1_507' title='bbox 3452 2651 3740 2708; x_wconf 74' lang='lat' dir='ltr'><strong>Nmembri</strong></span> 
     </span>
    </p>
   </div>
   <div class='ocr_carea' id='block_1_71' title="bbox 2159 2739 3742 2813">
    <p class='ocr_par' dir='ltr' id='par_1_71' title="bbox 2159 2739 3742 2813">
     <span class='ocr_line' id='line_1_71' title="bbox 2159 2739 3742 2813; baseline 0.001 -17"><span class='ocrx_word' id='word_1_508' title='bbox 2159 2742 2359 2797; x_wconf 79' lang='lat' dir='ltr'><strong>mensis</strong></span> <span class='ocrx_word' id='word_1_509' title='bbox 2381 2740 2622 2796; x_wconf 90' lang='lat' dir='ltr'><strong>incensio</strong></span> <span class='ocrx_word' id='word_1_510' title='bbox 2641 2748 2800 2796; x_wconf 82' lang='lat' dir='ltr'><strong>sexta-</strong></span> <span class='ocrx_word' id='word_1_511' title='bbox 2816 2741 2949 2795; x_wconf 89' lang='lat' dir='ltr'><strong>hora</strong></span> <span class='ocrx_word' id='word_1_512' title='bbox 2973 2740 3077 2795; x_wconf 89' lang='lat' dir='ltr'><strong>diei</strong></span> <span class='ocrx_word' id='word_1_513' title='bbox 3105 2739 3248 2796; x_wconf 78' lang='lat' dir='ltr'><strong>facta</strong></span> <span class='ocrx_word' id='word_1_514' title='bbox 3278 2749 3378 2805; x_wconf 88' lang='lat' dir='ltr'><strong>est,</strong></span> <span class='ocrx_word' id='word_1_515' title='bbox 3399 2742 3742 2813; x_wconf 85' lang='lat' dir='ltr'><strong>eritsequen-</strong></span> 
     </span>
    </p>
   </div>
   <div class='ocr_carea' id='block_1_72' title="bbox 2163 2829 3744 2901">
    <p class='ocr_par' dir='ltr' id='par_1_72' title="bbox 2163 2829 3744 2901">
     <span class='ocr_line' id='line_1_72' title="bbox 2163 2829 3744 2901; baseline 0.001 -16"><span class='ocrx_word' id='word_1_516' title='bbox 2163 2832 2201 2886; x_wconf 91' lang='lat' dir='ltr'><strong>ti</strong></span> <span class='ocrx_word' id='word_1_517' title='bbox 2229 2847 2371 2886; x_wconf 87' lang='lat' dir='ltr'><strong>anno</strong></span> <span class='ocrx_word' id='word_1_518' title='bbox 2396 2829 2636 2899; x_wconf 88' lang='lat' dir='ltr'><strong>ejusdem</strong></span> <span class='ocrx_word' id='word_1_519' title='bbox 2662 2830 2801 2886; x_wconf 66' lang='lat' dir='ltr'><strong>luna:</strong></span> <span class='ocrx_word' id='word_1_520' title='bbox 2834 2830 3174 2886; x_wconf 60' lang='lat' dir='ltr'><strong>uniushora:</strong></span> <span class='ocrx_word' id='word_1_521' title='bbox 3198 2839 3252 2886; x_wconf 91' lang='lat' dir='ltr'><strong>et</strong></span> <span class='ocrx_word' id='word_1_522' title='bbox 3269 2832 3430 2887; x_wconf 90' lang='lat' dir='ltr'><strong>unius</strong></span> <span class='ocrx_word' id='word_1_523' title='bbox 3458 2833 3663 2901; x_wconf 89' lang='lat' dir='ltr'><strong>puncti,</strong></span> <span class='ocrx_word' id='word_1_524' title='bbox 3686 2842 3744 2888; x_wconf 86' lang='lat' dir='ltr'><strong>et</strong></span> 
     </span>
    </p>
   </div>
   <div class='ocr_carea' id='block_1_73' title="bbox 2159 2921 3741 2991">
    <p class='ocr_par' dir='ltr' id='par_1_73' title="bbox 2159 2921 3741 2991">
     <span class='ocr_line' id='line_1_73' title="bbox 2159 2921 3741 2991; baseline 0.001 -15"><span class='ocrx_word' id='word_1_525' title='bbox 2159 2937 2298 2976; x_wconf 82' lang='lat' dir='ltr'><strong>nona</strong></span> <span class='ocrx_word' id='word_1_526' title='bbox 2326 2921 2532 2977; x_wconf 89' lang='lat' dir='ltr'><strong>decima</strong></span> <span class='ocrx_word' id='word_1_527' title='bbox 2553 2930 2707 2990; x_wconf 86' lang='lat' dir='ltr'><strong>parte</strong></span> <span class='ocrx_word' id='word_1_528' title='bbox 2735 2922 2898 2976; x_wconf 91' lang='lat' dir='ltr'><strong>unius</strong></span> <span class='ocrx_word' id='word_1_529' title='bbox 2915 2921 3098 2991; x_wconf 87' lang='lat' dir='ltr'><strong>puncti</strong></span> <span class='ocrx_word' id='word_1_530' title='bbox 3129 2923 3370 2978; x_wconf 86' lang='lat' dir='ltr'><strong>incensio</strong></span> <span class='ocrx_word' id='word_1_531' title='bbox 3397 2931 3521 2979; x_wconf 90' lang='lat' dir='ltr'><strong>ante</strong></span> <span class='ocrx_word' id='word_1_532' title='bbox 3550 2924 3741 2978; x_wconf 89' lang='lat' dir='ltr'><strong>horam</strong></span> 
     </span>
    </p>
   </div>
   <div class='ocr_carea' id='block_1_74' title="bbox 2160 3014 3746 3085">
    <p class='ocr_par' dir='ltr' id='par_1_74' title="bbox 2160 3014 3746 3085">
     <span class='ocr_line' id='line_1_74' title="bbox 2160 3014 3746 3085; baseline 0 -15"><span class='ocrx_word' id='word_1_533' title='bbox 2160 3022 2368 3070; x_wconf 80' lang='lat' dir='ltr'><strong>sextam</strong></span> <span class='ocrx_word' id='word_1_534' title='bbox 2395 3029 2409 3068; x_wconf 90' lang='lat'><strong>:</strong></span> <span class='ocrx_word' id='word_1_535' title='bbox 2433 3014 2508 3069; x_wconf 90' lang='lat' dir='ltr'><strong>ita</strong></span> <span class='ocrx_word' id='word_1_536' title='bbox 2533 3022 2595 3068; x_wconf 91' lang='lat' dir='ltr'><strong>ut</strong></span> <span class='ocrx_word' id='word_1_537' title='bbox 2620 3022 2730 3070; x_wconf 88' lang='lat' dir='ltr'><strong>tota</strong></span> <span class='ocrx_word' id='word_1_538' title='bbox 2762 3022 2918 3070; x_wconf 82' lang='lat' dir='ltr'><strong>sexta</strong></span> <span class='ocrx_word' id='word_1_539' title='bbox 2940 3015 3074 3070; x_wconf 82' lang='lat' dir='ltr'><strong>liora</strong></span> <span class='ocrx_word' id='word_1_540' title='bbox 3097 3024 3152 3070; x_wconf 90' lang='lat' dir='ltr'><strong>et</strong></span> <span class='ocrx_word' id='word_1_541' title='bbox 3171 3031 3310 3070; x_wconf 90' lang='lat' dir='ltr'><strong>unus</strong></span> <span class='ocrx_word' id='word_1_542' title='bbox 3333 3025 3564 3085; x_wconf 89' lang='lat' dir='ltr'><strong>punctus</strong></span> <span class='ocrx_word' id='word_1_543' title='bbox 3589 3016 3746 3084; x_wconf 91' lang='lat' dir='ltr'><strong>quiu-</strong></span> 
     </span>
    </p>
   </div>
   <div class='ocr_carea' id='block_1_75' title="bbox 2163 3103 3742 3174">
    <p class='ocr_par' dir='ltr' id='par_1_75' title="bbox 2163 3103 3742 3174">
     <span class='ocr_line' id='line_1_75' title="bbox 2163 3103 3742 3174; baseline 0.001 -17"><span class='ocrx_word' id='word_1_544' title='bbox 2163 3113 2229 3158; x_wconf 77' lang='lat' dir='ltr'><strong>tae</strong></span> <span class='ocrx_word' id='word_1_545' title='bbox 2250 3104 2395 3158; x_wconf 80' lang='lat' dir='ltr'><strong>horae</strong></span> <span class='ocrx_word' id='word_1_546' title='bbox 2423 3112 2477 3159; x_wconf 92' lang='lat' dir='ltr'><strong>et</strong></span> <span class='ocrx_word' id='word_1_547' title='bbox 2502 3119 2644 3158; x_wconf 89' lang='lat' dir='ltr'><strong>nona</strong></span> <span class='ocrx_word' id='word_1_548' title='bbox 2672 3103 2877 3158; x_wconf 88' lang='lat' dir='ltr'><strong>decima</strong></span> <span class='ocrx_word' id='word_1_549' title='bbox 2907 3118 3038 3173; x_wconf 87' lang='lat' dir='ltr'><strong>pars</strong></span> <span class='ocrx_word' id='word_1_550' title='bbox 3078 3104 3236 3159; x_wconf 87' lang='lat' dir='ltr'><strong>unius</strong></span> <span class='ocrx_word' id='word_1_551' title='bbox 3274 3104 3456 3174; x_wconf 88' lang='lat' dir='ltr'><strong>puncti</strong></span> <span class='ocrx_word' id='word_1_552' title='bbox 3498 3103 3742 3172; x_wconf 87' lang='lat' dir='ltr'><strong>ejusdem</strong></span> 
     </span>
    </p>
   </div>
   <div class='ocr_carea' id='block_1_76' title="bbox 2155 3194 3736 3266">
    <p class='ocr_par' dir='ltr' id='par_1_76' title="bbox 2155 3194 3736 3266">
     <span class='ocr_line' id='line_1_76' title="bbox 2155 3194 3736 3266; baseline 0 -18"><span class='ocrx_word' id='word_1_553' title='bbox 2155 3196 2310 3250; x_wconf 69' lang='lat' dir='ltr'><strong>horae</strong></span> <span class='ocrx_word' id='word_1_554' title='bbox 2334 3195 2678 3264; x_wconf 87' lang='lat' dir='ltr'><strong>auticipetur.</strong></span> <span class='ocrx_word' id='word_1_555' title='bbox 2709 3194 2778 3249; x_wconf 87' lang='lat' dir='ltr'><strong>Et</strong></span> <span class='ocrx_word' id='word_1_556' title='bbox 2800 3195 2879 3250; x_wconf 91' lang='lat' dir='ltr'><strong>sic</strong></span> <span class='ocrx_word' id='word_1_557' title='bbox 2904 3211 2963 3250; x_wconf 92' lang='lat' dir='ltr'><strong>se</strong></span> <span class='ocrx_word' id='word_1_558' title='bbox 2993 3210 3238 3251; x_wconf 90' lang='lat' dir='ltr'><strong>crescere</strong></span> <span class='ocrx_word' id='word_1_559' title='bbox 3259 3195 3395 3250; x_wconf 81' lang='lat' dir='ltr'><strong>solet</strong></span> <span class='ocrx_word' id='word_1_560' title='bbox 3419 3209 3515 3264; x_wconf 88' lang='lat' dir='ltr'><strong>per</strong></span> <span class='ocrx_word' id='word_1_561' title='bbox 3543 3195 3736 3266; x_wconf 86' lang='lat' dir='ltr'><strong>singu-</strong></span> 
     </span>
    </p>
   </div>
   <div class='ocr_carea' id='block_1_77' title="bbox 2161 3284 3742 3357">
    <p class='ocr_par' dir='ltr' id='par_1_77' title="bbox 2161 3284 3742 3357">
     <span class='ocr_line' id='line_1_77' title="bbox 2161 3284 3742 3357; baseline 0.001 -19"><span class='ocrx_word' id='word_1_562' title='bbox 2161 3285 2243 3341; x_wconf 90' lang='lat' dir='ltr'><strong>los</strong></span> <span class='ocrx_word' id='word_1_563' title='bbox 2265 3301 2436 3341; x_wconf 86' lang='lat' dir='ltr'><strong>annos</strong></span> <span class='ocrx_word' id='word_1_564' title='bbox 2457 3300 2626 3354; x_wconf 86' lang='lat' dir='ltr'><strong>usque</strong></span> <span class='ocrx_word' id='word_1_565' title='bbox 2661 3286 2715 3339; x_wconf 91' lang='lat' dir='ltr'><strong>in</strong></span> <span class='ocrx_word' id='word_1_566' title='bbox 2739 3286 2881 3341; x_wconf 89' lang='lat' dir='ltr'><strong>diem</strong></span> <span class='ocrx_word' id='word_1_567' title='bbox 2917 3286 3205 3357; x_wconf 79' lang='lat' dir='ltr'><strong>integrum,</strong></span> <span class='ocrx_word' id='word_1_568' title='bbox 3233 3285 3325 3355; x_wconf 91' lang='lat' dir='ltr'><strong>qui</strong></span> <span class='ocrx_word' id='word_1_569' title='bbox 3373 3284 3431 3339; x_wconf 90' lang='lat' dir='ltr'><strong>ﬁt</strong></span> <span class='ocrx_word' id='word_1_570' title='bbox 3481 3286 3742 3340; x_wconf 87' lang='lat' dir='ltr'><strong>horarum</strong></span> 
     </span>
    </p>
   </div>
   <div class='ocr_carea' id='block_1_78' title="bbox 2163 3377 2616 3447">
    <p class='ocr_par' dir='ltr' id='par_1_78' title="bbox 2163 3377 2616 3447">
     <span class='ocr_line' id='line_1_78' title="bbox 2163 3377 2616 3447; baseline 0.002 -18"><span class='ocrx_word' id='word_1_571' title='bbox 2163 3377 2349 3447; x_wconf 80' lang='lat' dir='ltr'><strong>viginti</strong></span> <span class='ocrx_word' id='word_1_572' title='bbox 2368 3384 2616 3445; x_wconf 83' lang='lat' dir='ltr'><strong>quatuor.</strong></span> 
     </span>
    </p>
   </div>
   <div class='ocr_carea' id='block_1_79' title="bbox 2234 3466 3738 3540">
    <p class='ocr_par' dir='ltr' id='par_1_79' title="bbox 2234 3466 3738 3540">
     <span class='ocr_line' id='line_1_79' title="bbox 2234 3466 3738 3540; baseline 0.001 -20"><span class='ocrx_word' id='word_1_573' title='bbox 2234 3467 2360 3522; x_wconf 82' lang='lat' dir='ltr'><strong>Il-ec</strong></span> <span class='ocrx_word' id='word_1_574' title='bbox 2377 3473 2567 3520; x_wconf 76' lang='lat' dir='ltr'><strong>vcstne</strong></span> <span class='ocrx_word' id='word_1_575' title='bbox 2591 3466 3243 3540; x_wconf 72' lang='lat' dir='ltr'><strong>excellentissimm‘[Cod.</strong></span> <span class='ocrx_word' id='word_1_576' title='bbox 3287 3468 3428 3535; x_wconf 63' lang='grc' dir='ltr'><strong>γαίη</strong></span> <span class='ocrx_word' id='word_1_577' title='bbox 3470 3469 3738 3524; x_wconf 85' lang='lat' dir='ltr'><strong>extollen-</strong></span> 
     </span>
    </p>
   </div>
   <div class='ocr_carea' id='block_1_80' title="bbox 2164 3556 3746 3629">
    <p class='ocr_par' dir='ltr' id='par_1_80' title="bbox 2164 3556 3746 3629">
     <span class='ocr_line' id='line_1_80' title="bbox 2164 3556 3746 3629; baseline 0.001 -16"><span class='ocrx_word' id='word_1_578' title='bbox 2164 3556 2408 3628; x_wconf 74' lang='lat' dir='ltr'><strong>tissimm]</strong></span> <span class='ocrx_word' id='word_1_579' title='bbox 2437 3559 2764 3627; x_wconf 69' lang='lat' dir='ltr'><strong>sapientiae,</strong></span> <span class='ocrx_word' id='word_1_580' title='bbox 2816 3561 2890 3615; x_wconf 91' lang='lat' dir='ltr'><strong>mi</strong></span> <span class='ocrx_word' id='word_1_581' title='bbox 2941 3561 3252 3616; x_wconf 84' lang='lat' dir='ltr'><strong>dulcissime</strong></span> <span class='ocrx_word' id='word_1_582' title='bbox 3294 3561 3463 3616; x_wconf 85' lang='lat' dir='ltr'><strong>David</strong></span> <span class='ocrx_word' id='word_1_583' title='bbox 3498 3603 3513 3629; x_wconf 92' lang='lat'><strong>,</strong></span> <span class='ocrx_word' id='word_1_584' title='bbox 3548 3564 3600 3618; x_wconf 92' lang='lat' dir='ltr'><strong>in</strong></span> <span class='ocrx_word' id='word_1_585' title='bbox 3633 3576 3746 3616; x_wconf 81' lang='lat' dir='ltr'><strong>me-</strong></span> 
     </span>
    </p>
   </div>
   <div class='ocr_carea' id='block_1_81' title="bbox 2163 3650 3745 3724">
    <p class='ocr_par' dir='ltr' id='par_1_81' title="bbox 2163 3650 3745 3724">
     <span class='ocr_line' id='line_1_81' title="bbox 2163 3650 3745 3724; baseline 0.005 -21"><span class='ocrx_word' id='word_1_586' title='bbox 2163 3650 2389 3703; x_wconf 85' lang='lat' dir='ltr'><strong>moriam</strong></span> <span class='ocrx_word' id='word_1_587' title='bbox 2415 3665 2670 3705; x_wconf 87' lang='lat' dir='ltr'><strong>revocare</strong></span> <span class='ocrx_word' id='word_1_588' title='bbox 2699 3653 2922 3718; x_wconf 89' lang='lat' dir='ltr'><strong>curavi,</strong></span> <span class='ocrx_word' id='word_1_589' title='bbox 2977 3667 3082 3706; x_wconf 89' lang='lat' dir='ltr'><strong>non</strong></span> <span class='ocrx_word' id='word_1_590' title='bbox 3137 3653 3317 3722; x_wconf 80' lang='lat' dir='ltr'><strong>ignota</strong></span> <span class='ocrx_word' id='word_1_591' title='bbox 3348 3654 3620 3724; x_wconf 87' lang='lat' dir='ltr'><strong>ingerens,</strong></span> <span class='ocrx_word' id='word_1_592' title='bbox 3651 3657 3745 3711; x_wconf 85' lang='lat' dir='ltr'><strong>sed</strong></span> 
     </span>
    </p>
   </div>
   <div class='ocr_carea' id='block_1_82' title="bbox 2162 3743 3743 3813">
    <p class='ocr_par' dir='ltr' id='par_1_82' title="bbox 2162 3743 3743 3813">
     <span class='ocr_line' id='line_1_82' title="bbox 2162 3743 3743 3813; baseline 0.006 -20"><span class='ocrx_word' id='word_1_593' title='bbox 2162 3748 2286 3793; x_wconf 76' lang='lat' dir='ltr'><strong>nota</strong></span> <span class='ocrx_word' id='word_1_594' title='bbox 2309 3748 2788 3811; x_wconf 86' lang='lat' dir='ltr'><strong>repetenspropter</strong></span> <span class='ocrx_word' id='word_1_595' title='bbox 2805 3743 3254 3813; x_wconf 81' lang='lat' dir='ltr'><strong>opportunitatem</strong></span> <span class='ocrx_word' id='word_1_596' title='bbox 3276 3745 3560 3813; x_wconf 82' lang='lat' dir='ltr'><strong>praesentis</strong></span> <span class='ocrx_word' id='word_1_597' title='bbox 3581 3746 3743 3811; x_wconf 80' lang='lat' dir='ltr'><strong>lume,</strong></span> 
     </span>
    </p>
   </div>
   <div class='ocr_carea' id='block_1_83' title="bbox 2162 3830 3743 3900">
    <p class='ocr_par' dir='ltr' id='par_1_83' title="bbox 2162 3830 3743 3900">
     <span class='ocr_line' id='line_1_83' title="bbox 2162 3830 3743 3900; baseline 0.004 -16"><span class='ocrx_word' id='word_1_598' title='bbox 2162 3830 2216 3884; x_wconf 90' lang='lat' dir='ltr'><strong>in</strong></span> <span class='ocrx_word' id='word_1_599' title='bbox 2243 3846 2345 3900; x_wconf 90' lang='lat' dir='ltr'><strong>qua</strong></span> <span class='ocrx_word' id='word_1_600' title='bbox 2376 3832 2513 3886; x_wconf 88' lang='lat' dir='ltr'><strong>ratio</strong></span> <span class='ocrx_word' id='word_1_601' title='bbox 2532 3832 2720 3897; x_wconf 91' lang='lat' dir='ltr'><strong>saltus,</strong></span> <span class='ocrx_word' id='word_1_602' title='bbox 2745 3841 2804 3886; x_wconf 91' lang='lat' dir='ltr'><strong>ut</strong></span> <span class='ocrx_word' id='word_1_603' title='bbox 2822 3833 3052 3898; x_wconf 89' lang='lat' dir='ltr'><strong>videtur,</strong></span> <span class='ocrx_word' id='word_1_604' title='bbox 3072 3834 3309 3889; x_wconf 86' lang='lat' dir='ltr'><strong>maxime</strong></span> <span class='ocrx_word' id='word_1_605' title='bbox 3350 3836 3743 3890; x_wconf 85' lang='lat' dir='ltr'><strong>consideranda</strong></span> 
     </span>
    </p>
   </div>
   <div class='ocr_carea' id='block_1_84' title="bbox 2161 3923 3743 4000">
    <p class='ocr_par' dir='ltr' id='par_1_84' title="bbox 2161 3923 3743 4000">
     <span class='ocr_line' id='line_1_84' title="bbox 2161 3923 3743 4000; baseline 0.004 -22"><span class='ocrx_word' id='word_1_606' title='bbox 2161 3932 2264 3978; x_wconf 87' lang='lat' dir='ltr'><strong>est.</strong></span> <span class='ocrx_word' id='word_1_607' title='bbox 2297 3923 2446 3979; x_wconf 88' lang='lat' dir='ltr'><strong>Licet</strong></span> <span class='ocrx_word' id='word_1_608' title='bbox 2477 3939 2580 3978; x_wconf 89' lang='lat' dir='ltr'><strong>non</strong></span> <span class='ocrx_word' id='word_1_609' title='bbox 2608 3926 3102 3994; x_wconf 81' lang='lat' dir='ltr'><strong>ignoremusaliter</strong></span> <span class='ocrx_word' id='word_1_610' title='bbox 3137 3929 3271 3984; x_wconf 86' lang='lat' dir='ltr'><strong>alios</strong></span> <span class='ocrx_word' id='word_1_611' title='bbox 3296 3930 3493 3984; x_wconf 89' lang='lat' dir='ltr'><strong>saltum</strong></span> <span class='ocrx_word' id='word_1_612' title='bbox 3521 3946 3743 4000; x_wconf 90' lang='lat' dir='ltr'><strong>compu-</strong></span> 
     </span>
    </p>
   </div>
   <div class='ocr_carea' id='block_1_85' title="bbox 2163 4014 3737 4088">
    <p class='ocr_par' dir='ltr' id='par_1_85' title="bbox 2163 4014 3737 4088">
     <span class='ocr_line' id='line_1_85' title="bbox 2163 4014 3737 4088; baseline 0.006 -22"><span class='ocrx_word' id='word_1_613' title='bbox 2163 4021 2297 4077; x_wconf 87' lang='lat' dir='ltr'><strong>tare,</strong></span> <span class='ocrx_word' id='word_1_614' title='bbox 2323 4022 2384 4068; x_wconf 88' lang='lat' dir='ltr'><strong>et</strong></span> <span class='ocrx_word' id='word_1_615' title='bbox 2400 4014 2640 4070; x_wconf 85' lang='lat' dir='ltr'><strong>inserere</strong></span> <span class='ocrx_word' id='word_1_616' title='bbox 2659 4015 2796 4070; x_wconf 85' lang='lat' dir='ltr'><strong>velle</strong></span> <span class='ocrx_word' id='word_1_617' title='bbox 2821 4033 2834 4082; x_wconf 91' lang='lat'><strong>;</strong></span> <span class='ocrx_word' id='word_1_618' title='bbox 2867 4024 3046 4072; x_wconf 88' lang='lat' dir='ltr'><strong>tamen</strong></span> <span class='ocrx_word' id='word_1_619' title='bbox 3071 4028 3291 4088; x_wconf 88' lang='lat' dir='ltr'><strong>propter</strong></span> <span class='ocrx_word' id='word_1_620' title='bbox 3317 4020 3577 4074; x_wconf 89' lang='lat' dir='ltr'><strong>rationem</strong></span> <span class='ocrx_word' id='word_1_621' title='bbox 3605 4020 3737 4075; x_wconf 87' lang='lat' dir='ltr'><strong>Pas-</strong></span> 
     </span>
    </p>
   </div>
   <div class='ocr_carea' id='block_1_86' title="bbox 2161 4103 3742 4174">
    <p class='ocr_par' dir='ltr' id='par_1_86' title="bbox 2161 4103 3742 4174">
     <span class='ocr_line' id='line_1_86' title="bbox 2161 4103 3742 4174; baseline 0.003 -16"><span class='ocrx_word' id='word_1_622' title='bbox 2161 4103 2330 4158; x_wconf 88' lang='lat' dir='ltr'><strong>chalis</strong></span> <span class='ocrx_word' id='word_1_623' title='bbox 2353 4104 2512 4168; x_wconf 75' lang='lat' dir='ltr'><strong>lunae,</strong></span> <span class='ocrx_word' id='word_1_624' title='bbox 2555 4121 2675 4174; x_wconf 78' lang='lat' dir='ltr'><strong>quae</strong></span> <span class='ocrx_word' id='word_1_625' title='bbox 2703 4105 3029 4161; x_wconf 89' lang='lat' dir='ltr'><strong>omnimodis</strong></span> <span class='ocrx_word' id='word_1_626' title='bbox 3057 4107 3376 4163; x_wconf 88' lang='lat' dir='ltr'><strong>inviolabilis</strong></span> <span class='ocrx_word' id='word_1_627' title='bbox 3402 4117 3462 4163; x_wconf 88' lang='lat' dir='ltr'><strong>et</strong></span> <span class='ocrx_word' id='word_1_628' title='bbox 3483 4105 3742 4163; x_wconf 56' lang='lat' dir='ltr'><strong>immutav-</strong></span> 
     </span>
    </p>
   </div>
   <div class='ocr_carea' id='block_1_87' title="bbox 2160 4195 3744 4272">
    <p class='ocr_par' dir='ltr' id='par_1_87' title="bbox 2160 4195 3744 4272">
     <span class='ocr_line' id='line_1_87' title="bbox 2160 4195 3744 4272; baseline 0.002 -22"><span class='ocrx_word' id='word_1_629' title='bbox 2160 4195 2286 4251; x_wconf 92' lang='lat' dir='ltr'><strong>bilis</strong></span> <span class='ocrx_word' id='word_1_630' title='bbox 2329 4211 2649 4265; x_wconf 88' lang='lat' dir='ltr'><strong>permanere</strong></span> <span class='ocrx_word' id='word_1_631' title='bbox 2678 4198 2856 4260; x_wconf 82' lang='lat' dir='ltr'><strong>debet,</strong></span> <span class='ocrx_word' id='word_1_632' title='bbox 2908 4200 3205 4255; x_wconf 87' lang='lat' dir='ltr'><strong>secundum</strong></span> <span class='ocrx_word' id='word_1_633' title='bbox 3257 4202 3478 4272; x_wconf 89' lang='lat' dir='ltr'><strong>antiqua</strong></span> <span class='ocrx_word' id='word_1_634' title='bbox 3529 4212 3744 4258; x_wconf 76' lang='lat' dir='ltr'><strong>sancto.</strong></span> 
     </span>
    </p>
   </div>
   <div class='ocr_carea' id='block_1_88' title="bbox 2162 4285 3744 4352">
    <p class='ocr_par' dir='ltr' id='par_1_88' title="bbox 2162 4285 3744 4352">
     <span class='ocr_line' id='line_1_88' title="bbox 2162 4285 3744 4352; baseline 0.006 -13"><span class='ocrx_word' id='word_1_635' title='bbox 2162 4301 2280 4340; x_wconf 82' lang='lat' dir='ltr'><strong>rum</strong></span> <span class='ocrx_word' id='word_1_636' title='bbox 2309 4285 2529 4342; x_wconf 88' lang='lat' dir='ltr'><strong>Patrum</strong></span> <span class='ocrx_word' id='word_1_637' title='bbox 2548 4288 2812 4352; x_wconf 91' lang='lat' dir='ltr'><strong>instituta,</strong></span> <span class='ocrx_word' id='word_1_638' title='bbox 2840 4299 2895 4343; x_wconf 90' lang='lat' dir='ltr'><strong>et</strong></span> <span class='ocrx_word' id='word_1_639' title='bbox 2921 4290 3087 4346; x_wconf 90' lang='lat' dir='ltr'><strong>totius</strong></span> <span class='ocrx_word' id='word_1_640' title='bbox 3111 4301 3314 4347; x_wconf 77' lang='lat' dir='ltr'><strong>sanctm</strong></span> <span class='ocrx_word' id='word_1_641' title='bbox 3340 4292 3594 4349; x_wconf 67' lang='lat' dir='ltr'><strong>Ecclesia!</strong></span> <span class='ocrx_word' id='word_1_642' title='bbox 3618 4310 3744 4348; x_wconf 88' lang='lat' dir='ltr'><strong>cou-</strong></span> 
     </span>
    </p>
   </div>
   <div class='ocr_carea' id='block_1_89' title="bbox 2161 4379 3743 4442">
    <p class='ocr_par' dir='ltr' id='par_1_89' title="bbox 2161 4379 3743 4442">
     <span class='ocr_line' id='line_1_89' title="bbox 2161 4379 3743 4442; baseline 0.003 -8"><span class='ocrx_word' id='word_1_643' title='bbox 2161 4379 2524 4442; x_wconf 87' lang='lat' dir='ltr'><strong>suetudinem,</strong></span> <span class='ocrx_word' id='word_1_644' title='bbox 2553 4379 2642 4434; x_wconf 91' lang='lat' dir='ltr'><strong>hic</strong></span> <span class='ocrx_word' id='word_1_645' title='bbox 2666 4380 2897 4433; x_wconf 81' lang='lat' dir='ltr'><strong>maxime</strong></span> <span class='ocrx_word' id='word_1_646' title='bbox 2924 4379 3248 4437; x_wconf 87' lang='lat' dir='ltr'><strong>Novembrio</strong></span> <span class='ocrx_word' id='word_1_647' title='bbox 3271 4399 3453 4439; x_wconf 88' lang='lat' dir='ltr'><strong>mense</strong></span> <span class='ocrx_word' id='word_1_648' title='bbox 3479 4385 3743 4438; x_wconf 79' lang='lat' dir='ltr'><strong>notandus</strong></span> 
     </span>
    </p>
   </div>
   <div class='ocr_carea' id='block_1_90' title="bbox 481 4469 3744 4562">
    <p class='ocr_par' dir='ltr' id='par_1_90' title="bbox 481 4469 3744 4562">
     <span class='ocr_line' id='line_1_90' title="bbox 481 4469 3744 4562; baseline 0.003 -45"><span class='ocrx_word' id='word_1_649' title='bbox 481 4470 670 4526; x_wconf 80' lang='lat' dir='ltr'><strong>diebus</strong></span> <span class='ocrx_word' id='word_1_650' title='bbox 695 4471 934 4542; x_wconf 68' lang='lat' dir='ltr'><strong>singulis.</strong></span> <span class='ocrx_word' id='word_1_651' title='bbox 972 4474 1132 4529; x_wconf 75' lang='lat' dir='ltr'><strong>annis</strong></span> <span class='ocrx_word' id='word_1_652' title='bbox 1166 4490 1500 4531; x_wconf 69' lang='lat' dir='ltr'><strong>accrescere,</strong></span> <span class='ocrx_word' id='word_1_653' title='bbox 1559 4476 1674 4533; x_wconf 74' lang='lat' dir='ltr'><strong>Hoc</strong></span> <span class='ocrx_word' id='word_1_654' title='bbox 1737 4492 1868 4532; x_wconf 67' lang='grc' dir='ltr'><strong>νει-ο</strong></span> <span class='ocrx_word' id='word_1_655' title='bbox 1914 4494 2056 4534; x_wconf 68' lang='grc' dir='ltr'><strong>ξηιῃο</strong></span> <span class='ocrx_word' id='word_1_656' title='bbox 2085 4482 2280 4562; x_wconf 62' lang='lat' dir='ltr'><strong>nesse</strong></span> <span class='ocrx_word' id='word_1_657' title='bbox 2333 4469 2561 4522; x_wconf 89' lang='lat' dir='ltr'><strong>videtur.</strong></span> <span class='ocrx_word' id='word_1_658' title='bbox 2608 4469 2721 4538; x_wconf 86' lang='lat' dir='ltr'><strong>Ego</strong></span> <span class='ocrx_word' id='word_1_659' title='bbox 2769 4485 2898 4525; x_wconf 89' lang='lat' dir='ltr'><strong>vero</strong></span> <span class='ocrx_word' id='word_1_660' title='bbox 2938 4471 3139 4525; x_wconf 86' lang='lat' dir='ltr'><strong>veteris</strong></span> <span class='ocrx_word' id='word_1_661' title='bbox 3194 4472 3479 4527; x_wconf 90' lang='lat' dir='ltr'><strong>immemor</strong></span> <span class='ocrx_word' id='word_1_662' title='bbox 3526 4489 3744 4544; x_wconf 74' lang='lat' dir='ltr'><strong>prover-</strong></span> 
     </span>
    </p>
   </div>
   <div class='ocr_carea' id='block_1_91' title="bbox 480 4562 2056 4639">
    <p class='ocr_par' dir='ltr' id='par_1_91' title="bbox 480 4562 2056 4639">
     <span class='ocr_line' id='line_1_91' title="bbox 480 4562 2056 4639; baseline 0.009 -28"><span class='ocrx_word' id='word_1_663' title='bbox 480 4568 700 4629; x_wconf 84' lang='lat' dir='ltr'><strong>pmpter</strong></span> <span class='ocrx_word' id='word_1_664' title='bbox 727 4562 946 4627; x_wconf 87' lang='lat' dir='ltr'><strong>saltum,</strong></span> <span class='ocrx_word' id='word_1_665' title='bbox 974 4563 1254 4622; x_wconf 86' lang='lat' dir='ltr'><strong>duodecim</strong></span> <span class='ocrx_word' id='word_1_666' title='bbox 1283 4567 1400 4622; x_wconf 89' lang='lat' dir='ltr'><strong>dies</strong></span> <span class='ocrx_word' id='word_1_667' title='bbox 1427 4568 1570 4622; x_wconf 89' lang='lat' dir='ltr'><strong>inter</strong></span> <span class='ocrx_word' id='word_1_668' title='bbox 1613 4577 1862 4639; x_wconf 86' lang='lat' dir='ltr'><strong>quartam</strong></span> <span class='ocrx_word' id='word_1_669' title='bbox 1908 4570 2056 4624; x_wconf 88' lang='lat' dir='ltr'><strong>deci-</strong></span> 
     </span>
    </p>
   </div>
   <div class='ocr_carea' id='block_1_92' title="bbox 483 4653 2056 4731">
    <p class='ocr_par' dir='ltr' id='par_1_92' title="bbox 483 4653 2056 4731">
     <span class='ocr_line' id='line_1_92' title="bbox 483 4653 2056 4731; baseline 0.01 -29"><span class='ocrx_word' id='word_1_670' title='bbox 483 4665 626 4702; x_wconf 86' lang='lat' dir='ltr'><strong>mam</strong></span> <span class='ocrx_word' id='word_1_671' title='bbox 658 4653 934 4707; x_wconf 88' lang='lat' dir='ltr'><strong>novissimi</strong></span> <span class='ocrx_word' id='word_1_672' title='bbox 963 4655 1090 4708; x_wconf 89' lang='lat' dir='ltr'><strong>anni</strong></span> <span class='ocrx_word' id='word_1_673' title='bbox 1117 4663 1173 4709; x_wconf 92' lang='lat' dir='ltr'><strong>et</strong></span> <span class='ocrx_word' id='word_1_674' title='bbox 1203 4660 1730 4726; x_wconf 86' lang='lat' dir='ltr'><strong>quartamdecimam</strong></span> <span class='ocrx_word' id='word_1_675' title='bbox 1752 4662 1912 4731; x_wconf 90' lang='lat' dir='ltr'><strong>primi</strong></span> <span class='ocrx_word' id='word_1_676' title='bbox 1930 4663 2056 4718; x_wconf 86' lang='lat' dir='ltr'><strong>anni</strong></span> 
     </span>
    </p>
   </div>
   <div class='ocr_carea' id='block_1_93' title="bbox 481 4740 2059 4822">
    <p class='ocr_par' dir='ltr' id='par_1_93' title="bbox 481 4740 2059 4822">
     <span class='ocr_line' id='line_1_93' title="bbox 481 4740 2059 4822; baseline 0.011 -31"><span class='ocrx_word' id='word_1_677' title='bbox 481 4740 824 4808; x_wconf 86' lang='lat' dir='ltr'><strong>reperiuntur</strong></span> <span class='ocrx_word' id='word_1_678' title='bbox 851 4759 866 4798; x_wconf 92' lang='lat'><strong>:</strong></span> <span class='ocrx_word' id='word_1_679' title='bbox 898 4752 1166 4813; x_wconf 85' lang='lat' dir='ltr'><strong>quatenus</strong></span> <span class='ocrx_word' id='word_1_680' title='bbox 1191 4748 1538 4804; x_wconf 90' lang='lat' dir='ltr'><strong>embolismus</strong></span> <span class='ocrx_word' id='word_1_681' title='bbox 1567 4752 1728 4822; x_wconf 88' lang='lat' dir='ltr'><strong>hujus</strong></span> <span class='ocrx_word' id='word_1_682' title='bbox 1775 4753 1902 4807; x_wconf 88' lang='lat' dir='ltr'><strong>a‘nni</strong></span> <span class='ocrx_word' id='word_1_683' title='bbox 1963 4755 2059 4808; x_wconf 91' lang='lat' dir='ltr'><strong>tri-</strong></span> 
     </span>
    </p>
   </div>
   <div class='ocr_carea' id='block_1_94' title="bbox 481 4831 2054 4912">
    <p class='ocr_par' dir='ltr' id='par_1_94' title="bbox 481 4831 2054 4912">
     <span class='ocr_line' id='line_1_94' title="bbox 481 4831 2054 4912; baseline 0.011 -28"><span class='ocrx_word' id='word_1_684' title='bbox 481 4831 625 4901; x_wconf 85' lang='lat' dir='ltr'><strong>ginta</strong></span> <span class='ocrx_word' id='word_1_685' title='bbox 646 4833 842 4890; x_wconf 88' lang='lat' dir='ltr'><strong>habeat</strong></span> <span class='ocrx_word' id='word_1_686' title='bbox 865 4837 981 4891; x_wconf 91' lang='lat' dir='ltr'><strong>dies</strong></span> <span class='ocrx_word' id='word_1_687' title='bbox 1001 4841 1293 4894; x_wconf 87' lang='lat' dir='ltr'><strong>secundum</strong></span> <span class='ocrx_word' id='word_1_688' title='bbox 1313 4843 1577 4897; x_wconf 87' lang='lat' dir='ltr'><strong>rationem</strong></span> <span class='ocrx_word' id='word_1_689' title='bbox 1591 4845 2054 4912; x_wconf 87' lang='lat' dir='ltr'><strong>embolismorum,</strong></span> 
     </span>
    </p>
   </div>
   <div class='ocr_carea' id='block_1_95' title="bbox 479 4925 2056 5005">
    <p class='ocr_par' dir='ltr' id='par_1_95' title="bbox 479 4925 2056 5005">
     <span class='ocr_line' id='line_1_95' title="bbox 479 4925 2056 5005; baseline 0.006 -26"><span class='ocrx_word' id='word_1_690' title='bbox 479 4925 666 4981; x_wconf 89' lang='lat' dir='ltr'><strong>decem</strong></span> <span class='ocrx_word' id='word_1_691' title='bbox 694 4935 750 4982; x_wconf 89' lang='lat' dir='ltr'><strong>et</strong></span> <span class='ocrx_word' id='word_1_692' title='bbox 787 4937 910 4984; x_wconf 91' lang='lat' dir='ltr'><strong>octo</strong></span> <span class='ocrx_word' id='word_1_693' title='bbox 937 4931 1212 4986; x_wconf 89' lang='lat' dir='ltr'><strong>novissimi</strong></span> <span class='ocrx_word' id='word_1_694' title='bbox 1239 4935 1365 4988; x_wconf 91' lang='lat' dir='ltr'><strong>anni</strong></span> <span class='ocrx_word' id='word_1_695' title='bbox 1392 4942 1638 5003; x_wconf 88' lang='lat' dir='ltr'><strong>epactas;</strong></span> <span class='ocrx_word' id='word_1_696' title='bbox 1666 4937 1861 5005; x_wconf 87' lang='lat' dir='ltr'><strong>quibus</strong></span> <span class='ocrx_word' id='word_1_697' title='bbox 1883 4937 1926 4992; x_wconf 88' lang='lat' dir='ltr'><strong>si</strong></span> <span class='ocrx_word' id='word_1_698' title='bbox 1962 4938 2056 4992; x_wconf 64' lang='lat' dir='ltr'><strong>ad.-</strong></span> 
     </span>
    </p>
   </div>
   <div class='ocr_carea' id='block_1_96' title="bbox 479 5015 2052 5095">
    <p class='ocr_par' dir='ltr' id='par_1_96' title="bbox 479 5015 2052 5095">
     <span class='ocr_line' id='line_1_96' title="bbox 479 5015 2052 5095; baseline 0.011 -26"><span class='ocrx_word' id='word_1_699' title='bbox 479 5015 681 5072; x_wconf 89' lang='lat' dir='ltr'><strong>dideris</strong></span> <span class='ocrx_word' id='word_1_700' title='bbox 702 5019 971 5085; x_wconf 90' lang='lat' dir='ltr'><strong>undecim,</strong></span> <span class='ocrx_word' id='word_1_701' title='bbox 1003 5023 1092 5090; x_wconf 91' lang='lat' dir='ltr'><strong>qui</strong></span> <span class='ocrx_word' id='word_1_702' title='bbox 1122 5025 1344 5095; x_wconf 88' lang='lat' dir='ltr'><strong>singulis</strong></span> <span class='ocrx_word' id='word_1_703' title='bbox 1381 5029 1537 5082; x_wconf 89' lang='lat' dir='ltr'><strong>annis</strong></span> <span class='ocrx_word' id='word_1_704' title='bbox 1565 5043 1715 5083; x_wconf 87' lang='lat' dir='ltr'><strong>more</strong></span> <span class='ocrx_word' id='word_1_705' title='bbox 1759 5030 1916 5084; x_wconf 87' lang='lat' dir='ltr'><strong>solito</strong></span> <span class='ocrx_word' id='word_1_706' title='bbox 1958 5046 2052 5086; x_wconf 89' lang='lat' dir='ltr'><strong>ac-</strong></span> 
     </span>
    </p>
   </div>
   <div class='ocr_carea' id='block_1_97' title="bbox 481 5114 2054 5192">
    <p class='ocr_par' dir='ltr' id='par_1_97' title="bbox 481 5114 2054 5192">
     <span class='ocr_line' id='line_1_97' title="bbox 481 5114 2054 5192; baseline 0.013 -33"><span class='ocrx_word' id='word_1_707' title='bbox 481 5117 750 5176; x_wconf 89' lang='lat' dir='ltr'><strong>crescunt,</strong></span> <span class='ocrx_word' id='word_1_708' title='bbox 774 5119 829 5164; x_wconf 88' lang='lat' dir='ltr'><strong>et</strong></span> <span class='ocrx_word' id='word_1_709' title='bbox 857 5128 1022 5182; x_wconf 84' lang='lat' dir='ltr'><strong>unum</strong></span> <span class='ocrx_word' id='word_1_710' title='bbox 1047 5114 1216 5170; x_wconf 90' lang='lat' dir='ltr'><strong>saltus</strong></span> <span class='ocrx_word' id='word_1_711' title='bbox 1242 5117 1402 5182; x_wconf 86' lang='lat' dir='ltr'><strong>diem,</strong></span> <span class='ocrx_word' id='word_1_712' title='bbox 1456 5119 1591 5173; x_wconf 87' lang='lat' dir='ltr'><strong>ﬁunt</strong></span> <span class='ocrx_word' id='word_1_713' title='bbox 1637 5121 1875 5192; x_wconf 88' lang='lat' dir='ltr'><strong>triginta.</strong></span> <span class='ocrx_word' id='word_1_714' title='bbox 1931 5124 2054 5180; x_wconf 85' lang='lat' dir='ltr'><strong>[deo</strong></span> 
     </span>
    </p>
   </div>
   <div class='ocr_carea' id='block_1_98' title="bbox 479 5197 2055 5275">
    <p class='ocr_par' dir='ltr' id='par_1_98' title="bbox 479 5197 2055 5275">
     <span class='ocr_line' id='line_1_98' title="bbox 479 5197 2055 5275; baseline 0.011 -26"><span class='ocrx_word' id='word_1_715' title='bbox 479 5197 656 5265; x_wconf 90' lang='lat' dir='ltr'><strong>primo</strong></span> <span class='ocrx_word' id='word_1_716' title='bbox 680 5214 821 5257; x_wconf 91' lang='lat' dir='ltr'><strong>anno</strong></span> <span class='ocrx_word' id='word_1_717' title='bbox 842 5202 1027 5257; x_wconf 89' lang='lat' dir='ltr'><strong>circuli</strong></span> <span class='ocrx_word' id='word_1_718' title='bbox 1056 5219 1196 5275; x_wconf 66' lang='lat' dir='ltr'><strong>saepe</strong></span> <span class='ocrx_word' id='word_1_719' title='bbox 1245 5207 1505 5262; x_wconf 88' lang='lat' dir='ltr'><strong>nominati</strong></span> <span class='ocrx_word' id='word_1_720' title='bbox 1527 5209 1684 5265; x_wconf 75' lang='lat' dir='ltr'><strong>nulla:</strong></span> <span class='ocrx_word' id='word_1_721' title='bbox 1741 5211 2055 5268; x_wconf 88' lang='lat' dir='ltr'><strong>scribuntur</strong></span> 
     </span>
    </p>
   </div>
   <div class='ocr_carea' id='block_1_99' title="bbox 480 5295 2050 5362">
    <p class='ocr_par' dir='ltr' id='par_1_99' title="bbox 480 5295 2050 5362">
     <span class='ocr_line' id='line_1_99' title="bbox 480 5295 2050 5362; baseline 0.01 -23"><span class='ocrx_word' id='word_1_722' title='bbox 480 5295 702 5354; x_wconf 73' lang='lat' dir='ltr'><strong>epactte,</strong></span> <span class='ocrx_word' id='word_1_723' title='bbox 733 5299 788 5344; x_wconf 89' lang='lat' dir='ltr'><strong>et</strong></span> <span class='ocrx_word' id='word_1_724' title='bbox 812 5305 843 5346; x_wconf 91' lang='lat' dir='ltr'><strong>a</strong></span> <span class='ocrx_word' id='word_1_725' title='bbox 869 5295 1051 5362; x_wconf 87' lang='lat' dir='ltr'><strong>pueris</strong></span> <span class='ocrx_word' id='word_1_726' title='bbox 1072 5295 1139 5351; x_wconf 88' lang='lat' dir='ltr'><strong>de</strong></span> <span class='ocrx_word' id='word_1_727' title='bbox 1166 5295 1405 5354; x_wconf 89' lang='lat' dir='ltr'><strong>nullis-in</strong></span> <span class='ocrx_word' id='word_1_728' title='bbox 1427 5299 1675 5353; x_wconf 90' lang='lat' dir='ltr'><strong>undecim</strong></span> <span class='ocrx_word' id='word_1_729' title='bbox 1711 5300 2050 5356; x_wconf 86' lang='lat' dir='ltr'><strong>decantatur.</strong></span> 
     </span>
    </p>
   </div>
   <div class='ocr_carea' id='block_1_100' title="bbox 484 5378 2057 5455">
    <p class='ocr_par' dir='ltr' id='par_1_100' title="bbox 484 5378 2057 5455">
     <span class='ocr_line' id='line_1_100' title="bbox 484 5378 2057 5455; baseline 0.009 -21"><span class='ocrx_word' id='word_1_730' title='bbox 484 5378 670 5438; x_wconf 51' lang='lat' dir='ltr'><strong>Sedeet</strong></span> <span class='ocrx_word' id='word_1_731' title='bbox 690 5384 736 5439; x_wconf 89' lang='lat' dir='ltr'><strong>si</strong></span> <span class='ocrx_word' id='word_1_732' title='bbox 766 5400 797 5438; x_wconf 91' lang='lat' dir='ltr'><strong>a</strong></span> <span class='ocrx_word' id='word_1_733' title='bbox 826 5387 1030 5455; x_wconf 86' lang='lat' dir='ltr'><strong>quintis</strong></span> <span class='ocrx_word' id='word_1_734' title='bbox 1068 5388 1300 5443; x_wconf 79' lang='lat' dir='ltr'><strong>decimis</strong></span> <span class='ocrx_word' id='word_1_735' title='bbox 1350 5389 1605 5446; x_wconf 83' lang='lat' dir='ltr'><strong>Kalendis</strong></span> <span class='ocrx_word' id='word_1_736' title='bbox 1667 5391 1820 5447; x_wconf 81' lang='lat' dir='ltr'><strong>Maiis</strong></span> <span class='ocrx_word' id='word_1_737' title='bbox 1891 5393 2057 5448; x_wconf 85' lang='lat' dir='ltr'><strong>totius</strong></span> 
     </span>
    </p>
   </div>
   <div class='ocr_carea' id='block_1_101' title="bbox 480 5472 2059 5555">
    <p class='ocr_par' dir='ltr' id='par_1_101' title="bbox 480 5472 2059 5555">
     <span class='ocr_line' id='line_1_101' title="bbox 480 5472 2059 5555; baseline 0.009 -30"><span class='ocrx_word' id='word_1_738' title='bbox 480 5472 687 5534; x_wconf 86' lang='lat' dir='ltr'><strong>lunaris</strong></span> <span class='ocrx_word' id='word_1_739' title='bbox 715 5478 840 5532; x_wconf 89' lang='lat' dir='ltr'><strong>anni</strong></span> <span class='ocrx_word' id='word_1_740' title='bbox 863 5478 977 5533; x_wconf 89' lang='lat' dir='ltr'><strong>dies</strong></span> <span class='ocrx_word' id='word_1_741' title='bbox 998 5490 1383 5549; x_wconf 91' lang='lat' dir='ltr'><strong>computantur</strong></span> <span class='ocrx_word' id='word_1_742' title='bbox 1405 5498 1575 5552; x_wconf 88' lang='lat' dir='ltr'><strong>usque</strong></span> <span class='ocrx_word' id='word_1_743' title='bbox 1599 5483 1650 5537; x_wconf 94' lang='lat' dir='ltr'><strong>in</strong></span> <span class='ocrx_word' id='word_1_744' title='bbox 1681 5483 1861 5540; x_wconf 85' lang='lat' dir='ltr'><strong>Nonas</strong></span> <span class='ocrx_word' id='word_1_745' title='bbox 1898 5484 2059 5555; x_wconf 87' lang='lat' dir='ltr'><strong>Apri-</strong></span> 
     </span>
    </p>
   </div>
   <div class='ocr_carea' id='block_1_102' title="bbox 481 5559 2058 5643">
    <p class='ocr_par' dir='ltr' id='par_1_102' title="bbox 481 5559 2058 5643">
     <span class='ocr_line' id='line_1_102' title="bbox 481 5559 2058 5643; baseline 0.011 -30"><span class='ocrx_word' id='word_1_746' title='bbox 481 5559 568 5627; x_wconf 85' lang='lat' dir='ltr'><strong>lis,</strong></span> <span class='ocrx_word' id='word_1_747' title='bbox 594 5578 701 5616; x_wconf 91' lang='lat' dir='ltr'><strong>non</strong></span> <span class='ocrx_word' id='word_1_748' title='bbox 721 5572 784 5618; x_wconf 91' lang='lat' dir='ltr'><strong>ut</strong></span> <span class='ocrx_word' id='word_1_749' title='bbox 809 5567 1016 5622; x_wconf 80' lang='lat' dir='ltr'><strong>caeteris</strong></span> <span class='ocrx_word' id='word_1_750' title='bbox 1039 5569 1196 5624; x_wconf 90' lang='lat' dir='ltr'><strong>annis</strong></span> <span class='ocrx_word' id='word_1_751' title='bbox 1225 5571 1510 5628; x_wconf 89' lang='lat' dir='ltr'><strong>tricenteni</strong></span> <span class='ocrx_word' id='word_1_752' title='bbox 1536 5572 1898 5642; x_wconf 84' lang='lat' dir='ltr'><strong>quinquageni</strong></span> <span class='ocrx_word' id='word_1_753' title='bbox 1921 5590 2058 5643; x_wconf 79' lang='lat' dir='ltr'><strong>qua-</strong></span> 
     </span>
    </p>
   </div>
   <div class='ocr_carea' id='block_1_103' title="bbox 482 5652 2054 5732">
    <p class='ocr_par' dir='ltr' id='par_1_103' title="bbox 482 5652 2054 5732">
     <span class='ocr_line' id='line_1_103' title="bbox 482 5652 2054 5732; baseline 0.01 -28"><span class='ocrx_word' id='word_1_754' title='bbox 482 5652 639 5712; x_wconf 87' lang='lat' dir='ltr'><strong>terni,</strong></span> <span class='ocrx_word' id='word_1_755' title='bbox 670 5654 763 5706; x_wconf 89' lang='lat' dir='ltr'><strong>sed</strong></span> <span class='ocrx_word' id='word_1_756' title='bbox 785 5654 1072 5708; x_wconf 84' lang='lat' dir='ltr'><strong>tricenteni</strong></span> <span class='ocrx_word' id='word_1_757' title='bbox 1098 5659 1460 5729; x_wconf 69' lang='lat' dir='ltr'><strong>quinquageni</strong></span> <span class='ocrx_word' id='word_1_758' title='bbox 1489 5662 1758 5717; x_wconf 84' lang='lat' dir='ltr'><strong>ternidics</strong></span> <span class='ocrx_word' id='word_1_759' title='bbox 1773 5665 2054 5732; x_wconf 85' lang='lat' dir='ltr'><strong>reperiun-</strong></span> 
     </span>
    </p>
   </div>
   <div class='ocr_carea' id='block_1_104' title="bbox 481 5742 2055 5821">
    <p class='ocr_par' dir='ltr' id='par_1_104' title="bbox 481 5742 2055 5821">
     <span class='ocr_line' id='line_1_104' title="bbox 481 5742 2055 5821; baseline 0.01 -27"><span class='ocrx_word' id='word_1_760' title='bbox 481 5752 593 5797; x_wconf 91' lang='lat' dir='ltr'><strong>tur.</strong></span> <span class='ocrx_word' id='word_1_761' title='bbox 629 5742 738 5796; x_wconf 81' lang='lat' dir='ltr'><strong>Nisi</strong></span> <span class='ocrx_word' id='word_1_762' title='bbox 771 5742 908 5796; x_wconf 80' lang='lat' dir='ltr'><strong>forte</strong></span> <span class='ocrx_word' id='word_1_763' title='bbox 931 5744 1222 5801; x_wconf 82' lang='lat' dir='ltr'><strong>bissextilis</strong></span> <span class='ocrx_word' id='word_1_764' title='bbox 1251 5748 1528 5804; x_wconf 80' lang='lat' dir='ltr'><strong>immineat</strong></span> <span class='ocrx_word' id='word_1_765' title='bbox 1554 5767 1745 5818; x_wconf 83' lang='lat' dir='ltr'><strong>annus,</strong></span> <span class='ocrx_word' id='word_1_766' title='bbox 1779 5755 1868 5821; x_wconf 88' lang='lat' dir='ltr'><strong>qui</strong></span> <span class='ocrx_word' id='word_1_767' title='bbox 1892 5771 2055 5810; x_wconf 88' lang='lat' dir='ltr'><strong>unum</strong></span> 
     </span>
    </p>
   </div>
   <div class='ocr_carea' id='block_1_105' title="bbox 2161 4556 3742 4631">
    <p class='ocr_par' dir='ltr' id='par_1_105' title="bbox 2161 4556 3742 4631">
     <span class='ocr_line' id='line_1_105' title="bbox 2161 4556 3742 4631; baseline 0.004 -21"><span class='ocrx_word' id='word_1_768' title='bbox 2161 4557 2234 4611; x_wconf 90' lang='lat' dir='ltr'><strong>bii</strong></span> <span class='ocrx_word' id='word_1_769' title='bbox 2268 4556 2421 4611; x_wconf 90' lang='lat' dir='ltr'><strong>:Non</strong></span> <span class='ocrx_word' id='word_1_770' title='bbox 2462 4557 2604 4613; x_wconf 80' lang='lat' dir='ltr'><strong>feres</strong></span> <span class='ocrx_word' id='word_1_771' title='bbox 2652 4559 2793 4630; x_wconf 90' lang='lat' dir='ltr'><strong>ligna</strong></span> <span class='ocrx_word' id='word_1_772' title='bbox 2819 4561 2873 4614; x_wconf 92' lang='lat' dir='ltr'><strong>in</strong></span> <span class='ocrx_word' id='word_1_773' title='bbox 2909 4561 3133 4631; x_wconf 87' lang='lat' dir='ltr'><strong>sylvam,</strong></span> <span class='ocrx_word' id='word_1_774' title='bbox 3164 4563 3264 4617; x_wconf 84' lang='lat' dir='ltr'><strong>has</strong></span> <span class='ocrx_word' id='word_1_775' title='bbox 3292 4565 3392 4618; x_wconf 90' lang='lat' dir='ltr'><strong>sub</strong></span> <span class='ocrx_word' id='word_1_776' title='bbox 3440 4564 3742 4619; x_wconf 75' lang='lat' dir='ltr'><strong>munusculi</strong></span> 
     </span>
    </p>
   </div>
   <div class='ocr_carea' id='block_1_106' title="bbox 2163 4647 3741 4709">
    <p class='ocr_par' dir='ltr' id='par_1_106' title="bbox 2163 4647 3741 4709">
     <span class='ocr_line' id='line_1_106' title="bbox 2163 4647 3741 4709; baseline 0.006 -10"><span class='ocrx_word' id='word_1_777' title='bbox 2163 4647 2378 4702; x_wconf 88' lang='lat' dir='ltr'><strong>nomine</strong></span> <span class='ocrx_word' id='word_1_778' title='bbox 2403 4647 2673 4703; x_wconf 89' lang='lat' dir='ltr'><strong>litterulas</strong></span> <span class='ocrx_word' id='word_1_779' title='bbox 2701 4649 2753 4704; x_wconf 91' lang='lat' dir='ltr'><strong>in</strong></span> <span class='ocrx_word' id='word_1_780' title='bbox 2788 4658 2995 4705; x_wconf 87' lang='lat' dir='ltr'><strong>vestras</strong></span> <span class='ocrx_word' id='word_1_781' title='bbox 3044 4653 3320 4707; x_wconf 88' lang='lat' dir='ltr'><strong>transmisi</strong></span> <span class='ocrx_word' id='word_1_782' title='bbox 3348 4653 3599 4709; x_wconf 87' lang='lat' dir='ltr'><strong>divitias:</strong></span> <span class='ocrx_word' id='word_1_783' title='bbox 3624 4670 3741 4708; x_wconf 82' lang='lat' dir='ltr'><strong>me-</strong></span> 
     </span>
    </p>
   </div>
   <div class='ocr_carea' id='block_1_107' title="bbox 2163 4741 3744 4815">
    <p class='ocr_par' dir='ltr' id='par_1_107' title="bbox 2163 4741 3744 4815">
     <span class='ocr_line' id='line_1_107' title="bbox 2163 4741 3744 4815; baseline 0.006 -23"><span class='ocrx_word' id='word_1_784' title='bbox 2163 4753 2343 4794; x_wconf 89' lang='lat' dir='ltr'><strong>mores</strong></span> <span class='ocrx_word' id='word_1_785' title='bbox 2364 4755 2460 4795; x_wconf 85' lang='lat' dir='ltr'><strong>vos</strong></span> <span class='ocrx_word' id='word_1_786' title='bbox 2485 4755 2607 4794; x_wconf 88' lang='lat' dir='ltr'><strong>esse</strong></span> <span class='ocrx_word' id='word_1_787' title='bbox 2647 4743 2828 4796; x_wconf 87' lang='lat' dir='ltr'><strong>sciens</strong></span> <span class='ocrx_word' id='word_1_788' title='bbox 2865 4741 3098 4797; x_wconf 66' lang='lat' dir='ltr'><strong>laudata:</strong></span> <span class='ocrx_word' id='word_1_789' title='bbox 3135 4743 3329 4809; x_wconf 70' lang='lat' dir='ltr'><strong>viduze,</strong></span> <span class='ocrx_word' id='word_1_790' title='bbox 3384 4762 3503 4815; x_wconf 79' lang='lat' dir='ltr'><strong>quae</strong></span> <span class='ocrx_word' id='word_1_791' title='bbox 3552 4757 3744 4802; x_wconf 91' lang='lat' dir='ltr'><strong>curato</strong></span> 
     </span>
    </p>
   </div>
   <div class='ocr_carea' id='block_1_108' title="bbox 2166 4829 3746 4906">
    <p class='ocr_par' dir='ltr' id='par_1_108' title="bbox 2166 4829 3746 4906">
     <span class='ocr_line' id='line_1_108' title="bbox 2166 4829 3746 4906; baseline 0.006 -23"><span class='ocrx_word' id='word_1_792' title='bbox 2166 4829 2321 4902; x_wconf 74' lang='grc' dir='ltr'><strong>[ϐοά.</strong></span> <span class='ocrx_word' id='word_1_793' title='bbox 2365 4829 2506 4896; x_wconf 61' lang='lat' dir='ltr'><strong>Vat,</strong></span> <span class='ocrx_word' id='word_1_794' title='bbox 2543 4832 2757 4906; x_wconf 88' lang='lat' dir='ltr'><strong>aurato]</strong></span> <span class='ocrx_word' id='word_1_795' title='bbox 2789 4834 2990 4902; x_wconf 89' lang='lat' dir='ltr'><strong>templo</strong></span> <span class='ocrx_word' id='word_1_796' title='bbox 3028 4835 3134 4888; x_wconf 87' lang='lat' dir='ltr'><strong>duo</strong></span> <span class='ocrx_word' id='word_1_797' title='bbox 3170 4835 3376 4890; x_wconf 88' lang='lat' dir='ltr'><strong>addidit</strong></span> <span class='ocrx_word' id='word_1_798' title='bbox 3406 4839 3608 4891; x_wconf 88' lang='lat' dir='ltr'><strong>minuta</strong></span> <span class='ocrx_word' id='word_1_799' title='bbox 3642 4855 3656 4902; x_wconf 90' lang='lat'><strong>;</strong></span> <span class='ocrx_word' id='word_1_800' title='bbox 3691 4848 3746 4893; x_wconf 88' lang='lat' dir='ltr'><strong>et</strong></span> 
     </span>
    </p>
   </div>
   <div class='ocr_carea' id='block_1_109' title="bbox 2164 4923 3745 4996">
    <p class='ocr_par' dir='ltr' id='par_1_109' title="bbox 2164 4923 3745 4996">
     <span class='ocr_line' id='line_1_109' title="bbox 2164 4923 3745 4996; baseline 0.006 -20"><span class='ocrx_word' id='word_1_801' title='bbox 2164 4923 2381 4978; x_wconf 89' lang='lat' dir='ltr'><strong>illorum</strong></span> <span class='ocrx_word' id='word_1_802' title='bbox 2416 4924 2508 4994; x_wconf 87' lang='lat' dir='ltr'><strong>qui</strong></span> <span class='ocrx_word' id='word_1_803' title='bbox 2552 4925 2690 4994; x_wconf 92' lang='lat' dir='ltr'><strong>pilos</strong></span> <span class='ocrx_word' id='word_1_804' title='bbox 2714 4941 2998 4996; x_wconf 86' lang='lat' dir='ltr'><strong>caprarum</strong></span> <span class='ocrx_word' id='word_1_805' title='bbox 3046 4927 3100 4980; x_wconf 90' lang='lat' dir='ltr'><strong>in</strong></span> <span class='ocrx_word' id='word_1_806' title='bbox 3133 4929 3460 4984; x_wconf 87' lang='lat' dir='ltr'><strong>tabernaculi</strong></span> <span class='ocrx_word' id='word_1_807' title='bbox 3491 4930 3745 4985; x_wconf 70' lang='lat' dir='ltr'><strong>demi-em</strong></span> 
     </span>
    </p>
   </div>
   <div class='ocr_carea' id='block_1_110' title="bbox 2162 5016 3746 5089">
    <p class='ocr_par' dir='ltr' id='par_1_110' title="bbox 2162 5016 3746 5089">
     <span class='ocr_line' id='line_1_110' title="bbox 2162 5016 3746 5089; baseline 0.005 -19"><span class='ocrx_word' id='word_1_808' title='bbox 2162 5016 2453 5072; x_wconf 89' lang='lat' dir='ltr'><strong>attulerant</strong></span> <span class='ocrx_word' id='word_1_809' title='bbox 2482 5016 2678 5088; x_wconf 74' lang='lat' dir='ltr'><strong>(Exod.</strong></span> <span class='ocrx_word' id='word_1_810' title='bbox 2707 5034 2833 5084; x_wconf 87' lang='lat' dir='ltr'><strong>xxv,</strong></span> <span class='ocrx_word' id='word_1_811' title='bbox 2859 5018 2892 5072; x_wconf 72' lang='grc'>4</span> <span class='ocrx_word' id='word_1_812' title='bbox 2918 5020 3069 5089; x_wconf 77' lang='lat' dir='ltr'><strong>seq.).</strong></span> <span class='ocrx_word' id='word_1_813' title='bbox 3094 5020 3162 5073; x_wconf 87' lang='lat' dir='ltr'><strong>Et</strong></span> <span class='ocrx_word' id='word_1_814' title='bbox 3181 5020 3305 5074; x_wconf 90' lang='lat' dir='ltr'><strong>dum</strong></span> <span class='ocrx_word' id='word_1_815' title='bbox 3335 5021 3584 5077; x_wconf 89' lang='lat' dir='ltr'><strong>omnibus</strong></span> <span class='ocrx_word' id='word_1_816' title='bbox 3612 5024 3746 5078; x_wconf 88' lang='lat' dir='ltr'><strong>estis</strong></span> 
     </span>
    </p>
   </div>
   <div class='ocr_carea' id='block_1_111' title="bbox 2161 5111 3742 5180">
    <p class='ocr_par' dir='ltr' id='par_1_111' title="bbox 2161 5111 3742 5180">
     <span class='ocr_line' id='line_1_111' title="bbox 2161 5111 3742 5180; baseline 0.004 -16"><span class='ocrx_word' id='word_1_817' title='bbox 2161 5111 2395 5180; x_wconf 83' lang='lat' dir='ltr'><strong>benigni,</strong></span> <span class='ocrx_word' id='word_1_818' title='bbox 2428 5111 2667 5165; x_wconf 91' lang='lat' dir='ltr'><strong>omnium</strong></span> <span class='ocrx_word' id='word_1_819' title='bbox 2701 5113 2755 5165; x_wconf 89' lang='lat' dir='ltr'><strong>in</strong></span> <span class='ocrx_word' id='word_1_820' title='bbox 2787 5127 2881 5166; x_wconf 88' lang='lat' dir='ltr'><strong>vos</strong></span> <span class='ocrx_word' id='word_1_821' title='bbox 2925 5112 3162 5166; x_wconf 72' lang='lat' dir='ltr'><strong>favorem</strong></span> <span class='ocrx_word' id='word_1_822' title='bbox 3194 5115 3480 5179; x_wconf 81' lang='lat' dir='ltr'><strong>revocatis,</strong></span> <span class='ocrx_word' id='word_1_823' title='bbox 3522 5124 3576 5170; x_wconf 93' lang='lat' dir='ltr'><strong>et</strong></span> <span class='ocrx_word' id='word_1_824' title='bbox 3605 5131 3742 5170; x_wconf 81' lang='lat' dir='ltr'><strong>cun-</strong></span> 
     </span>
    </p>
   </div>
   <div class='ocr_carea' id='block_1_112' title="bbox 2163 5200 3739 5275">
    <p class='ocr_par' dir='ltr' id='par_1_112' title="bbox 2163 5200 3739 5275">
     <span class='ocr_line' id='line_1_112' title="bbox 2163 5200 3739 5275; baseline 0.006 -22"><span class='ocrx_word' id='word_1_825' title='bbox 2163 5200 2263 5255; x_wconf 91' lang='lat' dir='ltr'><strong>ctis</strong></span> <span class='ocrx_word' id='word_1_826' title='bbox 2289 5201 2504 5270; x_wconf 89' lang='lat' dir='ltr'><strong>copiose</strong></span> <span class='ocrx_word' id='word_1_827' title='bbox 2532 5209 2712 5255; x_wconf 86' lang='lat' dir='ltr'><strong>vestra</strong></span> <span class='ocrx_word' id='word_1_828' title='bbox 2735 5201 3078 5265; x_wconf 80' lang='lat' dir='ltr'><strong>benefaciens</strong></span> <span class='ocrx_word' id='word_1_829' title='bbox 3103 5204 3277 5275; x_wconf 89' lang='lat' dir='ltr'><strong>pietas</strong></span> <span class='ocrx_word' id='word_1_830' title='bbox 3303 5215 3620 5261; x_wconf 90' lang='lat' dir='ltr'><strong>cunctorum</strong></span> <span class='ocrx_word' id='word_1_831' title='bbox 3643 5223 3739 5262; x_wconf 85' lang='lat' dir='ltr'><strong>vo-</strong></span> 
     </span>
    </p>
   </div>
   <div class='ocr_carea' id='block_1_113' title="bbox 2161 5291 3742 5363">
    <p class='ocr_par' dir='ltr' id='par_1_113' title="bbox 2161 5291 3742 5363">
     <span class='ocr_line' id='line_1_113' title="bbox 2161 5291 3742 5363; baseline 0.003 -17"><span class='ocrx_word' id='word_1_832' title='bbox 2161 5291 2244 5347; x_wconf 88' lang='lat' dir='ltr'><strong>his</strong></span> <span class='ocrx_word' id='word_1_833' title='bbox 2293 5291 2508 5346; x_wconf 88' lang='lat' dir='ltr'><strong>divitias</strong></span> <span class='ocrx_word' id='word_1_834' title='bbox 2548 5292 2771 5345; x_wconf 76' lang='lat' dir='ltr'><strong>attrahit</strong></span> <span class='ocrx_word' id='word_1_835' title='bbox 2811 5332 2825 5356; x_wconf 90' lang='lat'><strong>,</strong></span> <span class='ocrx_word' id='word_1_836' title='bbox 2877 5293 3016 5347; x_wconf 88' lang='lat' dir='ltr'><strong>sicut</strong></span> <span class='ocrx_word' id='word_1_837' title='bbox 3051 5293 3344 5363; x_wconf 87' lang='lat' dir='ltr'><strong>Apostolus</strong></span> <span class='ocrx_word' id='word_1_838' title='bbox 3383 5297 3496 5350; x_wconf 89' lang='lat' dir='ltr'><strong>ait:</strong></span> <span class='ocrx_word' id='word_1_839' title='bbox 3525 5295 3628 5362; x_wconf 77' lang='lat' dir='ltr'><strong>Qui</strong></span> <span class='ocrx_word' id='word_1_840' title='bbox 3654 5313 3742 5351; x_wconf 74' lang='lat' dir='ltr'><strong>se-</strong></span> 
     </span>
    </p>
   </div>
   <div class='ocr_carea' id='block_1_114' title="bbox 2160 5379 3738 5446">
    <p class='ocr_par' dir='ltr' id='par_1_114' title="bbox 2160 5379 3738 5446">
     <span class='ocr_line' id='line_1_114' title="bbox 2160 5379 3738 5446; baseline 0.004 -13"><span class='ocrx_word' id='word_1_841' title='bbox 2160 5381 2321 5434; x_wconf 77' lang='lat' dir='ltr'><strong>minat</strong></span> <span class='ocrx_word' id='word_1_842' title='bbox 2366 5381 2420 5432; x_wconf 83' lang='lat' dir='ltr'><strong>in</strong></span> <span class='ocrx_word' id='word_1_843' title='bbox 2451 5379 2824 5446; x_wconf 74' lang='lat' dir='ltr'><strong>benedictione,</strong></span> <span class='ocrx_word' id='word_1_844' title='bbox 2866 5381 2934 5435; x_wconf 82' lang='lat' dir='ltr'><strong>de</strong></span> <span class='ocrx_word' id='word_1_845' title='bbox 2981 5383 3336 5441; x_wconf 70' lang='lat' dir='ltr'><strong>bcmdictione</strong></span> <span class='ocrx_word' id='word_1_846' title='bbox 3375 5393 3547 5445; x_wconf 64' lang='lat' dir='ltr'><strong>metet</strong></span> <span class='ocrx_word' id='word_1_847' title='bbox 3578 5387 3738 5440; x_wconf 72' lang='lat' dir='ltr'><strong>vitam</strong></span> 
     </span>
    </p>
   </div>
   <div class='ocr_carea' id='block_1_115' title="bbox 2161 5468 2884 5546">
    <p class='ocr_par' dir='ltr' id='par_1_115' title="bbox 2161 5468 2884 5546">
     <span class='ocr_line' id='line_1_115' title="bbox 2161 5468 2884 5546; baseline -0.003 -19"><span class='ocrx_word' id='word_1_848' title='bbox 2161 5481 2409 5528; x_wconf 75' lang='lat' dir='ltr'><strong>a‘ternam</strong></span> <span class='ocrx_word' id='word_1_849' title='bbox 2441 5469 2523 5541; x_wconf 83' lang='grc' dir='ltr'><strong>(Η</strong></span> <span class='ocrx_word' id='word_1_850' title='bbox 2549 5468 2669 5524; x_wconf 87' lang='lat' dir='ltr'><strong>Car.</strong></span> <span class='ocrx_word' id='word_1_851' title='bbox 2697 5488 2771 5536; x_wconf 79' lang='lat' dir='ltr'><strong>Ix,</strong></span> <span class='ocrx_word' id='word_1_852' title='bbox 2807 5471 2884 5546; x_wconf 85' lang='grc' dir='ltr'><strong>Θ).</strong></span> 
     </span>
    </p>
   </div>
  </div>
