4070 6182
385 5365 390 5368 -
478 5343 619 5384 anno
661 5327 765 5384 796
809 5345 839 5383 a
884 5331 995 5386 suis
1021 5330 1232 5386 occisus
1259 5339 1359 5385 est.

461 338 567 394 239

1329 329 1391 382 Β.
1433 327 1494 380 π.
1535 321 1756 379 ALBINI
1795 322 1926 378 SEU
1969 318 2244 377 ALCUINI
2279 316 2563 374 OPERUM
2598 316 2776 372 PARS
2817 316 2855 370 l.

3620 313 3727 372 £60

457 447 646 522 rum]:
675 446 768 503 sed
809 453 862 500 et
896 441 1330 498 'l‘orbcmundum
1361 452 1386 480 ι
1414 438 1686 494 lledilredi
1730 438 1872 507 regis
1915 435 2043 490 ﬁde-
2074 450 2116 500 Α
2147 433 2439 488 venerabili
2484 432 2722 501 aspectui
2751 401 2934 522 vestro
2957 436 3302 522 prmseutare.
3334 427 3524 522 Sciens
3551 441 3732 489 autem

449 539 566 597 tem
595 537 872 599 famulum,
895 534 1070 588 virum
1117 533 1172 587 in
1211 531 1313 586 tide
1339 530 1646 600 probatum,
1678 537 1957 584 strenuum
1986 527 2039 580 in

457 630 627 684 armis
652 643 665 680 :
692 625 782 695 qui
807 624 1019 678 fortiter
1042 621 1355 692 sanguinem
1383 619 1584 674 domini
1617 618 1700 672 sui
1728 616 2038 671 vindicavit.

462 720 529 775 lii
561 732 747 774 omnes
770 716 899 770 mihi
927 715 1079 768 valde
1106 713 1322 766 fuerunt
1347 710 1550 772 ﬁdeles,
1583 717 1638 762 et
1665 707 1936 776 adjutores
1962 705 2045 759 iti-

461 808 608 864 neris
645 807 770 870 mei,
810 804 894 858 vel
939 817 1180 857 meorum
1226 799 1538 856 defensores
1573 811 1889 868 puerorum,
1939 795 2044 848 huc

461 898 691 966 illucque
721 892 1156 950 discurrentium.
1196 889 1272 942 De
1302 887 1496 958 quibus
1524 886 1778 955 optimam
1807 890 2042 936 vestram

461 989 718 1058 deprecor
761 983 1121 1045 clementiam,
1180 980 1337 1033 solita
1394 976 1721 1047 benignitate
1771 974 2044 1041 suscipere

461 1095 578 1141 eos,
601 1079 725 1146 quia
748 1077 878 1132 mihi
905 1073 1194 1135 necessarii
1223 1071 1439 1126 fuerunt
1466 1068 1831 1137 unusquisque
1853 1065 2044 1118 inloco

462 1186 578 1226 suo.
634 1169 842 1237 Smpius
892 1165 1117 1236 cognovi
1170 1163 1478 1217 sacerdotes
1531 1159 1828 1230 religiosos,
1879 1163 1935 1210 et
1989 1171 2043 1209 in

461 1259 662 1315 Christi
688 1259 906 1313 servitio
935 1257 1184 1318 devotos;
1213 1267 1313 1307 nec
1337 1267 1444 1306 non
1473 1251 1618 1304 viros
1635 1249 1820 1310 fortes,
1845 1255 1900 1300 ct
1923 1245 2045 1300 ﬁde-

461 1349 542 1404 les
565 1350 616 1402 in
645 1347 886 1403 saeculari
912 1346 1191 1416 dignitate,
1212 1351 1402 1396 vestra:
1420 1337 1715 1394 laudabiles
1736 1353 1855 1392 esse
1883 1335 2046 1405 aequi-

461 1441 577 1496 tati.
609 1438 744 1494 Nam
773 1443 1007 1508 optimus
1034 1437 1298 1506 quisquis,
1343 1441 1396 1489 et
1441 1433 1494 1487 in
1529 1447 1625 1487 sua
1659 1430 1759 1486 sibi
1790 1429 1891 1500 ipsi
1920 1443 2046 1498 pro-

461 1531 618 1587 batus
664 1530 1010 1592 conscientia,
1063 1529 1231 1582 bonos
1276 1525 1499 1594 diligere
1551 1537 1657 1576 non
1689 1520 1908 1575 dubium
1937 1524 2038 1580 est,

460 1624 684 1679 edoctus
707 1618 1087 1688 omnipotentis
1120 1617 1211 1670 Dei
1251 1614 1513 1682 exemplo,
1545 1611 1637 1680 qui
1665 1622 1932 1664 summum
1961 1614 2044 1659 est

463 1713 682 1769 bonum.
735 1712 802 1766 Et
842 1709 1017 1764 omnis
1071 1704 1404 1760 rationabilis
1452 1711 1731 1764 creatura,
1781 1704 2041 1767 quantum

2143 523 2479 580 scholasticae
2503 522 2820 576 eruditionis
2843 520 3262 589 inquisitionem,
3282 530 3336 575 et
3351 521 3734 583 ecclesiasticae

2144 613 2435 683 disciplinae
2464 613 2759 676 solertiam,
2791 621 2985 666 vestra:
3025 611 3338 665 clarissima:
3369 613 3646 682 sapientiae
3677 623 3735 672 et

2143 705 2464 760 dulcissima:
2487 701 2837 757 familiaritati
2863 709 3070 771 gratam
3099 715 3220 778 esse
3246 699 3648 770 ctjucundam;
3679 713 3734 761 et

2143 797 2400 866 quidquid
2429 795 2753 850 urbanitatis
2790 794 2902 848 sale
2935 794 3208 848 conditum
3245 796 3610 864 cognoscitur,
3641 813 3732 850 vc-

2145 888 2273 941 stris
2299 886 2746 940 intellectualibus
2779 885 3001 938 auribus
3039 883 3358 947 favorabile,
3399 896 3454 940 et
3483 889 3732 944 acutissi-

2144 978 2248 1032 mis
2292 977 2528 1032 scientiae
2571 976 2742 1030 oculis
2769 976 2999 1031 amabile
3023 990 3144 1030 esse
3170 978 3535 1045 probavimus.
3578 979 3731 1035 Unde

2144 1074 2287 1141 quod
2311 1071 2630 1126 scholastica
2658 1071 2890 1125 tironum
2910 1067 3167 1136 juventus
3193 1069 3432 1126 flaccidis
3459 1070 3588 1142 [Al.,
3617 1072 3732 1128 ila-io

2143 1164 2300 1227 cinis,
2337 1148 2470 1231 forte
2512 1162 2795 1224 Flaccinis,
2838 1176 2930 1214 seu
2971 1160 3299 1222 Flaccianis,
3333 1162 3386 1216 id
3430 1172 3532 1226 est,
3561 1163 3732 1231 ipsius

2143 1253 2356 1326 Flacci]
2397 1254 2640 1324 ingerere
2679 1253 2901 1306 auribus
2941 1251 3094 1314 solet,
3137 1261 3330 1306 vestra:
3375 1254 3728 1309 sanctissima

2143 1345 2438 1413 prudentia:
2485 1345 2718 1414 dirigere
2775 1352 2950 1396 ratum
2995 1342 3268 1404 duximus,
3299 1352 3352 1396 et
3392 1344 3514 1398 inde
3539 1345 3728 1400 solatia

2144 1433 2508 1502 responsionis
2538 1448 2798 1502 quaerere,
2831 1432 2972 1486 unde
3005 1433 3209 1502 sophiae
3248 1432 3467 1488 flumina
3508 1450 3730 1491 manare

2145 1526 2426 1590 novimus;
2454 1525 2664 1579 tametsi
2692 1524 2934 1579 inductas
2963 1524 3062 1578 has
3087 1525 3252 1578 videri
3281 1524 3730 1595 interrogationes

2144 1626 2338 1674 vestrae
2361 1617 2714 1672 sanctissimae
2734 1616 3010 1686 sapientite
3031 1631 3191 1686 posse
3214 1614 3406 1670 fateor.
3436 1616 3504 1670 Et
3523 1631 3592 1672 ne
3610 1632 3726 1672 mea

2146 1709 2345 1776 aliquid
2391 1715 2818 1777 przesumptuose
2867 1708 3144 1762 rusticitas
3192 1706 3538 1775 responderet
3580 1706 3725 1780 [Al.,

461 1805 589 1861 boni
618 1803 809 1863 habet,
845 1798 959 1868 ejus
986 1798 1224 1853 bonitate
1255 1794 1549 1848 illuminata
1580 1790 1780 1845 habere
1805 1785 2045 1842 certissi-
2075 1790 2121 1850 Β
2149 1813 2280 1854 mea
2325 1798 2518 1868 aliquis
2557 1797 2844 1852 rusticitati
2887 1806 3310 1866 prmsumptuose
3357 1798 3726 1870 responderet]

463 1911 610 1952 mum
636 1903 736 1950 est.
768 1893 880 1964 Ipsa
910 1891 1148 1946 Veritatc
1169 1889 1377 1942 dicente
1406 1903 1418 1938 :
1450 1885 1561 1954 Ego
1583 1899 1699 1937 sum
1727 1881 1819 1934 tua:
1839 1878 2040 1932 mundi.

465 1987 570 2055 Qui
597 1986 828 2057 sequitur
851 1999 954 2047 me,
985 1997 1087 2034 non
1113 1976 1344 2033 ambulat
1372 1977 1427 2030 in
1451 1975 1693 2038 tenebris,
1723 1971 1813 2025 sed
1841 1969 2044 2023 habebit

462 2076 639 2132 lumen
661 2077 778 2130 vitae
814 2073 995 2145 (Joan.
1027 2087 1145 2133 vm,
1181 2067 1287 2138 12).

532 2189 852 2258 Perpetuam
880 2185 1078 2241 Christi
1109 2183 1308 2236 tribuat
1334 2180 1428 2234 tibi
1466 2179 1636 2250 gratia
1665 2178 1864 2241 lucem,

602 2277 742 2333 Cum
766 2274 965 2330 sanctis
992 2272 1216 2342 pariter,
1242 2267 1407 2323 David
1435 2275 1612 2321 amate
1639 2266 1767 2320 Dco.

929 2405 957 2443 δ
989 2399 1320 2458 EPISTOLA
1361 2398 1573 2453 LXXX.

952 2527 976 2555 θ
1007 2531 1071 2569 AD
1110 2530 1326 2576 DDINUI
1351 2527 1544 2567 REGI-Il.

645 2650 820 2722 (Anno
845 2648 977 2713 798,
1005 2646 1148 2701 circa
1175 2653 1387 2714 tempus
1418 2640 1886 2713 Septuagesimze.)

472 2766 544 2820 De
587 2763 786 2818 ratione
831 2759 1265 2839 Septuagesimte,
1303 2755 1651 2826 Sexagesimw
1696 2763 1743 2808 et
1776 2752 2046 2824 Quinqua-

1132 2843 1361 2898 gestmre.

535 2969 854 3025 Benedictus
882 2965 953 3020 sit
982 2964 1125 3018 Deus
1144 2963 1306 3017 Pater
1324 2963 1677 3033 omnipotens,
1703 2963 1794 3031 qui
1819 2971 1870 3016 te
1895 2977 2046 3017 crea-

468 3063 546 3115 vit
567 3069 622 3115 et
665 3056 947 3114 honoravit
975 3069 989 3108 :
1017 3063 1073 3110 et
1101 3055 1412 3110 benedictus
1461 3055 1533 3110 sit
1571 3055 1826 3109 Dominus
1865 3063 2044 3109 uoster

2146 1897 2386 1944 vestrum
2439 1888 2702 1944 laudabile
2745 1887 3039 1958 ingenium,
3103 1895 3158 1942 et
3199 1887 3519 1957 przefulgens
3544 1888 3728 1944 erudi-

2148 1981 2309 2036 tionis
2331 1995 2556 2035 acumen
2581 1979 2864 2036 consulere
2894 1989 3066 2034 tutum
3093 1993 3213 2034 esse
3233 1982 3557 2049 putavimus.
3591 1979 3729 2037 Nam

2147 2080 2289 2127 vetut
2318 2087 2528 2127 vermes
2572 2069 2826 2126 fenestris
2855 2071 3096 2126 involant
3139 2072 3359 2138 aestivis,
3404 2071 3482 2126 sic
3505 2072 3731 2127 auribus

2148 2163 2282 2218 meis
2309 2161 2542 2216 insident
2577 2161 2998 2230 quaestiunculam
3046 2160 3112 2214 Et
3139 2162 3331 2215 horum
3358 2161 3729 2216 con'euientia

2147 2265 2290 2306 nuttc
2316 2259 2617 2318 temporum
2647 2251 2864 2304 excitati
2891 2251 2958 2305 de
2983 2251 3348 2306 ecclesiastico
3380 2267 3532 2308 more
3560 2252 3731 2307 inter-

2149 2348 2356 2411 rogant,
2383 2356 2480 2396 cur
2501 2341 2947 2410 septuagesimus,
2975 2348 3030 2394 et
3055 2341 3441 2412 sexagesimus,
3471 2343 3554 2397 vel
3574 2345 3732 2414 quin-

2147 2431 2487 2502 quagesimus
2511 2431 2646 2485 ordo
2675 2446 2771 2500 per
2803 2431 2917 2486 dies
2945 2431 3253 2487 Dominic‘os
3277 2443 3402 2488 ante
3426 2434 3728 2506 quadrage-

2148 2521 2342 2576 simum
2370 2521 2583 2577 dicatur
2609 2521 2692 2576 vel
2727 2521 2968 2576 celatur?

2221 2609 2280 2666 Si
2310 2611 2654 2680 respondero,
2687 2610 2940 2665 Ecclesia:
2976 2611 3114 2666 hanc
3143 2627 3262 2667 esse
3288 2613 3728 2669 consuetudinem

2148 2709 2204 2755 et
2238 2700 2479 2756 Romana
2523 2701 2846 2756 auctoritate
2895 2699 3052 2770 hujus
3093 2702 3366 2772 religionis
3388 2689 3574 2759 'ritum
3611 2719 3733 2760 esse

2149 2791 2454 2855 firmatum;
2486 2791 2665 2845 minus
2688 2789 2794 2846 illis
2818 2790 3049 2856 videtur,
3079 2793 3402 2848 auctoritate
3435 2801 3490 2849 et
3509 2810 3736 2850 consue-

2152 2880 2335 2934 tudine
2355 2880 2466 2934 sola
2489 2895 2608 2935 esse
2636 2895 2972 2949 responsum,
3001 2881 3102 2936 nisi
3130 2891 3185 2936 et
3211 2882 3389 2952 aliqua
3418 2885 3554 2938 ratio
3574 2885 3732 2939 adda-

2150 2977 2240 3022 tur
2261 2969 2565 3024 auctoritati
2597 2988 2610 3023 :
2643 2971 2766 3039 quia
2792 2971 2994 3032 dicunt,
3036 2973 3169 3026 nihil
3197 2988 3317 3028 esse
3343 2975 3458 3030 siue
3482 2989 3641 3030 causa
3675 2977 3729 3030 in

2150 3063 2530 3118 ecclesiasticis
2561 3063 3042 3120 consuetudinibus
3068 3081 3097 3117 a
3135 3065 3444 3120 doctoribus
3468 3068 3732 3122 constitu-

467 3151 621 3208 Jesus
649 3150 898 3204 Christus
936 3145 1106 3201 Filius
1151 3145 1268 3210 Dei,
1315 3145 1406 3214 qui
1433 3154 1484 3200 te
1510 3145 1734 3199 redemit
1762 3154 1817 3200 et
1839 3145 2000 3215 elegit
2029 3162 2039 3196 :

2151 3164 2262 3209 tum
2290 3155 2594 3225 praecipuis.
2623 3154 2851 3208 Maxime
2878 3163 3055 3211 autem
3087 3156 3278 3210 titubat
3302 3156 3512 3211 illorum
3541 3173 3731 3214 sensus

467 3253 524 3298 et
549 3240 860 3324 benediqtus
885 3238 958 3292 sit
995 3235 1228 3306 Spiritus
1271 3235 1594 3297 Paraclitus,
1633 3235 1724 3304 qui
1771 3243 1824 3290 te
1853 3234 2048 3288 illumi-

471 3330 636 3394 navit,
671 3338 726 3383 et
767 3326 1010 3382 dilatavit
1050 3341 1143 3379 cor
1188 3333 1340 3378 tuum
1385 3324 1439 3378 in
1481 3324 1625 3378 omni
1676 3325 1948 3393 sapientiae
1993 3332 2048 3380 et

469 3419 708 3475 scientiae
736 3415 994 3476 claritate,
1041 3413 1384 3468 dilectissime
1432 3413 1618 3477 David,
1647 3421 1702 3467 et
1741 3414 2046 3469 dulcissime

470 3510 712 3566 domine!
744 3517 798 3563 et
817 3505 1102 3562 benedicta
1140 3504 1208 3559 sit
1251 3513 1434 3560 sancta
1460 3504 1714 3570 Trinitas,
1745 3523 1884 3560 unus
1905 3506 2047 3562 Deus

469 3607 825 3677 omnipotens,
852 3603 1031 3666 Pater,
1060 3610 1113 3655 et
1141 3600 1330 3664 Filius,
1356 3607 1410 3654 et
1434 3598 1666 3670 Spiritus
1693 3609 1928 3662 sanctus,
1954 3601 2046 3671 qui

471 3696 601 3752 mihi
633 3692 843 3750 servulo
886 3707 1001 3756 suo,
1027 3690 1153 3744 licet
1180 3689 1417 3759 indigno,
1463 3688 1622 3743 talem
1661 3689 1929 3744 concessit
1954 3690 2049 3743 do-

472 3789 695 3850 minum,
721 3784 976 3848 amicum,
1005 3789 1058 3836 et
1088 3779 1383 3849 adjutorem
1411 3781 1596 3850 gratia:
1621 3795 1764 3846 suae;
1796 3779 1888 3850 qui
1917 3779 2046 3834 mihi

469 3875 583 3946 86
609 3888 704 3946 per
749 3886 963 3926 servum
1008 3885 1186 3934 suum,
1223 3869 1392 3924 beatae
1425 3868 1698 3924 memoriae
1728 3869 2046 3939 magistrum

472 3981 671 4029 meum,
704 3964 1009 4019 ministrare
1041 3963 1337 4018 clementer
1361 3962 1606 4034 dignatus
1633 3970 1715 4018 est
1745 3980 1758 4016 :
1792 3972 1846 4018 et
1878 3961 2047 4018 bene—

471 4060 612 4114 dicta
641 4057 710 4112 sit
734 4064 968 4126 potestas
995 4063 1049 4110 et
1083 4070 1308 4126 regnum
1349 4063 1518 4118 tuum,
1545 4063 1599 4109 et
1626 4055 1717 4109 fllii
1748 4057 1844 4120 tui,
1873 4063 1926 4108 et
1955 4055 2044 4109 ﬁlii

473 4151 703 4206 filiorum
736 4159 970 4211 tuorum,
1001 4163 1168 4218 usque
1200 4149 1250 4202 in
1291 4148 1665 4218 generationes
1695 4148 1872 4202 saeculi
1903 4165 2048 4202 scm-

471 4243 743 4311 piternas;
775 4248 830 4294 et
871 4239 1052 4293 veniat
1077 4253 1238 4307 super
1286 4246 1336 4292 te
1361 4244 1415 4291 et
1463 4253 1623 4305 super
1653 4245 1797 4292 tuam
1824 4254 2048 4308 genera-

472 4335 672 4388 tionem
718 4331 1020 4387 benedictio
1068 4337 1376 4385 sanctorum
1425 4330 1477 4384 in
1522 4330 1608 4385 die
1637 4329 1846 4385 Domini
1875 4333 2046 4387 nostri

471 4422 597 4478 Jesu
626 4421 854 4487 Christi;
884 4419 1038 4489 cujus
1065 4419 1401 4475 sanctissima
1432 4419 1677 4475 voluntas
1726 4419 1854 4493 [Al.,
1883 4430 2046 4490 utque

2149 3247 2290 3315 quod
2313 3261 2568 3300 numerus
2587 3246 2877 3314 praedictus
2894 3247 3070 3303 ordini
3096 3249 3296 3303 dierum
3327 3263 3431 3302 non
3455 3251 3726 3304 convenit.

2151 3334 2252 3390 Ubi
2275 3333 2477 3400 dicunt,
2515 3335 2955 3406 septuagesimus.
2988 3337 3060 3392 ibi
3095 3352 3199 3392 non
3245 3347 3369 3392 sunt
3395 3340 3740 3409 septuaginta

2149 3427 2265 3481 dies
2307 3443 2477 3496 usque
2522 3429 2588 3482 ad
2641 3429 3091 3484 resurrectionem
3137 3430 3350 3485 Domini
3400 3432 3569 3486 nostri
3601 3429 3730 3486 Iesu

2148 3518 2368 3574 Christi.
2403 3519 2661 3578 Similiter
2687 3538 2787 3578 nec
2823 3523 2914 3578 ubi
2955 3524 3322 3594 sexagesimus
3348 3539 3607 3580 numerus
3631 3541 3728 3580 no-

2150 3616 2294 3661 tatur
2340 3609 2392 3662 ln
2424 3610 2612 3665 diebus
2659 3611 2971 3676 Dominicis,
2997 3611 3300 3665 nullatenus
3335 3625 3590 3682 computo
3618 3614 3732 3670 die-

2150 3715 2267 3754 rum
2309 3701 2560 3756 convenit
2587 3717 2754 3770 usque
2791 3703 2860 3758 ad
2896 3703 3121 3756 Pascha.
3163 3701 3360 3758 lterum
3402 3704 3446 3757 si
3475 3705 3616 3769 dico,
3650 3721 3734 3775 sy-

2148 3792 2470 3847 necdochice
2497 3792 2697 3847 dictum
2731 3808 2877 3857 esse,
2908 3793 2961 3847 id
2995 3801 3096 3856 est,
3123 3808 3152 3846 a
3191 3802 3345 3862 parte
3380 3803 3583 3861 totum;
3611 3811 3732 3864 qua:

2148 3883 2362 3951 quidem
2393 3884 2597 3952 tropica
2628 3883 2844 3948 locutio,
2891 3891 2951 3938 ut
2980 3899 3073 3939 vos
3107 3886 3308 3954 optime
3352 3885 3538 3950 nostis,
3586 3885 3730 3940 Serio

2147 3974 2319 4043 pturis
2346 3976 2546 4029 sanctis
2575 3975 2927 4031 usitatissima
2955 3991 3072 4031 esse
3103 3977 3461 4047 dignoscitur;
3492 3977 3630 4030 sicut
3672 3977 3728 4031 in

2149 4067 2322 4123 tribus
2369 4069 2556 4122 diebus
2591 4074 2646 4121 et
2685 4068 2856 4123 tribus
2904 4070 3183 4134 noctibus,
3235 4069 3425 4138 quibus
3471 4065 3732 4122 Dominus

2149 4166 2333 4213 noster
2371 4157 2528 4212 Jesus
2547 4157 2790 4213 Christus
2815 4159 2868 4212 in
2899 4159 3145 4229 sepulcro
3175 4158 3511 4234 requiescere
3532 4158 3732 4228 legitur

2151 4247 2364 4320 (Matth.
2403 4265 2500 4313 xu,
2529 4249 2643 4319 40),
2674 4249 2894 4319 intelligi
2932 4265 3152 4304 necesse
3193 4259 3292 4314 est,
3324 4259 3378 4304 et
3403 4233 3582 4304 multis
3607 4249 3731 4304 aliis

2151 4343 2204 4395 in
2229 4341 2397 4397 locis:
2435 4357 2554 4412 qua:
2575 4343 2751 4397 omnia
2787 4342 2832 4396 si
2853 4342 3116 4405 dicantur,
3147 4342 3269 4396 libri
3305 4342 3571 4396 excedunt
3609 4355 3726 4404 ma-

2151 4439 2502 4507 gnitudinem.
2527 4437 2742 4492 Addunt
2765 4447 2942 4492 tamen
2972 4452 3214 4505 quaerere
3238 4452 3337 4491 cur
3369 4437 3728 4506 septuaginta.

473 4512 810 4568 sanctissima
855 4511 1104 4566 voluntas
1135 4510 1247 4583 tua]
1291 4527 1505 4581 semper
1541 4512 1748 4583 vigeat,
1781 4511 1967 4570 ﬂoreat
1994 4523 2048 4569 et
2080 4509 2126 4567 Ι)
2150 4529 2232 4583 νει
2275 4530 2571 4599 sexaginta,
2605 4529 2686 4583 νει
2735 4530 3118 4599 quinquaginta
3149 4530 3201 4583 ίη
3240 4528 3332 4583 {an
3365 4537 3605 4598 tempore
3647 4527 3726 4582 di.

474 4608 683 4656 crescat
737 4601 790 4655 in
840 4601 1001 4656 corde
1047 4610 1168 4666 tuo,
1216 4602 1512 4658 clarissime
1549 4603 1800 4661 Ecclesiae
1848 4605 2046 4662 Christi

476 4701 655 4748 rector
685 4701 738 4746 et
763 4693 1031 4748 defensor.

547 4783 800 4853 Repletus
829 4799 948 4839 sum
978 4783 1173 4854 gaudio
1197 4792 1429 4839 vestram
1469 4786 1691 4842 audiens
1723 4789 2050 4858 prosperita-

477 4882 584 4927 tem
609 4881 664 4927 et
684 4871 1084 4935 exaltationem,
1109 4881 1164 4928 et
1177 4881 1322 4928 totus
1341 4873 1672 4943 iucunditate
1695 4878 2046 4943 exhilaratus,

476 4964 603 5018 dum
629 4972 822 5018 vestrae
848 4955 1194 5018 beatitudinis
1218 4963 1426 5019 litteras
1451 4968 1662 5036 accepi,
1689 4967 1790 5039 legi
1809 4946 1870 5024 ἐι
1894 4985 2049 5024 oscu-

477 5056 616 5111 latus
650 5071 789 5111 sum.
818 5054 968 5111 Unde
997 5061 1052 5110 et
1091 5054 1290 5124 aliquid
1333 5055 1649 5114 familiarius
1675 5069 1868 5116 vestra:
1912 5062 2048 5118 dile-

476 5148 639 5203 ctioni
687 5149 926 5204 scribere
975 5163 1270 5218 praesumo,
1316 5156 1372 5203 et
1416 5148 1590 5205 illatas
1636 5153 2054 5220 quaestiunculas

547 5271 574 5299 ι
617 5256 905 5337 Ηεειᾷνεάί.
930 5257 1036 5337 Seu
1065 5258 1331 5337 Ethelredi
1359 5258 1502 5337 regis
1524 5260 1939 5337 Northumbria,
1961 5267 2054 5337 qui

478 5343 619 5384 anno
661 5332 765 5384 796
809 5345 839 5383 a
884 5332 995 5386 suis
1021 5332 1232 5386 occisus
1259 5339 1359 5385 est.
1404 5332 1537 5386 Vide
1580 5333 1737 5422 epist.
1781 5334 1852 5390 42
1889 5332 2052 5409 (ηυήο

477 5396 569 5449 Hi
600 5397 666 5449 ad
691 5395 863 5449 Oﬂ'am
893 5415 1094 5449 regem.
1121 5401 1294 5449 (Antid
1320 5400 1548 5449 Froben-
1574 5403 1690 5449 Sail

551 5396 569 5466 )
600 5397 666 5452 ad
691 5395 863 5456 Oﬁ'am
893 5415 953 5454 re
987 5415 1094 5455 em.
1121 5401 1186 5472 (Α
1226 5401 1295 5454 ud
1320 5400 1548 5456 Froben.
1574 5395 1690 5474 63.)
1893 5395 1907 5409 “

547 5467 578 5506 δ
609 5467 758 5526 Hanc
774 5417 1280 5541 epistolgamduprici
1310 5470 1428 5528 loco
1465 5472 1710 5528 exhibuit
1755 5473 2049 5541 Querceta-

478 5552 610 5614 nus;
634 5538 799 5593 semel
829 5553 950 5614 pag.
972 5540 1106 5614 1141
1139 5538 1193 5614 et
1220 5542 1412 5614 iterum
1449 5557 1515 5598 ex
1538 5558 1642 5597 ms.
1671 5538 1852 5599 codice
1881 5547 2072 5614 casti-._

481 5605 740 5726 satiorem
754 5616 810 5659 et
824 5605 1090 5675 aliquibus
1108 5611 1269 5664 etiam
1287 5610 1418 5666 locis
1438 5613 1733 5668 auctiorem
1749 5629 1868 5726 pagi
1889 5615 2043 5670 1465.

529 5681 615 5726 tua
635 5683 718 5726 est
743 5690 884 5726 anno
904 5677 1027 5726 798.
1053 5689 1113 5726 nt.
1129 5693 1194 5726 ex
1226 5682 1467 5726 sentienti
1499 5680 1782 5726 colligitur-
1865 5685 1911 5726 ir
1951 5687 2043 5726 (In.

529 5629 740 5659 suorum
754 5629 810 5659 et
824 5629 1090 5675 auqmuus
1108 5629 1269 5664 etiam
1287 5629 1418 5666 lOCls
1438 5629 1733 5668 aucuorem
1749 5629 1815 5684 pa
1856 5653 1868 5666 .
1889 5629 2043 5670 1405.

529 5681 718 5750 ataest
743 5677 1027 5750 ann9_7_98_,
1053 5689 1194 5750 utcx
1218 5682 1468 5750 sequenti
1499 5680 1782 5750 colligitur.
1818 5629 1911 5738 ἷνίι·
1951 5687 2045 5738 do-

483 5742 753 5798 ctissimus
775 5741 832 5796 P.
857 5742 1056 5813 lldeph.
1087 5741 1347 5800 Catelinot
1372 5749 1424 5800 in
1455 5765 1548 5800 sua
1580 5741 1892 5806 collectione
1937 5769 2037 5808 ms.

2149 4620 2376 4674 cuntur?
2403 4619 2534 4692 [ΑΛ.
2565 4636 2662 4676 cur
2689 4619 3112 4691 Septuagesima,
3139 4620 3224 4674 vel
3251 4619 3616 4690 Sexagesima,
3644 4617 3728 4671 vel

2150 4713 2601 4783 Quinquagesima
2631 4714 2685 4766 in
2715 4721 2862 4767 tanto
2904 4720 3144 4782 tempore
3182 4709 3484 4782 dicantur]?
3512 4710 3726 4769 Audivi,

2149 4801 2276 4856 dum
2300 4802 2483 4857 Roma:
2507 4816 2702 4865 essem,
2733 4802 2990 4872 quosdam
3017 4803 3255 4856 dicentes
3280 4803 3562 4870 magistros
3583 4799 3730 4868 quod

2150 4891 2448 4947 Orientales
2469 4892 2648 4962 populi
2677 4907 2867 4947 novem
2895 4893 3274 4954 hebdomadas,
3305 4901 3359 4946 et.
3380 4890 3550 4946 Crzeci
3577 4901 3731 4953 octo.

2151 4993 2205 5037 et
2233 4982 2407 5038 Latini
2439 4994 2644 5053 septem
2673 4983 2915 5055 jejunare
2945 4983 3182 5046 soleant;
3215 4991 3270 5037 et
3295 4982 3417 5037 inde
3443 4990 3730 5038 consuetu-

2152 5074 2328 5129 dinem
2367 5073 2661 5129 Romanam
2691 5074 2984 5145 sumpsisse
3033 5073 3352 5136 Ecclesiam,
3399 5073 3733 5143 septuagesi-

2153 5182 2289 5232 mos,
2337 5169 2713 5238 sexagesimus,
2759 5175 2813 5220 et
2838 5167 3308 5240 quinquagesimos
3338 5166 3468 5239 [Al.,
3500 5183 3564 5221 ex
3595 5181 3729 5222 con-

2155 5294 2272 5334 eam
2311 5294 2594 5349 ecorpore
2617 5279 2893 5349 epistulari
2947 5281 3109 5336 eximi
3161 5282 3405 5345 volebat,
3435 5289 3492 5338 et
3537 5279 3732 5338 referri

2156 5351 2298 5422 inter
2313 5347 2490 5422 Opera
2515 5347 2758 5422 liturgica
2777 5350 3007 5422 Alcuini.
3039 5352 3147 5422 Ego
3169 5359 3348 5407 tamen
3371 5351 3637 5416 eamdem,
3653 5367 3732 5422 ne

2154 5428 2233 5495 tot
2253 5419 2479 5495 alia_s__de
2515 5419 2682 5495 variis
2717 5419 3480 5495 quzestionibusdogmaticis,
3510 5421 3733 5495 morali-

2150 5490 2274 5554 bus,
2306 5489 2690 5559 philosophicis
2708 5489 2813 5554 ,ac
2838 5489 3239 5548 astronomicis'
3263 5493 3591 5548 disserentes
3618 5493 3734 5546 dis-

2152 5561 2611 5639 trahi‘opor'teret,
2634 5561 2724 5639 hic
2751 5561 3086 5639 retinendam
3114 5577 3233 5639 esse
3252 5562 3459 5639 censui.

2222 5629 2405 5704 F_Alia_
2451 5629 2728 5704 inscriptio
2779 5648 2905 5704 pag.
2937 5633 3066 5686 HM
3106 5633 3305 5703 prioris
3353 5634 3482 5688 edit.
3516 5630 3680 5688 habet
3716 5649 3729 5686 :

2150 5699 2228 5753 Ad
2250 5697 2492 5753 Caralim
2526 5697 3510 5774 Magnum-Galliarum'imperatorem.
