4070 6182
292 337 383 396 εει

1699 335 2053 392 Εριετοωῖ
2064 374 2076 389 .

3431 333 3533 386 262

285 454 563 511 uictudine
602 452 842 506 llomana
898 447 1376 520 Septuigesimam,
1433 448 1852 522 Sexagesimam,
1885 447 2324 518 Αρωιιίιειιιίοιιι
2352 447 2419 500 ad
2458 446 2827 503 remissionem
2859 456 3201 517 peccatorum
3225 454 3531 505 nostrorum

286 558 340 602 et
359 541 888 620 Quinquagesimam]
911 557 1218 612 nuncupare
1243 542 1568 598 Dominicos.
1597 541 1709 598 Hoc
1731 544 1855 612 quia

286 655 316 691 a
346 637 537 692 talibus
570 650 675 690 non
709 634 888 688 audivi
932 633 1224 704 magistris,
1275 649 1499 703 quorum
1553 634 1858 688 auctoritati

287 745 368 785 me
408 728 623 783 tradere
671 725 958 786 auderem,
1012 725 1231 778 omnino
1279 724 1599 779 conﬁrmare
1645 739 1750 777 non
1781 723 1858 777 fui

285 834 458 874 ausus.
489 816 830 885 Quapropter
858 815 1032 868 adhuc
1077 821 1244 867 restat
1283 813 1484 883 aliquid
1512 812 1857 882 quaerendum
1889 805 1891 807 ’

282 909 419 976 quod
446 905 674 975 tempori
701 904 985 959 conveniat
1017 911 1068 958 et
1116 904 1310 959 rationi
1339 905 1656 968 concordet,
1676 913 1731 957 et
1759 920 1857 956 nu-

282 1015 427 1054 mero
452 1013 558 1052 non
584 998 918 1051 adversetur.
947 995 1171 1050 Videtur
1198 995 1341 1052 enim
1369 997 1498 1050 mihi
1529 990 1859 1064 septuagesi-

282 1105 396 1144 mus
416 1089 530 1144 dies
549 1087 657 1142 dici
682 1101 840 1157 posse
865 1095 1090 1156 propter
1117 1087 1300 1140 decem
1326 1087 1708 1150 hebdomadas,
1738 1099 1859 1154 quas

282 1187 402 1233 sunt
427 1179 495 1232 ab
525 1179 642 1246 ipso
669 1177 756 1232 die
791 1191 962 1245 usque
988 1175 1057 1230 ad
1081 1176 1322 1232 clausum
1343 1176 1564 1232 Pascha:
1591 1175 1722 1248 (AL,
1755 1177 1858 1232 Pa-

281 1264 450 1340 scha],
483 1282 590 1336 quo
637 1265 725 1320 die
764 1265 886 1320 alba
935 1264 1196 1320 tolluntur
1241 1265 1561 1320 vestimenta
1609 1281 1640 1319 a
1687 1281 1859 1335 nuper

281 1360 582 1430 baptizatis.
618 1358 786 1431 igitur
814 1365 868 1413 et
913 1359 967 1412 in
998 1357 1254 1428 Apostolo
1281 1359 1509 1429 legimus
1549 1376 1562 1412 :
1605 1357 1857 1429 Regnavit

280 1467 418 1504 mors
446 1450 510 1503 ab
537 1448 708 1504 Adam
753 1465 913 1518 usque
962 1447 1030 1500 ad
1071 1446 1288 1517 Moysen
1328 1445 1515 1517 (Rom.
1545 1463 1593 1510 v,
1630 1447 1756 1519 M);
1801 1456 1856 1502 et

279 1541 563 1613 signiﬁcat,
605 1555 775 1609 usque
802 1540 868 1594 ad
902 1538 1090 1592 ultima
1133 1546 1372 1607 tempora
1422 1537 1574 1608 legis,
1603 1552 1721 1606 qua:
1760 1553 1858 1611 per

281 1633 494 1704 Moysen
519 1633 643 1688 data
667 1639 771 1696 est,
813 1639 868 1684 et
891 1629 1198 1685 decu'currit
1229 1630 1285 1683 in
1324 1627 1522 1684 Christi
1552 1628 1645 1683 Dei
1683 1629 1855 1683 nostri

281 1732 536 1793 tempora.
571 1721 743 1776 Porro
772 1719 1140 1789 sexagesimus
1186 1717 1309 1772 inde
1348 1717 1453 1772 diei
1497 1724 1692 1785 potest,
1731 1717 1856 1786 quia

1960 539 2116 593 nobis
2137 536 2492 592 festinandum
2516 547 2616 593 est.

2030 645 2134 701 Sed
2169 655 2222 699 et
2251 645 2450 714 aliquid
2487 646 2728 701 mirabile
2775 649 2829 702 in
2865 649 2966 704 hac
3007 650 3432 706 consideratione
3475 659 3534 706 ct

1959 731 2327 787 convenientia
2349 733 2547 787 senarii
2570 735 2778 788 numeri
2809 735 3034 790 inveniri
3054 745 3260 806 potest;
3311 745 3367 792 et
3390 755 3532 808 quo-

1957 823 2242 877 dammodo
2269 823 2590 892 principium
2636 824 2795 893 hujus
2841 828 3257 896 computationis
3302 829 3531 883 mirabili

1959 916 2064 970 ﬁne
2089 915 2382 970 concordat
2411 915 2462 968 in
2507 917 2708 985 regulis
2756 932 3122 972 numerorum.
3181 919 3349 989 Igitur
3392 922 3534 976 inter

1958 1004 2408 1074 septuagesimum
2432 1012 2487 1058 et
2512 1007 2904 1075 sexagesimum
2921 992 3014 1062 sex
3030 1011 3371 1076 reperiuntur
3385 1012 3498 1066 dies
3517 1033 3540 1082 ε,

1957 1097 2206 1151 similiter
2249 1097 2393 1151 inter
2441 1099 2836 1168 sexagesimum
2888 1107 2942 1154 et
2992 1101 3531 1170 quinquagesimum;

1956 1186 2118 1240 etiam
2148 1186 2290 1241 inter
2321 1185 2825 1257 quinquagesimum
2853 1197 2906 1242 et
2933 1191 3401 1258 quadragesimum
3445 1173 3544 1246 se?

1956 1280 2141 1333 uarius
2167 1279 2436 1333 invenitur
2465 1294 2739 1344 numerus,
2761 1289 2815 1333 et
2843 1279 2980 1334 ﬁunt
3006 1291 3088 1334 ter
3112 1297 3223 1344 sex,
3254 1289 3309 1335 et
3332 1280 3538 1338 faciunt

1956 1369 2140 1424 decem
2168 1378 2222 1425 et
2245 1380 2367 1424 octo
2389 1368 2517 1442 [Al.,
2548 1371 2662 1425 dies
2683 1371 3025 1444 octodecim].
3056 1371 3156 1438 Qui
3188 1389 3464 1440 numerus,
3489 1376 3535 1430 si

1957 1462 2348 1517 rationabiliter
2374 1463 2762 1528 consideratur,
2781 1473 2831 1518 et
2857 1465 3115 1519 dividitur
3141 1466 3195 1519 in
3218 1476 3327 1521 tres
3353 1476 3535 1537 partes

1955 1551 2210 1620 aequales,
2226 1560 2383 1606 erunt
2407 1560 2491 1606 ter
2509 1568 2633 1618 sex;
2662 1561 2716 1608 et
2740 1563 2822 1608 est
2844 1555 2982 1609 ratio
3011 1554 3186 1624 simpli
3209 1556 3275 1610 ad
3293 1557 3532 1626 duplum,

1957 1650 2009 1697 et
2034 1643 2302 1714 signiﬁcat
2331 1643 2578 1712 simplam
2615 1653 2844 1698 mortem
2871 1645 2964 1699 Dei
2989 1644 3191 1700 Christi
3226 1646 3295 1701 ad
3321 1645 3534 1716 duplam

1958 1745 2216 1789 nostram.
2243 1734 2380 1802 Quia
2409 1749 2507 1788 nos
2533 1735 2742 1789 duabus
2770 1737 3033 1791 mortibus
3059 1735 3259 1792 fuimus
3295 1738 3533 1802 obnoxii,

277 1814 551 1884 πυξίου
582 1819 707 1867 sum
728 1811 844 1866 dies
870 1824 1040 1879 usque
1077 1809 1147 1864 ad
1180 1808 1419 1898 medium
1445 1806 1686 1872 P3331119:
1714 1807 1858 1876 (ἰυοά
1889 1812 1932 1871 Β
1961 1823 2014 1878 id
2049 1832 2150 1888 est,
2176 1825 2365 1878 anima:
2390 1831 2444 1877 et
2463 1824 2644 1878 carnis
2673 1822 2799 1894 [Al.,
2826 1824 3109 1898 corporis].
3136 1825 3229 1880 Ille
3258 1841 3384 1880 vero
3406 1827 3535 1880 sim-

276 1904 379 1958 erit
419 1902 554 1958 feria
601 1911 793 1972 quarta
850 1900 1118 1970 paschalis
1171 1897 1540 1954 hebdomadis.
1589 1898 1864 1966 Quinqua-

276 1997 512 2066 gesimus
546 2010 706 2059 vero,
749 1995 840 2064 qui
884 1993 1124 2048 decurrit
1165 2006 1336 2061 usque
1361 1991 1414 2045 in
1451 1991 1592 2045 diem
1616 1997 1860 2044 sanetum

277 2087 687 2148 resurrectionis
722 2085 1033 2140 Dominicaz.
1067 2083 1533 2154 Quadragenarius
1559 2083 1720 2136 etiam
1759 2098 1860 2137 nu-

279 2193 459 2234 merus
479 2193 602 2233 cum
627 2177 736 2248 87
757 2177 1035 2231 Dominica
1059 2191 1156 2230 sua
1171 2175 1343 2231 currit
1367 2174 1432 2229 ad
1451 2175 1735 2246 mysticum
1763 2173 1862 2228 Pa-

276 2271 403 2326 scha
421 2269 793 2332 Ηθὺι-ιθοισιιιιι,
815 2266 956 2337 quod
969 2267 1222 2322 Dominus
1241 2274 1426 2321 noster
1441 2263 1598 2320 Jesus
1615 2264 1862 2321 Christus

277 2379 399 2418 cum
423 2363 704 2434 discipulis
728 2362 840 2416 suis
859 2360 1173 2425 celebravit,
1195 2369 1250 2414 ct
1273 2375 1370 2414 nos
1391 2359 1618 2413 dicimus
1638 2356 1859 2412 Cinnam

279 2455 512 2511 Domini.

346 2565 456 2620 Nec
481 2564 660 2637 typica
689 2564 1063 2634 interpretatio
1091 2564 1178 2619 his
1205 2563 1517 2618 discordare
1538 2562 1754 2616 videtur
1774 2577 1861 2615 ra-

281 2658 530 2715 tionibus.
571 2657 706 2712 Nam
730 2656 1072 2728 septenarius
1100 2653 1326 2725 Spiritui
1353 2660 1542 2709 sancto
1569 2652 1861 2707 convenire

280 2749 457 2804 multis
482 2749 536 2802 in
556 2748 692 2802 locis
709 2761 880 2802 sacrm
897 2745 1192 2816 Scripturae
1215 2744 1476 2799 noscitur.
1495 2741 1648 2799 Unde
1668 2753 1720 2796 et
1742 2750 1862 2812 post

281 2848 484 2910 septem
508 2837 874 2893 hebdomadas
901 2834 1134 2906 Spiritus
1163 2841 1386 2889 sanctus
1425 2834 1624 2888 missus
1666 2841 1751 2886 est
1793 2832 1860 2887 de

281 2933 415 2988 casio
439 2931 496 2986 in
519 2931 692 3003 igneis
712 2930 910 3001 linguis
948 2944 1111 2998 super
1152 2936 1367 2983 centum
1415 2927 1608 2998 viginti
1643 2927 1859 2981 nomina

281 3021 614 3077 credentium
654 3019 794 3091 (Act.
817 3037 877 3085 ιι,
911 3018 1001 3090 5);
1049 3027 1103 3074 et
1136 3028 1342 3091 septem
1373 3019 1512 3073 dona
1540 3019 1710 3073 sancti
1741 3016 1862 3088 Spi-

280 3115 417 3168 ritus
439 3113 668 3184 legimus
694 3113 746 3166 in
773 3113 1032 3182 propheta
1053 3109 1189 3182 (Isa.
1212 3128 1291 3176 xI,
1319 3110 1370 3175 2,
1400 3111 1477 3181 3).
1502 3111 1570 3165 Et
1595 3119 1722 3164 tunc
1754 3125 1862 3164 ma-

281 3205 443 3263 xime.
481 3205 605 3259 dum
634 3203 752 3258 alba
793 3202 1052 3257 tolluntur
1097 3218 1128 3256 a
1179 3202 1469 3272 baptizatis
1519 3203 1859 3267 vestimenta,

280 3313 379 3368 per
405 3313 600 3352 manus
626 3295 1020 3366 impositionem
1057 3310 1089 3348 a
1135 3293 1387 3364 pontiﬁce
1435 3293 1694 3362 Spiritum
1741 3309 1862 3348 san-

280 3399 435 3445 ctum
471 3389 713 3457 accipere
738 3388 1061 3442 conveniens
1090 3395 1192 3452 est,
1220 3387 1312 3455 qui
1341 3387 1394 3440 in
1439 3385 1706 3455 baptismo
1747 3402 1864 3441 om-

281 3479 441 3532 nium
476 3485 788 3546 receperunt
819 3478 1187 3531 remissionem
1229 3486 1611 3547 peccatorum;
1665 3485 1720 3531 et
1767 3494 1866 3548 per

281 3581 496 3641 septem
553 3570 666 3623 dies
707 3570 759 3623 in
799 3568 1040 3639 angelico
1070 3566 1204 3639 [Αι.,
1233 3565 1564 3640 evangelico]
1600 3567 1865 3623 castitatis

281 3662 469 3714 habitu
505 3667 562 3713 et
593 3658 881 3713 luminibus
913 3658 1150 3713 caelestis
1189 3658 1452 3712 claritatis
1498 3659 1696 3714 sanctis
1732 3659 1867 3712 assi-

281 3762 428 3807 stere
475 3749 755 3806 sacriﬁciis
793 3749 987 3804 solent.
1034 3749 1103 3803 Et
1140 3749 1386 3804 senarius
1413 3765 1667 3804 numerus
1691 3747 1868 3818 perfe-

280 3844 445 3898 ctioni
481 3843 605 3897 vitae
629 3852 829 3898 nostra:
848 3841 1157 3905 concordat,
1185 3841 1308 3910 quia
1339 3841 1392 3896 in
1422 3856 1516 3896 sex
1543 3843 1733 3897 diebus
1755 3857 1869 3896 om—

283 3934 371 3988 nia
399 3949 567 4003 opera
587 3932 826 4001 perl'ecta
849 3931 976 3985 fecit
1000 3931 1228 3985 Creator
1252 3932 1593 4002 omnipotens
1636 3931 1790 4002 (Gen.
1822 3949 1862 3996 ι,

283 4025 342 4078 3i
359 4065 374 4090 ,
399 4040 459 4082 ιι.
493 4023 569 4094 l).
600 4022 670 4076 Et
695 4023 809 4092 ipse
825 4021 1077 4076 senarius
1104 4035 1378 4082 numerus,
1410 4021 1550 4076 sicut
1571 4029 1749 4076 vestra
1773 4021 1868 4075 do-

285 4115 527 4170 ctissima
560 4113 714 4168 novit
752 4112 1036 4183 sagacitas,
1061 4111 1307 4181 partibus
1330 4111 1442 4166 suis
1464 4111 1740 4182 perfectus
1763 4120 1867 4165 est.

285 4211 353 4264 Et
374 4208 658 4280 quinarius
690 4220 948 4261 numerus
970 4219 1069 4274 per
1093 4205 1319 4260 decades
1343 4204 1556 4269 ductus,
1579 4206 1648 4258 ad
1691 4220 1871 4258 resur-

284 4302 582 4356 rectionem
607 4296 821 4353 Domini
843 4295 1012 4350 nostri
1031 4292 1158 4350 Jesu
1179 4293 1378 4350 Christi
1404 4295 1696 4358 concurrit,
1713 4295 1874 4366 signi-

286 4393 459 4446 ﬁcans
483 4389 639 4444 nobis
668 4386 1044 4441 remissionem
1071 4384 1311 4439 omnium
1350 4392 1694 4454 peccatorum
1731 4400 1870 4449 esse,

1960 1915 2046 1982 pla
2073 1923 2247 1968 morte
2269 1929 2367 1968 sua
2391 1921 2446 1968 et
2474 1915 2711 1976 innoxia,
2736 1914 2950 1984 duplam
2978 1915 3244 1968 destruxit
3266 1923 3532 1980 nostram,

1960 2013 2014 2058 et
2038 2004 2229 2074 simpla
2253 2004 2647 2058 resurrectione
2685 2019 2779 2058 sua
2836 2003 3051 2073 duplam
3099 2006 3334 2060 ostendit
3380 2007 3536 2060 nobis

1963 2094 2094 2166 [Al.,
2121 2093 2405 2166 nostram],
2434 2103 2488 2148 et
2515 2095 2861 2163 perdonavit;
2896 2111 3058 2149 unam
3084 2110 3228 2150 nunc
3248 2097 3304 2150 in
3333 2097 3533 2162 anima,

1959 2185 2186 2241 alteram
2215 2185 2267 2239 in
2289 2185 2378 2240 die
2407 2199 2601 2255 magno
2631 2185 2895 2240 adventus
2930 2186 3012 2240 sui
3035 2187 3088 2240 in
3111 2201 3358 2255 corpore,
3381 2194 3441 2241 ut
3468 2189 3538 2242 sit

1961 2287 2088 2331 tunc
2116 2292 2255 2332 unus
2310 2277 2470 2331 homo
2514 2277 2783 2348 gloriosus
2843 2291 3068 2347 corpore
3121 2285 3175 2330 et
3219 2276 3417 2344 anima,
3445 2279 3537 2348 qui

1959 2366 2110 2435 prius
2138 2380 2278 2420 unus
2322 2364 2423 2420 fuit
2471 2367 2720 2421 mortalis
2757 2368 2936 2420 anima
2974 2375 3028 2421 et
3057 2381 3316 2437 corpore;
3357 2369 3536 2422 anima

1958 2462 2200 2524 peccato,
2223 2470 2448 2524 corpore
2469 2456 2834 2523 corruptione.

2030 2566 2320 2631 Similiter,
2356 2574 2411 2620 et
2439 2566 2482 2619 si
2536 2566 2657 2620 ﬁnis
2703 2566 3077 2620 consideratur
3117 2566 3488 2623 calculationis
3513 2609 3529 2633 ,

1958 2663 2340 2714 convenienter
2369 2657 2495 2712 huic
2540 2656 2734 2710 rationi
2772 2656 2984 2710 videtur
3021 2658 3370 2713 concordare.
3401 2658 3538 2714 Nam

1960 2748 2104 2803 inter
2128 2749 2370 2818 quintam
2403 2746 2592 2800 feriam
2621 2761 2790 2801 cinna“.
2827 2745 3140 2812 Dominicae,
3168 2747 3222 2801 in
3261 2762 3366 2818 qua
3405 2763 3540 2818 qua-

1960 2839 2311 2910 dragenarius
2337 2853 2594 2893 numerus
2615 2839 2882 2905 decurrit,
2911 2854 3080 2908 usque
3099 2839 3164 2894 ad
3187 2842 3540 2896 resurrectio-

1961 2945 2084 2985 nem
2108 2930 2340 2996 Domini,
2363 2931 2418 2985 id
2446 2937 2548 2995 est,
2582 2930 2914 2986 Dominicam
2941 2931 3080 2986 diem
3099 2971 3114 2999 ,
3139 2946 3246 3002 quo
3274 2933 3539 3002 quinqua-

1960 3023 2211 3096 genarius
2235 3036 2493 3076 numerus
2527 3022 2790 3090 pervenit,
2821 3021 2928 3077 duo
2976 3030 3100 3076 sunt
3142 3023 3277 3077 dies.
3329 3021 3460 3077 item
3511 3039 3541 3077 a

1964 3114 2242 3169 Dominica
2285 3112 2702 3167 resurrectionis
2727 3111 2937 3167 Domini
2969 3110 3101 3184 [Al.,
3125 3111 3255 3184 die],
3279 3127 3448 3181 usque
3473 3113 3541 3165 ad

1965 3211 2212 3274 quartam
2241 3201 2449 3268 feriam,
2473 3217 2579 3272 quo
2605 3203 2969 3274 sexagesimus
2993 3217 3251 3257 numerus
3274 3203 3541 3274 pervenit,

1965 3297 2071 3350 duo
2098 3301 2223 3349 sunt
2245 3294 2380 3348 dies.
2414 3291 2546 3348 Item
2575 3309 2605 3347 a
2629 3303 2818 3362 quarta
2849 3292 2982 3348 feria
3029 3308 3198 3362 usque
3235 3293 3303 3348 ad
3351 3293 3547 3349 sabba-

1965 3394 2102 3450 tum,
2135 3383 2225 3438 ubi
2254 3384 2678 3454 septuagesimus
2703 3399 2960 3438 numerus
3004 3383 3252 3454 impletus
3300 3390 3404 3448 est,
3437 3384 3545 3438 duo

1965 3483 2090 3530 sunt
2110 3474 2246 3529 dies.
2277 3472 2342 3528 Hi
2379 3487 2510 3528 vero
2542 3473 2656 3527 dies
2693 3472 2738 3526 si
2779 3471 3095 3541 junguntur,
3126 3472 3231 3526 duo
3257 3480 3311 3526 et
3340 3471 3447 3526 duo
3490 3480 3546 3527 et

1966 3568 2091 3632 duo,
2124 3564 2325 3621 faciunt
2351 3580 2466 3618 sex.
2495 3564 2561 3617 Et
2589 3564 2689 3617 iste
2717 3563 2961 3617 senarius
2985 3563 3028 3615 si
3058 3562 3314 3615 dividitur
3336 3563 3390 3616 in
3437 3564 3543 3618 duo

1965 3665 2019 3711 et
2041 3663 2290 3724 quatuor,
2320 3653 2504 3708 eadem
2536 3650 2709 3719 simpli
2756 3658 2810 3703 et
2856 3649 3000 3719 dupli
3041 3649 3180 3704 ratio
3240 3649 3545 3705 invenietur

1966 3745 2020 3799 in
2049 3761 2135 3800 eo.
2171 3745 2248 3798 ita
2283 3744 2398 3796 haec
2433 3740 2715 3795 concordia
2745 3738 2976 3808 pertinet
2998 3740 3062 3793 ad
3093 3741 3546 3796 resurrectionem

1967 3838 2179 3894 Domini
2207 3834 2378 3890 nostri
2405 3832 2534 3888 Jesu
2556 3831 2755 3887 Christi
2785 3848 2797 3884 :
2833 3832 2923 3886 illa
2949 3833 3101 3903 prior
3125 3833 3193 3888 ad
3217 3835 3543 3904 passionem,

1968 3929 2024 3983 in
2055 3941 2159 3997 qua
2205 3924 2465 3995 redempti
2509 3938 2716 3988 sumus,
2740 3931 2794 3976 et
2839 3921 2892 3975 in
2942 3923 3044 3976 ista
3079 3922 3380 3992 justiﬁeati,
3410 3927 3554 3980 sicut

1968 4020 2161 4074 beatus
2183 4015 2470 4085 Apostolus
2490 4013 2565 4067 ait
2598 4031 2610 4065 :
2643 4011 2880 4067 Christus
2916 4029 3102 4083 passus
3125 4022 3198 4065 est
3222 4022 3432 4082 propter
3464 4030 3549 4066 re-

1970 4108 2316 4179 demptionem
2346 4115 2599 4171 nostram,
2630 4105 2912 4158 resurrexit
2941 4112 3114 4157 autent
3147 4113 3356 4175 propter
3387 4104 3549 4174 justi-

1971 4200 2268 4268 ﬁcrtionem
2291 4207 2521 4252 nostram
2537 4195 2715 4269 (Rom.
2737 4210 2812 4261 ιν,
2828 4193 2940 4265 25).
2958 4193 3192 4249 Potestis
3219 4210 3281 4249 ex
3304 4195 3408 4249 hac
3429 4209 3551 4264 spe-

1973 4291 2243 4347 culatione
2261 4290 2457 4344 vestris
2486 4289 2859 4343 demonstrare
2881 4286 3258 4353 familiaribus,
3280 4301 3438 4356 quam
3456 4283 3550 4354 ju-

1975 4383 2149 4438 cunda
2179 4391 2262 4437 est
2290 4391 2344 4437 et
2371 4381 2518 4436 utilis
2543 4379 2898 4434 arithmetica:
2946 4377 3241 4447 disciplina:
3286 4377 3550 4448 cognitio;

284 4491 342 4536 et
367 4479 813 4550 justiﬁeationem
855 4476 980 4530 vita:
1030 4476 1082 4530 in
1117 4475 1357 4531 Christo.
1403 4473 1874 4545 Quadragenarius
1905 4509 1950 4568 ο
1977 4490 2138 4544 quam
2175 4481 2229 4529 et
2270 4485 2467 4530 vestrae
2510 4473 2624 4542 88
2664 4471 2950 4541 diligentiae
2984 4471 3121 4526 bene
3144 4479 3345 4537 notam,
3377 4480 3431 4528 et
3457 4487 3555 4542 per

282 4588 418 4628 vero
441 4585 543 4640 per
568 4567 799 4624 decadas
828 4575 1022 4635 quater
1064 4565 1276 4631 ductus,
1301 4567 1631 4636 pmnitentiae
1685 4574 1867 4636 typum

287 4673 479 4719 tenere
511 4660 696 4716 multis
722 4659 777 4712 in
811 4657 943 4713 locis
965 4666 1193 4713 constat.
1221 4658 1374 4714 Unde
1397 4666 1454 4713 et
1478 4659 1590 4728 ipsc
1613 4659 1871 4713 Dominus

284 4763 480 4809 uoster
505 4749 862 4822 quadraginta
908 4748 1096 4804 diebus
1122 4745 1386 4818 jejunavit
1413 4748 1637 4821 (Matth.
1664 4764 1735 4813 iv,
1758 4748 1813 4818 2)
1851 4789 1866 4813 ,

284 4847 445 4917 cujus
477 4841 790 4915 praedicatio
818 4840 992 4910 prima
1025 4838 1164 4894 fuit:
1193 4837 1558 4893 Paenitentiam
1602 4839 1758 4909 agite,
1783 4857 1875 4909 ap-

283 4933 654 5005 propinquavit
679 4947 893 5002 regnum
913 4928 1157 4984 cistarum
1187 4928 1398 5001 (Matth.
1432 4945 1512 4992 ιιι,
1543 4930 1620 5002 2).
1650 4931 1715 4984 Ει
1737 4932 1876 4986 sicut

286 5026 506 5097 Moyses
547 5024 744 5094 legero,
773 5021 921 5076 Elias
952 5021 1288 5091 pr0phetiam
1337 5019 1533 5092 (Exod.
1564 5038 1750 5088 xxxiv,
1778 5023 1880 5089 28;

287 5116 389 5170 Ill
422 5116 556 5186 Reg.
585 5131 699 5179 xix,
725 5113 812 5185 8),
842 5113 915 5167 ita
938 5113 1052 5182 ipse
1085 5112 1344 5166 Dominus
1382 5124 1567 5167 noster
1612 5115 1883 5184 evangeli—

287 5227 414 5266 cam
451 5209 895 5281 praedicationem
925 5207 1277 5277 quadraginta
1304 5206 1512 5261 dierum
1538 5203 1746 5274 jejunio
1789 5205 1883 5258 de-

288 5303 517 5358 dicavit.
549 5301 616 5355 Et
650 5309 707 5354 ut
731 5309 908 5355 vestra
937 5299 1084 5353 novit
1112 5298 1388 5370 ingeniosa
1414 5306 1469 5352 et
1514 5296 1774 5367 praeclara
1831 5295 1884 5348 in

286 5394 552 5447 erunibus
589 5391 1032 5462 philosophorum
1059 5389 1354 5460 disciplinis
1378 5387 1660 5458 prudentia
1679 5428 1693 5452 ,
1724 5402 1884 5456 quam

288 5483 624 5540 mirabiliter
641 5481 1101 5552 quadragenarius
1121 5495 1398 5545 numerus,
1419 5480 1509 5548 qui
1538 5478 1886 5549 pmnitentia‘,

287 5584 356 5630 ut
379 5574 647 5639 diximus,
673 5573 948 5638 convenit,
980 5573 1024 5627 si
1057 5587 1156 5641 per
1179 5587 1302 5626 suas
1328 5572 1560 5640 partitur
1579 5570 1889 5632 divisiones,

287 5679 350 5722 et
379 5685 485 5739 per
511 5677 696 5738 partes
721 5681 846 5721 suas
867 5665 1082 5730 crescit,
1108 5677 1277 5733 usque
1300 5663 1366 5717 ad
1386 5664 1891 5732 quinquagesimum

291 5761 571 5832 pervenit,
603 5759 693 5830 qui
749 5766 833 5812 est
889 5756 1220 5810 remissionis
1268 5769 1551 5819 numerus;
1619 5755 1742 5822 quia
1799 5771 1894 5822 per

1976 4582 2072 4621 vos
2102 4565 2224 4621 aliis
2251 4565 2521 4638 cognitam
2557 4577 2675 4618 esse
2697 4563 2988 4618 credimus.
3027 4563 3185 4618 Plura
3221 4564 3347 4620 hinc
3397 4565 3515 4639 [ΑΙ.
3536 4607 3552 4632 ,

1982 4659 2210 4730 plurima
2240 4673 2306 4714 ex
2340 4655 2498 4729 hinc]
2551 4657 2729 4712 dicere
2775 4657 2955 4726 potui,
2981 4657 3073 4711 sed
3119 4657 3263 4712 nolui
3298 4659 3556 4714 chartulas

1983 4750 2244 4804 excedere
2271 4747 2487 4802 modum
2530 4765 2543 4800 :
2593 4755 2648 4802 et
2688 4746 2920 4802 maxime
2957 4747 3082 4816 quia
3137 4762 3243 4801 non
3289 4748 3557 4818 ignoranti

1983 4842 2194 4914 scripsi,
2218 4841 2311 4897 sed
2338 4841 2387 4896 ei
2410 4841 2501 4912 qui
2522 4841 2638 4896 hmc
2661 4839 2840 4894 omnia
2868 4840 3069 4908 optime
3098 4839 3264 4894 novit.
3291 4840 3413 4895 ideo
3437 4855 3559 4910 per—

1989 4936 2174 5006 paucis
2201 4935 2316 4990 hzec
2338 4932 2611 5004 prmlibavi
2638 4931 2842 4996 verbis,
2865 4932 2988 5000 quia
3029 4933 3179 4986 vobis
3221 4932 3337 4987 haec
3379 4931 3559 4986 omnia

1985 5041 2104 5080 esse
2146 5025 2426 5078 notissima
2472 5021 2728 5076 sciebam.
2781 5021 2846 5074 Et
2882 5029 2941 5074 ut
2967 5022 3166 5075 dictum
3191 5029 3295 5087 est,
3322 5037 3444 5076 cum
3474 5036 3560 5075 sa-

1986 5116 2165 5185 piente
2186 5114 2370 5184 paucis
2400 5113 2649 5167 utendam
2679 5122 2752 5166 est
2798 5113 2962 5166 verbis
2998 5113 3208 5183 (Eccle.
3239 5129 3294 5177 v,
3322 5115 3346 5166 l
3374 5113 3415 5184 ).
3456 5113 3559 5172 Et.

1987 5207 2198 5271 Beatus,
2224 5208 2314 5278 qui
2339 5206 2570 5276 loquitur
2592 5207 2647 5261 in
2675 5222 2857 5260 aurem
2887 5205 3182 5258 audientem
3229 5205 3248 5275 (
3269 5205 3426 5260 Prov.
3457 5221 3524 5259 xx
3545 5247 3560 5270 ,

1990 5301 2112 5372 12),
2141 5300 2196 5355 id
2225 5309 2310 5354 est
2335 5299 2740 5369 intelligentem.
2766 5296 2893 5352 Mihi
2919 5296 3100 5365 itaque
3127 5297 3180 5351 in
3204 5295 3309 5351 ﬁne
3327 5296 3564 5366 epistola:

1989 5405 2113 5445 cum
2162 5389 2345 5458 regina
2399 5388 2542 5443 Saba
2592 5387 2877 5442 dicendum
2910 5395 3038 5440 est:
3082 5385 3232 5439 Beati
3271 5386 3369 5440 viri
3395 5386 3565 5451 tui,et

1993 5481 2128 5535 beati
2148 5481 2281 5534 servi
2305 5481 2381 5534 tui
2410 5496 2427 5533 :
2463 5478 2533 5533 Hi
2560 5479 2649 5550 qui
2677 5488 2818 5532 stant
2841 5493 3018 5531 coram
3058 5486 3106 5530 te
3144 5493 3364 5548 semper,
3394 5488 3442 5532 et
3473 5496 3569 5532 au-
3653 5465 3668 5474 ”

1993 5571 2142 5627 diunt
2169 5573 2476 5639 sapientiam
2504 5579 2672 5624 tuam.
2699 5569 2778 5625 Sit
2806 5568 3062 5622 Dominus
3083 5567 3225 5622 Deus
3259 5578 3380 5621 tuus
3421 5569 3570 5621 bene-

1995 5665 2186 5728 dictus,
2217 5665 2301 5717 cui
2326 5662 2705 5734 complucuisti,
2741 5671 2788 5714 et
2830 5661 3002 5731 posuit
3050 5669 3099 5712 te
3136 5676 3290 5729 super
3329 5659 3567 5712 thronum

2003 5752 2187 5820 Israel,
2217 5769 2274 5806 eo
2305 5753 2442 5824 quod
2470 5753 2709 5807 dilexerit
2752 5751 3005 5806 Dominus
3035 5749 3202 5805 Israel
3227 5749 3280 5802 in
3305 5745 3568 5812 sempiter-
