4054 6182
498 386 607 444 9’35

1380 376 1442 428 Β.
1483 374 1545 429 F.
1584 372 1807 429 ALBINI
1847 371 1978 427 SEU
2019 366 2292 425 ALCUINI
2330 366 2609 423 OPERUM
2645 365 2822 422 PARS
2858 366 2897 420 l.

3638 366 3746 420 2M

503 514 630 555 nam
657 515 675 553 :
704 505 751 551 et
780 491 1040 549 constituit
1085 499 1132 544 te
1165 504 1364 560 regem,
1396 496 1455 540 ut
1491 486 1688 557 faceres
1726 485 1987 555 judicium
2026 492 2074 538 et
2100 487 2152 547 Ἀ
2174 490 2297 552 post
2321 478 2541 535 Petrum
2568 479 2929 549 apostolorum
2952 475 3247 548 principem
3271 490 3447 534 nonus
3475 479 3529 534 in
3559 492 3751 540 sancta

494 588 760 661 justitiam
798 579 928 654 (ΠΙ
954 579 1084 650 Reg.
1111 595 1165 643 κ,
1192 580 1225 634 8
1254 587 1301 631 et
1328 578 1417 647 9).

929 700 956 734 α
992 688 1324 746 EPISTOLA
1354 687 1568 744 LXXXI
1595 687 1652 746 ι’.

965 778 1033 816 Μ)
1071 775 1301 815 ΔιΒΙΝυΙ
1351 773 1617 814 ΛΒΒΛΊἙΙ.

466 844 471 848 ’
500 856 726 914 Carolus
752 853 977 926 Magnus
1009 852 1281 926 respondet
1301 851 1467 926 priori
1494 847 1723 919 epistolae
1767 847 1832 901 de
1876 846 2080 901 ratione

1122 921 1504 992 eptuagest'mw.

572 1017 798 1075 Carolus
816 1056 831 1080 ,
856 1014 1028 1085 gratia
1059 1013 1192 1078 Dei,
1215 1026 1312 1067 rex
1337 1012 1668 1067 Francorum
1684 1051 1701 1077 ,
1728 1021 1754 1050 ο
1787 1010 2080 1080 imperator

507 1105 1010 1175 Langobardorum,
1039 1117 1104 1156 ac
1128 1101 1388 1171 patricius
1431 1100 1821 1164 Romanorum,
1840 1098 2080 1154 dilectis-

499 1200 641 1254 simo
670 1198 948 1267 magistro,
974 1195 1234 1262 nobisque
1262 1207 1385 1247 cum
1412 1206 1602 1247 amore
1629 1189 1957 1247 nominando
1982 1187 2077 1242 Al-

498 1287 629 1344 bino
656 1285 836 1341 abbati
869 1285 925 1338 in
949 1283 1174 1337 Domino
1200 1290 1389 1335 nostro
1412 1279 1541 1337 Jesu
1566 1279 1783 1336 Christo
1815 1288 2077 1336 aeternam

500 1379 823 1510 “grtiam
850 1453 920 1509 ad
949 1467 1047 1507 nos
1081 1450 1308 1522 epistola
1352 1449 1516 1515 missa
1562 1465 1594 1505 a
1647 1449 1902 1518 religione
1944 1463 2067 1518 pru-

500 1545 692 1601 dentiae
713 1551 929 1606 vestrm,
953 1556 1073 1610 qua:
1090 1548 1214 1610 post
1241 1539 1425 1594 laudes
1453 1548 1509 1593 et
1535 1538 1933 1594 benedictiones
1956 1552 2076 1591 om-

499 1633 762 1704 nipotenti
811 1630 921 1686 Deo
964 1630 1189 1693 debitas,
1232 1629 1387 1691 nobis
1427 1636 1484 1682 et
1520 1627 1794 1698 progeniei
1840 1634 2075 1693 nostras,

499 1722 926 1778 benedictionem
952 1706 1244 1791 optabilem
1281 1733 1405 1795 cum
1448 1732 1663 1772 summa
1705 1717 2078 1772 benevolentia

2178 572 2422 627 Romana
2446 560 2684 627 Ecclesia
2708 570 2919 634 claruit,
2945 578 3148 639 septem
3181 568 3533 629 hebdomadas
3572 574 3627 628 in
3656 575 3755 632 ab-

2179 660 2431 716 stinentia
2460 660 2721 716 dedicata:
2747 668 2903 726 sunt;
2935 658 3117 714 ethoc
3143 666 3375 730 tempus,
3398 676 3506 731 quo
3527 663 3634 719 alio
3656 680 3759 720 no—

2173 749 2323 803 mine
2355 748 2554 804 rectius
2578 749 2763 805 vocari
2798 762 2959 818 quam
2996 745 3451 818 Quinquagesiina
3478 751 3533 806 in
3562 753 3758 810 ordine

2176 838 2577 893 rationabiliter
2624 838 2871 894 debuerit
2928 836 3058 909 [AL,
3084 836 3295 904 debuit;
3346 838 3503 894 Gold.
3534 855 3753 910 vocare,

2176 944 2338 1006 quam
2380 929 2956 1001 Quinquagesimam...
2989 926 3350 1002 debuerunt]?
3386 929 3467 985 Ex
3525 932 3651 990 hinc
3699 942 3759 990 et

2174 1020 2428 1089 deinceps
2450 1018 2671 1074 collecta
2693 1017 2920 1082 ratione,
2945 1017 3037 1086 qui
3061 1027 3185 1072 octo
3208 1018 3559 1076 hebdomadis
3601 1018 3711 1094 [AL
3734 1063 3752 1089 ,

2174 1110 2571 1176 hebdomadas;
2621 1108 2777 1165 ϐαιά.
2819 1109 2968 1163 addit
3007 1124 3027 1163 :
3073 1106 3366 1165 observare
3410 1114 3759 1186 studuerunt,

2174 1200 2579 1274 Sexagesimam
2628 1198 2974 1273 gradatim],
3029 1199 3434 1272 Sexagesimam
3484 1189 3759 1277 gradatim

2174 1292 2605 1347 nominaverunt.
2636 1286 2897 1346 Similiter
2932 1289 3025 1359 qui
3061 1304 3276 1357 novem,
3308 1289 3757 1366 Septuagesimae,

2167 1379 2322 1450 juxta
2361 1379 2643 1451 prmfatam
2690 1372 2978 1447 rationem,
3020 1396 3216 1437 nomen
3265 1373 3659 1456 imposuerunt,
3696 1392 3762 1446 'et

2176 1487 2284 1527 non
2307 1472 2376 1527 ob
2396 1484 2681 1525 numerum
2712 1470 2820 1544 [AL
2841 1509 2856 1537 ,
2882 1473 3127 1527 ordinem
3155 1478 3528 1552 numerorum]
3554 1478 3762 1538 hebdo-

2177 1562 2458 1615 madarum
2484 1561 2568 1615 vel
2595 1562 2823 1627 dierum,
2855 1562 2951 1617 sed
2970 1570 3209 1641 tenorem
3231 1567 3465 1621 nominis
3497 1565 3633 1641 [AL,
3659 1586 3762 1626 nu-

2121 1699 2128 1705 .
2178 1649 2365 1723 meris]
2393 1658 2674 1706 servantes
2696 1648 2814 1706 haec
2852 1651 3069 1705 nomina
3102 1665 3429 1711 censuerunt
3454 1655 3585 1724 lAL,
3618 1674 3763 1715 com-

2175 1738 2517 1812 posuerunt].
2548 1740 2726 1805 Velut,
2746 1740 2887 1810 siqui
2917 1755 3060 1796 nunc
3097 1740 3339 1809 fuissent,
3371 1746 3462 1815 qui
3491 1748 3761 1805 decimam

502 1812 630 1885 [Al.,
656 1827 1033 1893 summamque
1060 1807 1516 1881 benevolentiam]
1543 1807 1757 1862 detulit.
1782 1808 1919 1862 Post
1962 1808 2077 1863 btec

2178 1807 2571 1885 hebdomadam
2601 1830 2796 1885 addere
2813 1807 2918 1901 pro
2950 1831 3127 1902 aliqua
3152 1831 3299 1901 iusta
3326 1807 3533 1891 ratione
3556 1839 3735 1895 voluis

501 1913 682 1960 textus
704 1904 847 1959 illius
876 1902 1196 1971 inquirendo
1219 1902 1539 1956 subsecutus
1588 1898 1713 1972 [AL
1728 1939 1747 1964 ,
1769 1897 2078 1972 subjectus]

498 2007 605 2063 est,
635 2012 733 2052 cur
762 1994 1169 2066 Septuagesima
1215 2000 1273 2049 et
1309 1992 1675 2064 Sexagesima,
1725 2006 1828 2047 nec
1878 2007 1985 2047 non
2028 1998 2084 2046 et

498 2086 952 2158 Quinquagesima
990 2086 1043 2139 in
1083 2084 1273 2139 ordine
1312 2099 1411 2154 per
1452 2083 1568 2138 dies
1608 2082 1907 2138 dominicas
1956 2089 2082 2136 ante

499 2180 978 2249 Quadragesimam
1007 2179 1239 2242 dicatur,
1274 2177 1360 2232 vel
1383 2176 1671 2233 scribatur.
1699 2177 1828 2233 inde
1864 2184 2082 2245 arrepta

503 2269 712 2325 ratione
742 2283 841 2338 per
881 2283 1103 2338 campos
1143 2267 1500 2322 arithmetica:
1542 2267 1697 2331 artis,
1721 2266 1983 2337 quidquid
2017 2282 2084 2322 ex

499 2360 601 2415 hac
630 2375 690 2414 re
716 2367 898 2415 vestra
930 2359 1100 2414 sensit
1127 2357 1413 2423 industria,
1447 2372 1506 2412 se
1548 2357 1886 2413 extendendo
1928 2357 2084 2413 nobis

495 2450 729 2519 pleniter
757 2448 1062 2519 signiﬁcare
1108 2447 1314 2502 studuit
1360 2445 1494 2519 [AL,
1517 2445 1750 2519 statuit].
1803 2446 1911 2502 Sed
1956 2446 2084 2503 dum

497 2555 652 2594 mens
680 2549 862 2594 nostra
893 2539 1001 2592 huc
1040 2537 1273 2607 illucque
1315 2537 1669 2603 discurreret,
1696 2538 1881 2593 solerti
1926 2538 2083 2594 inda-

493 2633 711 2703 gatione
734 2628 1224 2694 consideravimus,
1248 2644 1354 2684 non
1383 2627 1553 2685 solum
1583 2627 1723 2684 infra
1765 2628 1896 2702 [AL,
1919 2628 2082 2703 intra]

495 2724 843 2795 praescriptos
888 2737 920 2777 a
970 2723 1125 2779 vobis
1171 2722 1315 2789 dies,
1362 2721 1457 2778 sed
1503 2722 1665 2778 etiam
1709 2737 1807 2793 per
1850 2722 2085 2793 singulas

498 2813 886 2878 hebdomadas,
936 2828 1036 2868 nec
1082 2828 1188 2867 non
1235 2820 1292 2867 et
1348 2827 1444 2885 per
1501 2820 1672 2867 totum
1720 2813 1848 2867 anni
1897 2812 2085 2868 circuli

499 2908 707 2983 [Cold.,
737 2906 1025 2980 circulum]
1053 2908 1286 2978 spatium
1324 2905 1505 2978 [δοιά.
1544 2924 1648 2961 om.
1679 2905 1960 2979 spatium],
1987 2921 2086 2977 per

497 2992 780 3054 intervalla
812 2998 1071 3053 horarum
1094 3012 1159 3051 ac
1183 3008 1505 3066 punctorum
1530 3011 1624 3052 seu
1653 3000 2079 3064 momentorum;

498 3089 757 3159 mysteria
784 3100 1131 3140 numerorum
1159 3101 1318 3157 posse
1362 3086 1431 3140 ab
1479 3085 1563 3140 bis
1604 3085 1696 3156 qui
1743 3087 1904 3159 hujus
1949 3087 2084 3143 artis

2181 1925 2323 1985 sent,
2346 1927 2403 1974 et
2427 1928 2649 1990 propter
2673 1934 2955 1975 numerum
2994 1923 3452 1980 hebdomadarum
3482 1920 3757 2001 decagesi—

2179 2022 2326 2063 mam
2368 2007 2500 2080 [Αι.,
2547 2009 3082 2084 Decimagesimam],
3117 2027 3210 2068 seu
3231 2014 3471 2084 quolibet
3514 2017 3620 2073 alio
3661 2030 3763 2075 tto-

2180 2100 2347 2165 mine,
2374 2100 2460 2155 vel
2490 2110 2714 2170 propter
2732 2118 3012 2157 numerum
3035 2105 3242 2160 dierum
3272 2106 3758 2181 Septuagesimam,

2181 2191 2265 2246 vel
2291 2192 2733 2263 octuagesimam,
2762 2194 2952 2249 ordine
2972 2204 3186 2250 servato
3210 2198 3615 2269 vocabulorum,
3646 2211 3763 2259 tra-

2181 2281 2312 2336 mite
2348 2289 2497 2336 recto
2519 2284 2791 2354 pergendo
2812 2274 3120 2354 nuncupare
3149 2286 3476 2344 debuissent.
3522 2341 3532 2357 ,

2252 2371 2391 2439 Quia
2429 2373 2613 2441 igitur,
2641 2375 2812 2444 gratia
2848 2373 3025 2431 divina
3072 2377 3390 2447 opitulante,
3416 2391 3576 2451 prout
3599 2385 3761 2442 nobis

2149 2536 2159 2546 λ
2181 2462 2358 2516 visum
2388 2460 2510 2527 fuit,
2538 2462 2604 2517 de
2633 2464 2848 2519 nomine
2873 2465 3294 2537 Septuagesimaa
3321 2477 3377 2525 et
3400 2469 3763 2543 Sexagesima:

2185 2550 2318 2624 [Al.,
2345 2550 2802 2627 Quadragesimaa]
2821 2592 2836 2619 ,
2870 2570 2935 2611 ac
2959 2556 3460 2630 Quinquagesima,
3491 2572 3596 2620 una:
3632 2567 3763 2622 eba-

2184 2642 2332 2699 ritati
2363 2644 2705 2712 scripsimus,
2746 2660 2893 2702 nunc
2931 2648 3071 2719 stylo
3106 2661 3455 2719 percurrente
3479 2655 3546 2711 de
3567 2657 3763 2714 obser‘

2193 2732 2374 2789 vantia
2400 2740 2457 2789 et
2480 2733 2628 2807 cultu
2650 2735 2843 2791 barum
2880 2735 3384 2815 (hebdomadarum)
3421 2742 3577 2812 juxta
3602 2762 3765 2818 capa-

2184 2825 2400 2881 citatem
2431 2823 2632 2897 [Gold.,
2657 2828 3028 2902 sagacitatem]
3053 2845 3245 2887 sensus
3288 2835 3461 2890 nostri
3496 2836 3591 2892 tibi
3627 2839 3764 2893 seri-

2183 2915 2315 2971 bere
2358 2915 2685 2971 curavimus.
2734 2915 3190 2989 Quinquagesima
3217 2935 3345 2978 vero
3376 2923 3497 2980 ideo
3539 2920 3761 2993 dicitur,
3874 2974 3881 2981 .

2184 3014 2240 3063 et
2263 3008 2583 3064 observatur
2609 3021 2643 3062 a
2666 3008 2955 3077 nonnullis,
2993 3018 3052 3065 ut
3075 3018 3131 3066 et
3157 3013 3393 3071 decimas
3428 3015 3656 3083 dierum,
3677 3018 3767 3087 je-

2178 3106 2441 3175 junando,
2472 3105 2829 3176 omnipotenti
2852 3107 2963 3163 Deo
3001 3106 3197 3165 oderre
3220 3110 3452 3177 valeant,
3479 3119 3536 3169 et
3558 3113 3764 3171 imitari

494 3179 692 3249 peritia
723 3178 914 3232 imbuti
938 3185 1063 3232 sunt
1092 3178 1339 3249 reperiri.
1367 3174 1519 3233 Unde
1542 3178 1669 3249 quia
1699 3186 1805 3237 tua:
1830 3178 2079 3233 charitati
2105 3180 2151 3242 ο
2182 3174 2467 3254 hominum
2496 3174 2739 3252 ηοειξυω
2759 3194 2944 3253 ,ἰθευω
2964 3198 3261 3263 Chl-13mm,
3287 3201 3379 3271 qui
3405 3174 3762 3275 quadraginta

493 3269 700 3340 placuit
724 3277 966 3324 nostram
991 3269 1230 3340 regalem
1260 3269 1435 3325 aulam
1463 3272 1564 3326 hac
1588 3271 1654 3325 de
1685 3285 1744 3325 re
1775 3271 2078 3337 consulere,

494 3358 757 3432 quidquid
788 3358 910 3413 inde
942 3358 1103 3414 sentit
1156 3356 1297 3431 [Al.,
1321 3358 1513 3432 sensit]
1564 3369 1748 3416 nostra
1796 3361 2091 3435 serenitas,

496 3466 747 3508 sermone
767 3452 1087 3516 commatico
1108 3450 1204 3506 tibi
1219 3450 1524 3521 patefacere
1544 3466 1651 3507 non
1667 3467 1925 3524 negamus
1944 3449 2095 3526 [AL,'

502 3540 866 3615 negavimus].

571 3632 829 3704 Exigente
850 3631 1014 3702 igitur
1034 3631 1401 3701 inquisitione,
1417 3638 1472 3687 et
1487 3630 1914 3689 consideratione
1935 3648 2083 3703 quie-

496 3721 724 3776 rendum
753 3729 856 3785 est,
887 3736 985 3776 cur
1011 3716 1145 3792 [AL,
1173 3721 1511 3777 considerata
1532 3762 1547 3787 .
1569 3737 1698 3787 cur;
1739 3719 1894 3777 Gold.
1913 3762 1927 3786 ,
1953 3738 2083 3779 cou-

495 3798 730 3863 siderata
769 3809 977 3864 ratione
1007 3808 1126 3882 cur]
1157 3810 1248 3866 alii
1277 3826 1402 3877 sex,
1434 3812 1524 3867 alii
1551 3821 1753 3885 septem
1775 3854 1790 3880 ,
1818 3814 1907 3869 alii
1935 3823 2079 3883 octo,

496 3901 737 3956 nonnulli
768 3917 899 3957 vero
920 3916 1112 3958 novem
1138 3904 1444 3960 abstineant
1481 3906 1881 3964 hebdomadas?
1908 3910 2084 3979 Argu-

496 3999 737 4046 mentum
761 4007 952 4048 sensus
982 3993 1151 4048 nostri
1177 4001 1281 4050 ture
1310 3993 1661 4050 familiaritati
1688 4011 1787 4068 per
1825 3997 1925 4054 hos
1962 3998 2081 4068 api-

497 4095 593 4136 ces
618 4080 925 4159 significare
947 4081 1245 4138 studemus.
1272 4083 1374 4151 Qui
1397 4085 1540 4141 enim
1569 4084 1720 4158 [Cod.
1742 4104 1838 4141 ms.
1863 4087 1923 4142 S.
1948 4088 2079 4143 Em-

494 4173 735 4237 merami,
766 4164 928 4238 Quod
975 4172 1054 4227 sic
1106 4173 1421 4228 solvendum
1461 4183 1573 4240 est;
1624 4175 1713 4244 qui
1761 4176 1927 4249 enim]
1985 4193 2078 4233 sex

495 4261 860 4318 hebdomadas
874 4262 1222 4317 observantes
1247 4278 1304 4317 se
1331 4264 1669 4320 abstinentiae
1693 4266 1933 4332 tradunt,
1953 4269 2080 4323 sub—

495 4353 687 4407 tractis
712 4367 807 4407 sex
837 4351 1026 4407 diebus
1058 4352 1451 4420 dominicis,in
1482 4355 1676 4425 quibus
1696 4355 1940 4426 jejunare
1971 4361 2075 4414 mi-

495 4438 639 4494 nime
685 4439 838 4504 licet,
873 4438 1110 4497 decimas
1155 4440 1369 4497 dierum
1413 4438 1603 4499 dantes
1651 4438 1853 4518 [Cold.,
1885 4448 2077 4505 dantes

2183 3286 2372 3342 diebus
2411 3283 2677 3355 jejunium
2724 3287 3148 3344 sacratissimum
3195 3290 3456 3361 implevit.
3500 3293 3544 3347 Δ
3589 3293 3758 3361 Quin-

2182 3376 2495 3448 quagesima
2528 3391 2763 3447 namque
2789 3392 2963 3449 usque
2993 3380 3048 3434 in
3071 3379 3281 3437 Pascha
3319 3393 3528 3454 septem
3552 3386 3764 3442 hebdo-

2181 3467 2354 3521 madze
2413 3473 2569 3529 sunt,
2620 3482 2741 3536 qua:
2784 3466 2992 3523 faciunt
3038 3470 3154 3526 dies
3206 3473 3596 3546 quinquaginta
3634 3495 3649 3531 :
3692 3494 3762 3533 ex

2180 3559 2376 3629 quibus
2403 3560 2449 3615 si
2473 3566 2597 3615 octo
2624 3560 2740 3616 dies
2769 3561 3069 3620 dominicos
3099 3566 3449 3634 subtraxeris,
3478 3571 3535 3625 in
3562 3573 3764 3642 quibus

2165 3647 2435 3723 jejunium
2460 3666 2569 3706 non
2598 3651 2723 3707 licet
2749 3654 3058 3721 observare,
3088 3667 3369 3713 remanent
3399 3662 3763 3734 quadraginta

2181 3740 2288 3795 duo
2314 3740 2452 3806 dies,
2481 3748 2538 3798 et
2563 3742 2619 3797 hi
2647 3742 2753 3798 duo
2773 3742 2911 3810 dies,
2939 3746 3127 3815 quinta
3176 3746 3377 3820 [Gold.,
3401 3762 3581 3816 sexta,
3614 3755 3765 3809 men-

2179 3828 2326 3900 dese]
2355 3829 2604 3885 videlicet
2633 3840 2689 3886 et
2714 3834 2938 3903 septima
2964 3833 3122 3903 feria,
3148 3841 3242 3908 qui
3268 3843 3761 3914 quadragenarium

2180 3930 2466 3974 numerum
2493 3921 2778 3988 excedunt,
2806 3925 2947 3994 apud
2979 3927 3238 3995 quosdam
3270 3929 3475 3998 jejunio
3502 3935 3766 3991 dedican-

2181 4016 2298 4075 tur;
2328 4011 2476 4080 apud
2503 4013 2764 4081 quosdam
2809 4014 2863 4069 in
2905 4019 3253 4075 veneratione
3276 4020 3409 4093 [Al.,
3433 4022 3758 4101 refectione]

2177 4113 2399 4174 propter
2432 4104 2655 4161 Cmnam
2698 4108 3025 4165 dominicam
3065 4114 3120 4167 et
3164 4122 3406 4168 sanetum
3453 4113 3760 4173 Sabbatum

2179 4194 2464 4251 habentur.
2508 4194 2852 4268 Sexagesima
2893 4209 3097 4267 autem,
3135 4212 3197 4257 ut
3234 4204 3585 4273 instituamus,
3628 4221 3763 4277 pro-

2176 4291 2361 4354 pterea
2404 4301 2436 4339 a
2461 4287 2733 4343 nonnullis
2753 4289 3094 4357 observatur,
3120 4299 3262 4347 utet
3285 4293 3522 4351 decimas
3547 4296 3761 4351 diemm

2177 4374 2422 4444 corporis
2465 4375 2548 4430 sui
2590 4374 2720 4447 [Al.,
2747 4378 3064 4447 corporibus
3087 4380 3221 4453 suis]
3267 4382 3620 4455 omnipotenti
3650 4387 3762 4442 Deo

2178 4464 2307 4519 dare
2328 4465 2558 4533 possint,
2585 4475 2641 4520 et
2670 4467 2956 4524 Dominum
2992 4480 3237 4527 nostrth
3268 4473 3452 4530 losum
3476 4476 3757 4535 Christum

496 4524 727 4639 dierum]
753 4532 1139 4639 corppri’susui,’
1154 4533 1496 4639 trigintaisex
1534 4535 1667 4639 dies,
1697 4537 1837 4593 sicut
1883 4538 2075 4595 beatus
2107 4525 2155 4585 υ
2178 4553 2233 4608 in
2282 4524 2711 4626 quadragenario
2767 4524 3760 4639 nummoparuculatim—

454 4677 473 4691 ,
495 4617 786 4689 Gregorius
821 4620 1080 4676 mirabilis
1106 4621 1296 4677 doctor
1333 4623 1549 4691 edocet,
1567 4625 1843 4697 jejunant;
1891 4636 1948 4682 et
1972 4630 2076 4685 hoc

497 4710 726 4776 tempus,
749 4708 875 4764 licet
913 4710 965 4764 in
993 4711 1111 4781 ipso
1156 4712 1260 4767 duo
1302 4726 1586 4784 superesse
1634 4716 1917 4773 videantur
1961 4718 2076 4776 dies

495 4812 664 4867 usque
691 4799 755 4854 ad
782 4809 1024 4856 sanctam
1069 4801 1563 4871 Resurrectionem,
1597 4806 2074 4881 Quadragesimam

495 4887 805 4944 doctoribus
820 4899 1020 4945 sancta:
1043 4891 1137 4947 Dei
1162 4891 1417 4949 Ecclesiae
1440 4892 1553 4966 89
1573 4899 1837 4953 nominari
1851 4900 2070 4970 pla¢uit.

493 4976 770 5051 Religione
800 4996 929 5038 vero
953 4995 1227 5040 crescente
1254 5002 1285 5042 a
1313 4988 1640 5060 Telesphoro
1677 4990 1952 5063 pontiﬁce,
1982 4995 2073 5068 qul

564 5101 591 5131 α
632 5091 1154 5170 lianc‘epistolam,
1183 5100 1430 5169 quamvis
1469 5100 1585 5170 jam
1640 5120 1670 5157 a
1724 5106 1881 5161 nobis
1936 5109 2075 5168 inter

494 5174 656 5251 opera
686 5163 753 5251 Β1
771 5163 949 5247 Caroli
985 5165 1159 5237 Magni
1190 5163 1580 5251 recusam,_'hic
1611 5163 2074 5251 exhibentuspro:

494 5234 989 5323 ptehrnarptamejus
1009 5234 1481 5323 cumprmcedenti
1506 5248 1564 5323 ‘et
1585 5247 1828 5323 sequenti
1849 5234 2073 5323 epistola

494 5307 902 5389 copngxionem.
921 5307 1365 5389 idpudﬁFroben.
1400 5313 1557 5389 epist.
1599 5307 1903 5389 6_6:.)_Entf.

564 5366 1063 5457 ξΔΕρξεφιατυΕιιῖι.
1097 5366 1453 5457 Quercetani:
1469 5366 1906 5457 liti—liis
1930 5406 2074 5446 etim-

495 5437 616 5518 dem
661 5437 1057 5518 castigatiorem
1106 5437 1438 5508 Exhibemus'
1469 5437 2074 5518 Eg”'cddci."s§ii'st¥."éi

496 5504 916 5597 Sﬁltnmera'mi.
941 5515 1238 5597 Utramque
1250 5504 1759 5597 ’s'éptlihgé'siﬁia
1779 5504 2070 5596 epist-claui

493 5587 749 5660 scriptam
770 5596 890 5640 esse
909 5600 1052 5640 antro
1074 5587 1176 5646 798
1199 5587 1472 5658 existimo,
1496 5587 1604 5666 quo
1629 5597 1790 5651 etiam
1812 5587 2075 5656 Alcuinus

492 5645 620 5705 hunc
644 5648 819 5706 Caroli
845 5656 1084 5713 epistola:
1107 5663 1383 5713 respondit
1408 5678 1504 5713 ner
1535 5667 1816 5713 enistnlnm
1843 5684 2072 5713 senm-

497 5663 620 5705 nunc
644 5663 819 5706 Camn
845 5663 1084 5734 epistola:
1107 5663 1383 5744 respondit
1407 5663 1817 5748 per'epistolam
1843 5684 2072 5738 sequen-

497 5722 620 5807 tem.
653 5716 1025 5807 ptipasltpncm
1065 5728 1130 5782 de
1166 5745 1228 5783 ea
1269 5746 1326 5783 re
1360 5736 1662 5801 inquirendi
1722 5739 2069 5807 prmbuerunt

492 5791 608 5857 ejus
634 5791 898 5862 discipuli,
952 5810 971 5844 α
1003 5807 1189 5853 eorum
1217 5807 1343 5854 tunc
1370 5791 1668 5872 temporum
1697 5791 2069 5865 caneni‘cnt—ia

2175 4644 2400 4710 imitari,
2428 4653 2483 4699 et
2519 4653 2580 4700 ut
2603 4647 2854 4716 primam,
2878 4651 2962 4705 vel
2984 4653 3228 4722 quintam
3262 4654 3455 4713 feriam
3493 4674 3523 4712 α
3545 4658 3759 4729 jejunio

2175 4747 2370 4789 vacare
2388 4733 2621 4790 valeant.
2657 4735 2703 4789 A
2730 4736 3075 4810 Sexagesima
3101 4744 3301 4814 quippe
3328 4762 3498 4816 usque
3538 4749 3594 4803 in
3621 4764 3759 4804 san-

2174 4833 2319 4881 ctum
2343 4825 2483 4881 diem
2506 4826 2937 4886 Resurrectionis
2959 4833 3386 4904 dominicaepcto
3409 4838 3764 4896 hebdomada

2173 4925 2319 4983 sunt,
2347 4932 2413 4972 ex
2440 4919 2637 4988 quibus
2663 4920 2711 4975 si
2737 4922 2803 4976 de
2826 4923 3051 4994 singulis
3075 4926 3500 4985 hebdomadibus
3521 4932 3759 5001 primam

2172 5015 2230 5062 et
2251 5009 2494 5078 quintam
2532 5009 2726 5067 feriam
2764 5014 3117 5083 subtraxeris,
3150 5026 3207 5072 et
3248 5020 3423 5089 ipsum
3459 5022 3603 5078 diem
3629 5039 3762 5079 san-

2172 5121 2411 5210 excitati.
2427 5143 2487 5210 is.
2511 5123 2897 5210 Ergogscripta;
2925 5125 3075 5186 fuere
3103 5130 3220 5189 ista:
3247 5133 3488 5205 epistola:
3512 5146 3759 5209 tempore

2172 5190 2743 5264 Septuagesimte'cjns
2769 5190 2917 5252 anni.
3279 5190 3297 5205 -
3449 5190 3479 5192 ί-
3667 5190 3714 5193 --
3732 5190 3753 5194 -

2172 5328 2206 5342 ,.
2245 5273 2279 5342 ξ’.
2301 5260 2807 5342 ζἠΡενΕίονολίθηο
2834 5283 3019 5342 νοςεηι
3051 5288 3157 5327 non
3188 5274 3391 5331 habent
3418 5276 3588 5333 Codd.
3622 5295 3756 5342 mss.

2172 5328 2367 5417 Salisb.
2386 5328 3107 5417 'etSan:Emmeratnianus;
3135 5328 3457 5417 gteé'éistaf
3622 5328 3760 5404 Elii

2170 5401 2407 5490 domum,
2448 5402 2726 5490 quibam:
2767 5407 3049 5490 epistolam
3085 5401 3252 5470 edidit
3276 5401 3756 5490 Gottstitutiin‘npi,

2171 5477 2303 5555 εοςη.
2328 5470 2414 5551 tu,
2463 5470 2583 5555 pag:
2611 5475 2733 5555 επ.
2763 5470 3044 5555 omittitur
3070 5470 3760 5555 quoquei’..et.eos.‘cz;.;

2172 5539 2406 5627 ξιξιᾲεῖηεξίξΔ
2439 5539 2875 5627 apudPougeL,
2922 5565 3043 5627 pag.
3072 5539 3214 5622 (325,.
3249 5539 3365 5613 not.
3394 5539 3757 5627 ifs'i‘béé'e',

2171 5610 2558 5702 paludatit‘es‘t
2595 5613 2710 5702 hinc
2743 5610 2970 5702 cpistola
2986 5610 3757 5702 antequamiCarolu—s'nupti:

2360 5677 2547 5737 fuisset
2589 5677 2911 5757 declaratus,
2941 5701 3000 5746 ut
3030 5677 3766 5757 diuitiis"iB'néiT'ah‘iéﬁé-

2171 5768 2272 5803 (lCll
2281 5768 2348 5804 lC.
