2035 3091
131 150 188 180 αδδ

824 142 835 148 “
862 139 1052 170 EPISTOLIE.

1716 141 1769 168 266

134 214 206 237 ctum
218 204 342 237 Pascha,
357 202 535 239 quadraginta
553 207 657 229 tantum
672 202 730 228 dies
744 204 884 227 remanent
899 200 925 226 in

985 197 1142 229 iicavimus;
1171 196 1222 229 aL,
1251 197 1426 231 prohibetur;
1458 197 1506 229 αι..
1529 191 1767 234 ρτιιιιιίοςίνὶιιιιιθι.

135 251 307 283 abstinentia.
331 250 494 277 Melchiades
514 257 578 277 vero
603 249 712 276 natione
733 248 807 280 Afer,
825 248 866 273 vir
881 254 928 282 per

135 302 225 331 omnia
244 299 418 336 apostolicus,
431 298 585 325 tricesimus
598 300 711 331 quartus
725 299 785 330 post
806 298 927 322 sanctum

135 349 256 379 Petrum,
279 345 322 374 cui
347 344 476 372 successit
499 344 594 370 beatus
610 342 739 369 Silvester
763 341 789 367 in
802 340 928 367 cathedra

135 393 203 431 [AI.,
217 389 385 426 cathedram]
399 389 551 424 apostolicm
564 387 717 423 dignitatis;
734 387 777 413 hic
791 386 930 413 constituit

135 443 167 467 ut
180 438 252 466 nulla
274 437 386 468 ratione,
404 435 431 462 in
443 435 531 469 prima
545 434 586 461 vel
599 434 693 468 quinta
708 433 784 464 feria,
798 431 929 466 jejunium

135 485 199 522 quis
217 484 252 512 de
271 482 395 510 ﬁdelibus
416 487 496 515 agere
514 483 699 515 praesumeret.
719 485 732 498 ε
747 478 814 505 Nam
837 485 885 505 cur
903 477 930 505 in

134 532 223 567 prima
238 529 306 556 feria
320 526 450 562 jejunium
469 526 526 561 ipso
541 525 663 552 tradente
678 523 807 556 solvatur,
822 531 875 550 non
890 527 931 550 est

135 575 285 604 necessitas
300 572 416 600 texendo
430 572 570 606 replicare.
589 571 716 603 Quintam
729 577 794 597 vero
807 569 930 596 arbitrati

137 630 248 654 sumus,
265 625 375 656 propter
392 627 487 654 magna
505 618 633 654 mysteria
644 639 651 649 ,
673 626 732 653 qua:
753 618 779 644 in
799 625 829 645 ca
846 618 932 645 conti-

138 672 248 700 nentur,
273 667 306 694 ab
324 674 357 693 eo
379 665 504 692 solutam.
530 665 557 691 ln
581 664 638 698 ipsa
666 672 781 698 namque
808 669 931 691 sanctum

137 714 255 742 chrisma
272 711 415 739 conﬁcitur
428 710 460 736 ad
476 710 623 736 abluendas
639 710 720 736 totius
736 709 826 736 mundi
839 709 933 743 prima:

138 758 252 795 originis
265 757 358 792 culpas
373 756 440 792 [ΑΙ.,
456 754 805 789 abluendam....culpam];
833 754 859 781 iu
876 755 932 788 ipsa

139 805 323 833 reconciliatio
345 803 376 830 ﬁt
398 802 603 837 pocuilentium;
634 801 660 827 in
687 801 743 835 ipsa
768 800 933 834 Redemptor

138 852 258 880 omnium
272 849 404 878 cccnando
414 848 481 884 HL,
494 847 642 882 redemptio
653 847 773 874 omnium
790 846 931 882 manando]

138 906 199 925 cum
213 896 352 931 discipulis
367 902 463 930 panem
478 893 566 928 fregit,
582 898 609 920 et
624 893 734 920 calicem
746 893 848 927 pariter
859 892 931 919 dedit

138 943 178 970 eis
190 942 204 962 δ
222 942 250 969 in
265 942 378 976 tignram
396 939 516 973 corporis
535 943 562 965 et
583 939 720 972 sanguinis
734 938 784 969 sui,
802 938 931 972 nobisque

138 989 311 1024 profuturum
326 995 451 1022 magnum
466 986 586 1013 exhibuit
600 985 806 1012 Sacramentum
822 984 930 1018 (Matt/1.

139 1042 214 1067 xxvi,
231 1034 276 1065 ‘26,
290 1034 345 1068 27).
360 1033 398 1060 Eo
414 1032 537 1058 videlicet
549 1032 602 1063 die,
617 1036 676 1065 post
691 1030 774 1057 multa
792 1030 931 1064 mysteria,

139 1082 209 1108 Deus
233 1083 261 1107 et
286 1078 415 1106 Dominus
430 1081 521 1103 noster
535 1076 613 1103 Jesus
626 1076 758 1106 Christus,
779 1075 933 1102 videntibus

139 1126 240 1155 sanctis
253 1124 391 1159 discipulis
405 1123 460 1150 suis
476 1122 590 1157 gloriosa
604 1121 769 1148 Ascensione
791 1120 873 1147 caelos
887 1128 932 1154 pe—

140 1172 257 1201 netravit
280 1170 356 1205 (Luc.
375 1177 448 1200 xxiv,
464 1168 507 1200 5|;
528 1168 586 1193 Act.
603 1173 622 1198 ι,
635 1167 672 1201 9).
701 1165 753 1193 Sed
779 1173 812 1192 ne
832 1165 933 1192 diutius

138 1226 227 1247 sermo
241 1216 430 1252 protrahatur;
449 1213 532 1240 multa
548 1217 572 1239 te
585 1212 681 1246 legisse
695 1211 728 1238 de
744 1211 794 1237 hac
807 1210 934 1237 solemni-

140 1267 193 1290 tate
213 1262 240 1289 in
261 1264 418 1288 sanctorum
441 1257 633 1285 venerabilium
657 1256 868 1283 orlhodoxornm
883 1255 933 1282 Pa-

140 1313 212 1334 trum
232 1306 313 1333 dictis
327 1312 379 1331 non
395 1304 560 1339 ignoramus.
588 1301 790 1337 Septuagesima
807 1301 932 1334 denique,

137 1358 169 1380 ut
178 1353 355 1382 aestimamus.
371 1355 514 1385 propterea
529 1350 563 1377 ab
577 1349 711 1383 aliquibus
724 1349 892 1378 observatur,
906 1353 934 1374 ut

138 1406 166 1427 et
183 1399 303 1427 decimas
323 1397 428 1424 dierum
441 1397 495 1423 Deo
514 1395 581 1431 [Αι.,
594 1394 718 1429 Domino]
735 1394 799 1421 dare
818 1398 931 1428 queant;

138 1445 261 1480 etprima
276 1444 318 1470 vel
334 1443 437 1478 quinta,
460 1449 510 1469 nec
526 1449 578 1469 non
593 1445 620 1468 et
641 1440 754 1475 septima
775 1440 842 1467 feria
863 1439 934 1473 jeju-

140 1489 213 1517 nium
239 1489 344 1516 solvere
360 1486 462 1523 [Gold.,
485 1487 630 1513 observare
656 1484 789 1520 mendose]
817 1485 930 1518 possint.

138 1537 162 1562 Α
171 1533 373 1570 Septuagesima
387 1539 450 1559 vero
461 1539 546 1565 usque
561 1531 587 1557 in
599 1530 712 1563 Pascha,
727 1537 824 1558 novem
837 1530 933 1556 hcbdo-
946 1550 971 1583 ο

141 1580 226 1607 ιηειώε
251 1582 326 1609 sunt.
354 1585 414 1612 quas
438 1576 539 1603 faciunt
565 1576 622 1602 dies
649 1575 788 1610 sexaginta
818 1579 934 1609 quatuor

140 1623 241 1661 [Gold.,
259 1622 335 1658 tres],
350 1630 366 1650 e
380 1621 488 1656 quibus,
503 1622 525 1648 si
539 1620 572 1648 de
588 1628 750 1655 unaquaque
765 1619 932 1647 hebdomada

142 1675 198 1697 tres
216 1669 342 1703 praefatos
355 1668 523 1695 subtraxeris
540 1668 608 1698 dies,
624 1671 651 1693 ct
663 1666 821 1693 Paschalem
845 1673 934 1692 sacra-

141 1714 290 1745 tissimum,
306 1714 411 1748 triginta
426 1721 471 1740 sex
490 1713 516 1739 in
536 1712 699 1739 abstinentia
715 1711 780 1747 [21].,
798 1711 934 1738 abstinen-

140 1759 199 1796 tire]
216 1763 353 1786 remanent
364 1758 431 1786 dies.
451 1758 483 1785 lli
498 1766 560 1785 vero
573 1757 732 1788 Sabbatum.
757 1758 782 1784 in
797 1764 850 1790 quo
864 1757 934 1783 Deus

139 1807 175 1835 ab
190 1807 316 1834 omnibus
329 1807 455 1841 operibus
471 1805 603 1839 requievit
620 1804 708 1840 (Gem,
725 1813 755 1833 ιι.
769 1804 806 1837 ‘2),
822 1811 874 1830 non
890 1811 934 1830 so-

141 1853 195 1881 lum
211 1853 247 1880 ob
259 1852 477 1887 superstitionem
491 1850 655 1883 Judzcorum,
671 1858 721 1878 nec
735 1854 845 1885 propter
859 1857 934 1876 man-

140 1902 202 1928 data
216 1899 313 1935 legalia
327 1899 432 1927 Veteris
445 1898 621 1931 Testamenti,
633 1906 692 1932 qua:
707 1902 770 1924 sunt
785 1897 879 1925 umbra
895 1895 934 1923 fu-

141 1951 275 1977 turorum,
291 1945 338 1972 sed
352 1952 385 1972 ne
397 1952 458 1971 cum
471 1943 572 1971 Judmis
586 1943 769 1970 scandalizent
780 1942 845 1978 [Αι.,
858 1949 935 1969 scan-

140 1991 310 2025 dalizentur;
328 1989 420 2022 Gold.,
432 1988 673 2024 sabbaplitentur],
683 1988 816 2022 jejunium
830 1987 934 2014 solvere

142 2034 243 2072 [συωη
259 2036 416 2066 observare,
432 2034 564 2070 mendose]
591 2038 732 2061 conantur.
750 2033 786 2060 Ea
801 2033 935 2067 praecipue

142 2089 221 2109 causa
248 2084 300 2113 est,
326 2080 388 2115 quia
412 2083 618 2114 vesperascente
645 2079 703 2112 ipso
726 2077 779 2108 die,
808 2077 933 2112 gaudium

141 2127 196 2163 90
209 2132 310 2156 sancte
330 2126 535 2154 resurrectionis
553 2134 566 2152 a
582 2125 705 2152 ﬁdelibus
721 2123 868 2150 honoriﬁce
893 2129 935 2149 ce-

142 2173 272 2200 lebratur.
287 2172 340 2200 Sed
354 2172 415 2207 quia
431 2172 615 2206 unusquisque
631 2171 657 2198 in
681 2178 729 2198 suo
745 2177 825 2197 sensu
850 2169 935 2196 abun-

142 2219 188 2248 dat
214 2218 303 2253 (Rom.
318 2226 374 2251 xxv,
388 2218 426 2253 5),
452 2218 508 2245 sive
530 2219 590 2249 hoc,
607 2217 663 2244 sive
692 2216 764 2243 aliud
789 2215 833 2247 sit,
862 2214 935 2241 salva

142 2264 194 2291 ﬁde
223 2268 251 2290 et
271 2264 399 2298 religione
422 2263 487 2290 nihil
511 2263 718 2298 prmjudicamus
742 2261 806 2297 [Αι.,
836 2260 935 2295 pneju—

178 2349 190 2362 ι
207 2342 279 2369 Nam
293 2350 372 2369 cur...
387 2342 416 2369 In
438 2340 503 2369 Cod.
518 2348 568 2367 ms.
587 2338 874 2366 San-Emmeramiano
898 2338 934 2365 ita

142 2377 258 2412 legitur:
276 2376 346 2403 Nam
361 2385 434 2412 quur
447 2376 474 2402 in
487 2376 571 2410 prima
590 2374 656 2409 feria
669 2374 803 2412 jejunium
818 2381 870 2400 non
886 2374 933 2412 [tot

143 2408 207 2473 ip}?
220 2412 339 2452 trudente
353 2408 501 2444 Saluatore,
524 2419 577 2437 non
601 2414 639 2437 est
661 2409 802 2436 necessitas
823 2408 934 2435 texendo

143 2455 275 2473 recreari.

143 2455 275 2474 urticam.

170 2456 372 2516 varii-garum.
385 2481 452 2509 Cod.
468 2488 519 2508 ms.
536 2480 565 2507 S.
578 2478 821 2516 Emmeramianns,
836 2481 863 2505 et
875 2476 936 2516 Go_l-

142 2516 237 2543 dastus
248 2513 259 2542 ἐ
270 2513 308 2542 Ἱη
328 2516 424 2551 ﬁgura.
445 2516 508 2543 [huc
523 2523 577 2542 non
593 2514 767 2551 intelligenda»
782 2521 862 2540 sensu
878 2513 935 2551 ca_l-

142 2552 279 2582 vinistico,
295 2548 342 2579 sed
349 2548 499 2582 'catholico,
514 2551 552 2577 uti
568 2548 737 2585 explicantur
760 2549 787 2576 in
801 2555 882 2585 opere
899 2548 930 2575 D.

142 2586 313 2623 Arnaldi,rde
326 2586 509 2623 Perpetuitatc
524 2583 676 2623 (ideiftom.
693 2585 713 2616 Ι,
726 2592 787 2619 pag.
799 2583 861 2623 765.
908 2618 914 2623 .

178 2627 189 2640 ε
215 2621 253 2648 De
264 2622 313 2648 hoc
327 2619 425 2649 autem.
447 2621 522 2649 lianc
541 2621 699 2651 clausulam.
715 2627 775 2653 qua:
790 2619 883 2645 deerat
908 2619 934 2644 in

142 2655 243 2687 Editis,
264 2657 416 2684 addidimus
441 2664 474 2684 ex
493 2656 559 2683 Cod.
584 2663 634 2682 ms.
660 2654 770 2685 Salisb.,
794 2653 933 2685 Goldasto,

142 2691 195 2719 loc.
219 2692 279 2734 c_i_t;_,
304 2699 364 2727 pag.
379 2692 440 2724 158,
465 2696 492 2720 et
511 2691 667 2722 D‘Acherio,
690 2689 783 2725 Spicil.
810 2692 875 2715 tom.
891 2687 934 2715 IV.

140 2734 194 2781 Ρθέ
207 2727 396 2801 Ιίεέὲὀρίεξοξξι
408 2762 479 2801 apud
495 2761 631 2801 Canisium
647 2761 689 2801 15ἲ
704 2759 937 2801 αρῑιᾲῼιιθτίξςμι-

142 2805 209 2833 num
223 2798 250 2829 9,
269 2794 350 2833 (apud
374 2794 489 2833 Froben.
508 2796 552 2831 67)
569 2799 739 2833 numeratur;
765 2795 801 2821 i'ai
824 2794 935 2833 mutila;

142 2831 188 2859 hic
204 2829 318 2868 integra.
333 2832 475 2868 _Accedunt
489 2829 777 2868 nunc‘ctntmdationes
801 2829 935 2856 nonnulla!

141 2874 176 2894 ex
191 2865 317 2895 cod.'ms.
333 2866 400 2901 Reg.
417 2867 477 2893 Vat.
497 2875 524 2893 n.
543 2865 604 2892 226.

328 2913 467 2944 PATROL.
488 2912 523 2942 C.

1015 249 1027 262 ο
1042 243 1080 270 De
1093 242 1145 270 hoc
1165 246 1263 274 autem,
1284 242 1354 276 quod
1378 242 1500 270 chartula
1521 247 1661 276 prosecuta
1677 248 1766 271 vestra

980 290 1082 322 retulit,
1096 289 1167 325 quod
1180 289 1296 324 plurima
1311 289 1374 317 hinc
1388 290 1440 317 dici
1458 290 1572 324 possint,
1590 290 1636 318 sed
1651 290 1770 319 noluisse

980 340 1006 363 te
1019 335 1149 363 excedere
1163 335 1272 362 modum
1294 335 1434 367 chartulae,
1451 339 1478 363 et
1493 336 1609 364 maxime
1621 336 1684 371 quia
1708 344 1770 364 cum

981 381 1094 417 sapienti
1105 381 1198 416 paucis
1213 381 1340 409 utendum
1359 381 1395 408 sit
1407 382 1507 414 verbis,
1523 382 1559 409 ita
1578 387 1607 409 et
1630 391 1680 411 nos
1692 390 1770 411 versa

981 427 1039 454 vice
1046 426 1139 461 paucis
1153 434 1238 462 pauca
1256 426 1453 461 rescripsimus.
1463 428 1539 460 Quod
1552 432 1642 456 autem
1655 437 1770 464 usurpa-

981 471 1031 499 stis
1041 472 1122 499 verba
1134 471 1233 506 regina:
1245 471 1322 499 Saba:
1334 471 1368 498 ad
1378 470 1548 499 Salomonem
1561 472 1593 500 de
1605 473 1771 502 beatitudine

983 525 1122 546 servorum
1134 517 1180 553 qui
1202 517 1280 545 nobis
1299 517 1439 549 assistunt,
1457 521 1485 544 et
1502 518 1615 545 audiunt
1629 519 1712 546 verba
1726 527 1771 547 sa-

982 563 1091 598 pientiae
1102 567 1212 596 nostrae,
1226 562 1249 590 si
1263 563 1315 590 hoc
1328 569 1422 590 verum
1444 562 1502 590 fore
1516 562 1602 595 scitis,
1616 563 1714 595 venite,
1730 572 1773 591 as-

984 609 1080 641 sistite,
1096 609 1196 642 audite,
1213 612 1240 635 et
1252 608 1355 644 pariter
1378 608 1406 635 in
1419 608 1533 636 Domino
1554 609 1582 636 in
1606 608 1690 643 pratis
1714 617 1774 636 vero

983 655 1110 682 nantibus
1122 655 1254 682 varietate
1269 653 1363 682 ﬂorum
1379 654 1579 690 Scripturarum
1595 654 1774 689 jucundantcs

984 701 1159 729 delectemur.

1203 736 1214 755 ⁸
1232 736 1396 764 EPISTOLA
1422 735 1551 764 LXXXII.

1238 780 1271 798 Αῐ)
1292 780 1400 799 DOMNL’M
1420 779 1518 799 REGE“.

1290 816 1377 851 (Anno
1392 815 1466 852 798.)

1020 859 1166 895 I-eapondet
1183 860 1217 896 (ut
1235 860 1370 895 epistolam
1387 860 1585 896 prmi-edentem,
1601 867 1624 889 et
1638 861 1741 890 lunaris
1784 859 1786 861 ’

1174 895 1257 921 saltus
1276 895 1471 931 supputationes
1490 897 1578 924 mittit.

1018 938 1150 975 Optabilis
1172 939 1237 976 [A!.,
1254 945 1277 967 et
1298 941 1356 967 cod.
1377 940 1443 972 Van,
1467 946 1559 976 optata
1581 944 1657 980 mihi]
1678 949 1706 971 et
1729 945 1774 973 diu

983 986 1136 1013 desiderata
1157 990 1254 1014 vestrm
1273 986 1402 1014 bonitatis
1422 987 1573 1015 litterarum
1590 988 1674 1016 facies
1686 990 1775 1017 subito

983 1030 1092 1063 eﬂ‘ulsit,
1106 1032 1293 1067 permultoque
1308 1036 1430 1068 tempore
1448 1034 1542 1061 avidos
1557 1034 1665 1061 videndi
1684 1035 1776 1062 oculos

984 1076 1148 1104 sanctissimi
1165 1077 1249 1103 vestri
1263 1078 1380 1104 nominis
1399 1078 1489 1112 apices
1502 1078 1666 1106 refecerunt.
1685 1079 1728 1112 Et,
1745 1079 1775 1106 li-

983 1126 1026 1150 cet
1047 1122 1147 1157 aliquid
1172 1122 1384 1157 reprehensibilc
1409 1123 1532 1158 sequenti
1555 1125 1626 1152 serie
1649 1126 1681 1152 dc
1708 1126 1777 1155 meis

984 1167 1161 1195 cantitassent
1175 1167 1312 1199 litterulis,
1330 1172 1418 1195 tamen
1434 1168 1525 1195 omnia
1547 1169 1673 1196 melliilua
1686 1170 1776 1198 dulce-

983 1212 1046 1239 dine
1060 1212 1154 1244 hausi,
1179 1211 1243 1238 dum
1263 1213 1314 1240 hoc
1330 1213 1509 1241 desiderabile
1528 1218 1556 1241 et
1574 1214 1687 1242 multum
1711 1216 1776 1243 mihi

983 1257 1099 1284 amabile
1120 1257 1147 1284 in
1165 1258 1253 1292 primo
1270 1259 1358 1292 capite
1376 1266 1473 1286 nomen
1491 1260 1626 1294 apparuit.
1649 1260 1778 1290 Gratissi-

984 1310 1057 1329 mum
1072 1302 1138 1329 mihi
1151 1302 1232 1329 etiam
1248 1302 1305 1330 fore
1319 1302 1408 1330 fateor
1421 1302 1484 1339 [AI.,
1497 1303 1623 1340 fatebor].
1639 1310 1668 1332 ut
1679 1305 1720 1332 vel
1737 1306 1777 1334 sic

983 1347 1158 1375 beatitudinis
1181 1351 1278 1374 vestra:
1308 1348 1426 1383 syllabas
1448 1356 1568 1376 mererer
1591 1349 1729 1377 osculari:
1747 1356 1777 1378 ut

983 1393 1055 1428 quod
1087 1397 1217 1428 perpetua
1238 1396 1265 1420 ct
1292 1393 1418 1421 inviolata
1445 1402 1498 1421 non
1520 1395 1606 1429 potuit
1626 1397 1777 1430 promereri

984 1439 1103 1472 dilectio,
1127 1439 1223 1466 saltem
1249 1440 1467 1474 reprehensionis
1489 1441 1603 1468 materia
1627 1442 1718 1470 subito
1731 1450 1778 1470 ex-

985 1488 1141 1520 torqueret:
1161 1485 1250 1512 sciens
1275 1485 1387 1513 meliora
1414 1493 1474 1514 esse
1497 1486 1608 1514 vulnera
1632 1488 1776 1524 diligentis,

985 1539 1065 1566 quam
1092 1531 1264 1559 fraudulenta
1288 1531 1379 1559 oscula
1404 1532 1530 1560 odientis.
1557 1532 1613 1560 Nec
1633 1534 1731 1561 mirum
1754 1535 1777 1562 si

987 1577 1100 1604 tarditas
1111 1577 1188 1604 aselli
1203 1576 1336 1604 sustineat
1353 1577 1379 1604 in
1393 1577 1474 1605 dorso
1489 1577 1635 1614 ﬂagellum.
1649 1579 1705 1614 Ego
1721 1583 1778 1607 tar-

986 1624 1046 1655 dus,
1060 1631 1110 1659 ego
1131 1624 1183 1651 mei
1209 1623 1293 1658 ipsius
1305 1623 1383 1660 [ϐοά.
1403 1623 1474 1657 Vah,
1491 1629 1597 1661 egomet
1614 1625 1709 1662 ipsius]
1729 1626 1780 1656 im-

986 1677 1099 1702 memor,
1113 1673 1264 1697 vestrorum
1278 1668 1391 1697 forsitan
1411 1670 1491 1706 digne
1504 1678 1650 1705 puerorum
1664 1671 1780 1700 sustinui

985 1714 1129 1749 ﬂagellum.
1147 1713 1267 1741 Entellus
1288 1715 1379 1742 senior
1393 1714 1472 1743 eil'eto
1487 1723 1601 1750 corpore
1614 1716 1714 1743 dudum
1727 1724 1780 1744 cas-

987 1763 1045 1786 stus
1057 1759 1181 1794 deposuit
1197 1767 1261 1787 suos
1277 1767 1283 1786 :
1300 1763 1379 1787 aetate
1393 1759 1552 1787 ﬂorentibus
1568 1761 1639 1788 cedit
1660 1761 1720 1788 illos
1738 1761 1779 1788 in-

987 1804 1042 1831 dui.
1068 1804 1130 1832 Ideo
1155 1804 1254 1838 aliquis
1277 1804 1383 1831 illorum
1409 1804 1542 1832 seniorem
1567 1806 1669 1840 ingenti
1690 1814 1780 1842 pugno

985 1850 1137 1884 percussit,
1161 1850 1198 1877 ita
1222 1853 1253 1876 ut
1269 1850 1356 1884 caligo
1376 1850 1567 1879 obversaretur
1584 1852 1677 1880 oculos
1691 1853 1781 1881 senio-

986 1895 1040 1927 ris;
1056 1899 1083 1922 ct
1096 1895 1139 1922 vix
1157 1895 1301 1929 resumptis
1318 1895 1422 1923 viribus
1442 1896 1556 1933 frigidus
1573 1898 1645 1926 circa
1659 1906 1780 1934 praecor—

986 1942 1030 1969 dia
1045 1941 1159 1969 recaluit
1174 1941 1294 1976 sanguis.
1309 1941 1344 1969 Et
1357 1945 1387 1969 ut
1402 1943 1437 1970 ad
1454 1950 1512 1971 rem
1524 1944 1640 1976 veniam,
1656 1952 1688 1972 ac
1703 1945 1780 1980 igno-

987 1987 1081 2015 rantia:
1096 1986 1223 2015 fomentis
1235 1991 1317 2021 caput
1331 1988 1455 2023 percussi
1477 1987 1607 2016 medicari
1632 1989 1777 2024 incipiam:

986 2039 1037 2067 ego
1061 2032 1213 2067 imperitus.
1229 2039 1279 2067 ego
1303 2032 1429 2068 ignarus,
1453 2033 1577 2061 nesciens
1591 2033 1779 2070 {Egyptiacam

987 2077 1105 2105 scholam
1128 2078 1155 2105 in
1168 2077 1268 2113 palatio
1280 2078 1415 2107 Davidicat
1426 2079 1530 2107 versari
1550 2079 1642 2116 gloria
1655 2086 1666 2100 ⁶
1680 2089 1686 2107 :
1704 2080 1714 2100 ί
1729 2088 1781 2116 ego

987 2122 1081 2151 abiens
1099 2122 1210 2151 Latinos
1220 2123 1256 2151 ibi
1269 2123 1369 2151 dimisi.
1393 2123 1489 2152 Nescio
1502 2124 1564 2160 quis
1578 2124 1780 2152 subintroduxit

991 2168 1003 2188 ⁸
1013 2167 1165 2204 Egyptios.
1188 2168 1244 2197 Nec
1259 2173 1313 2196 tam
1329 2169 1454 2198 indoctus
1473 2170 1511 2197 fui
1525 2169 1703 2205 Memphitica
1717 2178 1780 2205 sup-

951 2227 977 2258 D
989 2215 1145 2250 putationis,
1159 2222 1241 2250 quam
1257 2214 1402 2243 benevolus
1421 2215 1550 2243 Romana:
1565 2215 1779 2244 consuetudinis.

989 2260 1096 2288 Annum
1114 2268 1174 2288 cum
1193 2264 1256 2288 nato
1269 2260 1388 2294 Christo,
1404 2265 1432 2289 et
1446 2266 1585 2290 crescente
1599 2261 1659 2290 luce
1673 2262 1781 2290 initiare

1026 2347 1036 2377 ε
1051 2340 1100 2377 ilic
1113 2340 1174 2377 ﬁnis
1187 2341 1360 2377 estgpistola‘.
1371 2340 1442 2377 apud
1454 2341 1601 2369 Canisium.

1026 2376 1039 2412 ζ
1052 2375 1108 2412 Ego
1119 2376 1218 2412 alliam.
1232 2375 1358 2412 E'schola
1372 2375 1468 2412 nempe
1482 2377 1600 2412 palatina
1616 2377 1750 2405 Turonos.

1021 2410 1104 2447 93“
1121 2410 1269 2447 (Egyplios.
1294 2411 1410 2445 Quinam
1436 2410 1536 2447 fuerint
1560 2411 1713 2447 ,λεπριίηοί
1742 2411 1781 2438 illi

986 2445 1323 2482 praeclaptores,'conjicere
1336 2447 1403 2476 mihi
1415 2446 1509 2474 videor
1520 2454 1553 2474 ex
1565 2445 1685 2474 carmine
1697 2447 1782 2475 Theo-

988 2481 1052 2509 dulil
1069 2481 1271 2517 Aurelianensis
1285 2482 1403 2517 episcopi
1418 2482 1451 2509 ad
1466 2481 1652 2517 Angilbertum
1665 2491 1671 2508 :
1687 2489 1740 2516 quo
1755 2482 1782 2509 in

988 2516 1242 2552 carmichSVcottum
1256 2516 1399 2550 quemdam
1413 2517 1439 2543 in
1454 2516 1519 2544 aula
1532 2517 1672 2552 degentem
1689 2524 1721 2552 ac
1729 2517 1782 2552 Vdo-

988 2554 1094 2578 centem
1108 2551 1182 2578 falsis
1206 2552 1435 2586 amarulentisquc
1449 2551 1575 2579 dicteriis’
1584 2552 1698 2585 impetit.
1714 2551 1781 2578 Nam

989 2586 1075 2613 Scotti
1088 2594 1121 2613 ex
1137 2586 1264 2614 Hibernia
1281 2588 1334 2614 orti
1349 2588 1411 2615 olim
1427 2587 1609 2620 sequebantur
1623 2587 1782 2614 Paschalcm

989 2620 1395 2657 circulum,Alexandrinorum,
1410 2622 1455 2657 qui
1472 2622 1575 2649 Pascha
1592 2621 1661 2649 luna:
1683 2626 1783 2657 quarta

989 2656 1092 2683 decima
1110 2656 1164 2687 die,
1179 2657 1201 2683 si
1216 2657 1323 2691 quando
1339 2657 1365 2684 in
1380 2656 1546 2684 Dominicam
1568 2656 1716 2689 incidisset,
1739 2665 1784 2684 ce-

988 2691 1138 2726 lebrabant.
1155 2692 1188 2717 Et
1203 2691 1292 2718 forsan
1305 2692 1329 2719 is
1348 2695 1406 2719 erat
1420 2691 1543 2719 Clemens
1561 2691 1680 2724 Scottus,
1702 2699 1782 2726 quem

989 2726 1016 2752 in
1030 2725 1116 2752 Gallia
1133 2726 1167 2753 ad
1180 2726 1327 2753 docendum
1343 2726 1425 2754 fuisse
1439 2727 1562 2754 relictum
1575 2734 1589 2754 a
1605 2725 1716 2759 Carolo,
1728 2731 1783 2754 tra-

989 2761 1027 2796 dit
1041 2762 1188 2798 monachus
1201 2761 1430 2798 Sanct-Gallcnsis
1448 2761 1525 2789 initio
1538 2762 1599 2789 libri
1615 2763 1705 2798 primi.
1723 2761 1782 2790 ΜΑ-

990 2794 1128 2823 nILLoxms
1152 2796 1208 2823 Art.
1233 2795 1285 2823 SS.
1313 2805 1373 2823 εντα.
1400 2804 1425 2823 ιν
1464 2801 1534 2831 part.
1556 2805 1582 2830 ι,
1608 2794 1697 2831 praui,
1716 2804 1782 2832 pag.

993 2838 1083 2858 "VXXI.

1583 2907 1602 2937 9
