4070 6182
430 321 529 377 26Ἷ

1328 307 1388 360 Β.
1432 307 1489 360 F.
1531 302 1756 359 ALBlNl
1791 297 1919 357 SEU
1961 291 2234 352 ALCUINI
2263 288 2545 348 OPERUM
2577 286 2756 345 PARS
2782 287 2821 342 l.

434 429 727 488 secundum
772 427 995 482 Latmo:
1041 418 1245 485 volens,
1298 432 1405 472 non
1455 431 1584 471 eum
1607 411 1906 485 ABgyptiis,
1931 409 2022 479 qui
2057 412 2101 470 Α
2139 403 2285 470 ναι..
2310 402 2590 474 duxistis],
2631 400 2816 457 nescio
2840 397 2970 488 quid
2995 395 3217 488 ﬂacctna
3257 393 3538 451 rusticitas
3556 393 3715 454 diviti

435 519 672 577 tenebras
699 516 1143 583 interpretantur,
1171 521 1202 562 a
1230 504 1737 577 supervenientibus
1769 498 2022 581 tenebris

433 611 640 668 ordiri:
667 606 793 677 quia
821 604 953 669 scio,
988 615 1077 658 me
1101 599 1233 656 olim
1279 613 1404 655 cum
1431 595 1615 668 Moyse
1637 593 1746 665 91
1774 590 2027 646 tenebras

435 699 810 773 Egyptiorum
847 695 1176 766 rdinquere,
1203 699 1260 749 et
1285 691 1448 748 modo
1473 689 1529 745 in
1558 696 1704 770 terra
1733 683 2025 755 repromis-

432 794 621 859 sionis,
650 791 786 848 lucis
812 798 868 847 et
902 788 1104 846 lxetitize
1142 801 1268 842 cum
1295 783 1426 841 Iesu
1455 783 1592 838 duce
1631 787 1819 836 nostro
1857 777 2022 831 liber-

432 892 545 941 tate
580 884 875 938 honoratus
902 889 1071 944 stare,
1107 887 1162 932 et
1187 875 1516 937 nullatenus,
1554 869 1849 927 secundum
1881 865 2025 936 quod

431 977 542 1035 dux
581 991 754 1042 meus,
786 977 895 1031 imo
930 980 986 1029 et
1017 971 1279 1028 Dominus
1315 975 1506 1024 noster
1533 960 1691 1027 dixit,
1729 962 1928 1016 iterum
1958 957 2026 1012 ad

435 1071 720 1143 Egyptias
745 1067 924 1125 redire
948 1065 1225 1121 tenebras.

510 1164 660 1221 Unde
687 1160 858 1217 miror
885 1174 982 1214 cur
1023 1156 1175 1228 pueri
1204 1152 1372 1209 vestri
1416 1163 1620 1205 annum
1660 1146 1962 1218 legitimum
1995 1154 2028 1194 a

437 1265 624 1310 mense
659 1247 1001 1321 Septembrio
1028 1245 1267 1315 incipere
1298 1240 1488 1305 velint,
1516 1245 1572 1293 et
1598 1244 1814 1308 partem
1852 1243 2028 1286 trans-

437 1347 544 1402 acti
589 1338 1075 1402 decennovennalis
1124 1333 1373 1406 sequenti
1430 1336 1754 1388 connectere
1799 1323 2024 1387 circulo,

437 1438 665 1494 caudam
707 1440 983 1490 vertentes
1019 1430 1075 1485 in
1106 1435 1273 1498 caput
1303 1444 1318 1481 :
1355 1433 1412 1480 et
1443 1438 1552 1481 non
1578 1419 1752 1490 magis
1775 1415 2033 1474 omnibus

437 1531 580 1585 luna:
623 1534 680 1583 et
723 1524 960 1581 siderum
991 1518 1317 1592 augmentis,
1347 1515 1435 1572 vel
1463 1509 1802 1571 detrimentis
1839 1504 2030 1576 explo-

439 1622 537 1689 sis,
567 1620 637 1676 ad
682 1632 880 1674 novum
931 1627 1136 1670 annum
1181 1618 1236 1666 et
1281 1607 1348 1664 ad
1386 1613 1549 1676 caput
1596 1594 2029 1672 supervenientis

437 1711 627 1771 circuli
657 1709 878 1768 omnino
930 1706 1103 1761 libere
1128 1703 1352 1758 intrare.
1396 1697 1554 1753 Libet
1579 1703 1761 1749 tamen
1792 1691 2031 1745 interro-

2125 493 2282 567 [Cod.
2340 492 2485 558 Vah,
2515 488 2806 559 Davidicae]
2838 486 3120 558 sapientia:
3169 484 3416 556 ignotum
3465 485 3716 556 ingerere

2123 585 2320 641 valeat.
2353 584 2461 638 Sed
2491 583 2536 638 si
2565 589 2693 636 nota
2726 587 2780 634 et
2819 577 2950 634 olim
2982 576 3164 632 audita
3192 590 3302 631 non
3329 574 3458 630 licet
3485 573 3714 640 inferre.

2123 677 2252 746 quid
2284 675 2544 730 faciemus
2571 673 2638 728 de
2673 669 2886 736 litteris,
2937 667 3161 740 syllabis
3188 665 3378 733 etiam,
3412 673 3468 721 et
3497 665 3713 730 verbis,

2124 768 2324 838 quibus
2354 767 2434 822 uti
2484 765 2642 820 nobis
2689 776 2913 818 necesse
2937 768 3023 816 est
3071 758 3345 830 quotidie;
3401 758 3508 813 nisi
3561 773 3718 814 novae

2125 859 2494 930 grammaticae
2533 857 2672 912 artis
2725 853 2946 926 regulas
2989 851 3301 922 excogitare
3354 849 3719 920 incipiamus?

2123 950 2243 1006 lam
2273 948 2404 1003 mihi
2449 946 2677 1001 multum
2712 943 2908 998 melius
2953 940 3075 1007 fuit,
3105 955 3270 1010 super
3295 954 3541 996 mensam
3582 939 3716 995 deli-

2126 1041 2333 1096 ciarum
2355 1035 2656 1092 vestrarum
2685 1049 2878 1105 panem
2903 1033 3234 1088 manducare
3274 1031 3717 1097 mundissimum,

2127 1145 2434 1203 quamcum
2463 1127 2704 1182 Menalca
2727 1126 2782 1180 in
2813 1123 3068 1196 pistrinio
3099 1137 3268 1194 grana
3298 1122 3465 1177 tritici
3491 1136 3714 1192 compu-

2129 1231 2270 1288 tare,
2311 1220 2454 1275 unde
2492 1218 2651 1288 panis
2699 1215 3044 1272 conﬁciatur.
3097 1213 3155 1268 Si
3205 1213 3402 1283 placet,
3453 1213 3722 1268 intremus

2127 1309 2403 1384 paululum
2452 1307 2838 1364 calculatorum
2873 1303 3159 1374 pistrillas,
3197 1303 3282 1357 vel
3306 1303 3720 1357 mathematico-

2129 1418 2248 1457 rum
2279 1400 2590 1471 fuliginosas
2635 1397 2895 1466 coquinas
2919 1413 2932 1448 :
2961 1401 3017 1449 et
3045 1392 3385 1463 proferemus
3418 1393 3559 1448 unde
3587 1392 3720 1449 olim

2130 1492 2365 1564 cognita,
2393 1505 2536 1546 nunc
2561 1503 2696 1560 pene
2731 1487 2923 1553 oblita,
2945 1485 3102 1555 juxta
3149 1483 3357 1556 Virgilii
3398 1483 3565 1538 vestri
3592 1498 3720 1554 pro-

2129 1582 2391 1654 phetiam.
2417 1581 2553 1635 Nam

2209 1694 3328 1767 ...........s:epeegolongos

438 1817 568 1874 gare
613 1803 714 1857 hos
753 1799 900 1868 ipsos
944 1807 1175 1864 pueros,
1221 1805 1291 1844 an
1330 1784 1743 1845 convenientius
1778 1781 2026 1837 videatur

2199 1788 2479 1844 Cantando
2508 1802 2734 1857 puerum
2765 1763 2987 1840 memini
3012 1763 3096 1839 me
3127 1763 3364 1839 condere
3387 1781 3544 1836 soles.

437 1873 600 1950 unius
626 1889 752 1946 anni
779 1894 967 1944 aetates
993 1885 1212 1939 lunares
1239 1895 1341 1951 pro
1377 1875 1717 1950 regularibus
1742 1873 1944 1929 habere
1975 1879 2032 1924 et

438 1985 542 2040 hoc
565 1979 727 2053 primi
753 1977 918 2043 anni;
961 1973 1046 2030 vel
1070 1972 1236 2028 etiam
1261 1971 1493 2026 duorum
1534 1979 1824 2030 annorum,
1856 1962 1910 2017 id
1949 1969 2032 2015 est

437 2073 722 2132 novissimi
749 2069 942 2127 circuli
968 2062 1476 2126 deeeunovennalis,
1520 2071 1576 2116 et
1600 2057 1762 2129 primi
1803 2069 2032 2125 sequen-

441 2168 548 2224 tis?
574 2167 643 2220 Et
667 2174 852 2220 utrum
877 2158 1076 2216 rationi
1099 2155 1333 2212 vicinius
1360 2153 1452 2218 sit,
1484 2151 1540 2206 in
1581 2149 1690 2205 ﬁne
1719 2145 1909 2203 circuli
1935 2144 2029 2199 de-

442 2253 866 2316 cennovennalis
885 2251 1082 2307 saltum
1113 2249 1464 2312 interserere,
1488 2242 1576 2299 vel
1602 2242 1661 2296 in
1687 2240 1864 2296 medio
1892 2251 2032 2306 quo-

442 2352 576 2408 libet
603 2347 782 2404 anno?
800 2345 979 2401 Etiam
1004 2351 1059 2399 et
1089 2343 1195 2398 hoc
1213 2339 1377 2395 velim
1398 2337 1560 2403 scire,
1588 2333 1859 2406 quomodo
1885 2345 2034 2386 com-

440 2448 638 2514 putare
663 2437 832 2493 velint
859 2441 1045 2490 tetatcs
1072 2431 1293 2486 lunares
1318 2443 1350 2482 a
1375 2426 1566 2496 quinto
1600 2423 1808 2480 decimo
1837 2419 2034 2475 Kalen-

443 2507 542 2586 das
574 2527 720 2592 Maii,
752 2525 842 2580 ubi
879 2530 1074 2593 quarta
1104 2519 1313 2576 decima
1356 2516 1483 2571 luna
1527 2529 1555 2557 ι
1589 2511 1871 2569 novissimi
1907 2507 2031 2564 anni

443 2620 570 2686 fuit,
606 2630 780 2687 usque
807 2614 877 2670 ad
905 2609 1308 2682 Septembrium
1333 2620 1598 2670 mensem,
1626 2603 1682 2658 in
1713 2616 1820 2671 quo
1851 2612 2034 2654 mense

443 2709 632 2780 quinta
657 2704 799 2776 apud
828 2701 1183 2774 Egyptiacos
1206 2711 1403 2770 pueros
1431 2693 1724 2752 cantatur?
1753 2690 2037 2760 Quomodo

443 2800 562 2858 ﬁeri
608 2798 780 2870 possit
815 2803 875 2852 ut
921 2794 1094 2849 altera
1148 2791 1277 2846 luna
1321 2803 1536 2859 semper
1563 2787 1765 2842 habeat
1809 2783 2034 2854 triginta

444 2892 582 2958 dies,
608 2889 780 2945 altera
809 2884 1198 2954 undetriginta,
1236 2891 1294 2936 et
1326 2880 1632 2949 singulares
1651 2893 1750 2948 per
1772 2876 1952 2932 omnia
1980 2877 2033 2931 in

446 2983 556 3039 illis
597 2978 875 3036 mensibus
924 2973 1152 3029 ﬁrmiter
1197 2979 1343 3027 stare
1391 2970 1626 3026 valeant.
1657 2969 1745 3033 Et,
1782 2975 1842 3022 ut
1888 2981 2032 3031 reor,

2200 1881 2353 1935 Nunc
2373 1879 2536 1935 oblita
2555 1879 2686 1934 mihi
2713 1886 2790 1934 tot
2815 1877 3074 1942 carmina,
3099 1892 3200 1932 vox
3223 1891 3440 1947 quoque
3465 1875 3720 1930 Flaccum

2169 1972 2318 2041 “Ipsa
2347 1971 2505 2042 fugit.
2549 2011 2563 2026 .
2609 2011 2622 2026 .
2667 2010 2684 2026 .
2727 2012 2741 2026 .
2787 2011 2801 2024 .

2203 2084 2429 2149 Tamen,
2476 2091 2535 2138 ut
2562 2084 2628 2139 ad
2657 2082 2913 2152 inquisita
2958 2080 3218 2136 chartulae
3264 2088 3457 2135 vestra:
3499 2093 3722 2149 respon-

2133 2179 2314 2244 deam,
2350 2195 2458 2234 non
2503 2180 2782 2250 sapientia:
2829 2178 3035 2234 divitiis
3080 2175 3355 2240 sulfultus,
3406 2176 3500 2231 sed
3528 2187 3725 2232 vestra

2133 2269 2476 2325 auctoritatis
2500 2268 2700 2324 litteris
2723 2268 3034 2332 instinctus,
3063 2266 3269 2338 gremio
3293 2266 3509 2336 pietatis
3530 2273 3724 2321 vestrae

2131 2361 2480 2432 protegendo,
2508 2377 2679 2430 pauca
2705 2360 2771 2415 de
2797 2360 3005 2414 ratione
3034 2357 3317 2428 multiplici
3341 2356 3514 2413 saltus
3552 2355 3726 2425 subji-

2130 2461 2257 2508 cere
2278 2452 2499 2507 curabo.
2530 2451 2771 2506 Primum
2793 2465 2990 2520 ponam
3013 2450 3155 2518 quod
3179 2448 3235 2502 in
3255 2447 3536 2503 doctorum
3559 2446 3725 2502 didici

2133 2544 2313 2608 libris;
2343 2544 2602 2609 secundo,
2630 2544 2773 2613 quod
2804 2543 3038 2613 ratione
3061 2539 3337 2597 suadendo
3378 2539 3534 2611 [Cod.
3574 2536 3717 2600 Vah,

2135 2635 2422 2708 suadente]
2469 2612 2795 2705 investigare
2819 2633 2997 2699 valui;
3025 2612 3216 2699 'tertio,
3240 2629 3384 2704 quod
3422 2645 3488 2684 ex
3515 2630 3722 2684 mathe-

2135 2735 2333 2790 matica
2363 2727 2634 2801 quondam
2663 2723 2848 2780 audita
2886 2721 3200 2777 meminisse
3227 2719 3380 2790 potui
3416 2719 3527 2790 92
3563 2717 3726 2773 disci—

2134 2827 2300 2896 plina.
2338 2823 2614 2890 Quatenus
2663 2814 2947 2886 multiplici
2994 2812 3156 2868 modo
3200 2810 3477 2880 multiplex
3519 2808 3727 2864 lunaris

2137 2918 2306 2973 saltus
2349 2913 2628 2974 enodctur,
2681 2907 2972 2963 Salomone
3003 2905 3215 2961 dicente
3251 2921 3265 2958 :
3308 2901 3606 2956 Fuuiculus
3632 2900 3726 2955 tri-

2136 3007 2257 3080 plex
2278 3003 2484 3076 difﬁcile
2505 3000 2766 3070 rumpitur
2819 2996 3020 3070 (Eccle.
3064 3012 3143 3060 tv,
3185 2993 3296 3066 12).
3345 2991 3476 3047 item
3507 2991 3633 3045 dum
3658 2990 3727 3045 de

445 3057 2034 3176 ⁴¹ῗῖ⁰ί¹Ῐ¹ἷ¹⁴³⁶¹ἶίῗῗθ¹ἶξζθ¹ἐῗῗίῖθ¹¹ξίΡῗῖῗίῗξῗζξζξῗίεξῨ
2063 3114 2110 3176 C
2436 3057 2755 3162 loquebatur
2797 3057 2980 3143 intulit
3007 3057 3192 3141 dicens
3229 3057 3428 3137 {Unde
3470 3096 3585 3135 eam
3627 3080 3724 3135 tibi

446 3163 644 3234 ptiacis
670 3159 973 3216 inveniunt.
997 3158 1067 3213 Et
1092 3155 1267 3223 forte,
1290 3155 1435 3225 quod
1479 3155 1535 3209 in
1565 3152 1891 3210 Novembrio
1939 3168 2034 3207 no-

450 3253 568 3308 lunt
593 3251 732 3317 ﬁeri,
766 3264 989 3306 necesse
1023 3255 1106 3303 est
1135 3249 1189 3304 in
1233 3247 1340 3303 alio
1382 3245 1626 3316 quolibet
1664 3258 1850 3300 mense
1890 3244 2038 3298 inve—

451 3341 590 3397 nire.
616 3339 730 3396 Nec
755 3353 856 3411 ego
885 3353 1010 3395 cum
1030 3337 1273 3408 quolibet
1295 3335 1694 3392 contentiosum
1719 3333 1904 3388 funem
1927 3343 2039 3388 tra-

444 3433 585 3489 here
611 3431 795 3496 velim,
821 3444 922 3486 nec
946 3443 1033 3484 me
1063 3425 1472 3498 qumstiunculis
1508 3426 1750 3482 inserere
1784 3424 2034 3478 aliorum.

453 3522 835 3595 Unusquisque
859 3521 914 3575 in
935 3534 1040 3575 suo
1061 3533 1222 3574 sensu
1251 3517 1512 3572 abundet.

521 3636 677 3706 Quod
701 3649 830 3690 vero
853 3635 907 3688 in
933 3633 1040 3688 ﬁne
1063 3631 1305 3702 epistola:
1332 3629 1675 3685 familiariter
1707 3629 1786 3702 [et
1810 3630 2043 3685 salubri-

441 3727 564 3801 ter]
610 3741 700 3782 me
733 3727 1030 3781 admonere
1063 3725 1329 3789 curastis,
1378 3732 1458 3789 ut,
1488 3723 1536 3779 si
1584 3723 1714 3794 quid
1765 3724 2041 3779 humiliter

455 3819 847 3877 emendandum
881 3818 971 3884 sit,
1011 3817 1343 3890 corrigatur;
1380 3832 1656 3887 nunquam
1687 3815 1782 3883 fui,
1815 3817 1925 3872 Deo
1948 3818 2044 3872 do-

456 3918 641 3976 nante,
663 3910 716 3964 in
744 3921 1076 3965 errore'meo
1095 3908 1368 3980 pertinax,
1399 3923 1500 3963 nec
1514 3909 1581 3964 de
1603 3908 1740 3964 meis
1766 3907 2046 3963 conﬁdens

455 4001 722 4058 sensibus.
757 3999 866 4056 Nec
914 3999 1043 4055 talis
1071 4007 1131 4055 ut
1179 3999 1390 4055 meliori
1437 3999 1720 4055 sententiae
1767 3997 1924 4054 facile
1953 4013 2042 4053 ac-

455 4092 738 4165 quiescere
765 4106 872 4147 non
897 4091 1155 4155 valerem,
1192 4091 1390 4155 sciens,
1425 4089 1632 4145 dictum
1661 4096 1798 4152 cSSe,
1845 4088 2044 4157 saepius

387 4183 394 4198 ‘
457 4185 678 4242 auribus
710 4198 870 4254 quam
900 4183 1080 4252 lingua
1109 4183 1391 4236 utendum.
1421 4179 1536 4235 Hoc
1553 4181 1778 4235 omnino
1805 4188 2041 4234 vestram

457 4279 660 4336 sentire
680 4274 1003 4346 sapientiam
1017 4274 1262 4337 obsecro,
1282 4287 1388 4326 non
1405 4271 1560 4327 vobis
1580 4272 1734 4342 quasi
1755 4271 2040 4336 nescienti,

459 4371 554 4426 sed
583 4367 739 4439 quasi
768 4365 1034 4442 probanti]
1062 4365 1300 4419 scribere
1345 4382 1358 4417 :
1402 4377 1504 4419 nec
1531 4364 1686 4434 quasi
1730 4363 2040 4434 ignoranti,

2139 3193 2292 3248 hodie
2336 3187 2610 3259 tripliciter
2650 3183 2855 3239 ostendi
2903 3182 3086 3255 (Prov.
3134 3195 3270 3244 xx",
3314 3174 3432 3242 20).
3462 3175 3573 3229 llos
3622 3187 3728 3245 ego

2138 3296 2349 3346 sensus,
2379 3275 2730 3349 sagacissime
2765 3272 3094 3328 naturalium
3124 3283 3302 3324 rerum
3333 3264 3644 3336 inquisitor,
3667 3271 3726 3319 et

2140 3372 2365 3428 rationis
2393 3367 2761 3438 cujuscunque
2781 3380 2959 3420 causa:
2980 3361 3325 3418 devotissime
3349 3358 3727 3426 investigator,

2139 3466 2354 3522 domine
2381 3463 2453 3517 mi
2474 3460 2874 3527 David,vcstr:e
2905 3455 3214 3512 auctoritati
3245 3453 3478 3523 dirigere
3508 3451 3725 3510 studui;

2141 3571 2243 3610 non
2268 3551 2544 3623 jactantire
2569 3559 2700 3622 typo
2729 3548 2926 3610 clarus,
2958 3545 3053 3600 sed
3079 3543 3405 3598 humilitatis
3419 3540 3596 3596 otﬁcio
3640 3538 3729 3595 de.

2138 3656 2318 3711 votus,
2342 3643 2542 3699 vestris
2563 3639 2927 3697 sanctissimis
2940 3643 3165 3707 paratus
3177 3633 3397 3689 obedire
3418 3633 3728 3703 prmceptis.

2141 3737 2206 3792 Et
2246 3735 2292 3791 si
2337 3734 2559 3804 dignum
2606 3744 2795 3785 earum
2839 3728 3164 3790 litterarum,
3208 3723 3523 3779 acutissime
3570 3722 3724 3795 [ϐοά.

2151 3825 2294 3890 ναι,
2324 3820 2674 3894 acutissimis]
2699 3818 2977 3875 oculorum
3007 3816 3288 3872 obtutibus
3335 3814 3578 3869 invenire
3603 3826 3730 3882 pos-

2141 3920 2238 3986 sis,
2253 3919 2453 3989 gratias
2473 3915 2589 3971 Deo
2606 3912 2850 3969 omnium
2873 3910 3142 3966 donorum
3162 3907 3352 3981 [Edit.,
3383 3901 3729 3975 donatorum]

2141 4012 2387 4084 largitori
2430 4009 2562 4064 mihi
2609 4005 2874 4078 agendum
2926 4003 3059 4058 scio.
3112 4001 3170 4056 Si
3213 4000 3339 4070 quid
3368 3998 3522 4052 aliter
3562 4010 3733 4066 quam

2143 4101 2386 4158 meruisti
2417 4098 2625 4156 citatim
2651 4111 2826 4166 penna
2847 4091 3248 4164 perscripserit,
3274 4089 3403 4144 mihi
3430 4086 3732 4157 putandum

2143 4187 2562 4268 [imputandum]
2594 4202 2715 4246 esse
2746 4186 2922 4242 fateor
2951 4203 2965 4240 :
3005 4193 3308 4252 vestrmque
3332 4179 3551 4251 pietatis
3582 4177 3732 4249 [gre-

2141 4287 2277 4361 mio]
2301 4286 2657 4356 protegendo,
2681 4290 2736 4337 et
2761 4279 2976 4336 eximiae
3015 4275 3281 4333 bonitatis
3309 4272 3519 4329 calamo
3559 4271 3732 4326 corri-

2143 4376 2397 4448 gendum.

461 4462 554 4518 sed
576 4462 748 4530 magis
770 4457 1080 4528 eorrigenti,
1104 4456 1336 4528 dirigere
1359 4456 1644 4527 parvitatis
1670 4471 1804 4511 mea:
1831 4470 2036 4511 sensus.

2221 4465 2332 4520 Has
2379 4478 2511 4519 vero
2549 4461 2756 4517 lunaris
2817 4458 2987 4517 saltus
3047 4457 3458 4530 supputationes
3523 4452 3737 4522 aliquas

459 4553 571 4608 Nec
595 4568 725 4608 vero
765 4550 1070 4618 evangelica
1096 4549 1258 4604 vidua
1297 4549 1403 4604 duo
1441 4549 1645 4604 minuta
1677 4547 1860 4619 injecit
1882 4564 2045 4620 gazo-

462 4643 711 4715 pliylacio
743 4643 938 4713 (Marc.
964 4657 1063 4705 xu,
1087 4639 1178 4712 42)
1204 4650 1425 4711 propter
1458 4640 1810 4712 indigentiam
1839 4641 2044 4712 templi,

463 4733 557 4789 sed
577 4740 797 4805 propter
825 4731 1164 4788 devotionem
1195 4747 1368 4786 suam.
1417 4731 1530 4788 Nec
1560 4740 1746 4788 nostra
1769 4732 2050 4788 humilitas

462 4825 575 4880 Deo
621 4823 843 4880 donaria
884 4820 1058 4888 oﬂ‘ert,
1089 4822 1245 4892 quasi
1290 4838 1397 4879 non
1451 4823 1694 4888 habenti,
1741 4824 1837 4879 sed
1877 4823 2052 4893 magis

464 4915 646 4970 omnia
669 4912 962 4984 possidenti
990 4911 1076 4985 (ΙΙ
1106 4910 1230 4966 Cor.
1257 4929 1332 4976 vt,
1368 4912 1477 4982 l0).
1511 4911 1590 4967 Ita
1617 4914 1785 4968 etiam
1810 4913 2049 4982 parvitas

466 5018 586 5061 mea
619 5019 726 5060 non
755 5002 1046 5074 indigenti,
1082 5005 1178 5058 sed
1227 5002 1456 5058 multum
1496 5003 1691 5060 melius
1734 5004 2050 5074 intelligenti

464 5095 640 5163 vobis,
664 5095 711 5152 si
736 5095 865 5167 quid
890 5093 1130 5152 scribere
1169 5103 1477 5161 tentavero,
1512 5093 1816 5152 faciendum
1844 5097 2052 5151 veraci-

469 5197 552 5245 ter
601 5201 857 5259 agnosco.
903 5183 1086 5242 Gloria
1138 5186 1311 5255 patris
1375 5185 1520 5243 ﬁlius
1583 5187 1799 5259 sapiens
1855 5189 2049 5260 (Prov.

466 5295 590 5346 xm,
642 5279 703 5352 ι).

540 5368 694 5439 Quod
727 5383 854 5424 vero
882 5377 1008 5424 nota
1053 5378 1299 5440 repetere
1328 5370 1604 5442 indignum
1649 5374 1864 5429 dixistis
1896 5374 2049 5446 [ϐοά.

544 5531 571 5558 ι
603 5519 884 5602 Novissimi
913 5521 1292 5602 a.llltl°..Ne.n_lp.c
1333 5525 1575 5602 prox_i_m_e
1600 5527 1763 5602 elapsi
1781 5526 1916 5602 797,
1947 5542 2053 5602 quo

474 5585 599 5664 luna
625 5595 814 5664 quarta
843 5589 1046 5641 decima
1070 5585 1349 5664 incidebat.
1367 5610 1434 5664 δν
1459 5595 1575 5650 Kal.
1605 5585 1744 5657 Maii,
1772 5585 1926 5664 juxta
1951 5585 2056 5652 cir-

478 5655 629 5736 culos
670 5655 1334 5736 decentiovennalesnycn.
1372 5662 1548 5717 Bedae.
1580 5666 1704 5719 Haec
1734 5655 1899 5734 igitur
1937 5669 2054 5736 epi-

481 5723 615 5778 stola
642 5723 839 5790 scripta
865 5732 947 5775 cst
968 5737 1108 5778 anno
1135 5726 1257 5798 798.

2151 4556 2335 4630 [Λάδη
2374 4552 2557 4626 quas],
2581 4553 2635 4609 in
2663 4554 2692 4594 ι)
2719 4551 2943 4608 alterius
2973 4550 3235 4607 chartula:
3259 4547 3515 4603 distincte
3530 4545 3732 4608 notavi,

2149 4659 2210 4706 ut
2237 4649 2485 4721 pratdixi,
2523 4664 2592 4704 ex
2646 4647 2879 4703 lectione
2923 4654 3272 4717 paternorum
3308 4655 3564 4698 sensuum
3599 4637 3738 4692 scri-

2150 4743 2268 4813 psi;
2307 4741 2442 4796 alias
2486 4755 2555 4795 ex
2603 4739 2832 4794 rationis
2873 4735 3183 4805 conjectura
3217 4731 3572 4804 investigavi;
3601 4728 3741 4783 alias

2121 4849 2125 4855 ·
2152 4831 2658 4888 mathematicorum
2687 4831 2852 4885 variis
2876 4825 3368 4901 [supputationibus
3407 4822 3596 4894 collegi
3628 4820 3742 4892 (Ex

2155 4922 2286 4977 Cod.
2340 4919 2462 4976 Vat.
2510 4922 2620 4989 AL,
2649 4920 3048 4992 suspicionibus
3088 4915 3307 4988 collexi]
3345 4930 3411 4971 ne
3445 4914 3513 4969 ad
3541 4920 3743 4967 vestra:

2154 5014 2471 5069 veneranda:
2519 5011 2798 5084 dignitatis
2822 5017 3090 5080 prmccpta
3119 5017 3374 5071 tacerem,
3397 5014 3449 5062 et
3494 5003 3743 5060 criminis

2156 5121 2280 5160 rcus
2319 5120 2517 5170 essem,
2545 5105 2590 5159 si
2615 5103 2929 5157 inobediens
2970 5108 3134 5156 tanta:
3152 5098 3466 5154 auctoritati
3501 5096 3742 5151 viderer.

2157 5193 2347 5249 Sciens
2384 5209 2478 5248 vos
2515 5191 2793 5261 multoque
2825 5191 3006 5245 verius
3047 5197 3101 5244 et
3133 5188 3384 5259 sagacius
3417 5187 3535 5241 haec
3553 5185 3744 5241 omnia

2156 5285 2454 5355 intelligere
2486 5291 2542 5336 et
2579 5283 2902 5353 investigare
2923 5297 3103 5353 posse,
3137 5289 3316 5334 tamen
3345 5278 3596 5335 Flaccina
3621 5293 3746 5333 rus-

2158 5375 2380 5432 ticitatis
2403 5371 2576 5427 ollicia
2601 5387 2708 5427 non
2741 5372 3004 5444 abnegavi
3025 5412 3041 5438 ,
3077 5380 3136 5426 ut
3171 5369 3407 5426 facerem
3447 5369 3592 5439 quod
3623 5366 3746 5438 jus-

2231 5527 2256 5567 b
2287 5526 2513 5580 Alterius
2539 5526 2814 5582 chartula.
2847 5527 2977 5585 Haac
3023 5527 3272 5584 chartula
3311 5527 3410 5583 abs
3447 5526 3612 5582 dubio
3653 5526 3747 5582 illa

2157 5605 2241 5652 est
2265 5611 2428 5666 quam
2455 5597 2595 5671 infra
2621 5597 2974 5671 interhOpera
3011 5598 3384 5671 philosophica
3425 5597 3752 5671 eahibemps

2158 5683 2226 5723 ex
2259 5665 2360 5721 ms.
2390 5681 2502 5737 reg.
2527 5668 2686 5723 Suec.
2716 5665 2862 5726 Bibl:
2874 5665 3075 5726 Vatfn.
3101 5665 3241 5726 2‘26;
3255 5668 3387 5725 Vide
3409 5668 3576 5724 etiam
3604 5665 3751 5722 infra

2161 5739 2317 5809 epist.
2341 5737 2408 5794 84
2435 5740 2599 5810 (nunc
2628 5737 2775 5812 l00).
2801 5781 2804 5784 «
