2035 3091
166 148 226 182 269

900 140 1077 169 EPISTOLIE
1084 161 1090 167 .

1752 145 1807 174 270

162 200 259 238 ‘sistis,
283 204 433 231 mercedem
456 202 613 230 obedientizc
630 205 797 236 exspectans,
821 207 873 226 non
899 199 966 233 inju-
983 199 1005 229 Α
1052 198 1199 238 ζηιειίεωηςι
1213 200 1296 227 omnis
1309 198 1488 238 pliilgsopliiw.
1501 200 1541 226 Ad
1555 200 1746 238 confugiendum
1759 200 1809 231 1ιέ-

174 250 245 277 riam
260 246 478 282 reprohensionis
491 254 611 281 sperans,
622 246 684 280 quia
697 249 804 272 assueta
816 244 897 272 vestri
909 252 968 271 cor-

174 295 218 322 dis
238 293 345 322 bonitas
358 299 495 326 nunquam
511 291 649 318 immutari
664 294 763 325 potest,
781 289 828 317 sed
842 289 967 317 inviolata

174 343 278 372 manet,
293 342 321 365 et
338 345 443 372 semper
458 337 490 363 ad
516 337 626 364 meliora
650 336 802 370 proﬁciens,
827 335 912 362 donec
935 335 969 362 ad

174 383 346 415 aeternitatis,
367 381 481 409 Domino
503 381 557 408 Deo
575 381 621 408 Dei
643 380 710 407 Filio
731 380 886 411 miserante,
908 386 969 406 cum

175 429 320 464 multiplici
334 428 493 455 meritorum
509 427 587 454 laude
599 426 736 462 perveniat
748 426 869 460 gloriam.

211 475 242 502 In
268 473 382 502 articulo
404 472 581 509 profectionis
607 480 746 500 servorum
768 476 919 499 vestrorum
943 475 969 497 et

175 525 279 550 nostra:
292 520 441 547 devotionis
453 519 581 552 ﬁliorum,
594 522 725 545 venerunt
738 517 857 545 melliﬁui
869 517 967 544 dulcis-

176 567 254 596 simae
266 566 435 593 auctoritatis
446 572 457 585 ι
471 565 568 600 apices,
582 564 608 592 in
622 564 717 598 quibus
732 562 926 591 rationabiliter
936 562 969 589 ad

177 613 307 648 inquisita
330 615 429 639 nostra:
448 610 587 645 parvitatis
600 608 784 643 respondistis,
801 613 828 635 et
838 608 913 643 quasi
928 607 968 634 fa-

178 667 243 686 vum
269 658 402 686 distillans
423 656 511 691 (Cum.
526 664 563 688 iv,
582 655 633 691 li),
658 655 694 681 ita
709 654 850 681 suavitatis
873 658 969 680 vestra:

177 705 263 733 verba
289 704 424 738 legebam,
441 702 467 729 in
493 702 590 736 quibus
606 705 632 728 et
651 701 813 727 hilaritatem
829 703 856 726 ct
870 699 970 725 verita-

178 754 233 777 tem
247 748 354 784 agnovi,
370 752 398 775 et
412 748 512 782 gratias
528 754 610 781 agens
624 746 677 773 Deo
692 744 796 772 laudavi
809 748 967 779 utrumque,

176 798 207 822 et
221 793 361 829 sapientiae
378 793 511 824 decorem,
529 797 555 819 et
569 791 728 818 humilitatis
744 790 863 825 vigorem
875 809 881 821 ,
906 789 970 815 dum

178 841 282 876 dignati
298 840 386 867 fuistis
407 843 506 866 nostra:
520 837 676 865 rusticitatis
700 836 849 864 chartulam
866 835 968 866 audire,

1053 232 1127 272 licem
1140 233 1274 272 adjutores
1287 232 1414 269 postulat,
1424 239 1446 260 et
1463 242 1546 269 regem
1565 232 1808 269 ad'defendcmfam

1053 268 1186 294 veritatem
1196 268 1306 297 animat.

1054 336 1109 364 Deo
1129 336 1225 364 dilecto
1244 340 1326 372 atque
1339 344 1354 363 a
1368 337 1424 365 Deo
1436 337 1522 365 electo
1542 337 1630 366 David
1642 338 1715 374 regi,
1729 338 1810 370 Fisc-

1020 389 1068 410 cus
1090 382 1118 409 in
1139 382 1192 410 ﬁde
1212 386 1239 410 et
1260 382 1390 411 charitate
1404 387 1562 419 perpetuam
1587 383 1615 412 in
1638 383 1747 415 Christo
1766 393 1811 415 sa—

1020 427 1112 457 lutem.

1054 472 1212 500 Dulcisslma
1235 473 1356 509 [pietatis
1378 477 1474 501 vestra:
1489 474 1586 510 (Edit.,
1600 475 1686 509 pietas
1697 476 1811 513 γαίη-³)]

1019 525 1131 545 munera
1143 518 1208 545 mihi
1223 518 1235 537 ἀ
1248 518 1408 554 Fredegisus
1424 519 1548 547 servulus
1559 523 1652 547 vester
1668 521 1766 548 attulit.
1782 521 1813 549 In

1019 564 1116 600 quibus
1138 568 1291 600 utrumque,
1311 570 1340 593 et
1358 565 1531 593 dilectionem
1552 566 1650 601 agnovi
1665 566 1693 593 in
1712 574 1767 599 me,
1784 572 1813 595 et

1020 611 1180 646 sapientiam
1200 612 1370 640 consideravi
1392 613 1420 640 in
1444 617 1490 640 te:
1505 613 1581 647 quasi
1604 613 1719 648 quodam
1733 614 1815 642 modo

1021 661 1137 691 quatuor
1158 657 1263 684 dierum
1283 665 1394 685 munera
1412 657 1599 693 primordiales
1619 663 1735 693 quatuor
1754 659 1813 687 die-

1021 709 1082 728 rum
1095 702 1246 729 crcationes
1265 702 1448 737 designarent.
1461 702 1496 729 Et
1516 703 1581 737 quia
1597 703 1685 738 prima
1704 704 1748 731 dic
1768 704 1815 733 lux

1021 746 1128 773 condita
1148 751 1190 774 est
1204 746 1280 783 (Gen.
1293 755 1311 779 ι,
1324 747 1351 780 5,
1365 747 1442 783 ηιμ),
1455 748 1544 783 prima
1557 749 1601 776 die
1618 754 1629 769 ε
1641 749 1709 778 lucis
1726 754 1813 780 matc-

1022 791 1091 818 riam
1115 792 1233 819 ostendit
1259 792 1336 821 mihi.
1363 792 1487 821 Secunda
1510 792 1623 823 Creator
1652 794 1816 823 ﬁrmamenti

1022 836 1250 871 pulchritudinem
1269 838 1392 865 extendit
1410 838 1482 866 inter
1501 847 1587 875 aquas
1602 843 1630 867 et
1649 847 1754 876 aquas:
1769 848 1815 869 so-

179 894 232 914 nec
247 886 332 913 solum
346 884 493 921 perlegere,
505 883 551 911 sed
565 883 645 910 etiam
659 886 686 909 et
697 882 868 916 respondere.
883 880 972 907 Etiam
988 873 1012 903 Β
1025 881 1112 909 cunda
1126 881 1170 909 die
1183 882 1211 909 in
1227 883 1394 916 muneribus,
1408 873 1567 912 vestimenta
1582 873 1759 914 sacerdotalia
1775 886 1817 914 di—

179 937 210 960 et
232 932 296 959 illud
319 930 471 958 amabiliter
491 930 519 956 in
545 928 597 955 illis
611 927 737 954 bonitatis
759 930 856 953 vestra:
875 924 974 952 litteris

180 978 313 1013 scriptum
337 976 434 1012 reperi,
452 975 526 1010 quasi
542 975 609 1001 meis
624 974 713 1000 verbis
726 973 836 1004 dictum,
858 971 974 1006 qualiter

182 1023 275 1058 regina
288 1021 379 1049 Austri
395 1021 511 1047 venisset
534 1019 626 1046 audire
648 1018 806 1052 sapientiam
823 1015 974 1043 Salomonis

183 1068 244 1104 (111
261 1068 330 1103 Reg:
341 1058 383 1103 s);
401 1072 428 1094 et
441 1065 574 1101 quomodo
587 1065 788 1095 acclamassent,
800 1062 894 1089 beatos
914 1068 975 1087 esse

182 1116 229 1150 qui
244 1114 402 1141 assisterent
417 1112 554 1147 sapientia:
568 1109 733 1141 Salomonis;
748 1113 774 1136 et
785 1116 818 1135 ex
830 1108 872 1134 his
885 1106 975 1134 verbis

184 1168 227 1187 me
242 1159 276 1186 azl
291 1159 362 1185 hanc
385 1156 577 1184 beatitudinem
592 1161 738 1189 provocare
758 1152 890 1184 voluistis,
904 1150 975 1185 quod

184 1205 311 1241 (gratuiti,
321 1202 386 1238 (ΑΙἿ
398 1200 534 1238 gratiam)]
543 1201 629 1227 habeo
638 1198 785 1226 secundum
796 1197 976 1224 valetudinem

184 1249 306 1284 corporis
314 1249 375 1281 mei,
384 1252 410 1274 et
416 1247 463 1274 Dei
470 1247 554 1282 gratia
560 1245 739 1280 praeveniente
747 1248 773 1271 et
781 1243 927 1271 dcducente
934 1250 977 1269 me

185 1302 313 1332 prospere
321 1298 383 1320 ante
396 1296 570 1327 conspectum
580 1289 753 1318 beatitudinis
761 1292 866 1315 vestrae.
875 1287 977 1314 Tamen

185 1338 445 1368 sciatmiscricordia
452 1341 539 1364 vestra
546 1335 616 1370 quod
623 1336 679 1362 hate
685 1333 916 1366 heatitudo,quam
923 1332 977 1358 lau-

187 1386 298 1414 daverat
314 1384 407 1418 regina
430 1382 534 1414 Austri,
549 1390 600 1408 non
621 1381 671 1407 fuit
685 1380 711 1407 in
732 1383 804 1406 terra
822 1377 977 1406 Philistino-

188 1439 256 1462 rum,
271 1430 318 1457 sed
334 1429 360 1456 in
373 1427 550 1459 Hierusalem,
564 1427 590 1453 id
603 1431 652 1457 est,
664 1426 690 1452 in
704 1425 807 1452 visione
820 1424 902 1459 pacis.
916 1422 978 1449 [dco

189 1475 299 1511 supplex
314 1474 443 1508 deprecor
455 1476 484 1499 ut
496 1471 575 1499 liceat
588 1470 683 1497 Flacco
699 1473 743 1496 tuo
758 1469 792 1495 ad
809 1468 877 1495 hanc
891 1467 978 1494 beati-

191 1520 309 1547 tudinem
331 1519 358 1546 in
373 1523 446 1545 terra
460 1517 533 1552 pacis
547 1520 573 1543 et
587 1515 686 1542 laetitia:
709 1514 859 1549 pervenire,
877 1520 929 1539 non
951 1512 977 1538 in

190 1571 262 1593 terra
286 1563 460 1591 dissensionis
484 1566 511 1589 et
525 1562 538 1580 ι)
564 1561 635 1588 belli.
652 1559 720 1593 Quid
742 1559 813 1586 valet
835 1558 979 1584 inﬁrmitas

191 1610 281 1638 Flacci
293 1610 363 1636 inter
376 1608 468 1635 arma?
481 1607 545 1642 quid
561 1607 630 1633 inter
641 1613 720 1640 apros
732 1603 902 1639 lepusculus?
915 1602 980 1637 quid

191 1656 262 1683 inter
276 1654 366 1681 leones
391 1652 527 1688 agniculus
552 1652 579 1678 in
601 1658 666 1685 pace
687 1650 819 1682 nutritus,
838 1649 977 1680 educatus,

195 1708 250 1727 non
273 1700 301 1726 in
319 1699 415 1734 prmliis
430 1698 569 1725 versatus?
584 1697 645 1723 dum
662 1699 794 1731 prmccpta
812 1694 917 1721 Domini
932 1693 978 1720 Dei

197 1745 313 1776 habetis,
336 1743 440 1771 timidus
455 1744 527 1771 domi
548 1746 695 1774 remaneat,
711 1749 745 1768 ne
759 1741 840 1768 faciat
856 1740 922 1767 alios
946 1739 979 1765 ti—

196 1798 279 1818 mere.
294 1790 327 1817 Et
340 1789 466 1825 Virgilius
478 1789 598 1824 Augusto
614 1788 737 1815 scribens

326 1845 363 1870 Tu
374 1846 475 1870 sectaris
487 1851 566 1876 apros,
582 1851 629 1874 ego
639 1844 700 1868 retia
711 1849 792 1868 servo.

230 1891 276 1919 Ηω
285 1899 388 1927 preces,
400 1892 522 1923 obsecro,
536 1890 645 1917 veniant
656 1890 682 1916 in
696 1897 742 1916 cor
756 1889 863 1924 pietatis
876 1892 980 1918 vestrae,

196 1942 225 1965 ut
246 1937 329 1965 libeat
342 1936 417 1964 vobis
432 1940 458 1963 et
473 1936 551 1963 liceat
564 1935 639 1967 mihi,
663 1943 724 1962 cum
739 1935 821 1961 ramis
835 1934 983 1969 palmarum

198 1983 286 2018 (lauri.
319 1989 356 2008 xu
372 2001 379 2014 ,
409 1980 452 2017 15)
475 1986 501 2007 et
523 1980 614 2015 pueris
640 1980 811 2006 cantantibus
841 1985 985 2005 oecurrcre

200 2017 333 2062 triumpho
346 2026 438 2061 gloriae
452 2030 547 2052 vestra:
560 2034 566 2051 :
583 2029 610 2051 et
634 2024 802 2051 Hierusalem
817 2026 915 2058 optata:
936 2017 984 2056 pal

200 2073 255 2100 πίω
270 2077 298 2100 et
310 2072 439 2106 templum
460 2071 649 2106 sapientissimi
666 2070 818 2097 Salomonis
839 2074 897 2096 arte
919 2077 986 2095 con-

201 2119 311 2145 struitur
334 2116 393 2153 [F.,
417 2116 622 2152 constructum],
644 2116 771 2143 assistere
795 2115 905 2141 amabili
920 2122 986 2141 con-

200 2164 301 2197 spectui
313 2167 412 2195 vestro,
427 2167 454 2189 et
466 2163 554 2190 dicere
568 2171 573 2188 :
589 2163 748 2190 Benedictus
762 2162 890 2189 Dominus
904 2161 985 2192 Deus,

1024 927 1157 955 visionem
1170 927 1242 954 inter
1252 935 1364 963 corpora
1375 929 1546 957 sacerdotum
1560 934 1588 957 et
1601 930 1692 966 populi
1706 931 1817 960 demon-

1024 976 1112 1000 strare
1134 972 1256 1007 cognovi.
1279 972 1369 1000 Tertia
1391 973 1449 1007 die,
1472 978 1545 1002 terra
1569 982 1631 1002 cum
1652 976 1819 1006 ornamentis

1025 1018 1082 1046 suis
1095 1018 1238 1053 apparuit:
1252 1019 1332 1046 tertia
1345 1019 1397 1052 die,
1410 1019 1468 1046 auri
1481 1019 1618 1047 latissima
1631 1020 1745 1056 species,
1757 1028 1819 1055 qua

1025 1062 1128 1096 gremio
1150 1062 1254 1090 eruitur
1272 1067 1362 1096 teme,
1383 1064 1484 1091 directa
1499 1068 1541 1092 est
1561 1065 1638 1093 mihi.
1652 1064 1754 1100 Quarta
1774 1066 1819 1095 die

1025 1108 1066 1135 sol
1078 1108 1164 1136 honor
1178 1108 1269 1136 steculi
1283 1116 1345 1136 cum
1364 1108 1498 1137 sideribus
1516 1110 1578 1138 cteli
1597 1111 1722 1139 inductus
1739 1111 1817 1148 [ϐοά.

1033 1151 1103 1186 γαίη
1118 1152 1228 1189 inditus]
1240 1157 1296 1186 est;
1312 1157 1409 1188 quarta
1423 1154 1477 1187 die,
1497 1154 1570 1182 clara
1590 1156 1714 1191 quaedam
1731 1161 1760 1185 et
1776 1164 1820 1186 ro-

1026 1200 1108 1228 tunda
1121 1200 1148 1227 in
1161 1199 1363 1228 similitudinem
1376 1200 1441 1228 solis
1453 1201 1566 1236 species,
1584 1201 1593 1221 ί
1607 1202 1695 1230 honor
1707 1210 1817 1236 mensae,

1026 1246 1108 1273 allata
1122 1249 1163 1274 est
1177 1246 1252 1279 mihi,
1269 1247 1372 1274 habens
1385 1245 1481 1281 viginti
1495 1251 1600 1281 septem
1616 1248 1818 1277 semicirculos:

1026 1292 1073 1327 qui
1096 1291 1120 1319 si
1142 1291 1184 1319 bis
1209 1292 1349 1323 ducantur,
1371 1296 1451 1319 erunt
1474 1292 1667 1328 quinquaginta
1690 1298 1819 1329 quatuor,

1026 1339 1137 1372 propter
1150 1337 1231 1364 horas
1244 1336 1346 1364 lunaris
1359 1344 1463 1369 cursus,
1485 1337 1584 1372 quibus
1596 1345 1646 1372 per
1659 1338 1764 1373 singula
1783 1340 1821 1367 si-

1027 1389 1080 1417 gna
1103 1388 1212 1409 currere
1234 1381 1301 1409 solet
1318 1391 1324 1409 :
1340 1382 1443 1410 habens
1465 1382 1597 1411 circulum
1621 1384 1766 1412 rotundum
1790 1384 1820 1412 in

1028 1427 1131 1460 medio,
1149 1431 1258 1462 propter
1280 1428 1344 1456 solis
1367 1431 1525 1463 perpetuam
1550 1429 1753 1458 rotunditatem.
1781 1430 1820 1457 De

1029 1471 1104 1506 cujus
1119 1479 1200 1500 cursu
1216 1472 1343 1507 praefatus
1356 1480 1421 1508 puer
1440 1473 1508 1501 mihi
1526 1473 1627 1506 retulit,
1643 1478 1761 1502 vestram
1781 1474 1822 1502 in-

1030 1518 1136 1552 quirere
1156 1518 1328 1553 sapientiam,
1344 1519 1478 1554 quomodo
1494 1520 1507 1539 ⁸
1522 1519 1614 1547 decem
1637 1515 1717 1548 horai
1730 1524 1757 1548 et
1776 1520 1818 1548 di-

1032 1561 1113 1590 midia
1137 1562 1249 1598 singulis
1272 1563 1408 1592 mensibus
1429 1571 1585 1592 accrescere
1600 1565 1720 1593 soleant?
1739 1564 1823 1602 Cuqu

1033 1606 1072 1634 rei
1085 1607 1190 1634 subtilis
1205 1608 1273 1635 ratio
1289 1612 1338 1641 est,
1356 1608 1404 1636 sed
1416 1612 1512 1637 vestra:
1525 1609 1667 1644 sagacitati
1688 1609 1825 1646 perfacilis

1032 1651 1067 1678 ad
1078 1651 1288 1687 intelligendum.

1069 1707 1115 1735 Sol
1136 1708 1218 1743 igitur
1238 1708 1326 1743 primo
1346 1717 1416 1737 anno
1439 1714 1500 1744 post
1521 1710 1680 1743 bissextum,
1696 1710 1725 1737 in
1747 1710 1825 1739 initio

1033 1753 1128 1787 prima:
1149 1753 1222 1780 hora:
1243 1754 1341 1786 noctis,
1357 1754 1439 1781 intrat
1456 1754 1484 1780 in
1498 1752 1628 1786 Arietem,
1644 1758 1672 1781 et
1688 1759 1749 1789 post
1766 1754 1826 1782 dies

1034 1799 1144 1834 triginta
1156 1802 1184 1826 ct
1197 1798 1289 1826 decem
1310 1799 1392 1826 semis
1413 1799 1495 1826 horas
1513 1799 1587 1826 exiet
1608 1799 1641 1827 de
1654 1799 1756 1831 Arieto,
1773 1799 1826 1827 hoc

1034 1848 1091 1876 est,
1114 1844 1179 1870 hora
1193 1843 1334 1870 undecima
1353 1843 1440 1870 noctis
1461 1843 1604 1871 tricesima:
1624 1843 1730 1878 primat,
1744 1848 1772 1871 et
1785 1851 1828 1871 se-

1035 1889 1121 1917 cundo
1135 1893 1244 1924 puncto.
1257 1889 1291 1916 Et
1304 1889 1384 1916 tertio
1396 1893 1496 1923 puncto
1506 1889 1656 1917 undecima:
1668 1890 1743 1917 hora‘.
1756 1888 1828 1924 ejus-

1036 1934 1094 1962 dem
1109 1933 1196 1960 noctis
1209 1933 1292 1960 intrat
1304 1933 1332 1960 in
1347 1933 1475 1964 Taurum,
1489 1937 1516 1959 et
1533 1933 1569 1961 ibi
1583 1938 1706 1961 moratur
1718 1933 1828 1968 triginta

1036 1979 1092 2007 dies
1106 1983 1133 2006 et
1146 1979 1238 2006 decem
1253 1978 1335 2006 semis
1353 1979 1443 2005 horas.
1458 1978 1493 2005 Et
1511 1977 1584 2005 exiet
1606 1978 1640 2005 de
1663 1977 1754 2005 Tauro
1773 1984 1828 2005 non

1036 2025 1070 2052 ab
1085 2024 1150 2052 hora
1164 2024 1207 2051 die
1222 2023 1257 2059 [F
1259 2027 1324 2056 orte,
1338 2031 1408 2051 nona
1422 2023 1488 2051 hora
1501 2022 1566 2059 diei]
1579 2022 1667 2058 plena.
1680 2022 1714 2049 Et
1729 2021 1767 2049 ibi
1779 2022 1830 2049 ha-

1036 2071 1084 2099 bes
1094 2077 1176 2098 unam
1187 2070 1281 2097 horam
1292 2077 1326 2097 ex
1336 2073 1452 2104 quatuor
1463 2068 1569 2104 punctis
1579 2069 1607 2096 in
1617 2067 1723 2095 duobus
1732 2067 1827 2102 signis.

1037 2115 1071 2143 Et
1085 2115 1153 2142 ﬁunt
1173 2115 1288 2142 duorum
1301 2114 1440 2150 signorum
1460 2113 1600 2149 sexaginta
1616 2113 1673 2141 dies
1686 2115 1714 2140 et
1733 2111 1829 2147 viginti

1038 2168 1092 2188 ma
1113 2161 1190 2188 hora.
1205 2159 1238 2186 Et
1254 2160 1357 2187 decima
1373 2159 1440 2187 hora
1458 2158 1511 2186 diei
1533 2158 1618 2185 intrat
1641 2158 1669 2185 in
1690 2156 1827 2185 Geminos.

201 2208 245 2242 qui
260 2208 372 2235 adduxit
385 2207 423 2244 [et
437 2208 553 2244 reduxit]
567 2209 650 2236 David
662 2209 787 2237 dilectum
800 2215 861 2236 cum
877 2213 988 2242 prospe—
1002 2217 1029 2248 Β
1040 2206 1074 2233 Et
1093 2205 1166 2233 exiet
1185 2205 1218 2232 de
1239 2203 1359 2232 Geminis
1378 2203 1491 2238 septima
1508 2203 1574 2231 hora
1588 2202 1667 2238 plena
1689 2201 1787 2234 noctis,
1802 2206 1830 2231 et

203 2253 279 2280 ritate
291 2257 318 2280 et
337 2253 422 2280 salute
437 2253 470 2280 ad
483 2261 575 2281 servos
597 2262 669 2282 suos.

419 2303 430 2317 ε
440 2297 607 2325 EPISTOLA
620 2298 757 2325 LXXXIII.

460 2353 491 2371 ΔΙ)
512 2353 619 2372 υοδιΝυΜ
636 2352 733 2372 ΒΕΕΕΜ.

508 2390 596 2426 (Anno
610 2390 682 2426 798.)

204 2434 241 2462 De
254 2443 333 2462 cursu
347 2434 410 2462 solis
422 2444 467 2470 per
478 2436 553 2470 signa
567 2436 685 2468 zodiaci;
699 2440 722 2462 et
740 2436 852 2470 qualiter
866 2436 924 2462 inde
939 2437 992 2463 bis-

239 2475 326 2497 sextus
341 2471 473 2505 emergat!
484 2470 589 2497 Laudat
606 2471 721 2497 studium
734 2470 890 2505 astrologia’,
907 2472 992 2498 arith-

240 2542 254 2556 ι
268 2537 370 2572 Αρίειε.
396 2536 450 2575 _Seu
475 2538 598 2575 epistola,
610 2538 700 2566 Caroli
724 2539 760 2575 de
780 2537 992 2575 Septuagesima,

206 2578 286 2607 quam
298 2579 379 2609 supra
392 2572 522 2601 dedimus.
538 2573 578 2600 Ex
591 2574 642 2601 hac
656 2581 720 2609 ergo
735 2574 806 2601 illius
817 2572 927 2609 quoque
946 2572 994 2602 an-

206 2613 345 2642 nuquuo
357 2607 421 2634 data
434 2611 486 2640 est,
499 2607 695 2642 cognoscimus.

243 2641 349 2678 ljBélli.
364 2642 503 2676 Saxonici,
515 2641 545 2670 ut
568 2645 740 2678 interpretor,
760 2643 830 2678 quod
853 2645 904 2672 hoc
925 2652 996 2672 anno

208 2676 259 2717 τρε
273 2680 378 2718 gestum
391 2681 443 2711 est,
462 2683 490 2718 e_t
500 2676 664 2718 describitur
684 2679 717 2706 ab
730 2676 869 2718 Annalists
883 2680 997 2708 Lambe-

209 2712 405 2753 ciano‘etaliis,
416 2713 487 2753 apud
500 2713 610 2753 fagium
623 2714 679 2753 hoc
688 2722 768 2753 anno,
780 2722 808 2742 n.
821 2714 847 2741 4.

246 2746 343 2787 eﬂEdit.
356 2746 484 2787 Quercet.
500 2748 516 2775 8
528 2746 636 2787 tsi-ms.
646 2757 653 2782 ;
672 2749 716 2787 hic
730 2757 793 2787 vero
808 2758 840 2787 ex
863 2750 922 2787 cod.
932 2759 995 2787 gms.

209 2781 343 2819 biblioth.‘
356 2782 494 2819 Vaticana
509 2791 541 2819 ει.
559 2783 613 2819 226
629 2783 697 2819 ἰηέὸ-
714 2785 874 2819 quibusdam
889 2786 916 2813 in
932 2786 998 2814 locis

209 2817 380 2856 emendatior
391 2818 491 2856 prodit.
506 2817 612 2856 Scripta
628 2817 735 2856 videtur
747 2828 820 2856 anno,
837 2822 931 2849 eodem
945 2829 999 2856 quo

211 2851 296 2879 altera
313 2859 376 2887 qua:
387 2851 478 2880 statim
489 2851 619 2888 sequiiur,
634 2852 661 2880 in
674 2860 726 2888 qua
739 2854 868 2882 calculum
880 2851 999 2885 suum-de

1041 2252 1144 2280 duobus
1164 2251 1271 2287 punctis
1290 2254 1392 2279 octava:
1406 2249 1497 2278 harae.
1515 2249 1549 2276 Et
1564 2249 1645 2277 tertio
1665 2251 1765 2284 puncto
1784 2254 1831 2275 oc-

1043 2302 1109 2330 tavae
1123 2298 1197 2326 hora:
1218 2296 1306 2325 noctis
1325 2296 1408 2324 intrat
1431 2295 1459 2323 in
1483 2294 1627 2323 Cancrum.
1648 2294 1684 2323 Et
1701 2293 1776 2322 oxiet
1797 2293 1831 2322 de

1041 2343 1145 2372 Cancro
1156 2348 1231 2371 sexta
1243 2344 1309 2372 hora
1325 2343 1377 2372 diei
1390 2342 1479 2379 plena.
1492 2341 1526 2369 Et
1538 2341 1574 2369 ibi
1588 2341 1671 2370 habes
1684 2339 1832 2370 secundam

1042 2390 1137 2419 horam
1158 2394 1186 2417 et
1205 2393 1321 2425 quatuor
1343 2393 1458 2425 punctos
1482 2388 1596 2416 duorum
1623 2386 1771 2421 signomm.
1795 2384 1830 2412 Et
1866 2381 1869 2383 ’

1043 2435 1110 2463 ﬁunt
1129 2435 1157 2462 in
1172 2434 1292 2463 Geminis
1305 2438 1332 2461 et
1352 2433 1456 2462 Cancro
1474 2433 1532 2461 dies
1552 2431 1691 2467 sexaginta
1710 2434 1739 2459 et
1756 2431 1831 2459 hom

1042 2482 1136 2516 viginti
1148 2488 1211 2509 una.
1226 2480 1315 2509 Habes
1330 2479 1407 2516 [ϐοά.
1428 2478 1499 2512 γαιη
1509 2479 1544 2508 Et
1556 2477 1651 2514 habes]
1664 2478 1691 2506 in
1705 2477 1749 2506 his
1762 2483 1831 2512 qua-

1045 2545 1210 2572 incremento
1225 2545 1316 2572 decem
1334 2545 1462 2573 horarum
1479 2548 1507 2572 et
1519 2544 1636 2579 dimidias
1655 2543 1699 2572 hic
1710 2541 1832 2579 proposi-

1046 2584 1102 2615 tum
1113 2579 1241 2615 defendit.
1254 2580 1341 2615 (Apud
1352 2580 1468 2608 Froben.
1483 2579 1564 2615 epist.
1580 2578 1638 2614 68.)

1079 2614 1093 2650 fl
1108 2611 1276 2649 Fredegisiu'.
1288 2611 1332 2650 "An
1349 2611 1540 2650 Eridegisusfis
1559 2618 1616 2646 est,
1628 2611 1741 2650 'Qlcuini
1753 2611 1834 2650 disci:

1045 2649 1131 2684 pulus,
1147 2646 1226 2684 quem
1241 2649 1348 2677 nomine
1360 2646 1533 2684 Natbanaelis
1546 2648 1716 2684 compellavit
1733 2647 1760 2675 in
1777 2646 1834 2683 cpi;

1047 2656 1131 2684 putus,
1145 2656 1226 2711 auem
1241 2656 1348 2677 nomine
1361 2656 1533 2677 uatnanaens
1546 2656 1583 2676 οοι

1047 2684 1115 2711 stola
1128 2691 1143 2710 a
1173 2683 1320 2710 Candidum
1332 2687 1360 2710 et
1371 2683 1583 2711 Nathanaelem?

1084 2724 1096 2739 ο
1111 2718 1188 2745 Lucis
1202 2719 1348 2745 materiam.
1364 2717 1468 2746 Oleum.

1086 2753 1096 2773 ί
1122 2752 1213 2780 Honor
1236 2760 1341 2780 mensa.
1367 2753 1473 2781 Dolium
1498 2754 1562 2781 vino
1588 2752 1726 2788 impletum
1753 2752 1837 2780 inter-

1049 2793 1308 2863 priwis'ecemliom
1329 2827 1353 2849 et
1376 2822 1496 2863 dimidio:
1580 2823 1632 2850 hac
1648 2824 1835 2863 supputatione

1051 2857 1147 2893 quaerit
1161 2856 1271 2892 epistola
1285 2857 1417 2892 sequenti,
1431 2858 1496 2894 quid
1508 2858 1544 2887 sit
1556 2856 1773 2886 immutandum?
