4070 6182
367 365 477 421 273

1813 359 2194 420 EPISTOLE.

3523 363 3632 421 επ

364 483 519 538 ciunt
559 476 753 548 viginti
804 481 1066 545 quatuor,
1120 482 1252 546 quot
1284 482 1409 530 sunt
1460 477 1606 531 horas
1655 477 1814 530 unius
1853 471 1959 529 diei
1989 476 2040 534 Α
2063 483 2201 537 ctus,
2229 474 2411 541 cujus,
2457 485 2675 547 propter
2704 476 3088 538 curiositatem.
3119 492 3239 532 cum
3267 491 3468 546 paucas
3487 481 3632 550 pagi-

365 567 590 640 [S'tpplc
617 563 752 638 qui].
781 565 887 620 Per
910 565 1323 636 quadriennium
1351 565 1628 629 accrescit,
1658 573 1718 619 ut
1746 564 1954 620 bissex-

365 667 454 712 tus
489 657 608 711 ﬁeri
648 656 837 727 possit.
890 655 957 710 Et
992 655 1127 710 ﬁunt
1157 656 1210 710 in
1251 664 1445 726 quarto
1489 671 1635 711 anno
1675 656 1778 712 566
1815 657 1948 713 dies.

363 748 469 816 Qui
500 747 748 803 senarius
777 762 1036 801 numerus
1061 745 1289 801 multum
1315 746 1458 800 valet
1494 747 1546 800 in
1577 747 1779 802 circulo
1803 748 1948 801 anni.

361 839 626 896 Nam360
654 837 789 893 ﬁunt
831 837 956 909 [Ρη
992 837 1125 891 ﬁunt
1153 837 1242 909 ex]
1275 838 1454 892 sexies
1498 839 1800 907 sexaginta.
1847 837 1949 905 Qui

359 928 772 1000 sexagenarius,
802 929 846 982 si
867 943 965 997 per
989 928 1267 982 denarium
1290 928 1543 998 partitur,
1569 930 1810 985 invenies
1831 945 1950 985 sex.-

359 1020 677 1092 agenarium
721 1035 1004 1074 numerum
1031 1034 1131 1089 per
1159 1020 1442 1075 denarium
1472 1035 1592 1076 esse
1627 1022 1944 1091 perfectum,

360 1112 504 1166 sicut
528 1110 778 1165 senarius
801 1124 900 1180 per
922 1110 1206 1165 unitatem.
1235 1111 1372 1166 Nam
1398 1127 1583 1176 unum,
1611 1113 1715 1168 duo
1738 1122 1792 1169 et
1817 1122 1942 1179 tres,

360 1215 460 1257 sex
507 1199 732 1254 faciunt.
773 1198 843 1253 Et
883 1206 966 1253 est
1005 1198 1279 1267 perfectus
1321 1217 1580 1257 numerus
1613 1203 1667 1257 in
1701 1204 1948 1273 partibus

359 1292 496 1346 suis.
531 1291 611 1345 ita
637 1291 1020 1360 sexagenarius
1043 1291 1331 1360 quamdam
1354 1291 1740 1362 perfectionem
1765 1296 1943 1362 habet,

359 1384 407 1438 si
437 1383 671 1452 partitur
692 1397 792 1452 per
821 1381 1100 1436 denarium
1135 1397 1440 1437 numerum.
1486 1383 1826 1440 Nam-semel
1856 1387 1965 1441 de».

357 1483 570 1539 cem,ct
596 1473 683 1528 bis
711 1473 915 1538 decem,
935 1479 988 1526 et
1012 1481 1097 1526 ter
1117 1472 1325 1538 decem,
1342 1475 1615 1544 sexaginta
1643 1484 1784 1530 sunt.
1811 1475 1942 1531 Nam

357 1572 625 1635 quantum
647 1563 793 1619 valet
821 1563 876 1617 in
902 1563 1077 1632 primo
1103 1579 1264 1618 versu
1294 1580 1641 1620 numerorum
1678 1569 1943 1632 senarius,

360 1667 419 1710 ut
448 1656 796 1726 perveniatur
829 1655 898 1710 ad
927 1655 1143 1719 decem,
1185 1663 1395 1709 tantum
1430 1655 1572 1711 valet
1611 1656 1665 1710 in
1711 1658 1944 1712 secundo

360 1763 519 1801 versu
544 1760 894 1802 numerorum
924 1745 1336 1815 sexagenarius,
1384 1753 1443 1800 ut
1483 1747 1830 1816 perveniatur
1873 1748 1940 1802 ad

2054 563 2209 618 notas
2251 563 2473 633 legendo
2517 567 2866 635 percucurri,
2907 567 3083 622 inveni
3127 564 3337 636 pejores
3378 565 3628 629 haereses.

2053 654 2136 709 vel
2163 653 2337 725 magis
2371 655 2752 724 blasphemias,
2797 672 2959 726 quam
3003 666 3130 713 ante
3175 658 3228 712 in
3259 657 3378 727 ejus
3419 660 3636 730 scriptis

2051 745 2303 814 legerem.
2344 745 2607 802 Asserens
2645 746 2918 816 Christum
2964 745 3147 802 Iesum
3190 764 3291 804 nec
3334 748 3500 806 ﬁlium
3538 749 3636 805 Dei

2051 851 2171 891 esse
2196 852 2402 902 verum,
2439 855 2539 894 nec
2581 841 2742 894 etiam
2781 855 2970 894 verum
2999 841 3337 910 Deumesse,
3367 843 3464 899 sed
3498 859 3636 899 nun-

2050 926 2374 995 cupativum.
2413 926 2528 984 Non
2556 928 2840 984 intendens
2877 929 3007 1002 quid
3029 929 3352 1001 prtedicator
3384 933 3634 1004 egregius

2050 1013 2116 1069 de
2131 1015 2530 1088 divinitate96
2542 1017 2742 1077 Christi
2760 1018 2863 1076 ait:
2887 1018 3132 1088 Quorum
3145 1030 3340 1090 patres,
3362 1038 3426 1077 ea:
3446 1022 3632 1091 quibus

2050 1102 2324 1169 Christus,
2343 1104 2431 1175 qui
2455 1116 2528 1158 est
2559 1122 2717 1175 super
2755 1109 2938 1162 omnia
2960 1107 3101 1163 Deus
3127 1104 3425 1168 benedictus
3460 1112 3514 1164 in
3539 1127 3652 1166 sa:-

2047 1196 2168 1252 sala
2195 1196 2374 1266 (Rom.
2401 1213 2478 1261 ix,
2510 1197 2590 1268 5).
2618 1197 2685 1250 Et
2706 1213 2865 1268 spero
2889 1198 3045 1269 plura
3087 1199 3178 1256 ibi-
3201 1199 3430 1266 inveniri
3457 1216 3631 1271 posse,

2047 1303 2167 1356 quzc
2219 1287 2343 1342 ﬁdei
2397 1287 2677 1342 catholica:
2721 1289 2996 1344 adversari
3045 1289 3350 1345 videantur.
3405 1289 3460 1346 Si
3505 1290 3636 1344 nihil

2048 1379 2191 1434 aliud
2223 1379 2527 1436 inveniatur
2550 1388 2736 1434 contra
2763 1379 2922 1435 ﬁdem
2955 1380 3295 1445 catholicam,
3335 1382 3439 1437 hoc
3461 1381 3662 1449 solum_

2048 1469 2242 1526 suﬁicit
2267 1472 2369 1527 sibi
2400 1472 2466 1526 ad
2493 1472 2849 1542 perditionem
2887 1473 2992 1528 sui.
3033 1474 3127 1530 Vae
3151 1474 3353 1530 mundo
3382 1476 3450 1530 ab
3481 1471 3635 1530 scan?

2048 1563 2182 1618 dalis
2209 1562 2423 1635 (Matth.
2460 1580 2616 1626 xvm,
2653 1561 2746 1635 7)!
2789 1563 2966 1618 Ecce!
3009 1565 3102 1633 qui
3130 1565 3385 1620 adoratur
3426 1566 3495 1620 ab
3539 1581 3635 1619 an-

2047 1654 2180 1723 gelis
2207 1654 2261 1709 in
2292 1655 2474 1722 caelis,
2520 1665 2748 1726 negatur
2768 1657 2825 1712 in
2851 1657 3016 1712 terris
3040 1658 3108 1713 ab
3143 1658 3453 1713 hominibus
3472 1647 3636 1712 verus

2047 1757 2166 1798 esse
2187 1745 2348 1800 Deus.
2375 1745 2544 1814 Hujus
2564 1761 2692 1802 vero
2721 1747 2867 1804 libri.
2890 1748 2974 1803 vel
2996 1747 3166 1818 magis
3195 1748 3394 1822 erroris
3417 1765 3635 1818 reSpon-

357 1846 598 1892 ceutum.
651 1835 900 1905 Quinque
949 1852 1079 1891 vero
1136 1837 1251 1893 dies
1280 1879 1293 1902 ,
1355 1837 1445 1907 qui
1501 1847 1790 1908 supersunt
1844 1841 1941 1893 tri-
1975 1824 2026 1886 Β
2049 1835 2129 1890 sio
2154 1836 2320 1890 multa
2346 1836 2623 1907 diligentia
2651 1844 2706 1891 et
2729 1837 2973 1906 pluribus
2997 1837 3335 1907 adjutoribus
3355 1846 3438 1894 est
3458 1838 3634 1898 censio

357 1928 602 1984 centenis
628 1928 909 2000 sexagenis
946 1927 1136 1982 diebus
1178 1928 1232 1982 in
1279 1928 1501 1999 singulis
1538 1931 1828 1994 mensi-bus,
1861 1940 1945 1986 est

357 2028 514 2075 sexta
540 2035 669 2089 pars
693 2016 896 2074 mensis
921 2017 1360 2090 uniuscujusque.
1391 2019 1495 2075 Sex
1523 2037 1656 2076 vero
1676 2022 1843 2088 horse,
1875 2037 1941 2077 ex

357 2111 555 2180 quibus
579 2118 774 2180 quarto
804 2125 944 2164 anno
975 2117 1127 2165 sexta
1161 2110 1276 2165 dies
1297 2112 1574 2176 accrescit,
1601 2112 1800 2168 habent
1822 2129 1944 2184 per-

359 2200 650 2255 fectionem
676 2215 832 2254 suam
872 2199 925 2253 in
957 2199 1246 2270 partitione
1273 2201 1473 2256 senarii
1515 2203 1757 2267 numeri,
1805 2204 1945 2258 sicut

357 2290 518 2358 paulo
542 2298 668 2344 ante
691 2289 904 2359 praefati
930 2306 1135 2345 sumus.
1172 2291 1246 2345 Et
1274 2292 1413 2347 sicut
1441 2291 1668 2348 Creator
1700 2294 1944 2364 aequissi-

359 2393 479 2432 mus
522 2378 576 2432 in
620 2393 715 2432 sex
764 2377 956 2433 diebus
985 2377 1113 2433 fecit
1154 2380 1332 2434 omnia
1375 2396 1538 2450 opera
1582 2383 1944 2450 primordialis

358 2469 563 2533 mundi,
600 2468 1085 2540 ut‘signiﬁcaretur
1114 2470 1167 2524 in
1195 2469 1525 2540 perfectione
1549 2473 1756 2527 numeri
1789 2489 1944 2528 sena—

359 2559 445 2625 rii,
484 2560 667 2614 omnia
711 2559 766 2613 in
812 2560 1019 2614 naturis
1048 2560 1160 2613 suis
1205 2557 1397 2616 fecisse
1425 2576 1546 2616 eum
1576 2560 1834 2631 perfecta.
1875 2563 1944 2617 Et

361 2653 446 2707 ille
469 2651 586 2722 ipse
623 2650 852 2706 Creator
894 2666 1137 2720 magnus,
1170 2651 1523 2717 admirabilis,
1551 2651 1824 2722 perfectus
1859 2661 1948 2708 est

361 2744 412 2798 in
456 2751 652 2797 natura
699 2757 834 2797 sua:
877 2742 962 2797 cui
1004 2741 1326 2810 complacuit
1356 2740 1510 2813 [Cod.
1550 2740 1688 2807 Vat.,
1716 2742 1949 2815 placuit].

357 2834 533 2888 omnia
563 2833 618 2886 in
649 2831 850 2887 senarii
874 2832 1085 2886 numeri
1112 2830 1443 2901 perfectione
1482 2830 1758 2901 perﬁcere.
1790 2827 1944 2888 Unde

360 2937 411 2981 et
435 2935 587 2981 sexta
627 2926 714 2981 die
747 2934 963 2980 creatus
1005 2933 1093 2979 est
1133 2925 1322 2988 homo,
1349 2923 1621 2994 perfectus
1665 2923 1843 2978 anima
1887 2931 1942 2978 et

358 3032 583 3088 corpore
611 3035 624 3070 :
654 3023 877 3088 propter
915 3031 1079 3087 quem
1111 3015 1292 3070 omnia
1318 3022 1506 3068 creata
1529 3022 1672 3079 sunt,
1701 3030 1821 3084 qua:
1844 3029 1940 3070 sex

359 3106 546 3162 diebus
571 3106 785 3162 condita
809 3121 928 3160 esse
963 3105 1232 3175 leguntur.
1261 3101 1413 3158 Unde
1435 3111 1492 3156 et
1521 3102 1634 3172 ipse
1655 3102 1817 3167 Deus,
1846 3103 1941 3156 Dei

2050 1928 2304 1982 deranda.
2351 1927 2464 1998 Ego
2499 1927 2646 1983 solus
2688 1942 2794 1982 non
2841 1927 3050 1983 sufﬁcio
3094 1929 3161 1983 ad
3205 1920 3629 1997 responsionem.

2047 2016 2346 2072 Praevideat
2369 2032 2500 2072 vero
2537 2025 2625 2072 tua
2659 2027 2845 2072 sancta
2875 2018 3048 2088 pietas
3075 2017 3202 2074 huic
3231 2019 3379 2090 Operi
3405 2004 3515 2073 tam
3549 2036 3628 2074 ar-

2049 2105 2153 2159 duo
2185 2112 2240 2158 et
2273 2106 2580 2160 necessario
2617 2103 2894 2175 adjutores
2925 2107 3178 2174 idoneos,
3210 2117 3474 2177 quatenus
3519 2109 3635 2164 haec

2045 2195 2210 2264 impia
2256 2196 2480 2250 hzeresis
2521 2197 2846 2252 omnimodis
2893 2199 3302 2269 cxstinguatur,
3343 2209 3632 2272 antequam

2045 2286 2207 2341 latius
2235 2297 2523 2358 spargatur
2563 2304 2659 2358 per
2684 2289 2870 2344 orbem
2913 2288 3460 2362 Christianiimperii,
3493 2275 3642 2366 quod

2043 2376 2225 2433 divina
2251 2377 2426 2448 pietas
2464 2377 2562 2432 tibi
2608 2378 2822 2450 tuisque
2863 2379 2990 2434 ﬁliis
3027 2381 3305 2444 commisit.
3341 2381 3646 2452 regendum,

2047 2475 2208 2536 atque
2233 2469 2660 2538 gubernandum.
2692 2469 2864 2540 Surge
2894 2470 2990 2529 vir,
3020 2486 3049 2524 a
3089 2472 3200 2526 Deo
3231 2472 3428 2538 electe,
3477 2488 3643 2543 surge.

2047 2558 2121 2612 ﬁli
2151 2558 2265 2623 Dei,
2283 2573 2452 2627 surge
2481 2559 2636 2613 miles
2661 2558 2886 2625 Christi,
2917 2567 2979 2615 et-
3000 2559 3224 2616 defende
3246 2577 3499 2632 sponsam
3532 2561 3638 2618 D0-

2046 2647 2183 2702 mini
2201 2648 2295 2702 Dei
2326 2649 2422 2703 tui.
2454 2647 2643 2717 Cogita
2673 2647 2740 2702 de
2783 2663 2976 2717 sponsa
3020 2659 3129 2714 tua,
3162 2650 3206 2704 si
3237 2651 3362 2720 quis
3389 2667 3509 2706 eam
3540 2669 3638 2708 ex-

2045 2739 2313 2794 honorare
2340 2739 2485 2802 velit,
2512 2754 2678 2809 quam
2701 2739 2971 2808 patienter
2994 2749 3117 2795 tuus
3148 2742 3253 2796 hoc
3285 2741 3504 2797 sufferat
3528 2743 3630 2797 ini-

2044 2832 2239 2888 micus.
2269 2832 2562 2888 Considera
2594 2847 2807 2904 quoque
2850 2832 2995 2903 quod
3032 2832 3230 2903 injuria
3259 2835 3358 2890 ﬁlii
3386 2835 3464 2890 tui
3495 2836 3548 2890 in
3578 2844 3632 2890 te

2043 2923 2359 2993 perveniet;
2399 2924 2668 2993 quomodo
2693 2940 2801 2979 non
2837 2925 3005 2980 multo
3039 2926 3212 2997 magis
3238 2924 3431 2994 injuria
3459 2934 3514 2982 et
3539 2942 3632 3001 op.-

2045 3014 2322 3085 probrium
2345 3013 2475 3071 Filii.
2495 3015 2592 3071 Dei
2615 3014 2923 3075 Salvatoris.
2933 3016 3028 3080 tui,
3061 3017 3383 3087 protectoris
3405 3018 3505 3082 tui,
3526 3018 3621 3073 lar.

2047 3107 2237 3179 gitoris
2270 3107 2512 3162 omnium
2534 3109 2796 3163 bonorum
2823 3108 2953 3163 totis
2975 3108 3182 3163 viribus
3207 3109 3526 3165 vindicanda
3548 3119 3631 3165 est

363 3197 546 3264 Filius,
574 3199 666 3269 qui
693 3207 777 3254 est
794 3197 969 3252 virtus
999 3168 1054 3251 et
1088 3196 1350 3266 sapientia
1375 3193 1471 3249 Dei
1504 3168 1567 3267 (i
1595 3194 1716 3250 Cor.
1742 3212 1781 3259 ι,
1810 3195 1933 3267 24),
1967 3168 2015 3233 C
2048 3168 2190 3255 libi?
2219 3199 2313 3255 Sta
2341 3199 2566 3254 viriliter
2587 3215 2687 3272 pro
2714 3215 2796 3264 ea,
2826 3215 2986 3269 quam
3032 3200 3290 3270 accepisti
3331 3215 3362 3255 a
3401 3201 3512 3260 Deo
3541 3209 3631 3257 tuo

360 3298 511 3346 sexta
541 3299 698 3347 aetate
720 3290 910 3346 mundi
937 3290 1084 3344 venit
1116 3289 1171 3342 in
1219 3287 1476 3342 mundum
1506 3287 1718 3342 salvare
1758 3288 1939 3345 homi-

366 3394 513 3448 nem,
537 3396 695 3451 quem
718 3392 869 3438 sexta
901 3382 984 3436 die
1013 3380 1235 3436 creavit.
1277 3379 1354 3433 ita
1382 3379 1630 3434 senarius
1660 3395 1938 3445 numerus,

367 3478 424 3528 ct
468 3471 524 3526 in
571 3471 869 3528 conditione
913 3470 1340 3543 primordialium
1388 3478 1756 3525 creaturarum
1797 3472 1939 3526 etin

361 3562 700 3619 successiOne
741 3564 1061 3619 saeculorum
1080 3603 1094 3628 ,
1126 3578 1244 3632 quze
1274 3576 1370 3617 sex
1410 3562 1658 3616 aetatibus
1685 3578 1938 3618 cucurre-

361 3660 507 3719 runt,
535 3661 589 3709 et
615 3655 756 3724 quod
784 3664 936 3710 sexta
963 3662 1122 3710 aetate
1149 3653 1294 3708 venit
1321 3652 1492 3708 Filius
1521 3654 1612 3708 Dei
1642 3655 1936 3710 humanum

358 3759 527 3814 genus
569 3761 824 3817 reparare
860 3747 924 3802 ad
959 3746 1251 3817 pristinam
1269 3745 1578 3814 dignitatem
1617 3745 1938 3800 conditionis

359 3852 484 3900 sum,
512 3838 742 3891 multum
774 3836 928 3891 valet.

426 3926 583 3982 Tales
612 3929 880 3993 rationes,
929 3943 965 3983 ο
991 3928 1339 3984 dilectissime
1371 3928 1445 4000 [et
1473 3928 1800 4001 dulcissime]
1829 3930 1931 3983 Da-

357 4017 462 4081 vid,
494 4019 651 4074 vobis
681 4019 812 4073 mihi
841 4018 1139 4075 scribendae
1166 4028 1310 4085 sunt,
1343 4036 1449 4074 non
1481 4020 1698 4074 rusticis
1718 4020 1940 4088 quibus.

360 4109 504 4175 libet,
529 4109 585 4164 in
612 4110 809 4179 quibus
838 4110 1154 4179 sapientiam
1190 4119 1336 4165 tuam
1362 4111 1626 4166 eruditam
1659 4124 1779 4164 esse
1802 4110 1934 4171 scio,

357 4207 407 4252 ct
455 4215 576 4268 quae
613 4200 709 4254 tibi
755 4199 970 4269 placere
1016 4200 1237 4254 omnino
1285 4214 1555 4270 agnosco:
1608 4208 1668 4253 ut
1710 4199 1939 4268 gaudeat

358 4305 506 4344 mens
539 4299 641 4344 tua
681 4289 734 4344 in
778 4289 1080 4345 rationibus
1109 4303 1326 4354 rerum,
1369 4289 1508 4345 sicut
1551 4305 1670 4344 mea
1712 4288 1936 4343 multum

355 4380 548 4448 gaudet
570 4380 665 4435 tibi
694 4380 888 4449 sacpius
909 4377 1038 4434 talia
1059 4380 1313 4450 dirigere.
1340 4378 1658 4434 Benedictus
1679 4378 1939 4434 Dominus

357 4469 496 4524 Deus
519 4471 571 4524 in
596 4470 750 4524 donis
774 4470 904 4535 suis,
941 4470 1031 4539 qui
1069 4470 1166 4526 tibi
1192 4470 1548 4526 clarissimam
1577 4469 1772 4524 divina:
1801 4467 1935 4540 legis

353 4561 656 4626 scientiam,
687 4569 741 4615 et
753 4561 1204 4630 jucundissimam
1231 4561 1554 4616 naturalium
1591 4577 1773 4617 rerum
1807 4576 1936 4617 con-

350 4655 518 4709 ees~it
545 4655 928 4724 cognitionem.
963 4653 1128 4723 Cujus
1150 4655 1405 4711 ineffabili
1427 4656 1611 4726 pietati
1638 4656 1794 4712 nobis
1822 4671 1938 4711 om-

350 4748 512 4802 nibus
536 4749 804 4804 continum
843 4763 910 4803 ex
938 4756 1050 4802 tota
1076 4746 1371 4802 voluntatis
1395 4746 1690 4801 intentione
1717 4747 1938 4818 agenda:

351 4850 479 4894 sunt
503 4839 708 4910 gratim,
739 4839 884 4910 quod
915 4839 1080 4895 talem
1122 4839 1280 4894 nobis
1315 4837 1634 4906 perdonavit
1661 4837 1936 4892 dominum

349 4939 405 4985 et
432 4942 718 4986 rectorem.
761 4932 828 4985 Et
865 4932 1098 4987 assiduis
1121 4930 1373 5000 precibus
1399 4927 1541 4984 illius
1567 4930 1808 5000 piissima
1835 4946 1934 5000 po-

353 5019 518 5073 tentia
545 5020 864 5090 postulauda
894 5028 999 5085 est,
1031 5027 1293 5090 quatenus
1314 5018 1551 5088 longaeva
1578 5019 1935 5088 prosperitate

351 5121 407 5165 et
433 5110 605 5166 salute
642 5121 692 5165 te
724 5113 880 5167 nobis
911 5126 1233 5168 conservare
1266 5111 1537 5180 dignetur,
1567 5121 1593 5148 τι
1628 5111 1934 5164 desideran-

355 5199 560 5256 IiSsime
587 5202 776 5256 David.

423 5288 605 5360 Nuper
631 5293 778 5347 venit
804 5291 936 5346 mihi
964 5291 992 5331 1³
1019 5291 1230 5346 libellus
1257 5307 1290 5345 a
1316 5289 1496 5345 Felice
1542 5286 1754 5342 infelice
1793 5288 1934 5343 dire-

423 5453 449 5512 9
476 5439 967 5498 Desiderantissime
1004 5443 1191 5498 David.
1223 5443 1324 5498 Hic
1351 5443 1474 5498 finis
1501 5449 1585 5497 est
1614 5441 1852 5512 epistola
1881 5442 1932 5495 in

351 5512 473 5584 Cod.
502 5513 802 5579 Vaticano;
845 5515 986 5568 unde
1015 5515 1248 5584 suspicio
1283 5514 1413 5568 mihi
1454 5513 1582 5566 oriri
1631 5512 1930 5584 possit,in

352 5583 804 5654 subsequentibus
829 5599 1027 5639 novam
1073 5582 1310 5653 incipere
1337 5584 1649 5654 epistolam,
1699 5599 1817 5652 qua:
1846 5582 1933 5636 hic

350 5669 416 5706 ex
431 5724 435 5725 ί
450 5653 653 5725 incuria
683 5655 964 5725 scriptoris
984 5655 1223 5725 subnexa
1247 5654 1316 5706 sit
1337 5653 1525 5725 priori.

429 5724 453 5758 ι’
486 5723 702 5793 Nuper.
736 5763 748 5777 .
782 5721 1049 5779 (libellus.
1079 5723 1196 5789 Quo
1231 5737 1422 5790 nempe
1462 5721 1608 5776 Felix
1651 5722 1931 5793 respondet

349 5794 433 5863 (pi
458 5792 590 5848 nunc
618 5795 823 5850 Alcuini
855 5795 1136 5849 cbaritatis
1171 5793 1377 5846 calamo
1409 5793 1637 5860 script-1'.
1681 5793 1812 5845 Petit
1845 5792 1929 5845 hic

2047 3293 2333 3362 regendam
2362 3301 2416 3347 et
2441 3292 2888 3356 conservandam,
2919 3298 3181 3360 quatenus
3202 3290 3439 3361 potentia
3473 3308 3612 3348 sazcu

2043 3381 2172 3435 laris
2199 3381 2294 3437 tibi
2319 3381 2567 3450 proﬁciat
2589 3381 2642 3436 in
2672 3381 2929 3452 spiritalis
2957 3380 3141 3451 gloria:
3171 3381 3404 3436 divitias.

2477 3503 2499 3529 ε
2531 3490 2861 3547 EPISTOLA
2902 3490 3184 3547 LXXXIV.

2559 3600 2625 3638 AD
2662 3599 2800 3639 DOMN
2809 3598 2878 3637 Ulli
2919 3598 3092 3639 REGE!
3101 3622 3112 3633 .

2661 3673 2838 3745 (Anno
2866 3674 3012 3745 798.)

2043 3767 2293 3838 Epistolas
2329 3765 2510 3820 Caroli
2555 3763 2744 3844 Magni
2789 3766 3060 3834 respondet
3097 3767 3162 3822 de
3203 3770 3436 3823 carmine
3461 3771 3628 3892 eo?-

2111 3836 2313 3892 ciendo.
2354 3834 2418 3888 de
2443 3843 2770 3892 apparatione
2802 3835 2966 3890 stella:
2995 3835 3206 3892 Martis.
3233 3838 3299 3892 de
3326 3838 3499 3892 libello
3578 3858 3628 3892 c-

2111 3836 2313 3900 ciendo,
2354 3834 2418 3888 de
2443 3834 2770 3903 apparitione
2802 3835 2966 3890 stella:
2995 3835 3206 3901 Martis,
3233 3838 3299 3892 de
3326 3838 3499 3894 libello
3528 3834 3631 3893 Fc-

2110 3905 2224 3960 licis
2262 3901 2566 3975 refutando,
2591 3901 2655 3955 de
2687 3906 3063 3975 (lucrationibus
3087 3925 3118 3960 a
3145 3909 3258 3975 ﬁlia
3298 3909 3397 3962 sibi
3439 3910 3623 3971 molis,

2111 3975 2174 4029 de
2189 3973 2642 4046 supputatiom'bus
2661 3973 2945 4026 secundum
2963 3973 3242 4047 ngyplios
3264 3978 3623 4032 emendandis.

2113 4088 2339 4143 Domino
2364 4087 2676 4144 dulcissimo
2697 4095 2750 4142 et
2775 4103 2901 4142 vere
2925 4088 3274 4144 dilectissimo
3300 4089 3489 4155 David,
3515 4108 3626 4145 ma-

2041 4178 2236 4248 gniﬁco
2262 4187 2424 4248 atque
2447 4195 2478 4232 a
2507 4179 2617 4235 Deo
2647 4188 2906 4235 coronato
2937 4180 3048 4250 regi
3087 4179 3314 4236 Flaccus
3342 4191 3626 4238 veteranus

2042 4270 2197 4354 miles
2216 4280 2526 4342 perpetuam
2557 4270 2804 4326 salutem.

2113 4360 2410 4415 laetissima
2441 4361 2573 4416 mihi
2602 4359 2903 4415 litterarum
2935 4370 3236 4416 vestrarum
3265 4360 3508 4416 chartula
3534 4376 3625 4415 oc-

2043 4453 2233 4518 currit,
2266 4452 2662 4506 febricitantem
2693 4451 3017 4517 refocillans,
3059 4453 3412 4509 dormientem
3441 4467 3627 4507 resus-

1963 4521 2018 4583 D
2042 4548 2240 4612 citans,
2274 4549 2382 4602 imo
2410 4556 2465 4602 et
2502 4547 2710 4602 inertiae
2734 4546 2923 4600 morbo
2951 4552 3250 4615 torpentem
3279 4543 3346 4598 ad
3374 4543 3623 4613 antiquas

2040 4639 2260 4694 studens
2275 4636 2572 4692 reformare
2595 4636 2824 4701 vires,et
2843 4634 3054 4690 dulcem
3085 4634 3495 4689 versiﬁcationis
3519 4650 3623 4692 me-

2037 4729 2236 4785 lodiam
2265 4730 2404 4784 inter
2432 4727 2716 4782 horribiles
2745 4741 3019 4782 armorum
3067 4725 3323 4796 strepitus
3342 4766 3356 4791 ,
3399 4735 3452 4780 ct
3477 4728 3622 4782 inter

2039 4835 2227 4874 raucos
2251 4819 2503 4874 tubarum
2529 4817 2736 4872 sonitus
2760 4814 3039 4870 admonuit
3064 4815 3292 4868 miscere
3316 4829 3331 4867 :
3357 4823 3621 4884 quatenus

2037 4921 2217 4967 truces
2267 4909 2569 4964 animorum
2624 4915 2800 4962 motus
2854 4906 3031 4974 aliqua
3075 4905 3296 4959 musicae
3339 4903 3613 4959 suavitati:

2036 5004 2263 5060 melodia
2289 5003 2396 5073 97
2426 5001 2828 5056 mulcerentur:
2861 4998 2961 5053 etsi
2994 5006 3186 5053 vestra:
3233 4997 3429 5052 mentis
3467 4997 3618 5051 nobi-

2034 5098 2238 5152 lissima
2281 5096 2549 5150 stabilitas
2591 5094 2643 5147 in
2688 5107 2792 5146 una
2825 5091 3137 5160 eademque
3180 5089 3618 5144 soliditatisarce

2036 5189 2169 5263 [Al.,
2201 5187 2388 5261 archa]
2431 5187 2810 5258 perpetualiter
2849 5193 3184 5255 permaneat,
3234 5192 3290 5236 et
3336 5183 3413 5237 iu-
3437 5183 3617 5237 medio
3645 5231 3666 5240 .,

2032 5283 2300 5352 :equitatis
2347 5279 2636 5334 libramine
2682 5277 3005 5331 inconcussa
3057 5274 3370 5332 fortitudine
3413 5273 3613 5344 vigeat.
3652 5334 3655 5337 g

2033 5436 2310 5500 Alcuinus,
2329 5443 2388 5488 ut
2410 5431 2654 5502 pluribus
2677 5430 3044 5502 committatur
3061 5429 3266 5502 erroris
3288 5426 3616 5502 confutatio;

2032 5493 2329 5580 Ρνφεθνῑίῐῆ
2357 5493 2521 5580 1ιᾷθηὶ
2569 5516 2740 5580 βψω,
2775 5499 3012 5580 Pauli-no,
3060 5493 3339 5580 Ricbbono
3381 5507 3435 5558 et
3475 5497 3617 5554 Teu-

2035 5569 2201 5652 ilulfo2
2231 5583 2386 5652 prout
2411 5569 2638 5652 habetur
2663 5570 2717 5652 in
2739 5570 2964 5652 epistola
2990 5569 3252 5652 sequenti:

2107 5662 2128 5687 ε
2160 5637 2283 5702 Huic
2307 5641 2528 5713 cpistola
2554 5641 2611 5713 ll
2640 5649 2723 5713 est
2737 5637 2881 5713 apud
2901 5637 3206 5705 Canisium;
3231 5639 3424 5713 {apud
3445 5637 3614 5713 Quor:

2033 5729 2303 5775 octauum.
2329 5703 2416 5784 ("lui
2440 5711 2638 5782 prioris
2659 5703 2899 5768 defectus
2918 5724 2981 5766 et
3007 5727 3108 5770 ms.
3133 5703 3411 5784 su'ppleiit.
3436 5703 3621 5774 (Apud

2035 5791 2262 5845 Froben.
2291 5785 2402 5852 69.)
