4054 6182
353 387 470 449 277

1811 371 2192 430 EPISTOLA‘I.

3539 379 3647 438 278

351 493 588 552 suam“
634 487 809 562 (Paul.
847 503 970 551 αν,
1008 486 1120 558 ll),
1170 487 1439 556 quomodo
1475 484 1566 539 ille
1600 485 1761 539 homo
1803 496 1955 538 men-
1979 484 2032 546 Α
2058 483 2416 552 defensorem,
2455 489 2539 542 vel
2583 492 2989 547 emendatorem
3038 506 3159 547 esse
3201 506 3308 546 non
3353 491 3652 550 crederem.

353 586 467 641 du
490 580 676 651 sitqui
703 592 981 648 nunquam
1006 576 1266 647 loquitur,
1292 576 1433 632 sicut
1463 573 1696 631 infantes
1714 582 1769 629 et
1789 574 1958 630 muti?

350 679 430 738 Et
457 679 677 740 iterum,
709 688 810 729 cur
841 671 1068 728 dixisset
1090 670 1147 724 in
1173 671 1364 726 eodem
1402 669 1616 726 Psalmo
1647 687 1660 723 :
1699 668 1839 734 Quid
1878 685 1958 723 re-

351 773 590 830 tribuam
644 767 871 823 Domino
922 782 1017 836 pro
1060 764 1301 820 omniin“
1319 805 1335 831 ,
1384 781 1502 836 qua:
1547 765 1782 820 retribuit
1829 765 1958 819 mihi

352 861 552 935 (ιιξσιη
577 875 709 914 vers.
740 856 868 930 li)?
892 854 1032 922 Quid
1058 863 1204 912 esset
1223 855 1368 926 quod
1399 856 1648 911 retribuit
1673 856 1828 911 nobis
1855 855 1958 911 Do-

355 952 580 1009 minus?
605 950 795 1020 utique
819 949 961 1004 bona
989 961 1089 1017 pro
1119 947 1279 1002 malis
1304 948 1524 1003 nostris.
1553 947 1687 1026 Item
1711 945 1956 1016 quaedam

353 1044 432 1102 de
458 1044 585 1098 luna
607 1041 965 1112 interrogavit
986 1054 1055 1096 ex
1077 1053 1144 1095 eo
1167 1053 1350 1106 versu,
1375 1040 1468 1094 ubi
1490 1039 1621 1096 dicit
1645 1057 1659 1094 :
1690 1039 1797 1094 Per
1818 1039 1957 1094 diem

356 1135 442 1192 sol
470 1152 576 1190 non
613 1143 728 1188 uret
758 1141 828 1197 te,
861 1147 1027 1202 neque
1071 1132 1200 1186 luna
1237 1147 1331 1202 per
1365 1140 1566 1186 noctem
1602 1130 1776 1203 (Prol.
1819 1146 1955 1196 cxx,

355 1229 441 1301 6).
472 1227 541 1282 Et
578 1226 704 1281 inde
747 1224 816 1280 de
857 1231 1053 1279 natura
1092 1223 1232 1280 lunae
1261 1223 1463 1295 aliquid
1489 1223 1696 1280 addidit
1721 1224 1956 1279 interro-

356 1335 513 1393 gare,
543 1318 588 1373 si
619 1317 829 1388 frigidae
852 1323 997 1372 esset
1020 1324 1248 1381 naturae,
1277 1317 1546 1388 quomodo
1571 1317 1791 1372 ureret?
1829 1315 1961 1382 Quae

355 1411 544 1465 omnia
588 1417 784 1464 vestrae
821 1407 1096 1478 sapientiae
1136 1415 1266 1462 nota
1311 1422 1433 1462 esse
1475 1403 1583 1461 non
1629 1407 1962 1463 dubitamus.

356 1504 487 1561 Ideo
523 1517 632 1557 non
667 1508 752 1556 est
773 1513 910 1572 opus
934 1515 1078 1555 nunc
1102 1499 1233 1554 mihi
1268 1499 1743 1569 interpretationes
1767 1499 1960 1554 harum

353 1608 637 1665 exponere
669 1590 1173 1659 interrogationum.
1210 1588 1335 1644 Fuit
1360 1603 1574 1660 quoque
1602 1589 1758 1644 nobis
1782 1603 1962 1644 sermo

357 1699 390 1729 ι
418 1686 485 1740 de
509 1683 797 1749 columnis,
827 1696 947 1751 quae
977 1682 1032 1736 in
1065 1696 1231 1751 opere
1255 1679 1620 1751 pulcherrimo
1646 1687 1701 1735 et
1724 1679 1968 1734 mirabili

352 1775 628 1841 ecclesiae,
650 1773 795 1846 quod
818 1781 1002 1829 vestra
1024 1773 1246 1829 dictavit
1270 1771 1553 1842 sapientia,
1576 1779 1790 1826 statutae
1811 1779 1955 1827 sunt.

2059 576 2214 644 Quod
2243 593 2374 635 vero
2397 580 2465 636 de
2489 581 2603 636 sola
2633 583 2823 640 Martis
2851 586 3004 641 stella
3043 586 3204 641 modo
3233 587 3433 650 evenit,
3466 587 3570 643 hoc
3599 595 3656 642 ct

2059 667 2126 721 de
2148 668 2400 724 omnibus
2422 671 2661 742 quinque
2688 675 2866 731 stellis
2887 676 3198 732 errantibus
3219 677 3271 732 in
3302 678 3387 732 his
3407 678 3656 746 partibus

2058 757 2255 828 saepius
2281 759 2419 814 solet
2445 762 2696 828 evenire;
2727 773 2789 820 ut
2817 765 3024 821 diutius
3056 768 3457 824 abscondantur
3488 783 3653 838 quam

2059 848 2320 918 regularis
2358 852 2556 922 pagina
2594 862 2844 911 veterum.
2885 856 3156 915 decantat.
3203 859 3272 914 Et
3308 859 3449 916 forte
3487 859 3514 900 ἀ
3546 876 3652 918 non

2057 939 2356 1009 aequaliter,
2383 943 2543 1000 nobis
2567 945 2621 999 in
2669 945 2756 1001 his
2789 948 3034 1016 partibus
3081 950 3388 1006 borealibus
3428 967 3652 1008 conver-

2058 1034 2331 1100 santibus,
2361 1043 2516 1092 ortus
2537 1044 2593 1092 et
2627 1052 2854 1095 occasus
2886 1039 3125 1096 siderum
3151 1044 3352 1108 evenit,
3383 1044 3527 1100 sicut
3550 1045 3655 1102 illis

2059 1124 2150 1196 qui
2171 1125 2232 1182 in
2252 1126 2607 1184 orientalibus
2631 1127 2719 1183 vel
2735 1129 3052 1186 meridianis
3073 1133 3320 1202 partibus
3337 1133 3448 1204 99
3468 1135 3654 1194 mundi

2060 1223 2358 1280 morantur,
2387 1217 2480 1271 ubi
2519 1219 2760 1276 maxime
2788 1219 2942 1276 fuere
2969 1222 3216 1292 magistri
3245 1224 3345 1294 qui
3387 1225 3544 1280 nobis
3569 1239 3655 1278 ra-

2062 1303 2236 1361 tiones
2279 1314 2334 1362 et
2376 1321 2568 1364 cursus
2611 1309 2735 1366 εαδιὶ
2782 1319 2839 1366 et
2873 1311 3148 1368 stellarum
3173 1313 3480 1370 ediderunt.
3518 1313 3654 1370 Nam

2062 1397 2230 1453 multa
2274 1414 2342 1454 ex
2383 1399 2623 1456 locorum
2670 1403 3007 1471 diversitate,
3050 1407 3191 1463 sicut
3228 1416 3408 1464 vestra
3453 1409 3656 1479 optime

2061 1489 2211 1544 novit
2232 1490 2515 1561 sapientia,
2543 1493 2917 1551 immutantur.
2949 1496 3104 1553 Nunc
3130 1498 3335 1568 itaque,
3364 1506 3424 1554 ut
3460 1498 3654 1569 praedi—

2062 1582 2260 1648 ximus,
2282 1591 2522 1640 vestrum
2547 1588 2825 1644 servitium
2852 1589 2983 1647 satis
3009 1591 3240 1648 fideliter
3261 1592 3484 1664 implere
3503 1592 3654 1648 ἰθειί-

2061 1687 2254 1732 namus
2287 1691 2309 1727 :-
2333 1675 2682 1745 deprecantes
2709 1693 2925 1750 quoque
2961 1681 3182 1738 Domini
3211 1684 3306 1739 Dei
3350 1684 3522 1740 nostri
3548 1685 3654 1740 cle-

2063 1761 2340 1826 mentiam,
2369 1772 2430 1817 ut
2454 1764 2623 1822 citius
2643 1782 2770 1823 suos
2811 1784 2933 1824 cum
2965 1772 3170 1827 honore
3207 1781 3260 1829 et
3307 1773 3465 1828 laude
3491 1771 3666 1830 faciat-

352 1867 440 1922 De
481 1837 693 1921 Donato
734 1877 978 1934 quoque,
1029 1863 1241 1929 nescio,
1287 1837 1416 1933 quid
1459 1877 1684 1932 parvum
1727 1861 1957 1918 interro-
1988 1837 2039 1897 Β
2062 1851 2281 1916 reverti,
2316 1851 2570 1922 subjectis
2607 1857 2858 1914 omnibus
2896 1859 3128 1916 inimicis
3164 1861 3400 1917 nominis
3441 1861 3653 1918 Domini

357 1958 532 2028 gavit.

432 2045 587 2114 Quod
614 2061 746 2102 vero
770 2044 1114 2101 sanctissima
1137 2054 1316 2099 vestra
1349 2043 1722 2100 benevolentia
1748 2061 1848 2100 nos
1868 2047 1959 2101 ad-

357 2151 588 2192 monere
609 2136 839 2202 curavit,
871 2135 1258 2206 Egyptiacum
1279 2148 1505 2204 puerum
1531 2136 1870 2204 percunctari
1893 2136 1959 2192 de

356 2235 717 2291 immutandis
741 2234 1060 2306 quibusdam
1089 2232 1567 2303 supputationibus
1587 2234 1773 2288 decem
1800 2233 1958 2287 hora-

358 2343 484 2382 rum
513 2325 598 2380 vel
637 2322 994 2396 quadrantilis
1030 2321 1167 2394 [Al.,
1193 2319 1584 2392 quadrantalia]
1625 2321 1961 2390 supputatio-

360 2417 467 2483 nis,
517 2414 748 2470 omnino
789 2411 1099 2485 gratissime
1143 2411 1352 2481 accepit
1401 2410 1612 2466 animus
1658 2426 1850 2476 meus;
1901 2418 1965 2466 ut

358 2507 522 2562 liccat
550 2503 872 2576 interrogari
899 2518 937 2557 a
956 2503 1110 2558 vobis
1132 2502 1404 2572 ignorata,
1429 2501 1513 2557 vel
1546 2516 1646 2572 per
1670 2517 1768 2557 vos
1790 2501 1961 2558 corrig-

359 2613 489 2669 gere
516 2607 722 2654 errata.
762 2595 897 2650 Nam
936 2596 1080 2650 inter
1115 2594 1408 2649 familiares
1437 2609 1696 2664 personas
1721 2601 1777 2648 et
1805 2608 1959 2649 sacra

362 2689 650 2745 claritatis
676 2686 896 2742 nomina
925 2684 1203 2741 observari
1229 2684 1422 2750 debet,
1445 2693 1514 2740 ut
1535 2685 1588 2739 in
1626 2684 1824 2739 litteris
1851 2684 1966 2740 dis~

359 2781 711 2838 «trientibus
755 2779 930 2850 magis
971 2777 1276 2834 emendatio
1300 2786 1454 2832 sonet
1479 2793 1641 2847 quam
1671 2777 1958 2847 reprehen-

362 2873 464 2930 sio.
488 2875 574 2930 Eo.
592 2873 753 2929 modo
771 2887 964 2927 omnes
989 2870 1215 2935 discere,
1245 2868 1566 2940 intelligere,
1597 2877 1653 2923 et
1674 2868 1739 2922 ad
1763 2867 1968 2921 verita-7

366 2965 440 3021 tis
478 2965 626 3020 viam
670 2963 955 3035 pervenire
995 2959 1195 3016 valent.
1248 2959 1435 3030 Equus
1480 2965 1713 3028 quatuor
1756 2959 1973 3014 habens.

359 3057 534 3130 pedes,
549 3071 695 3128 saepe
718 3055 867 3111 cadit
891 3073 912 3109 ε,
925 3061 1128 3124 quanto
1156 3053 1332 3124 magis
1360 3052 1552 3118 homo,
1571 3066 1732 3106 unam
1755 3052 1965 3106 habens

362 3149 632 3219 ﬁngnam,
651 3160 750 3216 per
770 3145 918 3199 vices
942 3143 1087 3199 cadit
1113 3143 1170 3196 in
1190 3142 1389 3197 verbo?
1421 3140 1531 3196 Nec
1558 3155 1646 3196 me
1671 3140 1816 3210 piget
1840 3155 1962 3210 per-

2064 1944 2236 1998 nostri
2269 1942 2399 2000 Iesu
2443 1946 2643 2003 Christi
2666 1989 2691 2013 ,,
2712 1950 2812 2020 qui
2846 1957 2899 2006 te
2941 1953 3140 2024 ubique
3176 1966 3346 2024 regat,
3384 1963 3440 2010 et
3474 1963 3656 2013 custo-

2064 2033 2196 2100 diat,
2219 2044 2273 2090 et
2295 2037 2556 2094 victorem
2586 2040 2749 2097 faciat
2770 2044 3014 2099 omnium
3044 2046 3387 2102 inimicorum
3415 2057 3654 2116 tuorum,

2064 2139 2160 2179 seu
2190 2126 2504 2196 visibilium,
2540 2146 2634 2186 seu
2681 2132 3029 2190 invisibilium
3063 2155 3076 2191 :
3104 2146 3374 2207 quatenus
3405 2154 3530 2195 cum
3563 2153 3657 2195 co-

2065 2230 2196 2270 rona
2225 2217 2428 2288 gloriae,
2468 2221 2668 2278 multis.
2698 2222 2928 2280 feliciter
2980 2237 3328 2298 regnaturum
3369 2230 3548 2296 annis,
3587 2231 3656 2286 ad

2065 2322 2288 2377 regnum
2308 2317 2525 2366 aeternae
2550 2312 2902 2372 beatitudinis
2941 2319 3224 2386 pervenire
3257 2335 3387 2379 cum
3409 2318 3674 2380 ﬁdelibus.

2064 2397 2177 2452 suis
2202 2399 2482 2455 concedat.

2509 2500 2532 2527 ε
2571 2490 2905 2548 EPISTOLA
2940 2495 3204 2554 LXXXV.

2579 2595 2648 2634 AD
2686 2596 2905 2637 »οιιΝυιι
2945 2600 3157 2641 ΒΕΕΕΜι.

2294 2686 2470 2755 (Anno
2499 2686 2623 2753 798,
2647 2704 2833 2746 mense
2859 2690 2999 2748 Julio
3021 2694 3106 2749 vel
3134 2695 3420 2768 Augusto.)

2065 2794 2266 2850 Carolo
2282 2798 2426 2851 varia
2452 2797 2517 2852 de
2543 2815 2704 2877 cursu
2733 2801 2961 2857 siderum
2977 2806 3338 2877 interroganti
3363 2825 3428 2864 ea:
3453 2824 3670 2868 ’ποιησαι

2658 2872 2738 2926 ria
2764 2874 3056 2943 respondet.

2135 2977 2295 3034 Omni
2320 2979 2582 3037 virtutum
2609 2997 2806 3054 genere
2831 2985 3189 3055 nobilissimo,
3215 2998 3376 3060 atque
3401 2993 3546 3047 omni
3568 3008 3654 3050 sa-

2067 3067 2282 3138 pientiae
2303 3068 2499 3126 decore
2516 3071 2819 3130 clarissimo
2841 3074 3010 3132 David
3033 3078 3168 3148 regi,
3191 3080 3348 3136 miles
3368 3090 3653 3140 veteranus

2067 3154 2294 3213 Flaccus
2326 3156 2575 3214 salutem.

362 3193 737 3219 -..ηρ----πμ
784 3193 915 3199 ---η
948 3193 1084 3199 ---__-
1672 3193 1693 3210 ε
1727 3193 1811 3210 ,Γ
1841 3193 1926 3210 τῇ

361 3243 630 3307 cunctari,
644 3241 860 3307 audire,
875 3236 1183 3294 consentire
1203 3236 1444 3290 veritatis
1465 3233 1782 3290 rationibus.
1805 3232 1959 3288 Nulla

2067 3193 2091 3208 ι
2112 3193 2294 3213 “was
2326 3193 2575 3214 σαωιωι..

2135 3247 2294 3304 Venit
2333 3248 2510 3304 viator
2548 3249 2806 3318 volando,
2839 3255 3277 3324 quaestionariam
3318 3261 3658 3318 auctoritatis

360 3346 535 3402 aetas,
560 3342 622 3389 ut
649 3334 726 3388 ait
750 3331 1034 3396 comicus,
1058 3344 1184 3384 sera
1213 3326 1371 3383 debet
1407 3341 1527 3382 esse
1555 3326 1622 3380 ad
1651 3326 1959 3380 discendam

370 3427 714 3500 sapientiam.
735 3426 1072 3497 Quapropter
1089 3436 1297 3493 quaero,
1322 3428 1377 3476 et
1401 3435 1652 3491 quaerens
1676 3419 1961 3490 diligenter

372 3516 568 3574 audire
593 3517 760 3586 cupio,
792 3515 913 3586 quid
946 3514 1018 3569 sit
1049 3510 1442 3567 immutandum
1480 3510 1532 3564 in
1569 3508 1961 3580 supputationi—

365 3611 474 3666 bus
499 3611 683 3664 decem
709 3607 964 3662 horarum
992 3611 1048 3659 et
1066 3601 1289 3659 dimidia
1314 3614 1413 3671 per
1435 3599 1675 3672 singulos
1699 3614 1914 3654 menses
1943 3617 1957 3654 :

363 3699 500 3769 quid
532 3704 722 3753 contra
748 3694 1016 3751 rationem
1051 3701 1260 3748 natura:
1285 3691 1590 3746 inveniatur
1623 3690 1677 3745 in
1704 3693 1960 3760 supputa-

363 3789 537 3855 tione,
565 3803 729 3858 quam
757 3786 787 3827 ι»
816 3785 1063 3841 chartula
1098 3791 1285 3839 nostra
1311 3791 1506 3838 vestrae
1534 3781 1732 3838 direxit
1776 3790 1962 3837 aucto-

363 3881 535 3938 ritati.
564 3879 679 3936 Nisi
711 3879 851 3935 forte
889 3878 1100 3934 notaria
1135 3891 1327 3932 manus
1351 3877 1549 3943 verba,
1580 3875 1812 3946 syllabas
1832 3915 1847 3940 ,
1877 3875 1962 3931 vel

363 3971 966 4036 litterasimmutasset,
993 3969 1136 4040 quod
1161 3981 1303 4039 saepe
1329 3966 1546 4022 evenire
1570 3965 1709 4021 solet
1744 3980 1850 4019 non
1876 3980 1964 4021 so-

365 4061 480 4117 htm
506 4060 740 4128 Latinis,
774 4059 870 4115 sed
906 4057 1080 4115 etiam.
1108 4056 1446 4128 Egyptiacis
1487 4055 1694 4126 pueris,
1737 4055 1878 4111 sicut
1906 4055 1973 4109 in-

370 4151 551 4222 priore
578 4151 825 4206 chartula
853 4157 1038 4204 nostra
1058 4189 1086 4216 ,,
1107 4158 1132 4187 ο
1161 4147 1229 4203 de
1267 4147 1436 4203 saltus
1477 4147 1832 4202 diminutione
1867 4161 1965 4216 per

370 4251 618 4301 vestram-
632 4243 1036 4300 devotissimam
1061 4239 1469 4312 inquisitionem
1492 4238 1697 4296 factum
1726 4253 1847 4295 esse
1873 4252 1969 4294 co-

369 4335 551 4407 gnovi.
586 4335 658 4390 Et
705 4335 779 4390 ita
824 4348 979 4390 error
1010 4331 1301 4388 scribentis
1323 4331 1721 4401 quodammodo
1745 4329 1966 4385 dictanti

367 4425 735 4497 deputabitur.
763 4423 871 4481 Sed
899 4424 1126 4480 obsecro
1160 4430 1222 4477 ut
1261 4422 1506 4494 piissimo
1533 4422 1748 4478 bonitas
1769 4429 1980 4479 vestrm-

2060 3347 2256 3395 vestrae
2284 3340 2490 3396 habens
2517 3341 2570 3395 in
2603 3357 2765 3397 manu
2795 3345 3039 3400 chartam
3077 3347 3300 3418 syllabis
3327 3350 3654 3420 breviorem,

2061 3444 2225 3500 quam
2253 3431 2419 3486 animi
2447 3432 2551 3487 mei
2589 3431 2879 3502 placuisset
2905 3436 3180 3505 aviditati;
3220 3438 3313 3494 sed
3340 3441 3655 3510 qumstioni-

2059 3519 2162 3576 bus
2190 3521 2433 3578 altiorem
2452 3538 2656 3592 ,.quam
2687 3524 2937 3594 ingenioli
2969 3527 3075 3580 mei
3105 3528 3373 3598 attingere
3399 3529 3656 3588 valuisset

2059 3610 2356 3667 humilitas.
2403 3612 2640 3668 Hortaris
2683 3614 2954 3670 seniorem
2997 3614 3175 3686 fragili
3215 3631 3376 3672 sensu
3413 3619 3658 3676 coelestia

2061 3701 2327 3767 scrutari,
2379 3702 2474 3774 qui
2524 3709 2862 3757 terrenarum
2911 3704 3140 3760 necdum
3188 3705 3374 3762 didicit
3421 3710 3690 3768 rationes.

2061 3789 2341 3844 stellarum
2385 3789 2441 3843 in
2480 3787 2622 3844 cmlo
2653 3791 2950 3848 errantium
2995 3793 3342 3865 vagabundos
3388 3812 3659 3869 exponere

2062 3893 2282 3943 cursus,
2322 3879 2415 3950 qui
2453 3879 2744 3935 herbarum
2783 3882 2838 3937 in
2875 3891 3016 3940 terra
3055 3889 3394 3946 nascentium
3432 3899 3658 3949 naturas

2061 3983 2402 4040 nequaquam
2450 3984 2746 4041 agnoscere
2792 3974 2957 4030 valet.
3006 3975 3077 4030 Et
3118 3978 3350 4046 mirum,
3387 3985 3660 4053 quomodo

2061 4060 2323 4116 enaticas
2359 4060 2572 4116 illarum
2600 4064 2824 4120 semitas
2854 4065 2923 4120 ad
2955 4075 3165 4122 certum
3204 4071 3328 4140 quis
3364 4073 3543 4128 valeat
3569 4091 3656 4132 re-

2063 4153 2262 4210 ducere
2287 4154 2566 4212 ordinem-
2589 4155 2748 4225 100
2778 4155 2909 4223 Quae
2948 4157 3070 4213 ideo
3104 4161 3345 4215 errantia
3383 4162 3676 4231 dicuntur,

2063 4244 2192 4316 quia
2239 4244 2475 4301 incertos
2515 4246 2717 4302 habere
2761 4262 2954 4304 cursus
2995 4256 3272 4320 putantur.
3313 4251 3410 4310 Vel
3444 4254 3575 4322 quid
3603 4255 3658 4311 in

2065 4339 2563 4410 quotidianislunae
2591 4339 2869 4399 laboribus
2887 4349 3072 4398 nostra
3095 4345 3338 4414 parvitas
3358 4361 3465 4402 non
3483 4347 3662 4404 valeat

2066 4431 2329 4496 invenire,
2367 4431 2497 4486 dum
2537 4432 2890 4504 investigatas
2927 4434 3322 4492 catholicorum
3355 4439 3690 4508 doctorum,-

366 4519 646 4590 sapientiae
658 4518 1029 4612 meum‘magis
1047 4516 1512 4612 emendare-curet
1520 4529 1962 4593 errorem,.quam
1989 4548 2059 4612 DX
2066 4520 2152 4576 vel
2160 4529 2413 4576 veterum.
2428 4521 2873 4591 philosophorum
2895 4523 3176 4595 multiplici
3196 4531 3662 4599 argumentatione

366 4609 571 4680 scripta
600 4607 885 4681 parvitatis
909 4622 1044 4662 meae
1085 4606 1141 4660 in
1181 4621 1375 4662 manus
1417 4606 1634 4662 mittere
1670 4608 1964 4677 reprehen-
1989 4606 2032 4612 —
2067 4611 2342 4682 regulares
2365 4611 2627 4668 habemus
2649 4612 2907 4670 rationes.
2938 4614 3080 4683 Quid
3103 4618 3250 4674 enim
3277 4619 3346 4678 de
3372 4625 3693 4683 concordia.

366 4701 635 4758 dentium.
666 4700 804 4756 Sunt
829 4700 972 4757 enim
1003 4700 1096 4772 qui
1129 4701 1235 4756 sibi
1268 4700 1480 4757 laudem
1509 4710 1762 4772 quaerunt
1796 4715 1866 4758 ex.
1889 4700 1968 4756 al-

369 4792 544 4847 terius
570 4789 1010 4860 reprehensione.
1033 4790 1103 4846 Et
1123 4790 1240 4846 haec
1266 4798 1351 4847 est
1375 4791 1586 4846 infirma
1615 4791 1755 4858 laus,
1783 4798 1837 4845 et
1857 4806 1966 4846 non

369 4887 528 4942 valde
560 4885 865 4942 laudabilis.
895 4884 1087 4941 Melius
1109 4893 1198 4941 est
1223 4885 1454 4940 amicum
1493 4884 1783 4940 emendare
1805 4897 1979 4953 quam.

369 4978 792 5049 reprehendere,
818 4977 1092 5047 sapienter
1111 4974 1244 5048 [ΑΛ.
1263 4973 1584 5046 sapientem]
1607 4988 1665 5029 se
1684 4973 1972 5030 ostendero

369 5085 538 5140 quam
561 5069 891 5124 mordaciter
911 5066 1143 5123 alterum
1164 5072 1374 5120 notare.
1405 5063 1690 5135 Nunquam
1724 5064 1972 5135 scripsis-

371 5176 490 5218 sem
522 5161 670 5227 talia,
703 5162 757 5217 si.
788 5169 1026 5216 vestram
1062 5159 1370 5216 bonitatem
1408 5165 1608 5212 nostrae
1653 5157 1972 5230 insipientia:

449 5348 476 5377 ι
499 5333 876 5408 Decolunmis,
901 5343 1006 5394 etc.
1024 5338 1150 5394 Haec
1172 5337 1413 5408 intelligo
1436 5337 1504 5408 de
1530 5336 1751 5394 basilica
1777 5337 1981 5408 Aquis-

372 5407 665 5480 mnensi,
701 5410 770 5463 de
815 5425 931 5479 qua,
956 5409 1301 5480 Eginhardus
1334 5407 1388 5464 in
1424 5407 1548 5464 Vita
1586 5408 1766 5480 Caroli
1801 5407 1975 5480 Magni

371 5475 524 5550 apud
548 5477 793 5550 Douquet
813 5475 949 5550 pag.
967 5475 1059 5546 99:,
1081 5495 1138 5534 ιι.
1163 5478 1254 5545 26,
1281 5481 1398 5536 haec
1416 5487 1604 5536 narrat
1631 5497 1643 5534 :
1677 5499 1696 5531 ‹
1726 5475 1978 5535 Plurimae

373 5547 802 5622 pulchritudinis
818 5547 1120 5622 :basilicam
1165 5550 1457 5615 exstruxit,
1508 5558 1844 5622 auroque‘et
1891 5566 1978 5604 ar-

374 5617 545 5688 gento
571 5617 877 5691 adornavit.
913 5619 996 5691 Ad
1022 5619 1176 5691 cujus
1201 5628 1534 5676 structuram:
1551 5617 1678 5678 cuni
1701 5620 1987 5677 columnas.

373 5697 436 5743 at
462 5701 739 5760 marmora
762 5688 979 5746 aliunde
1003 5688 1204 5746 habere
1228 5707 1336 5747 non
1358 5700 1562 5760 posset,
1593 5692 1769 5748 Roma.
1790 5691 1978 5749 etBa-

377 5773 561 5813 ucnna
588 5759 903 5815 devehenda
942 5762 1174 5817 curavit.
1209 5781 1226 5812 ι

459 5829 490 5871 δ
528 5828 783 5886 Chartula
810 5841 1004 5887 nostra.
1030 5832 1420 5902 Priorinempe
1449 5831 1692 5902 cpistola.

2065 4701 2261 4758 solaris
2293 4701 2607 4772 lunarisque
2638 4718 2836 4759 cursus
2869 4719 2968 4776 per
2994 4706 3150 4777 signa
3186 4710 3393 4768 zodiaci
3429 4711 3664 4771 lucidius
3689 4743 3692 4746 ~

2067 4793 2174 4850 dici
2210 4793 2431 4864 poterit,
2471 4810 2635 4866 quam
2676 4797 2822 4866 quod
2860 4796 3048 4854 talium
3081 4799 3372 4871 inquisitor
3407 4804 3663 4874 quaestio-

2070 4903 2199 4943 num
2229 4887 2370 4943 Beda
2401 4888 2661 4959 magister
2701 4889 2757 4943 in
2797 4890 3014 4960 scriptis
3055 4892 3171 4949 suis
3211 4895 3368 4951 nobis
3413 4895 3691 4966 reliquit?-

2072 4979 2168 5036 γει
2212 4980 2343 5051 quid
2379 4979 2591 5036 acutius
2625 4994 2787 5049 quam
2829 4981 2973 5052 quod
2999 4982 3326 5040 naturalium
3354 4999 3538 5041 rerum
3569 4985 3663 5041 de-

2072 5076 2394 5131 votissimus.
2412 5076 2661 5131 inventor
2695 5074 2901 5130 Plinius
2933 5073 3237 5144 Secundus,
3266 5079 3333 5134 de
3361 5077 3691 5135 cmicstium.

2073 5166 2319 5222 siderum
2333 5165 2561 5230 ratione,
2589 5165 2856 5237 exposuit,
2888 5165 3202 5238 investigari
3223 5168 3404 5226 valet?
3431 5168 3536 5226 Sed
3560 5181 3662 5226 no-.

2145 5353 2172 5426 ς
2216 5343 2283 5427 In
2319 5340 2501 5427 priori]
2529 5338 2790 5427 chartula,
2828 5340 2898 5427 tle
2921 5339 3087 5427 saltus
3126 5343 3490 5401 diminutione.
3528 5345 3692 5402 Vide.

2075 5410 2358 5484 epistolam
2386 5411 2453 5464 (i7
2481 5410 2646 5490 (nunc
2673 5410 2763 5491 82)
2793 5418 2849 5463 et
2884 5417 3060 5466 notas.

2147 5483 2173 5523 ἀ
2218 5481 2340 5561 Ilion
2367 5478 2656 5561 wquaftter.
2685 5479 2910 5561 videtur
2934 5479 3160 5561 Alcuino
3186 5483 3545 5556 suspicionem
3574 5501 3689 5543 σι’-τ

2081 5563 2190 5610 tam
2217 5553 2282 5607 de
2309 5547 2674 5618 inaequalitate
2701 5547 2841 5618 globi
2872 5551 3167 5618 terraquei.

2154 5569 2190 5608 n
2217 5565 2282 5607 oe
2309 5565 2674 5618 inaequalitate
2736 5565 2841 5604 IODl
2872 5565 3016 5605 terra
3058 5567 3167 5606 uel.

2154 5635 2178 5663 ε
2205 5622 2348 5677 Edit.
2391 5619 2643 5686 Quercet.
2751 5635 2834 5695 εξ.
2857 5635 2960 5695 ms.
2994 5567 3247 5691 (amboin.
3280 5623 3395 5695 70.)

2081 5703 2164 5752 est
2193 5709 2257 5748 eo
2285 5705 2427 5746 anno
2450 5705 2558 5760 quo
2586 5689 2742 5762 stella
2785 5689 2972 5762 Martis
3000 5689 3186 5748 rursus
3226 5695 3277 5748 in
3318 5689 3678 5762 conspectum.

2083 5765 2254 5830 venit,
2276 5757 2484 5833 nempe‘
2497 5776 2638 5817 anno
2660 5760 2790 5817 798.
2817 5761 2938 5822 για.
2968 5771 3079 5822 not.
3109 5765 3265 5834 epist.
3290 5757 3517 5832 pnecéd.
