4054 6182
433 358 539 415 279

1308 359 1368 414 Β.
1409 358 1468 413 F.
1510 358 1732 414 ALBINI
1765 358 1896 416 SEU
1934 356 2207 414 ALCUINI
2244 358 2527 417 OPERUM
2563 360 2743 417 PARS
2779 358 2819 418 l.

3599 367 3709 424 ιε’)

436 468 520 523 bis
544 476 569 509 ι
596 467 701 523 iter
726 467 1005 538 agentibus
1027 467 1259 532 illorum,
1293 468 1346 524 in
1378 470 1575 540 quibus
1612 470 1725 527 hate
1747 472 2012 541 leguntur,
2045 468 2093 532 Α
2117 478 2171 525 et
2199 470 2319 525 aliis
2343 476 2576 542 quatuor
2594 472 2796 531 habere
2822 464 3188 531 inveniuntur.
3217 475 3397 533 Etiam
3416 485 3472 535 et
3490 486 3713 537 catena

437 555 697 612 Iibromm
720 556 871 611 deest
896 557 1200 625 prmeentia.
1243 557 1386 613 Nihil
1410 558 1481 614 de
1510 569 1706 616 vestrm
1740 561 2017 631 sapientiae

434 645 867 717 proinndissimis
885 649 1272 718 quaestionibus
1290 659 1497 706 temere
1517 651 1774 709 audemus
1797 667 2018 722 respon-

433 743 565 797 dere
598 757 614 796 :
644 743 977 813 postulantes
1018 744 1357 800 clementiam
1395 754 1649 809 vestram,
1690 755 1748 801 ut
1784 747 2020 817 jnbeatis

422 833 594 888 nobis
619 832 853 905 dirigere
879 837 1082 906 primos
1107 839 1313 909 praefati
1341 840 1578 898 doctoris
1601 842 1758 898 Plinii
1787 842 2019 900 Secundi

435 922 645 981 libellos
664 967 679 993 ,
708 926 762 981 in
788 928 985 998 quibus
1010 931 1332 1002 multiplices
1365 943 1421 989 et
1451 931 1706 992 obscuras
1731 953 2018 1009 argumen-

437 1016 671 1074 tationes
698 1019 763 1075 de
785 1020 936 1077 vario
962 1023 1199 1078 siderum
1227 1040 1386 1081 cursu
1412 1026 1701 1096 explanare
1724 1027 1943 1094 nititur;
1975 1028 2022 1082 si

435 1106 576 1164 forte
600 1109 710 1166 Deo
734 1110 988 1179 donante,
1024 1114 1148 1169 inde
1185 1116 1271 1171 vel
1306 1117 1430 1173 inde
1470 1117 1674 1189 aliquid
1711 1132 1903 1175 eruere
1930 1134 2022 1174 va-

436 1198 663 1269 leamus,
695 1205 838 1274 quod
874 1214 1069 1263 vestra:
1096 1210 1451 1266 sanctissimae
1476 1212 1776 1282 przesentize
1801 1213 2020 1285 dignum

433 1292 646 1347 ostendi
674 1292 938 1349 videatur.
965 1295 1169 1353 Tamen
1196 1314 1264 1353 ne
1282 1314 1369 1356 me
1398 1299 1471 1355 ita
1499 1302 1817 1373 imparatum
1842 1313 2021 1360 vestra

433 1377 733 1438 invenisset
773 1383 1037 1451 chartula,
1086 1386 1171 1442 vel
1217 1403 1406 1445 somno
1449 1389 1658 1447 inertia:
1696 1399 2020 1462 torpentem,

433 1470 590 1540 quasi
624 1470 761 1527 nihil
783 1473 1010 1530 haberet
1034 1477 1329 1547 repositum
1356 1479 1457 1535 sibi
1486 1481 1539 1535 in
1576 1490 1784 1538 secreto
1819 1499 2022 1540 memo-

435 1559 534 1614 riae
556 1560 824 1628 cubiculo,
854 1565 997 1634 quod
1022 1566 1376 1639 interroganti
1405 1571 1651 1641 proferre
1676 1573 1912 1641 valeret;
1943 1574 2023 1631 di-

433 1663 576 1718 cam,
605 1653 734 1723 quid
763 1655 956 1721 subito,
988 1661 1277 1728 quaerendo
1314 1662 1485 1733 magis
1517 1679 1678 1735 quam
1708 1665 2023 1736 exponendo

417 1743 651 1798 turbata
689 1747 885 1802 mentis
912 1748 1031 1802 acie
1057 1763 1347 1806 occurrere
1374 1754 1579 1821 potuit;
1623 1754 1940 1823 pleniorem,
1976 1758 2021 1814 si

2119 559 2280 616 aliter
2308 561 2662 619 calculatores
2692 572 2919 634 ponunt,
2956 564 3119 619 aliter
3142 566 3306 621 etiam
3338 568 3711 627 matbwatic’i

2119 650 2292 706 solent
2318 651 2577 708 dividere.
2606 651 2697 707 Sic
2719 654 2884 708 etiam
2905 662 2960 709 et
2983 654 3052 710 de
3077 655 3303 712 minutis
3321 656 3626 716 invenimus
3649 661 3711 716 in

2121 744 2625 800 matbematicorum
2648 746 3014 803 subtilissimis
3032 750 3599 818 argumentationibus
3609 752 3711 807 aii-

2118 842 2206 889 ter
2228 836 2387 906 poni;
2423 837 2517 903 ita,
2544 838 2792 893 utetiam
2819 838 3024 893 minuta
3050 839 3382 896 minutarum
3410 842 3594 900 dicere
3620 858 3712 901 eoo

2120 925 2253 980 ient.
2285 925 2393 982 Sed
2417 927 2532 982 haec
2566 927 2720 984 alias.
2751 928 2907 983 Nunc
2935 930 3078 998 quod
3106 930 3288 996 instat,
3314 946 3560 1004 agamus.

2194 1017 2482 1088 Signorum
2510 1033 2640 1074 vero
2664 1019 2984 1090 partitiones
3009 1036 3107 1091 per
3142 1023 3327 1089 horas,
3357 1033 3416 1081 et
3437 1028 3711 1096 quomodo

2121 1106 2475 1162 convenirent
2501 1123 2692 1163 novem
2724 1109 2870 1163 hora:
2893 1109 3109 1165 lnnmes
3136 1110 3375 1181 quinque
3396 1113 3592 1170 diebus
3613 1124 3677 1171 ao
3692 1144 3708 1157 ο

2123 1198 2347 1263 laribus,
2377 1198 2596 1254 memini
2634 1215 2723 1256 me
2750 1211 2772 1239 ε
2808 1201 2862 1254 in
2887 1200 2992 1255 alia
3021 1201 3177 1256 vobis
3197 1201 3432 1274 dirigere
3455 1205 3705 1276 epistola.

2123 1291 2245 1348 ideo
2273 1307 2417 1347 nunc
2452 1307 2844 1362 supervacuum
2869 1308 2990 1349 esse
3013 1294 3305 1351 arbitratus
3331 1306 3469 1361 sum,
3502 1297 3711 1370 aliquid

2124 1383 2248 1439 inde
2274 1383 2472 1438 dicere.
2500 1382 2831 1439 Divisionem
2871 1383 3053 1454 itaque
3091 1385 3350 1441 horarum
3389 1402 3484 1457 per
3521 1390 3711 1445 uncias

2122 1474 2277 1530 vobis
2312 1474 2581 1543 cognitam
2617 1489 2738 1531 esse
2776 1490 2883 1531 non
2927 1477 3078 1547 101
3119 1478 3449 1550 ignoramus,
3484 1481 3625 1537 sicut
3650 1484 3709 1538 in

2123 1564 2265 1619 libro
2290 1564 2356 1620 de
2390 1564 2746 1636 Temporibus
2774 1565 2978 1638 [Forte,
3007 1568 3142 1625 Ven.
3169 1570 3351 1643 Bedae]
3388 1571 3616 1644 legistis.
3643 1576 3712 1631 Et

2124 1655 2251 1726 quia
2278 1668 2562 1726 operosum
2594 1665 2679 1712 est
2706 1657 2849 1713 luna:
2872 1673 3090 1715 cursum
3115 1675 3212 1730 per
3232 1663 3420 1718 uncias
3449 1665 3710 1721 horarum

2125 1743 2386 1811 dividere,
2410 1745 2535 1801 ideo
2551 1745 2723 1816 magis
2741 1745 3094 1803 calculatores
3122 1747 3187 1803 ad
3214 1749 3471 1806 horarum
3499 1754 3581 1807 vel
3602 1754 3712 1810 die-

429 1831 574 1891 ωηο
597 1850 731 1907 opus
768 1838 896 1905 erit,
941 1842 1342 1910 responsionem
1373 1818 1445 1899 ad
1462 1818 1712 1914 prait'atos
1739 1818 2020 1904 doctorum
2051 1818 2098 1880 Β
2123 1849 2245 1891 mm
2271 1850 2558 1893 memmi
2595 1835 2739 1891 Ῑῑωω
2772 1851 2966 1892 cursus
3006 1837 3253 1908 redigere
3286 1841 3526 1896 θοηῑθυῑί
3560 1852 3708 1909 sunt.

428 1922 598 1984 libros
628 1943 933 1987 reservans.

492 2019 681 2077 Prima
705 2037 836 2081 vero
859 2028 1198 2084 auctoritatis
1219 2025 1410 2086 vestra:
1430 2030 1782 2103 interrogatio
1801 2036 1869 2088 de
1891 2048 2021 2089 con-

429 2113 612 2170 cordia
648 2121 1014 2172 trecentarum
1048 2126 1106 2173 et
1127 2120 1407 2190 sexaginta
1442 2121 1697 2190 partium,
1732 2130 1787 2178 et
1814 2122 2021 2179 lunaris

428 2214 621 2256 cursus
662 2217 762 2272 per
790 2204 1071 2261 duodecim
1097 2207 1251 2277 signa
1296 2209 1376 2264 sic
1405 2222 1464 2265 se
1505 2210 1712 2277 habuit,
1741 2219 1803 2266 ut
1827 2212 2020 2268 eadem

429 2307 692 2362 ponamus
718 2296 883 2351 verba
909 2311 925 2351 :
956 2296 1104 2353 Sicut
1139 2300 1193 2353 in
1218 2300 1383 2354 solari
1408 2301 1630 2356 decursa
1659 2302 1884 2368 dierum,
1920 2304 2018 2359 Ito-

430 2398 633 2448 rarum,
647 2394 1058 2457 punctorumque
1076 2387 1325 2443 divisione
1339 2388 1481 2465 [acta
1496 2399 1842 2445 trecentorum
1860 2391 2015 2464 [Cod.

430 2471 577 2539 Vat.,
607 2475 861 2530 divisione
883 2476 1025 2547 facta
1050 2486 1399 2533 trecentan
1421 2481 1693 2551 sexaginta
1716 2483 1945 2553 partium
1969 2492 2018 2537 et

425 2567 798 2640 trecentorum]
824 2570 1095 2640 sexaginta
1132 2569 1359 2642 quinque
1380 2572 1584 2627 dierum
1621 2582 1672 2627 et
1710 2574 2017 2645 quadrantis

424 2667 502 2713 est
528 2659 733 2713 inventa
757 2662 1068 2725 concordia;
1104 2663 1182 2716 sic
1218 2672 1266 2717 et
1299 2664 1353 2717 in
1390 2662 1567 2718 lunari
1602 2680 1696 2735 per
1729 2665 1931 2720 dierum
1969 2676 2019 2721 et

424 2748 674 2806 horarum
703 2752 1054 2822 partitionem,
1088 2754 1269 2824 viginti
1294 2764 1486 2825 septem
1523 2755 1633 2810 dies
1669 2766 1825 2828 atque
1860 2758 2018 2813 horas

426 2848 543 2894 octo
584 2856 701 2894 cum
741 2843 980 2898 trecentis
1016 2846 1289 2915 sexaginta
1332 2846 1537 2901 zodiaci
1576 2847 1812 2918 partibus
1849 2848 2018 2918 facias

426 2932 717 2988 convenire.
742 2933 856 2989 Non
883 2935 1218 3007 subterfugio
1239 2936 1440 3005 dicere,
1463 2941 1590 3011 quid
1611 2942 1743 2998 mihi
1769 2942 2019 2999 videatur

426 3022 777 3106 sagacitatem
808 3035 1042 3085 vestram
1076 3027 1164 3085 hic
1198 3030 1253 3089 in
1281 3029 1384 3086 bac
1416 3031 1765 3104 inquisitione
1791 3035 2013 3099 sentire,

427 3113 615 3184 utique
655 3123 750 3169 aut
790 3118 1091 3187 augendum
1115 3133 1233 3176 esse
1266 3122 1468 3193 aliquid
1497 3138 1596 3193 per
1623 3124 1831 3194 singula
1860 3127 2013 3199 signa

425 3201 567 3258 lunae
581 3204 786 3270 cursui,
810 3215 869 3260 ut
882 3209 1049 3278 possit
1069 3211 1354 3279 pervenire
1374 3212 1442 3267 ad
1463 3211 1732 3283 legitimas
1751 3221 1807 3269 et
1829 3215 2013 3271 defini-

425 3300 511 3356 tas
546 3295 714 3355 totius
742 3297 867 3355 anni
901 3309 1101 3369 partes,
1127 3316 1249 3371 qua:
1284 3303 1338 3357 in
1377 3304 1599 3360 zodiaco
1628 3312 1903 3372 notantur,
1930 3305 2013 3362 vel

420 3388 591 3450 etiam
610 3428 613 3429 ν
633 3388 878 3445 minuere
923 3392 1158 3460 partium
1202 3409 1519 3459 numerum,
1571 3404 1632 3451 ut
1681 3397 2013 3454 concordare

420 3480 593 3552 possit
632 3480 839 3538 lunaris
882 3498 1077 3539 cursus
1119 3484 1324 3541 zodiaci
1363 3486 1625 3555 partibus.
1664 3485 1836 3554 Quam
1868 3503 2012 3559 quae-

420 3570 649 3631 stionem
679 3572 941 3642 perlatus
966 3577 1225 3646 magister-
1245 3576 1387 3632 Beda
1417 3578 1469 3632 in
1495 3578 1729 3647 quodam
1752 3578 2005 3649 capitulo,

420 3662 576 3733 cujus
614 3666 941 3737 principium
981 3682 1100 3723 esse
1139 3668 1417 3725 arbitrer:
1449 3669 1602 3736 Quod
1628 3671 1674 3725 si
1694 3671 1813 3743 quis
1836 3671 2012 3742 signo-

389 3801 393 3807 .
418 3774 540 3813 runt
572 3760 795 3826 nescius,
824 3758 1035 3815 lunaris
1052 3770 1224 3815 tamen
1250 3777 1437 3817 cursus
1464 3779 1742 3834 agnoscere
1765 3763 2006 3834 cupidus,

417 3857 550 3915 etc.,
577 3856 740 3919 prout
768 3849 962 3920 potuit,
987 3865 1258 3921 exponere
1297 3852 1530 3910 videtur.
1577 3852 1683 3908 Per
1724 3854 2006 3911 duodecim

418 3948 619 4010 partes,
644 3942 842 4013 quibus
866 3942 1109 4014 quotidie
1136 3943 1262 3999 luna
1286 3943 1628 4016 elongabitur
1667 3960 1701 3999 a
1727 3945 1863 4012 sole,
1899 3944 2007 4000 Pli-

416 4035 539 4090 uius
559 4033 839 4090 Secundus
859 4036 990 4092 dicit
1008 4036 1189 4092 lunam
1211 4037 1279 4110 (si
1301 4038 1405 4094 rite
1428 4035 1703 4110 recordor)
1727 4038 2006 4093 zodiacum

416 4125 681 4181 tredecics
729 4125 786 4181 in
817 4125 1102 4181 duodecim
1142 4127 1254 4182 suis
1298 4127 1578 4183 mensibus
1611 4126 1898 4181 coniicere.
1945 4124 2004 4179 In

412 4218 528 4273 suis
544 4217 678 4273 dicit
700 4218 996 4284 mensibus,
1022 4232 1128 4272 non
1153 4219 1207 4272 iu
1231 4218 1380 4274 solis.
1402 4217 1622 4273 Addidit
1646 4232 1860 4287 quoque
1878 4218 2005 4273 duo-

386 4307 517 4363 bus
552 4306 762 4372 diebus,
806 4314 864 4362 et
907 4321 1002 4362 sex
1037 4306 1205 4373 boris,
1243 4315 1300 4363 et
1345 4307 1491 4365 bisse
1526 4307 1688 4364 unius
1719 4308 1867 4364 horae
1906 4323 2005 4379 per

408 4398 623 4471 singula
649 4399 800 4469 signa
829 4396 1015 4453 lunam
1051 4400 1377 4463 decurrere,
1400 4400 1555 4467 Quod
1598 4399 1647 4455 si
1671 4414 1857 4457 verum
1895 4407 1999 4464 est,

2123 1940 2192 1981 ne
2226 1925 2393 1981 nimia
2429 1927 2792 1984 numerositas
2829 1927 3115 1983 nnciarnm
3146 1927 3345 2001 legenti
3378 1930 3597 1990 fastidio
3628 1950 3713 1991 es-

2121 2026 2222 2074 set.
2260 2018 2463 2073 Tamen
2507 2017 2815 2088 specialiter
2849 2017 3054 2075 dictum
3092 2032 3217 2075 esse
3253 2021 3525 2090 debuisse,
3563 2024 3710 2094 quod

2119 2118 2366 2180 superest
2396 2110 2451 2163 in
2477 2108 2704 2180 singulis
2728 2108 2920 2178 signis,
2959 2116 3015 2164 et
3053 2109 3265 2167 duobus
3298 2110 3493 2169 diebus
3522 2123 3581 2170 et
3613 2131 3709 2172 sex

2120 2205 2289 2269 horis,
2321 2205 2376 2260 id
2397 2212 2499 2269 est,
2532 2211 2657 2260 octo
2684 2204 2862 2260 unciis
2891 2203 3051 2259 unius
3079 2204 3247 2270 horae,
3275 2216 3533 2275 putamus
3562 2209 3617 2264 in
3642 2225 3711 2267 eo

2119 2296 2239 2351 loco
2266 2294 2360 2350 ubi
2388 2295 2464 2349 ait
2499 2307 2515 2348 :
2544 2308 2829 2364 operosum
2873 2304 2956 2349 est
2996 2293 3051 2347 in
3079 2294 3307 2365 singulis
3344 2297 3513 2368 signis
3548 2300 3711 2357 horas

2104 2388 2429 2444 ‘minutatim
2457 2386 2697 2441 dividere
2732 2400 2831 2456 per
2858 2384 3077 2441 uncias?
3108 2386 3236 2442 Ideo
3261 2388 3395 2444 duas
3426 2389 3590 2446 horas
3615 2394 3710 2449 tri-

2118 2481 2219 2536 bus
2247 2478 2418 2550 signis
2450 2476 2871 2533 subtrahendum
2903 2490 3025 2532 esse
3059 2477 3228 2544 dixit,
3269 2479 3398 2548 quia
3426 2482 3587 2538 trium
3629 2485 3708 2541 si-

2116 2584 2346 2643 gnorum
2386 2570 2577 2642 viginti
2619 2576 2851 2640 quatuor
2889 2569 3062 2626 unciae
3097 2572 3239 2629 duas.
3262 2571 3426 2630 horas
3461 2575 3709 2646 implent,

2117 2662 2252 2718 hora
2269 2676 2402 2718 vero
2421 2662 2628 2733 integra
2649 2660 2930 2717 duodecim
2950 2661 3139 2718 uncias
3157 2662 3358 2721 habere
3377 2664 3557 2722 debet.
3578 2667 3709 2735 Quae

2117 2750 2297 2807 omnia
2329 2757 2522 2808 vestrae
2549 2751 2826 2822 sapientiae
2844 2751 3175 2823 prmeognita
3200 2767 3322 2812 esse
3348 2771 3458 2812 non
3488 2756 3708 2827 ignora-

2186 2933 2528 3006 Quapropter
2553 2934 2622 2990 de
2650 2933 2804 2991 stella
2830 2933 3019 2991 Martis
3045 2934 3337 3008 incipimus
3359 2937 3559 3004 dicere,
3587 2955 3710 3010 qua:

2115 3024 2396 3080 videntur:
2438 3022 2593 3094 cujus
2625 3025 2901 3095 inquisitio
2946 3034 3157 3085 mentes
3198 3036 3418 3085 nostras
3461 3029 3553 3086 diu
3578 3029 3706 3089 fati—

2117 3128 2249 3187 gare
2271 3114 2495 3181 solebat,
2518 3115 2593 3170 ita
2610 3122 2673 3169 ut
2694 3130 2794 3171 nec
2815 3128 3083 3186 apparens
3110 3125 3308 3173 nostra:
3330 3116 3702 3193 [Al.,nostris]

2116 3205 2484 3262 satisfaciebat
2511 3204 2834 3261 curiositati.
2876 3204 3007 3271 Quae
3045 3222 3216 3276 nuper
3238 3206 3349 3263 sole
3375 3216 3625 3265 morante
3647 3210 3703 3265 in

2114 3286 2293 3351 Leone
2318 3295 2474 3351 nobis
2498 3295 2777 3367 apparuit;
2808 3296 3216 3367 propemodum,
3245 3304 3303 3352 ut
3332 3307 3606 3368 putamus,
3630 3313 3703 3354 eo

2112 3397 2353 3459 tempore
2376 3403 2486 3458 quo
2508 3387 2649 3458 apud
2680 3403 2781 3447 nos
2829 3387 3046 3442 inventa
3094 3396 3180 3443 est
3220 3387 3461 3460 ejusdem
3508 3389 3705 3460 Martis

2112 3478 2307 3549 imago.
2341 3478 2416 3533 De
2441 3492 2549 3547 qua
2575 3478 2740 3533 etiam
2775 3476 2929 3533 stella
2957 3485 3150 3533 vestra:
3182 3478 3481 3535 venerabili
3519 3479 3696 3552 digni-

2111 3569 2209 3624 tati
2228 3568 2256 3609 ιι
2276 3569 2331 3623 in
2353 3568 2461 3623 alia
2483 3566 2713 3639 epistola
2741 3581 2865 3625 mox
2884 3574 3172 3639 postquam
3200 3583 3231 3623 a
3262 3569 3420 3625 nobis
3447 3569 3559 3624 visa
3578 3568 3699 3632 fuit,

2110 3658 2402 3717 secundum
2436 3644 2749 3716 facultatem
2777 3658 2864 3731 [At
2893 3699 2910 3727 ,
2955 3656 3293 3733 facilitatem]
3342 3660 3702 3733 indagatiouis

2110 3759 2308 3807 nostrae
2332 3751 2535 3822 aliquid
2558 3752 2740 3808 dicere
2774 3752 3107 3808 curavimus.
3145 3750 3252 3807 Sed
3276 3753 3439 3810 modo
3476 3771 3576 3826 pro
3601 3770 3698 3811 ve—

2107 3849 2237 3899 strae
2278 3842 2518 3914 epistola:
2541 3842 2918 3899 exhortatione
2951 3841 3158 3913 aliquid
3198 3843 3509 3915 diligentius
3536 3846 3605 3901 de
3633 3861 3697 3902 ea

2107 3932 2330 3987 scrutati
2355 3946 2560 3987 sumus.
2584 3929 2720 3987 Nam
2746 3929 3050 4000 huiusmodi
3072 3931 3509 4005 interrogationis
3527 3934 3693 3991 verba

2105 4023 2361 4093 posuistis
2385 4039 2399 4076 :
2431 4021 2501 4076 Et
2522 4022 2587 4077 de
2617 4020 2810 4087 Marte,
2831 4022 2922 4094 qui
2948 4038 3087 4078 anno
3110 4023 3373 4093 prseterito
3402 4023 3456 4078 in
3485 4023 3694 4081 Canem

2100 4116 2273 4171 sidere
2301 4113 2426 4170 solis
2457 4112 2651 4169 lumine
2692 4113 2936 4168 humanis
2967 4113 3228 4169 obtutibus
3256 4114 3566 4183 interceptus
3589 4125 3690 4179 est,

2101 4207 2228 4278 quid
2252 4207 2483 4271 sentias;
2506 4221 2577 4259 an
2603 4202 2875 4259 naturalis.
2892 4204 2978 4259 sui
2997 4220 3180 4259 cursus
3212 4203 3432 4269 ratione,
3466 4221 3537 4259 an
3558 4204 3693 4261 solis

2103 4299 2171 4365 vi,
2196 4316 2269 4354 an
2288 4297 2527 4370 prodigio
2546 4304 2721 4351 actum
2746 4296 2835 4360 sit,
2861 4304 2917 4348 ut
2941 4294 3045 4349 iter
3057 4293 3281 4348 duorum
3299 4309 3560 4351 annorum
3587 4311 3693 4349 uno

2103 4389 2399 4459 conﬁceret.
2431 4387 2575 4443 Nam
2597 4403 2760 4458 nuper
2792 4384 2900 4442 sole
2920 4384 3147 4441 Leonem
3176 4384 3449 4440 deserente
3473 4386 3528 4439 in
3552 4384 3689 4459 Can-

414 4497 776 4545 ιτθωηωσωη
827 4490 1108 4560 sexaginta
1160 4492 1396 4562 ρεηίυηι
1446 4492 1809 4550 mmmam;
1860 4492 2006 4548 lum;
2027 4528 2078 4591 Β
2102 4499 2194 4538 ero
2226 4483 2374 4537 nobis
2419 4484 2681 4554 apparuit.
2709 4480 2789 4591 "Si
2821 4482 2983 4540 solent
3007 4483 3283 4585 comitatus
3314 4493 3413 4551 est,
3441 4485 3687 4591 quietiam

412 4579 595 4634 cursui
625 4580 833 4649 optime
857 4580 1145 4636 convenire
1174 4581 1402 4638 videtur.
1435 4582 1590 4651 Quod
1617 4584 1779 4639 unius
1812 4582 1999 4654 ﬁgurae

406 4668 677 4726 divisione
719 4672 921 4744 magis,
976 4688 1137 4743 quam
1187 4676 1477 4730 verborum
1531 4676 1995 4746 multiplicatione,

408 4757 536 4830 quia
560 4758 793 4829 sapienti
820 4777 997 4832 pauca
1010 4761 1305 4828 suﬂioiunt,
1331 4764 1719 4821 ostendendum
1743 4779 1995 4820 essenon

408 4849 642 4920 ignobile
668 4851 875 4921 pultavi.
911 4852 1082 4922 Cujus
1104 4851 1290 4923 ﬁgurat
1317 4852 1346 4895 δ
1375 4852 1659 4908 formulam
1691 4862 1813 4923 post
1837 4853 1997 4922 hujus

407 4938 650 5007 epistolae
685 4947 891 4995 tantum
926 4948 1127 5012 ponere
1156 4942 1362 4999 melius
1381 4942 1685 4998 existimavi
1709 4958 1871 5014 quam
1898 4957 1996 5013 per

407 5046 530 5086 eam
555 5029 753 5086 seriem
781 5031 1051 5088 sermonis
1074 5033 1248 5089 nostri
1280 5031 1539 5090 dividere.
1582 5033 1641 5089 In
1680 5049 1788 5104 qua
1828 5035 1990 5091 etiam

404 5122 579 5195 ﬁgura
606 5131 661 5179 et
701 5124 956 5180 horarum
987 5124 1281 5182 diversitas
1322 5126 1543 5196 agnosci
1576 5125 1794 5195 poterit,
1821 5126 1864 5182 si
1903 5128 1989 5183 cui

407 5217 715 5286 diligentius
760 5217 1104 5274 considerare
1148 5218 1376 5289 placeat,
1423 5217 1548 5287 quia
1587 5216 1744 5273 aliter
1786 5218 1993 5274 solares

374 5305 562 5375 ‘iCod.
605 5305 699 5361 Vat
725 5348 741 5370 ,
781 5308 907 5379 quia
943 5307 1103 5364 aliter
1138 5313 1287 5364 horae
1322 5307 1619 5377 signorum,
1659 5306 1816 5362 aliter
1850 5308 1991 5364 sola-

409 5391 538 5471 rcs],
562 5394 712 5452 aliter
736 5395 952 5452 lunares
974 5404 1371 5466 computantur.
1389 5395 1566 5450 Etiam
1589 5393 1645 5449 in
1666 5395 1987 5466 quibusdam

406 5480 538 5540 locis
561 5494 615 5540 et
644 5486 743 5555 ipsi
768 5495 998 5557 punctus
1020 5488 1176 5544 aliter
1194 5496 1355 5560 atque
1377 5488 1536 5545 aliter
1560 5496 1941 5560 computantur
1968 5501 1985 5541 :

370 5606 377 5619 ι
404 5575 499 5639 ita,
528 5582 590 5631 ut
616 5575 735 5631 aliis
757 5579 1228 5648 supputationibus
1255 5582 1443 5636 horam
1473 5580 1711 5650 quinque
1736 5586 1984 5649 punctos,

476 5697 498 5763 ς
532 5682 644 5763 iter
690 5684 979 5763 agentibus.
1019 5686 1435 5763 Pcr_Belgi_um?
1465 5699 1522 5763 ut
1554 5690 1605 5744 in
1622 5690 1810 5763 Aepist.
1841 5704 1955 5759 seq.

474 5758 502 5797 b
535 5753 748 5824 Figura}
775 5754 1075 5824 formulam.
1104 5753 1279 5813 Hanc'
1294 5760 1575 5813 formulam
1610 5753 1983 5823 Quercetanns

410 5826 611 5892 omisit,
636 5826 776 5904 quod
805 5826 860 5881 in
890 5825 1145 5895 cod.ms.,
1185 5843 1324 5893 reor,
1352 5827 1765 5882 desideraretur.

2090 4573 2238 4629 «celer
2275 4589 2463 4629 cursus
2500 4572 2657 4643 ejus?
2703 4570 2762 4627 Si
2808 4581 2917 4628 toto
2963 4587 3102 4627 anno
3136 4572 3415 4629 stationem
3454 4574 3510 4627 in
3551 4571 3689 4629 Can-

2101 4681 2193 4720 cro
2217 4666 2362 4736 fecit,
2387 4663 2495 4720 sole
2528 4665 2584 4718 in
2612 4673 2799 4719 cetera
2841 4664 2993 4734 signa
3021 4664 3302 4735 migrante,
3338 4680 3435 4718 cur
3466 4665 3523 4717 in
3548 4662 3689 4719 Cano

2098 4773 2187 4812 cro
2212 4756 2375 4814 videri
2401 4771 2505 4815 non
2527 4755 2735 4826 potuit?
2764 4752 3097 4810 Scholastica
3117 4761 3170 4808 et
3186 4753 3499 4809 acutissima
3526 4767 3687 4821 argu-

2076 4848 2358 4904 mentatio
2400 4847 2527 4912 ista,
2567 4846 2635 4902 ad
2660 4862 2821 4917 quam
2850 4846 3174 4912 succincte,
3214 4851 3474 4921 quantum
3513 4843 3684 4901 dona-

2094 4941 2234 4995 verit
2260 4939 2421 5005 Deus,
2456 4939 2896 5009 respondeamus.

2164 5031 2318 5099 Quod
2344 5039 2533 5091 autem
2552 5031 2625 5087 ibi
2646 5031 2849 5087 dictum
2877 5036 2982 5097 est,
3010 5028 3139 5085 solis
3167 5027 3371 5084 lumine
3392 5028 3448 5085 in
3471 5027 3686 5085 Canem

2093 5121 2449 5195 interceptam
2474 5137 2596 5179 esse
2626 5120 2833 5177 stellam
2858 5119 3051 5179 Martis
3084 5118 3339 5181 humanis
3363 5118 3681 5183 obtutibus:

2092 5230 2198 5271 non
2225 5215 2435 5270 mstimo
2464 5211 2592 5267 solis
2619 5211 2840 5274 lumine,
2871 5217 2986 5264 toto
3015 5223 3158 5264 anno
3199 5208 3497 5278 pra-terno,
3545 5206 3683 5261 Mar-

2090 5307 2163 5363 tis
2188 5306 2400 5362 stellam
2424 5304 2477 5358 in
2500 5301 2713 5359 Cancro
2733 5300 3089 5370 interceptam
3114 5314 3269 5365 esse;
3291 5299 3385 5355 sed
3408 5297 3678 5355 Cancrum

2089 5403 2391 5466 opportuno
2432 5399 2676 5459 tuapore
2719 5398 2774 5444 et
2820 5388 3053 5444 naturali
3103 5404 3298 5445 cursus
3342 5387 3426 5443 sui
3464 5385 3678 5451 ordine,

2089 5499 2211 5545 cum
2240 5482 2394 5538 stella
2424 5478 2613 5535 Martis
2640 5477 2851 5547 obiectu
2879 5486 3039 5533 terra:
3075 5477 3328 5542 humanis
3344 5474 3679 5531 visibus“-

2091 5581 2386 5643 terceptuin
2427 5585 2567 5625 esse.
2620 5568 2784 5641 igitur
2809 5583 2951 5625 anno
2995 5569 3271 5640 pneterito
3312 5581 3420 5625 non
3454 5562 3680 5621 memini

2160 5696 2181 5723 ε
2211 5683 2277 5738 In
2307 5683 2479 5739 alia...
2511 5682 2746 5755 epistola.
2785 5682 3004 5755 Qumin
3030 5680 3168 5755 edit._
3470 5676 3675 5749 θείω,

2088 5772 2116 5811 a
2147 5755 2302 5825 nobis
2333 5754 2474 5825 inter
2498 5750 2659 5825 opera
2685 5753 3050 5825 philosophica
3083 5750 3408 5825 exhibenda.

2160 5825 2183 5865 ἀ
2218 5823 2283 5879 In
2315 5824 2420 5879 alia
2448 5822 2697 5897 epistola.
2716 5823 2915 5893 Nempe
2939 5822 3105 5892 priori
3314 5838 3321 5849 ‘
