4070 6182
281 368 412 426 281‘

1739 348 2094 411 EPISTOLA'Z
2107 392 2121 405 .

3454 349 3575 411 383

280 503 386 545 me
413 484 565 543 iilutu
614 479 812 536 vidisse
851 476 907 531 in
941 474 1170 539 Cancro,
1208 474 1339 531 dum
1386 472 1593 526 Cancer
1635 468 1884 525 noctibus
1910 471 1959 527 Α
1987 464 2120 523 lium
2146 475 2450 523 vestrorum
2484 468 2775 529 amabiieut
2824 464 3071 537 perspexi
3106 466 3361 532 salutem,
3402 472 3573 523 totum

282 578 383 634 sui
406 586 604 632 cursus
643 567 890 625 ordinem
925 563 1116 634 agebat
1158 576 1321 632 super
1348 559 1465 633 [F.,
1494 559 1680 617 subter
1705 566 1762 612 ut
1802 557 1887 612 in-

289 661 409 737 fra]
438 672 662 719 terram.
692 655 803 712 Nec
834 655 981 708 enim
1011 650 1379 724 prodigiosum
1426 665 1549 705 reor
1573 647 1714 718 quod
1741 655 1890 702 tanto

290 765 546 824 tempore
570 748 729 805 nobis
752 762 860 802 non
886 743 1173 815 apparuit,
1204 741 1298 797 sed
1324 739 1554 795 naturali
1588 739 1672 794 sui
1698 752 1890 795 cursus

289 847 512 902 ordine.
539 841 597 897 Si
619 839 763 898 enim
792 836 1069 909 praeterito
1092 848 1237 888 anno
1270 833 1325 889 in
1369 831 1546 886 sidere
1565 829 1759 886 Cancri
1784 844 1890 885 non

292 931 575 1006 apparuit,
611 935 667 983 et
695 941 839 983 nunc
868 925 924 978 in
948 921 1159 978 Cancro
1187 926 1445 990 apparet;
1478 934 1587 975 non
1617 933 1724 973 uno
1750 932 1893 971 anno

295 1040 500 1084 cursus
528 1022 614 1079 sui
643 1027 864 1085 metam,
887 1016 981 1072 sed
1002 1014 1180 1085 spatio
1212 1011 1441 1070 duorum
1464 1027 1728 1068 annorum
1767 1026 1893 1081 per-

298 1129 467 1186 agere
499 1108 853 1182 dignoscitur,
887 1105 1015 1161 dum
1044 1118 1190 1159 nunc
1212 1102 1449 1158 secundo
1474 1117 1616 1157 anno
1644 1100 1698 1156 iu
1726 1100 1896 1157 altero

301 1210 555 1261 versatur
573 1200 770 1256 sidere.
793 1195 948 1264 Quod
976 1208 1107 1251 vero
1134 1193 1376 1248 additum
1398 1201 1482 1248 est
1505 1210 1519 1247 :
1546 1191 1595 1247 si
1622 1199 1730 1246 toto
1755 1207 1894 1246 anno

300 1293 589 1349 stationem
614 1289 674 1343 in
699 1285 903 1341 Cancro
933 1282 1077 1354 fecit,
1123 1280 1232 1336 sole
1274 1282 1331 1336 in
1375 1288 1565 1336 cetera
1612 1281 1763 1352 signa
1798 1279 1899 1333 mi-

302 1391 513 1455 grante,
540 1394 639 1434 cur
661 1378 720 1431 in
753 1374 956 1431 Cancro
985 1372 1148 1430 rideri
1178 1387 1281 1427 non
1321 1369 1529 1443 potuit!
1574 1369 1749 1425 Etiam
1772 1369 1899 1440 quia

303 1476 424 1546 ipse
444 1471 675 1536 Cancer,
698 1469 754 1523 in
775 1482 882 1538 quo
902 1466 1189 1520 stationem
1213 1463 1361 1529 fecit,
1383 1462 1553 1518 videri
1577 1478 1681 1520 non
1704 1462 1898 1533 potuit.

304 1564 432 1623 lio:
452 1578 584 1620 vero
614 1562 742 1617 dum
768 1558 978 1616 Cancer
1003 1549 1173 1612 videri
1203 1555 1399 1626 potuit,
1431 1556 1546 1614 visa
1585 1561 1669 1610 est
1709 1561 1764 1609 et
1809 1553 1901 1608 illa

305 1669 433 1711 cum
456 1651 691 1717 Canem,
714 1648 808 1719 qui
843 1659 986 1703 anno
1014 1644 1288 1716 praeterito
1330 1658 1491 1699 cursu
1532 1640 1763 1701 naturali
1807 1656 1905 1697 no-

306 1745 490 1802 ctibus
514 1743 617 1799 sub
647 1750 821 1797 terras
849 1737 1094 1795 recessit.

1992 568 2079 610 me
2104 554 2159 609 in
2186 556 2484 627 gratiarum
2530 558 2773 613 actiones
2799 556 3030 613 Domino
3048 556 3167 613 Deo
3206 553 3335 615 Iesu
3359 555 3577 615 Christo

1990 645 2212 710 contuli,
2244 644 2418 702 felicia
2460 646 2767 705 Christiano
2804 648 3273 719 populoltemporn
3302 649 3355 704 in
3382 656 3578 707 vestrm

1992 737 2265 793 felicitatis
2290 739 2621 797 exaltatione
2643 749 2700 795 et
2718 741 2891 796 salute
2913 741 3217 797 certissime
3234 742 3412 797 sciens
3437 758 3451 794 :
3479 755 3578 812 pm

1992 844 2100 899 qua
2146 844 2362 899 semper
2404 832 2693 887 Dominum
2740 833 3021 901 deprecari
3062 833 3288 901 gaudeo,
3332 833 3578 888 eamdem

1992 936 2210 993 semper
2235 922 2425 977 audire
2443 923 2714 989 desidero,
2741 932 2798 978 et
2826 924 2983 993 quasi
3010 931 3277 993 optatum,
3296 936 3337 979 'a
3363 925 3582 994 Deoque

1996 1010 2319 1067 destinatum
2361 1027 2559 1068 munus
2599 1014 2747 1068 omni
2795 1014 2993 1085 gaudio
3037 1024 3275 1070 vestram
3307 1014 3583 1075 incolumi-

1996 1111 2164 1160 tatem
2198 1105 2420 1174 cupiens
2448 1120 2664 1177 semper
2689 1105 2898 1163 audire.
2923 1105 3057 1173 Quis
3082 1107 3228 1163 enim
3254 1113 3344 1162 est
3362 1107 3455 1175 qui
3475 1120 3586 1161 non

1996 1196 2228 1266 gaudeat
2253 1198 2320 1251 de
2342 1198 2425 1254 sui
2456 1199 2649 1269 capitis
2673 1198 2914 1271 perfecta
2938 1200 3421 1271 integritatei'nisi
3449 1199 3590 1256 forte

1997 1285 2341 1353 furibundus,
2364 1288 2449 1343 vel
2490 1289 2731 1355 insanus,
2764 1303 2927 1359 quem
2952 1290 3274 1346 arctissimis
3294 1290 3592 1360 Hippocra-

2001 1375 2072 1430 tis
2095 1376 2324 1433 vinculis
2342 1377 2670 1449 alligandum
2715 1393 2836 1434 esse
2872 1392 3068 1436 censeo
3093 1379 3248 1452 [ϐοά.
3282 1378 3426 1445 Vat.,
3458 1394 3589 1436 cen—

2002 1465 2169 1539 suit]?
2193 1467 2308 1522 Etsi
2341 1465 2502 1536 juxta
2547 1467 2793 1539 Apostoli
2839 1470 3161 1524 sententiam
3202 1485 3353 1524 nemo
3379 1483 3591 1525 comm

2000 1573 2153 1612 suam
2191 1556 2311 1610 odio
2338 1558 2512 1623 habet,
2548 1557 2638 1612 sed
2674 1560 2833 1614 etiam
2858 1558 2991 1629 [oret
3019 1568 3068 1614 et
3091 1560 3257 1614 nutrit
3274 1558 3500 1630 (Εριιεσ.
3524 1575 3584 1625 v,

2002 1647 2131 1722 29);
2165 1657 2370 1721 quanto
2402 1649 2578 1721 magis
2621 1650 2678 1704 in
2729 1650 2925 1720 capitis
2964 1650 3215 1716 sanitate,
3262 1650 3319 1705 in
3354 1664 3476 1720 quo
3508 1657 3595 1705 est

1984 1742 2170 1798 totius
2216 1742 2464 1811 corporis
2502 1741 2766 1812 perfectio
2802 1751 2857 1798 et
2885 1742 3054 1811 gloria
3084 1743 3282 1810 Omnis,
3321 1743 3594 1798 membro-

377 1848 404 1876 ι
427 1834 488 1889 lu
515 1832 620 1888 alia
647 1830 896 1887 chartula
920 1826 1113 1897 scripsi
1139 1826 1206 1881 de
1225 1826 1279 1881 vi
1304 1816 1767 1895 solis,inaequales
1780 1839 1904 1880 eur-
1931 1820 1982 1883 Β
2006 1850 2127 1890 rum
2159 1849 2419 1905 compago
2444 1834 2685 1905 gaudere
2704 1835 2864 1891 debet
2890 1834 2955 1888 ἀν

306 1940 400 1981 sus
428 1923 739 1979 errantibus
775 1918 944 1975 stellis
967 1916 1235 1983 facientis,
1263 1924 1324 1971 ut
1345 1923 1505 1987 poeta
1534 1915 1646 1970 ait:

602 2098 615 2111 .
693 2055 786 2112 Sol
815 2062 1057 2125 tempora
1081 2049 1272 2111 dividit
1298 2049 1448 2115 anni,

602 2189 617 2202 .
692 2146 866 2203 Mutat
894 2150 1215 2213 noctemque
1244 2142 1516 2211 diemque,

598 2280 612 2294 .
688 2238 980 2306 Radiisque
1002 2233 1313 2306 petentibus
1341 2238 1508 2296 astra,

403 2336 522 2407 ipse
542 2339 710 2397 vetat,
738 2340 1038 2399 cursusque
1058 2339 1225 2396 vagos
1259 2323 1495 2380 statione
1528 2328 1793 2377 moratur.

315 2470 467 2541 Quod
501 2466 801 2539 sxpissime
830 2463 1119 2527 Saturnus,
1149 2459 1299 2515 Jovis
1328 2467 1383 2514 et
1419 2455 1563 2513 Mars
1586 2456 1700 2526 pati
1724 2453 1912 2510 viden-

319 2573 426 2618 tur.
450 2560 648 2614 Vestra
685 2569 817 2610 vero
842 2552 1150 2609 veneranda
1186 2550 1449 2622 sapientia
1496 2557 1553 2605 et
1596 2547 1908 2603 acutissima

318 2650 543 2708 scientia
575 2647 777 2711 videat,
809 2645 896 2700 vel
934 2644 990 2699 in
1032 2644 1157 2708 hac,
1191 2642 1276 2698 vel
1316 2642 1369 2697 in
1399 2640 1510 2707 illa,
1560 2639 1606 2695 si
1650 2638 1780 2709 quid
1824 2636 1910 2693 die

321 2758 480 2816 gnum
520 2740 606 2796 vel
641 2734 936 2794 verisimile
980 2730 1154 2791 videri
1180 2733 1406 2800 debeat;
1431 2748 1499 2788 an
1527 2731 1671 2787 aliud
1709 2727 1912 2800 aliquid

319 2835 386 2891 de
431 2831 597 2887 tantis
639 2827 1029 2900 quaestionibus
1076 2825 1403 2881 credendum
1451 2823 1541 2879 sit.
1592 2820 1913 2877 Nullatenus

321 2930 539 3001 propter
565 2918 927 2993 ignorantiam
955 2933 1052 2973 vos
1077 2918 1414 2987 interrogare
1439 2914 1720 2971 :estimavi.
1747 2911 1912 2978 Quid-

324 3016 449 3088 quid
487 3014 614 3070 inde
661 3010 928 3076 sentiatis,
971 3009 1199 3065 obsecro
1245 3015 1306 3064 ut
1355 3008 1589 3080 benigna
1637 3004 1916 3061 voluntate

322 3107 477 3164 nobis
518 3106 858 3161 innotescere
887 3116 995 3156 nou
1017 3100 1400 3172 dedignemini.
1428 3097 1547 3153 Non
1571 3112 1690 3153 sum
1713 3095 1913 3151 nimius

323 3206 456 3254 mea:
477 3195 758 3252 sententiae
785 3191 1057 3257 defensor,
1089 3190 1179 3246 sed
1210 3192 1435 3247 devotus
1466 3189 1711 3244 veritatis
1740 3195 1915 3242 secta-

322 3295 424 3344 tor.
458 3286 587 3341 Haee
611 3286 744 3339 vero
772 3280 1014 3350 subjecta
1044 3280 1216 3352 ﬁgura
1257 3280 1309 3334 in
1340 3279 1516 3355 primo
1558 3293 1717 3333 versu
1750 3277 1914 3355 habet

323 3383 510 3442 horas,
538 3379 595 3432 in
617 3377 809 3446 quibus
836 3375 993 3446 102
1026 3375 1177 3445 signa
1199 3373 1408 3445 singula
1429 3373 1699 3437 oriuntur,
1722 3371 1806 3425 vel
1828 3385 1915 3426 oc-

326 3468 540 3533 cidunt,
571 3464 657 3520 vel
679 3464 872 3521 deloco
909 3473 1212 3519 moventur.
1242 3462 1300 3517 in
1328 3462 1563 3518 secundo
1595 3461 1755 3517 habet
1781 3476 1916 3531 pun~

325 3565 446 3614 etes
481 3557 538 3611 in
584 3553 807 3626 singulis
850 3553 1019 3623 signis
1065 3552 1270 3609 decem.
1292 3546 1528 3607 "l‘ertius
1554 3558 1738 3620 partes
1764 3566 1915 3607 com—

324 3656 519 3721 putat,
558 3654 692 3718 quot
742 3645 978 3701 habeant
1025 3644 1235 3716 singula
1279 3644 1454 3716 signa.
1500 3642 1754 3710 Quartus,
1801 3641 1918 3721 dies

323 3718 521 3812 quibus
541 3745 792 3794 moratur
830 3734 957 3791 luna
980 3735 1036 3790 in
1077 3749 1401 3805 unoquoque
1442 3733 1614 3804 signo.
1663 3718 1913 3800 Quintus,

322 3828 486 3886 horas
518 3843 640 3898 quae
669 3825 999 3896 adjiciuntur
1035 3824 1249 3891 diebus.
1287 3824 1507 3890 Sextus,
1547 3823 1736 3879 uncias
1770 3829 1913 3889 octo,

326 3937 445 3992 qua:
486 3925 780 3991 supersunt
808 3919 1064 3979 horarum
1108 3929 1352 3981 numero,
1380 3924 1436 3971 et
1464 3914 1609 3970 bisse
1631 3922 1916 3969 vocantur.

326 4010 452 4069 liae
479 4012 663 4067 omnia
689 4019 913 4082 propter
953 4006 1267 4064 facilitatem
1312 4006 1669 4079 cognoscendi
1702 4020 1922 4061 cursum

332 4103 467 4157 lunae
488 4102 544 4157 in
564 4116 733 4156 unam
755 4097 1069 4155 coaecrvavi
1092 4094 1399 4152 formulam.
1430 4095 1487 4151 Si
1515 4102 1693 4150 tamen
1718 4093 1924 4149 veraci-

331 4198 415 4247 ter
447 4192 667 4248 inventa
704 4196 788 4246 est
820 4188 979 4254 ratio,
1024 4200 1187 4258 quam
1243 4192 1420 4241 vestra
1469 4184 1923 4241 excellentissima

333 4283 579 4353 quaesivit
600 4280 891 4354 sapientia.

757 4395 788 4436 δ
819 4393 1154 4452 EPISTOLA
1209 4391 1495 4448 LXXXVI.

846 4503 914 4545 ΑΙ)
950 4501 1167 4543 υοιικωί
1206 4499 1405 4541 REGEM.

938 4580 1116 4653 (Anno
1169 4577 1319 4651 798.)

339 4672 687 4743 designantur
712 4686 886 4727 cauam
912 4671 974 4743 ob
1003 4685 1134 4740 quas
1161 4667 1291 4722 luna
1319 4668 1494 4726 minor
1524 4666 1599 4743 rei
1628 4667 1802 4743 major
1826 4683 1923 4737 ap—

510 4749 694 4810 pareat
715 4756 872 4811 quam
896 4735 1030 4811 {erat
1051 4748 1471 4793 astronomorum
1499 4735 1755 4792 calculus.

406 4849 508 4908 Det
546 4848 639 4903 tibi
667 4857 980 4920 perpetuam
1007 4846 1245 4903 clemens
1272 4845 1325 4901 in
1355 4845 1498 4901 secta
1523 4845 1772 4911 salutem,

476 4935 545 4991 Et
568 4937 733 4993 decus
764 4935 994 5007 imperii,
1018 4935 1187 4997 David
1211 4942 1388 4990 amate
1410 4936 1421 4989 ε
1452 4935 1613 4990 Deus.

410 5026 739 5082 Venerandm
772 5027 1110 5085 auctoritatis
1134 5036 1329 5083 vestrae
1358 5026 1505 5081 omni
1532 5025 1691 5083 melle
1726 5024 1929 5082 dulcio-

336 5134 424 5173 res
453 5117 656 5189 apices,
683 5133 780 5189 per
802 5117 986 5174 aridos
1008 5129 1029 5189 ς
1058 5116 1287 5189 Belgica:
1313 5106 1613 5175 latitudinis
1628 5117 1735 5172 iter
1749 5115 1927 5189 agenti

336 5223 556 5277 ratiipos
606 5216 967 5265 occurrerunt
1008 5207 1164 5264 mihi.
1212 5207 1269 5263 lu
1318 5207 1535 5279 quibus,
1567 5205 1694 5262 dum
1738 5214 1930 5261 vestra:

338 5296 689 5362 lentitudinis
727 5295 1141 5374 prosperitatem
1188 5299 1374 5372 legens
1416 5296 1677 5363 intellexi,
1706 5305 1765 5353 et
1801 5295 1931 5367 ﬁde-

408 5442 432 5519 ξ
466 5431 674 5519 In‘alia
702 5434 964 5491 chartula.
999 5436 1124 5492 llaec
1168 5436 1431 5509 chartula
1455 5433 1686 5511 necdum
1720 5434 1929 5493 detecta

336 5509 443 5649 es?
463 5571 606 5628 Edit.
642 5573 1020 5649 Qttercetxlo,
1055 5574 1257 5632 Canisii
1292 5575 1355 5633 li
1402 5574 1657 5649 (Froben.
1687 5573 1795 5647 7i).
1834 5573 1931 5632 llic

337 5640 535 5715 «illata
558 5640 684 5715 cuni
724 5646 844 5701 cod.
877 5640 1158 5715 Vaticano.
1274 5714 1277 5715 ν

410 5718 451 5748 τ⁴
477 5713 723 5788 Befgicdg.
761 5715 886 5773 Haec
909 5714 1235 5788 interpretor
1261 5714 1327 5771 dc
1354 5715 1548 5775 itinere
1583 5716 1652 5788 ab
1698 5715 1931 5788 Alauiuo

338 5780 595 5855 sust-eruo
635 5785 703 5843 ad
732 5780 1115 5843 monastcrltfm
1152 5784 1365 5853 Wicus,
1393 5803 1487 5843 seu
1525 5786 1714 5859 cellam
1748 5786 1807 5843 S.
1838 5785 1931 5843 Jo-

2075 1926 2183 1982 Sed
2207 1933 2267 1980 ut
2301 1926 2368 1981 de
2392 1925 2784 1997 pulverulentis
2811 1925 3125 1996 Campania:
3146 1927 3319 1997 glebis
3338 1926 3407 1982 ad
3433 1925 3596 1981 cmic-

2001 2018 2106 2084 .stis
2129 2018 2383 2075 culminis
2418 2019 2813 2076 nobilissimam
2841 2018 3321 2087 acutissimamque
3336 2015 3597 2073 conside-

2007 2110 2273 2167 rationem
2301 2124 2390 2165 me
2432 2109 2614 2165 subito
2661 2109 3005 2164 transtuleris
3035 2125 3051 2161 :
3088 2109 3265 2163 dcimo
3300 2108 3356 2163 in
3386 2116 3597 2165 anno

2009 2200 2242 2272 pectoris
2267 2200 2381 2256 mei
2400 2199 2774 2270 Pythagorica:
2798 2200 3097 2270 disciplina:
3120 2198 3424 2257 scientiam.
3455 2195 3600 2252 unde

2006 2292 2239 2348 necdum
2257 2289 2526 2356 discessit,
2549 2304 2813 2347 renovare
2837 2290 3051 2355 niteris,
3074 2291 3203 2344 dum
3230 2301 3321 2343 me
3336 2288 3393 2342 in
3420 2284 3601 2355 hujus-

2007 2381 2152 2439 modi
2180 2381 2528 2445 honestarum
2548 2381 2748 2436 artium
2775 2379 3300 2436 consideratiouibns
3320 2390 3598 2446 nunquam

2008 2469 2267 2537 desidem,
2299 2471 2544 2541 quamvis
2573 2471 2755 2529 minus
2782 2471 3024 2536 doctum,
3048 2468 3351 2525 invenistis.
3386 2467 3496 2523 Nec
3520 2466 3604 2521 ia-

2009 2566 2232 2623 stidiosa
2276 2565 2532 2635 segnities
2578 2564 2891 2634 legentium,
2928 2562 3315 2619 benevolentiae
3359 2561 3603 2631 magistri

2003 2656 2150 2728 juste
2200 2656 2447 2725 deputari
2484 2652 2666 2717 debet,
2714 2654 2763 2709 si
2811 2653 3060 2723 plurimis
3100 2653 3361 2723 inclytum
3410 2654 3605 2706 manu

2011 2746 2327 2804 intentionis
2349 2745 2588 2803 studium
2612 2743 2986 2813 sequentibus,
3008 2741 3191 2797 forsan
3215 2742 3443 2797 Athena:
3465 2752 3605 2797 nova

2010 2838 2366 2910 perﬁceretur
2393 2837 2448 2892 in
2472 2835 2728 2901 Francia,
2752 2835 2863 2890 imo
2883 2833 3055 2889 multo
3082 2832 3452 2898 excellentior,
3472 2830 3605 2901 quia

2010 2929 2127 2986 haec
2157 2927 2362 2987 Christi
2410 2926 2625 2985 Domini
2663 2924 2944 2983 nobilitata
2990 2923 3335 2996 magisterio,
3384 2934 3605 2979 omnem

2010 3018 2351 3077 Aeademicae
2396 3017 2804 3075 exercitationis
2854 3021 3081 3086 superat
3124 3014 3464 3084 sapientiam.
3512 3011 3608 3066 illa

2014 3111 2390 3171 tantummodo
2432 3109 2725 3171 Platonicis
2769 3109 2980 3165 erudita
3017 3106 3333 3176 disciplinis,
3370 3105 3611 3175 septenis

2016 3204 2309 3261 informata
2336 3204 2534 3260 claruit
2568 3204 2806 3269 artibus;
2849 3204 2967 3259 bare
3003 3202 3169 3258 etiam
3198 3198 3612 3269 insuperrsepti-

2015 3294 2177 3352 formi
2206 3295 2378 3351 sancti
2410 3293 2644 3364 Spiritus
2678 3293 3013 3365 plenitudine
3056 3293 3235 3349 ditata
3258 3296 3614 3346 omnemsa-

2013 3386 2222 3448 cularis
2239 3387 2516 3457 sapientia:
2544 3386 2761 3443 excellit
2789 3385 3126 3457 dignitatem.
3158 3384 3238 3439 Ex
3263 3382 3417 3451 cujus
3446 3381 3608 3444 dono,

2015 3478 2063 3534 si
2089 3478 2217 3548 quid
2264 3479 2485 3549 dignum
2525 3480 2595 3533 ad
2626 3479 2958 3548 interrogata
3009 3476 3336 3546 respondere
3377 3474 3611 3539 valeam,

2017 3568 2309 3638 proferam.
3242 3576 3251 3583 ’
3398 3588 3401 3597 ·

2086 3669 2369 3740 Inquisitio
2420 3682 2550 3723 vero
2604 3674 2798 3722 vestrae
2843 3665 3135 3734 ingeniosa:
3191 3672 3246 3719 et
3294 3663 3611 3720 clarissima:

2018 3761 2298 3833 sapientiae
2328 3761 2443 3814 haee
2469 3758 2611 3813 fuit:
2641 3757 2753 3812 Cur
2777 3757 2971 3829 species
3014 3756 3220 3812 lunaris
3254 3757 3488 3828 corporis
3513 3758 3615 3810 mi-

2021 3868 2119 3908 nor
2149 3859 2363 3923 apparet
2388 3848 2545 3921 [Cod.
2565 3848 2711 3913 Vat,
2741 3847 3035 3921 appareret]
3068 3848 3234 3903 oculis
3267 3847 3613 3912 cernentium,

2017 3960 2176 4018 quam
2220 3941 2596 3999 salutantium
2645 3940 2924 3995 curiositas
2956 3940 3115 4010 103
3149 3941 3204 3994 in
3250 3942 3480 3995 numeris
3529 3957 3618 3994 no—

2021 4037 2182 4091 ctium
2206 4034 2481 4097 inveniret,
2512 4028 2591 4087 vel
2619 4031 3064 4087 considerantium
3095 4028 3394 4085 sollicitudo
3418 4032 3471 4084 in
3499 4043 3619 4101 par-

2022 4124 2163 4179 tibus
2192 4121 2447 4194 Signiferi
2469 4123 2787 4194 conspiceret
2815 4139 2833 4185 ;
2866 4136 2959 4176 nec
2987 4120 3057 4174 ad
3092 4119 3299 4175 easdem
3328 4121 3617 4190 septimana

2025 4211 2180 4286 [ϐοά.
2221 4212 2368 4277 Vat.,
2398 4210 2612 4284 septem]
2664 4213 2720 4266 in
2759 4211 2971 4283 quintus
3014 4209 3244 4265 decimas
3288 4204 3425 4263 Kal.
3445 4194 3615 4278 April.

2024 4303 2153 4359 (una
2184 4301 2523 4358 Geminorum
2558 4302 2615 4356 in
2640 4309 2849 4374 aspectu
2870 4302 3159 4372 perveniret
3182 4309 3374 4372 partes,
3399 4296 3468 4352 ad
3487 4314 3618 4370 quas

2024 4395 2119 4451 illa
2147 4395 2496 4467 multiplicata
2519 4410 2614 4466 per
2641 4405 2862 4466 punctos
2891 4393 3191 4463 supputatio
3219 4390 3499 4464 perducere
3522 4390 3618 4445 de-

1934 4512 2003 4575 ,D
2026 4487 2176 4542 imit?
2206 4487 2275 4542 Et
2320 4493 2433 4541 tres
2478 4482 2638 4553 huius
2687 4483 2968 4538 varietatis
3014 4497 3226 4547 causas,
3277 4483 3325 4538 si
3369 4480 3622 4552 quaelibet

2026 4580 2217 4634 harum
2244 4590 2367 4632 esse
2387 4582 2692 4646 putaretur,
2735 4572 3037 4645 supponitis
3085 4570 3240 4647 [Cod.
3302 4569 3441 4639 Vat.,
3488 4584 3618 4643 sup-

2022 4666 2326 4741 posuistis],
2370 4676 2433 4723 ut
2483 4667 2675 4722 eadem
2723 4680 2989 4737 ponamus
3034 4664 3200 4721 verba
3250 4679 3370 4734 quae
3417 4664 3621 4719 nostris

2026 4767 2223 4816 vestrm
2269 4758 2553 4815 laudabilis
2587 4759 2869 4829 sapientia:
2912 4756 3157 4813 chartula
3191 4757 3430 4813 insonuit
3474 4756 3623 4811 auri-

2024 4854 2161 4909 bus:
2192 4860 2247 4907 ut
2267 4852 2380 4908 sine
2405 4850 2515 4906 ullo
2534 4849 2744 4924 [For-te,
2774 4850 2878 4905 sive
2908 4848 3027 4922 illa]
3055 4848 3182 4903 dicti
3212 4844 3463 4919 Signiferi
3491 4840 3622 4901 obfi-

2022 4945 2231 5016 qaitas;
2278 4943 2384 4999 sire
2420 4942 2588 5013 ipsius
2613 4941 2907 5011 astrivagus
2951 4939 3007 4993 in
3037 4937 3229 4993 adhere
3265 4950 3486 5002 cursus;
3517 4936 3623 4991 sire

2026 5034 2241 5090 insolita
2263 5034 2529 5106 quadam,
2561 5041 2608 5087 et
2635 5046 2904 5103 nunquam
2943 5028 3222 5100 prctteritis
3251 5035 3387 5106 retro
3413 5023 3620 5081 sa'ctti'is

2026 5124 2158 5180 ισσίο
2178 5104 2424 5196 legitima
2448 5123 2603 5197 [Cod.
2627 5123 2771 5186 var,
2798 5120 2926 5175 locis
2955 5110 3202 5193 legitime]
3237 5119 3347 5174 uisa
3366 5104 3622 5171 detractio

2029 5215 2243 5286 (acad.
2273 5215 2445 5282 Quam
2474 5226 2813 5283 nosquoque
2842 5210 3257 5268 diminutionem
3278 5208 3486 5265 lunaris
3515 5204 3623 5263 for-

2030 5308 2190 5366 mula:
2233 5307 2602 5378 perspicaeius
2651 5306 2955 5370 intuentes,
3001 5303 3211 5368 eadem,
3251 5316 3373 5374 qua:
3426 5298 3626 5356 vestris

2031 5440 2151 5499 doci
2178 5454 2292 5496 suae
2311 5450 2457 5494 cum
2483 5452 2512 5491 a
2533 5436 2728 5493 Carolo
2751 5434 3023 5498 traditam,
3059 5442 3117 5489 et
3144 5436 3302 5504 sitam
3329 5434 3383 5489 in
3417 5426 3622 5504 Belgio,

2030 5513 2099 5568 de
2126 5524 2270 5591 qua
2287 5510 2452 5565 etiam
2497 5505 2621 5563 vide
2648 5505 2929 5577 epistolam
2980 5504 3048 5560 12
3077 5505 3220 5562 inter
3267 5503 3621 5591 Chesniatias,

2032 5580 2319 5725 “£0623
2351 5648 2604 5725 ilicoiinis
2628 5647 2870 5725 epistolae
2892 5647 3033 5718 apud
3058 5642 3333 5703 Canisium
3367 5663 3381 5702 :
3416 5644 3620 5725 rcliqqa

2034 5718 2390 5783 ex—m'sfeod.
2422 5719 2629 5777 addidit
2662 5718 3051 5787 Qucrcetanus.
3138 5782 3149 5797 ε
