4054 6182
415 342 526 409 287.

1256 334 1317 387 Β.
1358 334 1418 388 F.
1464 327 1692 383 ALBlNl
1732 325 1863 380 SEU
1915 318 2188 377 ALCUNI
2225 314 2512 373 OPERUM
2551 310 2730 367 PARS
2768 313 2811 366 l.

3570 303 3677 361 ω
3696 309 3701 314 _

416 463 705 518 inusserat
735 449 1021 514 mentibus,
1064 446 1233 502 motio
1258 444 1429 501 nostri
1464 452 1679 513 quoque
1701 437 1881 495 cordis
1917 443 1996 490 te—
2024 437 2067 492 Λ
2099 428 2274 483 ritatis
2289 439 2449 497 posse
2466 423 2607 479 trahi
2628 420 2786 493 [Cod.
2826 417 2968 483 ναι,
2988 423 3178 487 postse
3202 415 3405 481 trahat]
3426 420 3684 486 ctspontc

414 553 541 623 tigit
560 540 871 618 quoniam;
888 538 997 595 Sed
1043 537 1218 594 tribus
1245 551 1277 591 a
1302 543 1482 591 vestra
1513 531 1816 588 veneranda
1843 528 1995 584 inda—

412 618 634 711 εᾶιίαιε
668 631 959 707 propositis
1001 627 1165 699 hujus
1212 624 1585 683 diminutionis
1628 620 1813 677 causis
1866 618 1999 673 alias

413 744 635 804 quoque
687 735 800 783 tres
844 722 1108 795 probabili
1158 720 1368 779 ratione
1424 715 1729 771 invenimus
1784 726 1997 777 causas,

414 801 563 879 unde
588 804 879 875 haec'tanta
908 811 1192 869 diminutio
1226 809 1381 878 juxta
1420 816 1664 863 veterum
1707 801 2002 873 indagatio-

420 928 546 971 πω
568 910 860 966 multorum
886 904 1095 962 defendi
1116 902 1398 972 potuisset.
1423 898 1556 953 Nam
1585 898 1701 953 hmo
1723 894 2005 952 diminutio
2104 906 2107 909 ‘

421 1003 807 1077 aspicientibus
829 1001 885 1055 in
916 998 1090 1053 lunari
1116 1009 1343 1065 corpore
1369 992 1506 1048 solet
1531 991 1647 1046 fieri
1673 997 1794 1060 post
1821 987 2007 1057 imple-

421 1110 536 1155 tam
576 1096 745 1153 saltus
779 1089 1233 1162 supputationem,
1275 1101 1396 1157 qua:
1437 1100 1536 1156 per
1575 1084 1761 1139 decem
1814 1095 2007 1136 novem

424 1192 597 1242 annos
617 1186 705 1241 vix
728 1183 947 1239 tandem
967 1178 1309 1250 implebitur;
1335 1191 1400 1231 ac
1419 1174 1580 1230 veluti
1604 1171 2011 1242 approximante

423 1278 619 1333 ultimo
646 1290 790 1332 anno
813 1273 998 1330 circuli
1028 1266 1535 1331 decennovennalis,
1566 1279 1674 1334 quo
1716 1277 1856 1317 unus
1896 1260 2012 1315 dies

425 1367 599 1423 saltus
623 1363 1005 1435 supputatione
1032 1358 1415 1415 transiliendus
1442 1362 1544 1419 est,
1572 1352 1868 1423 saepissime
1894 1364 2012 1404 ma-

428 1457 516 1528 jor
548 1457 672 1511 luna
707 1455 967 1524 aspicitur
1003 1467 1165 1522 quam
1212 1448 1388 1505 astatis
1433 1445 1574 1502 ratio
1616 1443 1881 1501 ostendat.
1924 1439 2015 1495 Sic

431 1547 596 1601 etiam
643 1551 768 1615 post
801 1543 961 1614 huius
1005 1541 1175 1597 saltus
1217 1537 1671 1610 supputationem,
1721 1535 1775 1588 in
1824 1531 2016 1603 primis

434 1639 623 1695 circuli
662 1634 1148 1695 decennovennalis
1174 1633 1329 1688 annis
1364 1630 1544 1685 minor
1578 1639 1721 1697 szepe
1746 1624 2019 1680 invenitur

435 1746 599 1800 quam
624 1729 1006 1785 calculantium
1027 1727 1276 1782 decantet
1296 1721 1576 1776 memoria.
1604 1719 1699 1774 Est
1725 1730 1938 1786 quoque
1964 1724 2020 1770 et

438 1819 607 1873 altera
635 1834 795 1874 causa
832 1832 939 1887 qua
984 1815 1161 1870 minor
1195 1813 1365 1868 videri
1406 1810 1544 1865 solet
1578 1824 1676 1879 per
1719 1808 1865 1862 vices
1893 1806 2019 1861 luna

438 1922 601 1978 quam
628 1907 915 1964 calculatio
960 1903 1355 1962 numerantium
1401 1902 1547 1957 illam
1576 1901 1860 1956 ostendat:
1894 1899 2019 1954 dum

438 1998 602 2071 paulo
634 2006 761 2055 ante
800 2012 1106 2067 vesperam,
1148 1995 1235 2050 vel
1276 1994 1435 2048 unius
1470 1992 1617 2046 hora:
1651 1987 2024 2044 tantummodo

438 2091 620 2163 .atio
660 2089 971 2145 accenditur
1009 2087 1155 2150 luna,
1197 2098 1319 2155 qua:
1364 2082 1549 2138 statim
1588 2087 1863 2135 transacto
1895 2078 2027 2134 solis

440 2194 641 2238 occasu
667 2179 842 2249 prima
867 2177 1203 2247 supputanda
1244 2183 1346 2231 est.
1387 2173 1496 2229 Nec
1538 2168 1735 2227 mirum
1765 2171 1811 2224 si
1850 2171 2029 2225 minor

443 2280 704 2342 appareat
739 2270 994 2333 secunda,
1035 2268 1119 2322 vel
1150 2266 1336 2328 tertia,
1385 2265 1469 2321 vel
1517 2264 1572 2318 in
1617 2262 1829 2318 caeteris
1865 2262 2027 2316 etiam

445 2360 697 2418 aetatibus
719 2361 833 2416 suis
856 2360 1001 2424 luna,
1025 2373 1207 2429 quam,
1231 2357 1278 2412 si
1299 2364 1420 2427 post
1443 2369 1606 2410 unam
1626 2356 1815 2410 horam
1837 2352 2032 2424 prioris

442 2453 620 2510 noctis
644 2450 1001 2516 accendatur;
1031 2457 1086 2505 et
1111 2457 1233 2519 post
1256 2448 1444 2518 viginti
1481 2447 1615 2502 duas
1656 2445 1742 2500 vel
1790 2453 1901 2500 tres
1941 2444 2035 2499 bo-

448 2554 559 2605 ns,
586 2541 714 2596 dum
748 2542 816 2594 ad
852 2553 1132 2609 vesperam
1160 2534 1489 2606 pervenerit,
1542 2534 1714 2604 prima
1760 2540 2035 2604 compute-

449 2641 558 2688 tur.
583 2631 653 2686 Et
673 2631 789 2688 hac
816 2630 1016 2699 poterit
1034 2644 1157 2684 esse
1182 2627 1321 2683 ratio
1358 2635 1420 2681 ut
1446 2640 1544 2696 per
1569 2626 1716 2680 vices
1739 2625 1919 2680 minor
1942 2638 2037 2694 ap-

450 2730 639 2794 pareat
664 2724 720 2778 in
741 2722 941 2793 specie,
964 2736 1129 2791 quam
1169 2725 1514 2787 computetur
1553 2717 1607 2771 in
1638 2724 1817 2771 aetate.
1854 2714 1960 2771 Sed
1983 2723 2040 2769 et

452 2816 570 2872 hac
596 2826 812 2885 quoque
839 2812 1127 2866 minoratio
1161 2811 1217 2866 in
1260 2810 1463 2875 Ariete,
1512 2808 1593 2863 vel
1627 2808 1773 2863 circa
1816 2820 1940 2861 eum
1967 2806 2041 2861 si-

450 2906 593 2978 gnis,
616 2905 664 2960 si
690 2904 899 2960 lunaris
916 2902 1158 2958 incensio
1174 2901 1441 2965 evenerit,
1474 2899 1670 2971 sa‘pius
1693 2898 2043 2954 consideran-

454 2998 602 3053 tiius
638 2994 909 3060 occurrit;
940 2994 1015 3048 ita
1054 3002 1117 3048 ut
1154 2993 1210 3047 in
1255 2993 1455 3048 Arietis
1502 2993 1655 3063 signo
1704 2991 1846 3046 miro
1883 2989 2043 3045 modo

452 3088 771 3158 cmtingere
796 3085 988 3151 soleat,
1017 3084 1198 3139 lunam
1239 3085 1438 3154 prioris
1466 3084 1666 3139 mensis
1692 3082 2041 3138 novissimam

459 3191 623 3233 mane
645 3175 850 3241 videre,
879 3183 935 3231 et
976 3175 1356 3245 subsequentis
1402 3188 1596 3229 novam
1641 3170 1886 3241 ejusdem
1935 3170 2042 3224 diei

463 3279 689 3336 vespere
725 3280 985 3336 apparere
1030 3265 1085 3321 in
1122 3265 1280 3329 cmlo,
1320 3272 1381 3318 ut
1417 3271 1542 3333 pote
1587 3269 1738 3317 sexta
1775 3262 1907 3315 hora
1939 3259 2045 3315 diei

464 3356 683 3413 incensa
721 3364 868 3411 retro
906 3362 1234 3411 transactam
1280 3366 1460 3417 mane,
1502 3360 1559 3407 et
1585 3359 1708 3421 post
1742 3349 2047 3405 venientem

466 3463 691 3521 vespere
722 3448 980 3503 ostendit.

539 3539 647 3596 Sed
675 3540 722 3595 si
745 3554 811 3594 ex
833 3539 961 3603 illis,
977 3553 1114 3607 quas
1133 3544 1310 3592 vestra
1335 3534 1561 3590 inseruit
1582 3531 1899 3598 auctoritas,
1922 3544 2051 3587 cau-

469 3631 549 3689 sis
591 3629 769 3701 aliqua
811 3628 915 3684 fuit
939 3626 1097 3700 [Cod.
1167 3622 1309 3691 γω..
1339 3622 1471 3696 ﬁat],
1520 3623 1635 3678 sive
1679 3636 1750 3678 cx
1795 3620 1883 3677 his
1931 3634 2053 3690 qua:

471 3732 662 3780 nostra
684 3722 864 3792 posuit
888 3720 1129 3785 solertia,
1155 3731 1375 3775 necesse
1395 3723 1680 3773 esttamen
1698 3721 1761 3769 ut
1777 3711 2053 3769 Paschalis

474 3815 601 3869 luna
640 3820 791 3869 stans
827 3810 1153 3867 omnimodis
1194 3808 1517 3865 inviolabilis
1562 3812 1895 3878 permaneat.
1943 3804 2055 3861 Nec

472 3904 623 3959 cnim
664 3901 783 3958 ﬁeri
815 3901 1012 3972 poterit
1045 3909 1105 3955 ut
1146 3900 1286 3956 hanc
1316 3899 1727 3957 diminutionem
1754 3897 1953 3967 speciei
1975 3897 2057 3953 lu-

475 3992 625 4049 naris
648 4007 806 4047 nemo
827 3991 1068 4062 priorum
1090 3987 1371 4045 doctorum
1393 3988 1480 4044 vel
1503 3996 1813 4043 sanctorum
1834 3988 2057 4042 Patrum

475 4083 719 4151 vidisset,
749 4089 803 4138 et
828 4081 921 4153 qui
958 4081 1015 4136 in
1043 4080 1259 4136 Nicaeno
1278 4079 1506 4135 concilio
1535 4079 1797 4133 rationem
1826 4077 2061 4132 Pascha-

476 4172 546 4228 lis
569 4171 708 4228 lunae
744 4171 1012 4244 sagaciter
1033 4170 1355 4225 invenerunt
1391 4176 1449 4223 et
1473 4167 1741 4223 catholico
1775 4166 2060 4222 ordinave-

481 4273 610 4322 runt
650 4281 666 4320 :
731 4271 793 4319 ut
853 4261 1179 4318 omnimodis
1233 4268 1494 4332 perpetuo
1539 4259 1665 4330 jure
1721 4259 2059 4315 sanctissima

480 4354 898 4414 resurrectionis
925 4352 1220 4409 Dominica:
1246 4351 1512 4408 festivitas
1533 4352 1590 4407 in
1614 4358 1727 4406 toto
1765 4350 1898 4406 orbe
1925 4364 2058 4407 con-

2093 528 2424 592 sequentem.

2166 628 2379 691 Vestra,
2408 636 2620 695 precor,
2648 618 2898 676 Christus
2920 615 3232 672 coalestibus
3258 613 3459 686 inclyta
3485 612 3645 670 donis

2236 718 2513 780 inlustret,
2548 712 2754 784 repleat
2772 718 3014 782 pectora,
3043 707 3193 779 pacis
3224 721 3399 762 amor.

2169 810 2352 866 Dulcis
2385 822 2539 863 amor
2571 806 2716 871 vitae,
2739 801 2909 858 dulcis
2936 800 3073 866 laus,
3106 797 3277 871 gloria
3303 795 3477 855 dulcis

2242 899 2326 955 Sit
2350 898 2446 954 tibi
2467 902 2747 967 perpetua,
2776 889 2945 946 David
2971 898 3170 956 amate,
3196 887 3364 944 salus.

2526 1005 2555 1046 δ
2586 1001 2780 1059 EPIST
2790 1000 2926 1057 DLA
2959 998 3265 1055 LXXXVII.

2686 1111 2771 1165 ,An
2814 1106 3084 1148 ARNONEI.

2428 1190 2604 1263 (Anno
2631 1184 2758 1253 798,
2784 1184 2937 1260 initio
2958 1183 3161 1238 mensis
3181 1180 3367 1253 Junii).

2113 1283 2180 1338 In
2210 1280 2479 1336 Hunniam
2498 1276 2913 1353 proficiscentem
2939 1273 3183 1353 hortatur
3204 1271 3275 1328 ad
3300 1288 3428 1342 opus
3452 1270 3700 1343 apostoli.

2594 1341 2713 1399 cum
2737 1344 2863 1399 bene
2899 1341 3217 1398 obeundum.

2199 1452 2534 1510 Charissimo
2589 1449 2957 1517 unanimoque
3024 1446 3203 1501 amico
3256 1444 3465 1515 Aquila:
3508 1460 3700 1515 super-

2117 1544 2439 1619 speculatori
2481 1543 2536 1597 in
2563 1541 2763 1598 Christi
2797 1540 3067 1597 charitate
3095 1539 3346 1594 salutem.

2189 1638 2390 1707 Quarta
2436 1635 2571 1691 feria
2620 1641 2744 1705 post
2784 1641 3028 1688 sanctam
3072 1630 3449 1697 Pentecosten,
3495 1629 3707 1686 litteras

2122 1738 2228 1785 tua:
2256 1727 2605 1785 beatitudinis
2639 1725 2846 1796 accepi,
2874 1724 3140 1781 charitate
3181 1723 3537 1794 conscriptas,
3579 1736 3712 1779 oon-

2132 1821 2254 1877 silio
2301 1818 2701 1882 corroboratas,
2757 1815 2863 1870 ﬁde
2908 1815 3186 1886 sigillatas,
3224 1813 3281 1868 in
3324 1813 3525 1884 quibus
3573 1812 3715 1871 sicut

2123 1911 2305 1983 optavi
2359 1909 2514 1983 [ϐοά.
2546 1907 2717 1974 Mab.,
2745 1905 3005 1978 hortavi],
3055 1905 3269 1971 audivi;
3311 1905 3451 1959 sicut
3475 1903 3710 1974 speravi,

2123 2000 2337 2075 agnovi.
2385 1998 2496 2055 Nec
2532 2012 2619 2052 me
2661 2011 2785 2067 spes
2817 1995 3008 2052 fefellit
3047 1995 3280 2062 consilii,
3314 2011 3412 2050 nec
3437 1994 3718 2051 societatis

2125 2092 2434 2164 cooperatio
2464 2089 2777 2146 retardavit.
2810 2089 3059 2145 Vestrum
3099 2103 3229 2144 vero
3262 2087 3363 2142 iter
3386 2088 3455 2143 ad
3478 2089 3716 2158 proban-

2128 2187 2250 2242 dam
2274 2185 2352 2240 rei
2380 2184 2663 2240 veritatem
2682 2182 2842 2237 modo
2861 2180 2916 2235 in
2939 2180 3224 2250 praesentia
3251 2178 3574 2248 dispositum
3597 2184 3715 2242 est;

2127 2273 2386 2334 fortitudo
2419 2290 2549 2330 vero
2567 2272 2857 2337 exercitus,
2886 2273 2976 2343 qui
3005 2278 3183 2326 tecum
3212 2270 3380 2332 vadit.
3416 2273 3486 2325 ad
3526 2277 3720 2324 caute-

2131 2368 2237 2423 lam
2263 2375 2318 2425 ct
2342 2365 2711 2423 defensionem
2742 2363 2904 2419 vestri
2941 2360 3076 2436 [Al.,
3100 2358 3362 2432 vestram]
3387 2359 3590 2419 directa
3612 2365 3718 2414 est.

2132 2457 2201 2512 Et
2236 2458 2340 2512 hoc
2364 2454 2759 2527 quodammodo
2783 2454 2852 2508 ab
2897 2452 3030 2524 ipsis
3069 2450 3333 2524 processit
3383 2448 3618 2516 llnnnis;
3667 2456 3723 2505 et

2134 2548 2257 2603 ideo
2282 2546 2338 2601 in
2362 2561 2458 2616 spe
2486 2544 2781 2600 voluntatis
2800 2542 2898 2599 Dei
2925 2541 3081 2598 laetus
3103 2541 3209 2597 hoc
3242 2540 3347 2595 iter
3376 2553 3591 2612 perage.
3612 2536 3725 2595 Nos

2135 2653 2266 2695 vero
2287 2647 2360 2702 te,
2393 2636 2625 2691 donante
2648 2633 2782 2699 Deo,
2807 2633 2863 2687 in
2913 2647 3048 2703 pace
3071 2646 3193 2689 cum
3217 2637 3367 2685 certo
3393 2627 3619 2683 consilio
3638 2641 3726 2682 re-

2136 2735 2434 2785 vertentem
2461 2733 2764 2796 spectemus
2803 2724 2857 2779 in
2885 2723 2991 2789 bis,
3017 2730 3078 2778 ut
3131 2720 3361 2782 aestimo,
3390 2716 3722 2789 regionibus.

2141 2814 2297 2894 [Sed]
2338 2818 2583 2880 obsecro,
2625 2823 2685 2869 ut
2716 2829 2862 2880 mox,
2896 2820 2950 2868 te
2993 2812 3272 2878 redeunte,
3297 2806 3598 2865 dilectionis
3622 2811 3729 2861 tute

2142 2911 2352 2967 litteras
2396 2906 2597 2978 dirigas
2623 2903 2798 2970 nobis,
2821 2911 2882 2960 ut
2910 2902 3197 2957 curiositas
3233 2907 3421 2955 nostra
3446 2895 3730 2953 certitudi—

2144 3014 2268 3054 ncm
2298 3013 2479 3053 rerum
2524 3011 2622 3067 per
2661 3003 2813 3049 tuum
2850 2992 3114 3063 intelligat
3148 2989 3451 3046 consilium.
3481 2988 3729 3060 Regnum

2148 3091 2329 3160 itaque
2358 3088 2485 3142 illud
2506 3087 2597 3143 diu
2622 3085 2813 3142 stabile
2843 3084 2945 3140 fuit
2966 3090 3020 3139 et
3052 3082 3193 3138 forte
3222 3101 3233 3136 :
3264 3082 3358 3137 sed
3389 3080 3582 3136 fortior
3623 3079 3730 3146 eis,

2149 3181 2243 3251 qui
2276 3179 2406 3234 vicit
2428 3177 2578 3244 illud,
2605 3177 2658 3233 in
2686 3176 2840 3247 cujus
2871 3191 3034 3231 manu
3075 3182 3203 3230 sunt
3239 3188 3424 3229 omnes
3462 3188 3649 3244 regum
3673 3179 3734 3226 et

2146 3286 2433 3342 regnorum
2459 3276 2754 3341 potestates
2779 3286 2795 3323 :
2823 3276 2878 3323 et
2902 3281 3278 3339 quemcunque
3310 3264 3562 3329 voluerit,
3583 3262 3737 3318 exal-

2148 3370 2227 3417 tat
2265 3358 2440 3432 (Psal.
2484 3375 2672 3424 Lxxtv,
2722 3357 2797 3430 8),
2852 3365 2909 3413 et
2955 3356 3454 3426 cujuscunquccor
3482 3352 3735 3418 voluerit,

2148 3453 2355 3518 visitat,
2385 3451 2671 3515 illuminat,
2701 3459 2759 3504 et
2801 3449 2868 3505 ad
2921 3464 3075 3504 suum
3117 3446 3386 3503 convertit
3433 3443 3737 3500 servitium.

2149 3542 2287 3599 Etsi
2328 3542 2472 3597 illius
2498 3540 2671 3612 gratia
2723 3538 2973 3611 respiciet
3016 3533 3413 3610 [Al.,respicit]
3441 3548 3604 3604 super
3647 3547 3736 3588 re-

2152 3650 2315 3708 gnum
2341 3631 2683 3698 Hunnorum,
2719 3630 2841 3701 quis
2863 3636 2947 3686 est
2983 3628 3075 3699 qui
3101 3643 3160 3684 se
3195 3625 3520 3682 subtrahere
3547 3623 3745 3685 audeat

2151 3725 2452 3784 ministerio
2482 3723 2672 3780 salutis
2711 3722 2964 3778 illorum?
2989 3720 3153 3777 Pauci
3193 3719 3353 3775 nobis
3377 3724 3586 3774 restant
3622 3714 3746 3771 dies

2151 3815 2313 3888 hujus
2343 3814 2487 3880 vitm,
2521 3820 2577 3870 et
2597 3813 2751 3869 valde
2775 3812 3189 3869 desiderandum
3210 3818 3316 3879 est,
3343 3809 3549 3880 Deique
3577 3808 3744 3865 mise-

2154 3903 2386 3959 ricordia
2423 3909 2536 3958 toto
2563 3903 2724 3958 corde
2761 3901 3122 3972 deprecanda,
3149 3907 3210 3955 ut
3236 3899 3316 3954 illi
3346 3899 3403 3954 in
3443 3911 3607 3968 opere
3633 3895 3734 3951 Dei

2156 3995 2414 4051 ﬁniantur
2461 3993 2595 4070 [.41.,
2628 3993 2955 4066 ﬁrmentur}.
2987 3992 3122 4062 Quia
3152 3992 3273 4064 plus
3313 3990 3744 4059 uniuscujusque

2159 4083 2316 4160 [vita]
2360 4086 2427 4142 de
2450 4087 2554 4142 line
2585 4084 2864 4155 judicatur
2889 4100 3053 4156 quam
3098 4083 3167 4140 de
3194 4083 3363 4139 initio.
3410 4081 3470 4136 in
3503 4078 3749 4150 peccatis

2159 4177 2434 4234 nascimur
2464 4175 2638 4250 (Prol.
2671 4194 2724 4243 ι,
2766 4175 2844 4248 7),
2889 4176 2983 4231 sed
3022 4175 3193 4247 gratia
3241 4173 3596 4236 renascimur,
3626 4184 3750 4241 qua:

2161 4282 2261 4323 nos
2286 4266 2339 4322 in
2370 4268 2512 4323 bono
2540 4280 2705 4338 opere
2748 4272 3030 4321 currentes
3056 4264 3369 4330 comitetur,
3394 4273 3450 4319 et
3483 4275 3654 4332 usque
3679 4259 3748 4315 ad

2162 4358 2324 4413 ﬁnem
2353 4356 2568 4411 ﬁrmum
2588 4370 2937 4428 perseverare
2960 4354 3142 4411 faciat.
3162 4355 3242 4410 Tu
3268 4370 3419 4421 vero,
3440 4352 3600 4408 Pater
3623 4367 3751 4406 san-

479 4445 720 4510 corditer
756 4442 1022 4499 coleretur
1047 4440 1181 4515 [Αι.,
1217 4438 1455 4513 colitur].
1486 4438 1546 4495 Si
1577 4453 1700 4510 quae
1729 4451 1860 4495 vero
1899 4438 2055 4509 hujus

2162 4456 2269 4514 cte,
2294 4447 2466 4502 amice
2490 4446 2683 4511 fidelis,
2713 4445 2884 4502 frater
2910 4445 3125 4514 dilecte,
3152 4445 3226 4501 ﬁli
3259 4445 3597 4509 cbarissime,
3624 4457 3751 4497 cum

483 4534 856 4593 diminutionis
880 4535 1019 4589 ratio
1058 4534 1237 4590 verior
1265 4533 1322 4589 in
1361 4532 1535 4588 Plinio
1586 4532 1760 4602 possit
1813 4530 2060 4601 reperiri,

484 4627 600 4683 sive
616 4637 641 4665 ι
659 4634 882 4696 propter
902 4622 1093 4681 saltum
1115 4639 1289 4693 nuper
1309 4631 1676 4689 transactum;
1705 4623 1819 4679 sive
1845 4631 2066 4693 propter

485 4718 770 4774 bissextum
791 4733 960 4791 prope
982 4718 1354 4774 imminentem
1379 4734 1394 4770 :
1416 4717 1678 4787 deprecor
1706 4726 1769 4773 ut
1789 4725 1965 4772 vestra
1981 4717 2069 4787 ju-

486 4809 614 4867 beat
673 4808 955 4880 prudentia
1001 4807 1297 4877 inquirere,
1344 4807 1605 4877 nobisque
1644 4807 1804 4863 solita
1830 4808 2067 4863 benevo-

486 4897 669 4957 lentia:
692 4900 892 4971 pietate
910 4898 1161 4953 intimare
1180 4898 1411 4954 studeat.
1437 4896 1574 4965 Quia
1620 4897 1766 4953 domi
1804 4897 2070 4953 manenti-

489 4991 594 5047 bus
620 4998 834 5047 nostros
862 4989 1047 5045 oculos
1067 4989 1326 5045 nebulosa
1349 5004 1614 5061 aquarum
1648 4989 1904 5046 cxaltatio
1950 4988 2068 5062 [F.,

490 5079 810 5157 exhalatio],
855 5080 941 5137 vel
966 5080 1165 5153 Belgici
1195 5080 1436 5152 pulveris
1478 5080 1582 5137 iter
1625 5080 1909 5153 agentibus
1943 5096 2074 5136 ven-

493 5182 651 5228 tuosa
689 5170 931 5244 aspersio
971 5170 1261 5243 uliginare
1295 5168 1446 5226 facit.
1476 5169 1604 5227 ideo
1630 5178 1810 5227 vestra
1856 5169 2074 5227 bonitas

493 5262 751 5334 adjuvare
775 5279 883 5321 non
913 5263 1233 5334 dedignetur
1257 5270 1611 5334 quaerentem,
1637 5269 1694 5319 et
1720 5262 1777 5318 in
1792 5262 1936 5318 viam
1977 5277 2073 5318 ve-

642 5392 876 5480 ξνοξκεν.
896 5394 1106 5480 ,ωηιξη
1141 5413 1306 5469 πειρον
1342 5393 1519 5480 (anno
1541 5391 1672 5480 ’ίὲἶὶ
1709 5404 2076 5480 ,ιταιιρπεξιπκ

497 5465 2074 5606 ἓξὲῖξοεςξτεξέξειεξξῑξονςῖςςοειέειηεεηξοὲὲξτωΜ

626 5545 691 5584 te
756 5547 790 5585 o
824 5545 1034 5589 ridetur
1059 5545 1175 5591 hac
1194 5545 1420 5606 epistola
1446 5551 1589 5593 anno
1628 5545 1756 5591 798.

626 5545 794 5721 gi”
822 5602 1281 5686 Editallabillonii
1303 5606 1359 5672 7,
1381 5606 1529 5662 Pelii
1548 5607 1574 5660 Ι
1597 5605 1794 5662 collata
1812 5616 1935 5662 cum
1953 5605 2074 5662 θοὰ.

719 5668 839 5721 hsb.
869 5670 1078 5721 Scrinia
1106 5673 1317 5721 Videtur
1345 5689 1487 5721 anno
1514 5673 1617 5721 798
1645 5676 1861 5721 anamln
1889 5691 2074 5721 mum

505 5682 610 5751 ms.
642 5668 839 5751 Salisb.
869 5670 1317 5751 scripta_videtur
1345 5668 1487 5751 asino
1514 5673 1625 5733 798.
1645 5676 1861 5751 quando
1888 5691 2078 5746 nempe

511 5755 534 5791 ο
568 5738 860 5810 imperator
897 5737 1100 5794 Anioni
1139 5742 1540 5813 archiepiscopo
1575 5737 1829 5813 praecepit
1849 5737 2075 5816 pergere

2164 4539 2526 4612 prosperitate
2568 4539 2731 4605 bona,
2759 4537 2940 4593 divina
2995 4545 3173 4593 tecum
3216 4537 3512 4592 comitante
3555 4532 3759 4605 gratia,

2163 4644 2329 4704 perge
2352 4632 2406 4686 in
2425 4647 2562 4702 opus
2585 4632 2705 4698 Dei,
2739 4638 2934 4688 etcum
2963 4630 3162 4703 gaudio
3183 4636 3458 4686 revertere
3505 4626 3574 4683 ad
3617 4638 3759 4707 nos;

2165 4732 2219 4779 et
2243 4733 2362 4779 esto
2379 4721 2701 4792 praedicator
2727 4722 2965 4793 pietatis,
3002 4738 3111 4777 non
3136 4721 3470 4777 decimarum
3498 4722 3720 4774 exactor
3736 4730 3761 4782 ς

2166 4814 2292 4885 quia
2320 4812 2528 4868 novella
2553 4810 2778 4886 [anima]
2798 4812 3106 4884 apostolica:
3125 4811 3342 4883 pietatis
3357 4809 3497 4865 lacte
3514 4805 3759 4863 nutrien-

2168 4906 2237 4961 da
2262 4912 2365 4971 est,
2410 4904 2580 4960 donec
2622 4911 2835 4961 crescat
2870 4912 2926 4959 et
2970 4905 3258 4960 roboratur
3282 4904 3353 4959 ad
3379 4899 3764 4973 acceptionem.

2170 4995 2326 5053 solidi
2366 4994 2493 5052 cibi.
2518 4994 2772 5063 Decimae,
2804 5003 2866 5051 ut
2892 4995 3108 5061 dicitur,
3140 4992 3421 5050 Saxonum
3472 4992 3764 5049 subverte-

2172 5093 2299 5143 runt
2322 5085 2503 5142 ﬁdem.
2529 5083 2669 5152 Quid
2707 5084 3089 5156 iniungendum
3113 5093 3197 5140 est
3220 5085 3409 5157 iugum
3450 5070 3769 5141 cervicibus

2174 5176 2482 5242 idiotarum,
2527 5173 2669 5246 quod
2718 5189 2893 5245 neque
2939 5190 3058 5242 nos,
3108 5190 3283 5247 neque
3331 5173 3541 5230 fratres
3581 5171 3768 5228 nostri

2174 5264 2400 5322 sulerre
2420 5262 2751 5336 potuerunt?
2772 5263 2941 5336 Igitur
2971 5264 3025 5321 in
3059 5266 3164 5323 ﬁde
3184 5264 3387 5322 Christi
3426 5263 3626 5321 salvari
3645 5261 3771 5318 ani-

2174 5396 2232 5451 in
2256 5404 2441 5465 partes
2459 5392 2774 5468 Sclavorum
2795 5403 2852 5451 et
2870 5394 3157 5468 providere
3178 5408 3394 5468 omnem
3420 5392 3568 5468 illam
3591 5390 3775 5468 regip-

2178 5454 2301 5536 ncm
2329 5473 2387 5523 et
2406 5464 2839 5536 ecclesiasticum
3124 5467 3329 5536 colere,
3348 5454 3776 5536 populosquéjn

2178 5534 2285 5591 ﬁde
2306 5543 2365 5590 et
2389 5534 2797 5592 Christianitatc
2821 5535 3162 5603 praedicando
3192 5528 3521 5597 confertam,
3550 5528 3669 5603 {ut
3687 5528 3787 5587 lo.—

2178 5605 2364 5673 quitur
2395 5604 2709 5673 Anonymus
2737 5602 2939 5664 Salisb.
2978 5606 3046 5664 de
3086 5606 3440 5663 conveniam
3469 5602 3782 5673 Bajoarzgt

2258 5621 3449 5748 L‘i‘itfi'p‘i'i'iil'isi‘é‘égﬁmiﬁmﬁ
3472 5621 3777 5743 ἴῖῗΐϊῶξ

2182 5745 2361 5819 (Apud
2395 5745 2630 5806 Froben.
2661 5748 2821 5821 epis'.
2847 5745 2963 5818 η.)
