4070 6182
306 282 424 343 285

1761 280 2138 338 EPISTOLE.

3483 286 3590 345 288

307 415 433 456 mas
451 395 793 454 credentium
813 394 1152 451 confidimus.
1173 394 1327 452 Vade
1357 394 1534 461 modo,
1561 395 1911 452 dilectissime
1941 402 1981 458 Α
2013 397 2129 450 vult
2167 395 2298 451 facit
2338 397 2392 454 in
2419 398 2574 454 coelo.
2612 398 2713 467 Qui
2754 400 3054 457 laboriosas
3095 401 3382 473 piscatoris
3409 419 3606 463 manus

309 487 506 552 frater,
541 486 597 540 in
629 484 1080 541 benenedictione
1103 484 1222 550 Dei,
1254 494 1310 541 et
1341 485 1707 542 consolatione
1735 487 1910 556 Spiri-

308 589 406 636 tus
453 576 650 634 sancti.
678 576 912 632 Albinus
959 583 1084 631 tuus
1107 586 1192 632 est
1223 585 1398 634 tecum
1435 578 1488 632 in
1536 578 1719 643 corde,
1745 595 1907 648 quem

309 669 524 726 utinam
549 668 754 724 habeas
792 667 901 722 cito
933 667 1140 723 socium
1172 669 1228 723 in
1249 684 1418 740 opere
1444 670 1558 724 Dei.
1585 669 1693 724 Nos
1723 672 1910 724 matri-

308 757 548 843 culares.
566 771 668 828 pro
700 765 753 812 te
772 772 934 813 orare
962 774 1070 814 non
1108 774 1409 826 cessamus,
1436 770 1700 830 quatenus
1728 762 1907 817 divina

311 857 370 905 te
398 848 604 917 ubique
639 847 934 917 praeveniat
961 855 1017 902 et
1057 849 1422 920 subsequatur
1457 851 1654 921 gratia,
1689 858 1749 904 ut
1784 866 1907 905 cum

312 939 604 1010 multiplici
627 940 700 1009 pii
730 939 912 1010 operis
942 938 1124 996 fructu
1156 944 1448 999 revertaris
1474 943 1540 998 ad
1577 958 1694 999 nos.
1730 944 1908 998 Bonos

312 1042 376 1088 et
418 1031 700 1102 religiosos
732 1040 908 1086 tecum
947 1031 1116 1087 babes
1137 1035 1338 1099 socios,
1367 1035 1422 1088 in
1466 1050 1694 1104 quorum
1721 1050 1816 1091 ore
1854 1045 1909 1090 et

313 1122 730 1178 conversatione
756 1135 953 1176 nomen
992 1122 1203 1177 Domini
1244 1121 1372 1179 Iesu
1417 1124 1767 1195 glorificetur.
1797 1126 1906 1184 Nos

316 1227 537 1282 semper
557 1213 808 1282 suspensi.
833 1213 1038 1269 erimus
1073 1214 1139 1269 de
1167 1215 1340 1270 reditu
1377 1223 1488 1281 tuo,
1517 1217 1688 1272 donec
1728 1219 1908 1274 videa-

317 1317 442 1356 mus
491 1317 654 1370 quem
692 1317 959 1368 amamus,
999 1304 1390 1374 amplectamur
1437 1309 1692 1364 manibus
1742 1325 1906 1379 quem

316 1390 486 1446 corde
513 1391 904 1447 desideramus.
936 1405 962 1433 ι
992 1393 1228 1449 Tertiam
1261 1411 1390 1451 vero
1418 1405 1629 1466 partem
1653 1399 1719 1453 de
1758 1399 1909 1455 labo-

318 1480 476 1536 ribus
502 1480 612 1536 tuis
629 1495 729 1550 per
757 1481 965 1552 singula
994 1482 1111 1538 loca
1133 1499 1230 1539 seu
1261 1486 1620 1555 episcopatus,
1647 1503 1741 1542 seu
1786 1504 1902 1544 mo-

321 1572 568 1636 nasterii,
616 1574 885 1628 concessit
946 1574 1043 1628 tibi
1093 1590 1188 1630 rex
1233 1577 1287 1630 in
1331 1577 1726 1650 eleemosynam
1763 1587 1909 1634 tuam

320 1663 562 1728 tradere,
589 1665 634 1719 si
656 1664 771 1719 dies
798 1673 922 1720 tuus
965 1673 1144 1720 tecum
1171 1676 1528 1736 prosequetur
1564 1668 1717 1740 [Cod.
1762 1667 1902 1736 Sal.,

321 1761 372 1807 te
407 1753 850 1825 prosequeretur]
877 1755 933 1809 in
955 1755 1060 1822 via,
1099 1765 1154 1811 et
1190 1756 1294 1812 hoc
1321 1757 1569 1814 indiculis
1601 1758 1909 1814 confirmari

319 1844 580 1916 praecepit
608 1841 762 1916 [ϐοά.
799 1845 938 1911 Sal.,
961 1848 1248 1920 praecipit].
1286 1849 1426 1906 Ecce
1450 1849 1732 1906 deficiente
1756 1853 1912 1907 cbar—

322 1932 458 2000 tula,
476 1949 586 1988 non
607 1934 893 2000 charitate,
915 1952 1148 2006 pennam
1174 1937 1511 2008 deponimus,
1538 1941 1654 1994 haec
1676 1950 1909 1995 tantum-

323 2024 843 2080 modosalutationis
884 2027 1050 2082 verba
1099 2029 1478 2084 subnectentes
1519 2048 1532 2082 :
1593 2031 1756 2085 Vivas
1799 2031 1909 2086 Deo

323 2114 570 2180 feliciter,
607 2117 787 2180 vadas,
817 2125 876 2172 et
914 2118 1202 2187 proficiens
1231 2118 1425 2174 floreas
1473 2120 1526 2174 in
1571 2135 1736 2190 opere
1776 2121 1904 2186 Dei;

323 2211 376 2257 et
424 2211 478 2257 te
533 2203 734 2273 ubique
778 2213 995 2259 euntem
1038 2215 1092 2260 et
1141 2207 1456 2262 redeuntem
1515 2208 1710 2264 summi
1769 2209 1911 2280 regis

323 2291 544 2346 dextera
592 2299 857 2362 protegat,
906 2302 964 2347 et
990 2293 1262 2361 defendat,
1294 2297 1620 2365 venerande,
1675 2294 1912 2354 dilectis-

326 2382 458 2439 sime
477 2392 534 2439 et
566 2383 880 2440 dulcissime

733 2498 762 2538 δ
794 2496 1128 2555 EPISTOLA
1167 2499 1492 2556 LXXXVIII.

931 2607 999 2646 ΑΙ)
1037 2605 1306 2647 ABNONEM.

707 2679 884 2751 (Anno
909 2679 1035 2745 798,
1063 2695 1246 2735 mense
1271 2679 1538 2750 Octobri.)

327 2769 582 2825 Hortatur
621 2770 694 2843 ad
717 2787 911 2843 manus
947 2771 1286 2843 apostolicum
1326 2771 1545 2843 impigre
1581 2769 1909 2843 obeundum;

393 2856 482 2922 nec
509 2857 565 2895 se
706 2839 1022 2922 inﬁrmitate
1045 2843 1294 2911 corporis,
1320 2839 1550 2896 vel’citra
1577 2842 1908 2912 propriarum

393 2911 563 2964 arium
589 2911 834 2982 impediri
861 2911 1114 2981 patiatur.

391 3023 722 3079 Cbarissimo
758 3023 810 3078 in
847 3021 1063 3078 Christo
1097 3023 1240 3079 Patri
1273 3023 1503 3096 [Aquilae
1537 3022 1786 3095 Albinus]
1827 3023 1910 3078 in-

323 3117 512 3172 ﬁrmus
536 3117 590 3172 in
617 3117 886 3172 desiderio
914 3115 1078 3172 totius
1101 3117 1381 3172 charitatis
1406 3117 1651 3172 salutem.

389 3207 544 3263 Fidei
589 3215 779 3262 vestra:
820 3215 876 3261 et
923 3206 1089 3260 firma:
1129 3206 1414 3261 charitatis
1458 3205 1652 3260 littera:
1698 3221 1784 3260 me
1827 3205 1904 3276 [in

323 3298 487 3351 domo
517 3297 690 3352 sancti
713 3297 945 3369 Martini)
971 3297 1290 3352 invenerunt
1317 3297 1512 3368 [pridie
1538 3295 1718 3351 Nonas
1744 3295 1906 3352 Octo—

322 3383 503 3457 bris],
556 3385 650 3440 sed
697 3385 804 3440 Deo
849 3385 1080 3443 donante
1132 3387 1325 3442 melius
1375 3387 1681 3443 habentem.
1735 3387 1803 3441 Et
1855 3396 1906 3442 te

323 3492 535 3535 summa
561 3476 656 3531 Dei
677 3480 845 3548 gratia
875 3479 1068 3534 melius
1092 3494 1155 3533 ac
1181 3477 1372 3533 melius
1401 3478 1601 3534 habere
1623 3479 1902 3543 concedat,

320 3579 374 3627 et
409 3585 549 3642 opus
570 3570 667 3626 Dei
704 3571 846 3641 quod
884 3571 936 3625 in
968 3570 1217 3625 manibus
1245 3570 1432 3634 babes,
1471 3583 1716 3624 crescere
1743 3568 1906 3625 faciat

320 3678 415 3738 per
442 3664 668 3719 multam
701 3663 1036 3718 latitudinem
1077 3661 1286 3731 populi;
1327 3668 1382 3716 et
1418 3675 1487 3716 ne
1513 3668 1753 3729 tepescat
1790 3660 1907 3714 ani-

321 3768 441 3808 mus
468 3759 615 3816 tuna,
647 3767 749 3808 nec
775 3752 964 3807 crebra
992 3759 1044 3805 te
1070 3758 1344 3805 exterreat
1377 3750 1620 3820 corporis
1650 3750 1724 3804 tui
1756 3748 1906 3804 infir-

320 3843 500 3898 mitas.
541 3841 678 3896 Nam
703 3842 878 3898 virtus
905 3857 970 3896 ex
1008 3839 1320 3896 infirmitate
1357 3839 1634 3909 perficitur
1661 3837 1746 3909 (II
1779 3837 1901 3892 Cor.

320 3947 422 3999 nt,
447 3933 527 4004 Si).
557 3932 711 3988 Felix
742 3933 892 3987 locus
926 3942 980 3987 et
1004 3933 1134 3987 hora
1163 3931 1216 3987 in
1243 3947 1348 4001 qua
1374 3939 1428 3986 te
1453 3929 1732 3986 constituit
1761 3944 1907 3983 sum-

322 4038 442 4078 mus
470 4033 742 4078 terrarum
774 4029 970 4076 rector.
1011 4022 1117 4077 Sed
1157 4035 1318 4077 curre
1355 4019 1644 4084 currendo,
1685 4027 1744 4073 ut
1783 4033 1906 4072 cur-

321 4129 435 4168 sum
462 4125 614 4168 tuum
640 4113 906 4181 compleat
941 4112 1102 4178 Deus,
1139 4121 1196 4167 et
1231 4111 1390 4167 fidem
1421 4124 1730 4175 conserves,
1759 4118 1813 4165 et
1839 4110 1907 4165 de

322 4204 527 4274 reliquo
551 4203 647 4259 tibi
672 4211 946 4258 remaneat
970 4217 1172 4258 corona
1190 4202 1374 4273 gloria:
1395 4201 1480 4273 (11
1500 4201 1634 4254 Tim.
1658 4215 1730 4265 IV,
1751 4200 1802 4266 7,
1824 4199 1903 4271 8).

319 4294 426 4352 Nos
458 4312 588 4353 vero
618 4287 964 4364 peccatorum
999 4294 1211 4350 vincula
1239 4293 1432 4364 partim
1461 4291 1641 4348 saeculi
1675 4292 1905 4357 catenis,

318 4390 515 4457 partim
542 4391 769 4446 vinculis
798 4391 1108 4446 morborum
1129 4405 1348 4446 currere
1373 4390 1660 4460 abnegant,
1685 4394 1740 4442 et
1761 4385 1904 4455 quod

319 4477 371 4530 in
423 4478 700 4535 voluntate
751 4490 1054 4551 promptum
1103 4490 1223 4546 est,
1278 4481 1332 4535 in
1385 4495 1549 4534 carne
1601 4478 1905 4533 inﬁrmatur

317 4563 513 4633 (lare.
545 4582 656 4631 xtv,
687 4569 799 4639 38).
847 4569 954 4623 Sed
993 4569 1088 4624 ﬁat
1131 4569 1381 4624 voluntas
1418 4568 1670 4623 Domini:
1713 4575 1768 4622 et
1810 4567 1903 4636 qui

319 4657 481 4726 coepit
518 4658 574 4713 in
614 4659 828 4727 spiritu,
872 4659 1138 4730 compleat
1175 4660 1230 4714 in
1269 4673 1454 4727 opere.
1494 4657 1681 4713 Sciant
1715 4671 1906 4712 omnes

319 4754 526 4814 gentes,
553 4749 707 4818 quasi
735 4749 858 4804 stilo
887 4749 1060 4805 situla:
1087 4759 1135 4802 ο.
1165 4748 1298 4814 Quis
1325 4763 1424 4817 ego
1447 4749 1552 4803 nisi
1580 4749 1756 4818 pulvis
1781 4763 1906 4818 par-

319 4837 604 4894 vissimus?
649 4840 850 4896 Tamen
898 4842 988 4912 qui
1033 4841 1100 4896 de
1139 4841 1358 4913 pulvere
1402 4841 1581 4896 evexit
1620 4839 1904 4906 Dominus,

317 4936 495 5004 potest
518 4929 586 4988 de
610 4943 858 4989 creatura
878 4931 1057 4989 facere
1081 4948 1198 5005 qua:
1225 4933 1338 4987 vult
1361 4951 1374 4985 :
1398 4931 1524 5002 quia
1550 4933 1750 4997 omnia,
1782 4947 1902 5002 qua:

385 5068 411 5096 ι
454 5055 682 5130 Tertiam
712 5070 914 5130 partem
943 5061 1006 5116 de
1034 5061 1298 5119 laboribus
1322 5064 1447 5116 tuis.
1480 5080 1497 5113 ε
1527 5061 1670 5117 Sane
1698 5077 1901 5116 memo-

315 5133 436 5206 ratu
469 5127 635 5206 digna
677 5127 759 5184 est
793 5132 1012 5206 donatio
1047 5147 1207 5206 quam
1240 5150 1333 5188 rex
1369 5133 1574 5206 Arnoni
1613 5132 1764 5206 fecit,
1806 5146 1903 5200 per

315 5195 690 5275 singula'loca
738 5216 859 5275 qua:
915 5195 1190 5275 laboribus
1235 5205 1543 5275 apostolicis
1589 5195 1902 5257 exculturus

316 5275 476 5330 esset,
509 5269 681 5330 partis
707 5269 905 5327 tertiae.
939 5292 956 5322 ι
991 5271 1206 5328 ΗΑΝειῑ.

352 5337 550 5461 Ρὧοϐ
582 5337 611 5377 ¹³
645 5340 792 5396 Edit.
815 5340 1105 5424 Mabill..l5
1128 5343 1214 5397 ubi
1241 5343 1426 5397 mutila
1449 5351 1550 5398 est.
1574 5341 1672 5398 Hic
1695 5342 1900 5428 integra

448 5418 493 5461 lt
529 5423 598 5461 ex
634 5411 755 5461 cod.
789 5424 890 5461 ms.
929 5410 1126 5461 Saltsb.
1168 5412 1264 5461 Est
1299 5428 1424 5461 vero
1464 5429 1800 5461 resmnsm-m
1833 5416 1898 5461 ad

313 5410 503 5484 prodit
529 5423 598 5464 ex
634 5411 755 5484 cod.
789 5424 890 5484 ms.
929 5410 1126 5484 Salisb.
1167 5412 1264 5467 Est
1299 5428 1424 5484 vero
1464 5410 1900 5484 responsoria'ad

313 5478 596 5599 epistolam
643 5479 899 5548 Arnonis,
943 5481 1070 5536 dum
1116 5483 1163 5537 is
1205 5497 1345 5538 anno
1391 5482 1492 5540 798
1540 5478 1593 5539 i'n
1634 5483 1900 5540 Hunniam

313 5561 338 5599 a
379 5548 563 5599 iisset.
605 5550 687 5599 vel
723 5551 968 5599 abiturus
999 5559 1165 5599 esset-
1201 5552 1388 5599 dolens
1425 5556 1565 5599 animi
1602 5571 1629 5599 ει
1669 5556 1900 5599 τινηηνίἰς

310 5548 578 5626 abiisset,
605 5550 688 5605 vel
723 5551 968 5608 abiturus
999 5559 1166 5626 esset,
1201 5552 1388 5626 dolens
1425 5556 1567 5626 quod
1602 5571 1633 5609 a
1669 5556 1900 5626 propriis

309 5619 502 5698 ovibus
529 5621 722 5698 abesse
743 5631 1049 5698 cogeretur.
1073 5622 1332 5698 Aleuinus
1355 5619 1691 5698 respondeti
1711 5619 1900 5698 Négﬂte

309 5692 510 5752 priores
537 5707 654 5746 oves
683 5692 992 5764 impediunt,
1019 5701 1125 5751 etc.
1158 5692 1335 5765 (Apud
1354 5692 1588 5750 Froben.
1610 5696 1766 5764 epist.
1784 5693 1898 5764 7‘5.)

1935 4446 1984 4506 Ι)

2011 490 2078 543 ab
2108 489 2269 543 bamo
2304 489 2372 544 ad
2399 489 2638 545 cmlestis
2677 492 2826 562 regni
2858 493 3133 547 transtulit
3159 493 3400 562 clavem;
3444 502 3500 551 et
3535 493 3604 551 de

2009 588 2359 648 persecutore
2395 587 2707 634 sanctorum
2736 580 2896 636 efficit
2929 584 3340 652 praedicatorem
3378 585 3608 656 populo-

2010 685 2151 724 rum.
2183 670 2308 726 Hrec
2341 686 2469 726 vero
2495 672 2846 727 considerans
2871 686 2971 728 nec
2995 673 3063 727 de
3087 673 3325 730 fraterna
3353 675 3606 746 desperes

2008 761 2201 827 salute,
2241 777 2343 826 nec
2374 763 2438 817 de
2470 763 2688 832 propria
2724 764 2939 818 dubites
2971 763 3234 818 eflicacia.
3270 765 3436 822 Pauci
3477 777 3604 822 sunt

2009 850 2124 904 dies
2153 850 2374 916 laboris,
2407 852 2500 906 sed
2529 852 2748 920 plurimi
2788 853 3074 907 mercedis.
3119 853 3328 908 Labora
3365 855 3498 926 [AI.,
3526 857 3604 911 la-

2008 942 2182 1014 boro],
2213 943 2396 998 labora
2430 959 2530 1014 pro
2560 959 2646 1000 me
2683 953 2738 998 et
2776 960 2874 1013 pro
2917 953 2989 1009 te,
3022 952 3082 996 ut
3122 952 3244 998 tuus
3281 946 3432 1000 labor
3469 949 3600 1003 mihi

2007 1033 2285 1102 proﬁciat;
2319 1048 2437 1088 mea
2477 1034 2740 1100 voluntas,
2785 1034 2831 1088 si
2873 1034 3001 1103 quid
3039 1041 3232 1103 potest,
3272 1043 3323 1088 te
3362 1035 3600 1104 adjuvet.

2009 1125 2188 1179 Trahe
2225 1139 2312 1180 me
2346 1133 2468 1196 post
2501 1133 2556 1181 te
2590 1128 2848 1196 precibus
2886 1137 2991 1182 tua:
3028 1128 3338 1182 sanctitatis
3369 1145 3383 1181 :
3421 1143 3608 1184 curre-

2007 1228 2129 1268 mus
2155 1213 2333 1280 simul,
2363 1215 2534 1268 donec
2560 1214 2868 1269 introducat
2895 1229 2996 1271 nos
3024 1231 3120 1270 rex
3148 1215 3202 1269 in
3231 1215 3423 1270 cellam
3451 1215 3606 1270 vina-

2009 1306 2168 1370 riam,
2211 1306 2466 1360 ordinans
2507 1306 2564 1360 in
2607 1306 2766 1361 nobis
2807 1322 2917 1362 sua:
2959 1306 3240 1362 cbaritatis
3283 1306 3604 1361 suavitatem

2010 1397 2187 1466 (Cant.
2217 1413 2282 1463 ιι,
2308 1396 2388 1467 4).
2429 1397 2497 1451 Et
2533 1397 2662 1468 quia
2701 1414 2807 1454 vox
2843 1407 3037 1454 vestrae
3075 1399 3379 1454 dilectionis
3407 1398 3475 1453 ad
3506 1414 3606 1454 nos

2007 1491 2287 1558 pervenire
2313 1505 2418 1544 non
2452 1499 2660 1561 potest,
2697 1481 2894 1562 saepius
2918 1495 3106 1549 charta
3136 1509 3299 1563 quam
3328 1495 3605 1552 relationis

2008 1590 2234 1647 vocant,
2263 1591 2466 1636 currat.
2493 1583 2707 1649 Frater,
2735 1585 2826 1654 qui
2855 1583 3141 1653 adjuvatur
3169 1601 3199 1638 a
3229 1583 3418 1650 fratre,
3446 1586 3604 1654 quasi

2009 1674 2198 1728 civitas
2226 1673 2376 1728 ﬁrma
2401 1683 2503 1730 est.
2539 1674 2709 1741 Quam
2741 1675 2950 1746 pulchri
2981 1684 3107 1731 sunt
3134 1677 3300 1745 pedes
3331 1677 3604 1748 evangeli-

1946 1745 1986 1803 Β
2013 1762 2250 1816 zantium
2277 1777 2482 1831 pacem,
2509 1763 2994 1833 evangelizantinm
3023 1765 3163 1818 bona
3197 1763 3376 1834 (Rom.
3400 1780 3458 1830 x,
3478 1745 3598 1836 '15).

2013 1853 2224 1926 [Exalta
2260 1855 2401 1908 sicut
2433 1855 2560 1908 tuba
2586 1870 2773 1910 vocem
2807 1862 2981 1917 tuam,
3024 1864 3079 1908 et
3117 1863 3390 1910 memento
3427 1864 3480 1910 te
3520 1856 3603 1910 di-

2010 1945 2090 1998 xit
2119 1942 2228 2016 [Ita
2254 1943 2397 2009 cod.;
2424 1943 2560 2013 forte
2587 1943 2862 2013 legendum
2891 1953 3163 1999 memento
3201 1953 3251 2000 te
3277 1946 3428 2014 sequi
3452 1961 3597 2011 eum,

2012 2033 2104 2103 qui
2140 2032 2296 2104 dixit]
2338 2047 2352 2085 :
2391 2033 2538 2087 Alias
2580 2050 2694 2086 oves
2725 2033 2910 2100 habeo,
2939 2051 3056 2104 qius
3096 2051 3199 2088 non
3241 2046 3361 2088 sunt
3403 2053 3468 2090 ex
3501 2037 3601 2090 hoc

2011 2123 2164 2188 ovili,
2203 2139 2319 2193 qua:
2351 2139 2521 2176 vocem
2560 2139 2727 2176 meam
2755 2123 3010 2189 audiunt,
3050 2134 3098 2178 et
3135 2123 3255 2177 illas
3285 2142 3366 2178 me
3403 2135 3602 2195 oportet

2011 2213 2285 2276 adducere,
2319 2222 2368 2267 et
2395 2212 2490 2280 ﬁat
2521 2229 2682 2266 unum
2712 2213 2843 2267 ovile
2873 2223 2920 2266 et
2953 2231 3086 2267 unus
3120 2224 3300 2284 pastor
3329 2215 3512 2284 (Joau.
3545 2231 3598 2281 x,

2014 2304 2122 2376 16).
2153 2304 2264 2360 Nec
2291 2311 2342 2358 te
2371 2304 2578 2373 priores
2603 2318 2729 2358 oves
2760 2304 3075 2372 impediunt,
3105 2306 3236 2374 quin
3263 2305 3441 2360 minus
3467 2305 3602 2360 alias

2011 2396 2276 2458 adducas,
2321 2403 2376 2450 et
2412 2394 2580 2449 facias
2612 2410 2776 2449 unum
2807 2395 2965 2452 ovile.
2995 2395 3302 2465 Cognoscat
3342 2396 3602 2466 sapientia

2013 2498 2192 2546 vestra
2217 2491 2346 2560 quid
2373 2489 2641 2560 signiﬁcat
2667 2489 2881 2544 devotio
2908 2498 3111 2543 nostra.
3143 2489 3220 2544 De
3244 2505 3411 2559 puero
3440 2505 3600 2559 quem

2010 2584 2274 2639 habemus
2313 2583 2366 2636 in
2393 2582 2553 2636 domo
2581 2589 2787 2644 nostra,
2819 2580 2960 2635 sicut
2989 2579 3157 2633 lilium
3183 2581 3514 2646 erudiemus,
3547 2589 3602 2635 et

2009 2672 2223 2727 volente
2258 2672 2368 2726 Deo
2403 2669 2703 2740 perfectum
2733 2669 2995 2724 faciemus
3023 2669 3196 2722 virum
3227 2683 3296 2724 ex
3331 2669 3441 2723 illo.
3479 2669 3600 2724 Eri-

2012 2779 2131 2820 mus
2159 2763 2207 2818 ei
2228 2763 2502 2831 adjutores
2522 2762 2814 2818 secundum
2837 2775 3055 2816 causam
3078 2769 3132 2814 et
3155 2759 3412 2828 temporis
3434 2759 3600 2814 ratio-

2010 2868 2164 2919 nem;
2191 2861 2246 2909 et
2265 2853 2309 2908 si
2332 2851 2544 2907 volente
2569 2851 2680 2906 Deo
2703 2851 2994 2906 viderimus
3020 2849 3184 2906 facies
3210 2858 3445 2915 nostras,
3469 2858 3599 2905 tunc

2011 2946 2192 3003 omnia
2221 2946 2286 3000 dc
2309 2944 2420 3009 illo,
2453 2944 2593 2998 sicut
2622 2944 2688 2999 de
2717 2943 2836 2998 aliis
2863 2941 3064 3007 multis,
3099 2942 3382 2998 consilium
3409 2941 3598 2999 salutis

2013 3036 2308 3106 capiamus.
2339 3033 2490 3088 Sicut
2517 3033 2616 3087 fuit
2641 3032 2868 3088 Albinus
2895 3041 3031 3096 tuus,
3063 3031 3137 3086 ita
3159 3031 3263 3086 erit
3281 3039 3338 3085 et
3363 3031 3416 3085 in
3439 3039 3598 3088 teter-

2010 3143 2136 3182 num
2176 3144 2189 3192 ;
2223 3126 2346 3196 quia
2376 3125 2467 3195 qui
2491 3124 2655 3194 coepit
2681 3118 2963 3186 charitatis
2989 3125 3190 3178 bonum
3217 3122 3270 3176 in
3300 3122 3477 3186 nobis,
3504 3121 3595 3180 ille

2007 3217 2270 3287 perficiat,
2301 3225 2357 3271 et
2381 3217 2447 3271 ad
2477 3214 2600 3270 fidei
2628 3215 2951 3281 mercedem,
2979 3215 3163 3280 credo,
3196 3228 3446 3284 magnam
3471 3226 3596 3282 per-

2009 3308 2186 3362 ducat.
2220 3306 2322 3372 Qui
2360 3315 2534 3360 autent
2571 3307 2968 3376 perseveraverit
3006 3306 3061 3359 in
3085 3306 3272 3374 ﬁnem,
3311 3305 3395 3358 hic
3423 3304 3597 3359 salvus

2006 3401 2102 3453 erit
2125 3398 2339 3472 (Matth.
2365 3415 2420 3464 x,
2442 3397 2557 3469 22).
2581 3397 2839 3454 Dominus
2859 3397 3123 3452 custodiat
3143 3397 3420 3452 introitum
3443 3403 3594 3450 tuum

2006 3494 2062 3540 et
2097 3489 2302 3542 exitum
2331 3496 2481 3541 tuum
2523 3503 2591 3542 ex
2631 3489 2734 3542 hoc
2775 3501 2917 3540 nunc
2941 3493 2996 3540 et
3031 3501 3200 3554 usque
3239 3486 3291 3538 in
3331 3472 3594 3540 aeternum

2008 3575 2180 3649 (Psal.
2229 3592 2356 3640 cxx,
2401 3572 2479 3646 8).
2523 3575 2686 3631 Vivus
2724 3574 2973 3639 feliciter,
3006 3583 3061 3628 et
3094 3572 3288 3629 ﬂoreas
3322 3573 3380 3626 in
3407 3588 3591 3644 opere,

2005 3667 2171 3720 verbo
2197 3665 2312 3718 Dei.
2346 3665 2496 3728 Vale,
2525 3663 2712 3728 frater,
2741 3663 2794 3718 in
2823 3671 3117 3731 aeternum;
3156 3673 3427 3720 memento
3451 3679 3593 3720 sem-

2005 3772 2103 3826 per
2126 3768 2283 3809 orare
2307 3769 2405 3824 pro
2432 3755 2610 3821 nobis,
2652 3762 2708 3809 et
2741 3769 2948 3810 memor
2983 3756 3054 3811 sit
3081 3771 3295 3826 semper
3328 3756 3469 3812 Deus
3497 3755 3593 3813 ad-

2000 3846 2192 3917 juvare
2221 3853 2296 3901 te.

2432 3935 2458 3975 δ
2503 3935 2838 3992 EPISTULA
2878 3936 3166 3990 LXXXIX.

2590 4040 2658 4079 AD
2698 4040 3022 4081 ιιοΒιιΑυωι.

2619 4116 2798 4188 (Anno
2825 4116 2975 4188 798.)

2007 4215 2256 4271 Liobradt'
2281 4214 2575 4288 (Leidradi)
2605 4213 2751 4288 electi
2776 4214 3002 4286 episc0pi
3029 4212 3389 4284 Lugdunensis
3413 4214 3584 4268 amici-

2609 4287 2736 4339 tiam
2771 4294 2998 4354 exoptat.

2078 4394 2354 4460 Pontifici,
2388 4394 2571 4461 fratri,
2617 4394 2790 4448 amico
2824 4403 2846 4431 ε
2877 4393 3144 4447 Liobrado
3172 4391 3342 4447 electo
3370 4391 3595 4449 Albinus

2007 4485 2256 4540 salutem.

2075 4575 2290 4631 Gratias
2325 4590 2424 4646 ago
2462 4574 2570 4629 Deo
2596 4575 2687 4645 qui
2723 4574 2884 4629 talem
2919 4573 3052 4629 mihi
3084 4574 3381 4644 perdonare
3409 4575 3595 4647 digna-

2005 4673 2095 4721 tus
2119 4674 2204 4720 est
2230 4665 2462 4719 amicum
2481 4705 2495 4729 ,
2526 4665 2578 4718 in
2607 4665 2761 4733 cujus
2791 4664 2895 4718 ﬁde
2922 4664 3148 4730 veritas,
3179 4664 3231 4717 in
3266 4662 3417 4732 cujus
3441 4663 3591 4720 boni~

2005 4764 2116 4810 tate
2159 4755 2487 4824 benignitas,
2531 4754 2584 4808 in
2629 4754 2780 4824 cujus
2817 4753 3041 4810 consilio
3083 4755 3228 4808 salus
3263 4770 3474 4824 semper
3512 4757 3593 4810 in-

2007 4855 2166 4901 venta
2207 4855 2308 4901 est.
2351 4846 2420 4900 Et
2457 4854 2660 4914 quanto
2699 4845 2935 4900 rariores
2977 4862 3121 4902 nunc
3159 4846 3419 4914 temporis
3459 4844 3595 4901 tales

2007 4935 2237 4990 inveniri
2262 4943 2503 5005 possunt,
2537 4941 2686 4990 tanto
2714 4935 2993 4989 chariores
3020 4934 3208 4990 haberi
3231 4934 3444 4988 debent.
3476 4932 3593 4988 Sic-

2079 5077 2100 5108 ε
2133 5066 2463 5143 _I_I_:ec_yerba
2490 5066 2688 5121 omissa
2726 5065 2936 5143 a_llla‘l_)_.
2973 5062 3325 5143 supplendum
3361 5059 3586 5143 ex.lsai.

2007 5152 2099 5199 ιι..
2127 5136 2192 5190 15
2219 5151 2234 5188 :
2264 5135 2400 5189 Ecce
2429 5146 2602 5204 gentes
2633 5137 2784 5205 quasi
2818 5134 2961 5189 stilla
2989 5133 3184 5205 situlw,
3215 5142 3262 5205 et
3300 5133 3454 5205 quasi
3479 5147 3592 5205 mo-

2005 5216 2235 5286 mentum
2260 5201 2470 5261 steterit:
2495 5201 2744 5275 reputatae
2765 5215 2885 5259 sunt
2907 5221 2928 5257 :
2951 5219 3066 5257 ecce
3091 5201 3277 5257 insula:
3297 5202 3450 5272 quasi
3471 5201 3590 5271 pul-

2008 5292 2081 5329 rts
2103 5292 2341 5341 exiguus.

2080 5343 2105 5383 δ
2147 5340 2288 5398 Edit.
2320 5343 2573 5410 Qucrcet.
2600 5343 2667 5398 86
2693 5359 2757 5398 ex
2789 5359 2912 5409 ms.;
2945 5340 3174 5396 Froben.
3204 5341 3291 5396 74.

2086 5426 2108 5455 α
2147 5409 2405 5468 Liobrado
2433 5413 2612 5468 electo.
2653 5413 2920 5469 Liodrado
2962 5411 3240 5481 legendum
3282 5418 3436 5481 putat
3479 5409 3582 5466 la-

2008 5485 2278 5550 billonius,
2308 5483 2400 5554 qui
2428 5492 2512 5538 est
2535 5483 2830 5539 Leidradus
2859 5497 3002 5538 anno
3017 5481 3131 5538 798
3155 5483 3357 5554 electus
3379 5481 3589 5554 episco-

2007 5572 2110 5626 pus
2133 5551 2536 5626 Lugdunensis;
2576 5555 2834 5626 sequenti
2853 5568 2980 5626 vero
3007 5569 3149 5609 anno
3180 5551 3584 5626 primum’ordi-

2009 5620 2183 5680 italus.
2217 5620 2350 5680 Vide
2385 5620 2529 5681 Hist.
2558 5620 2685 5681 Litt.
2713 5625 2779 5682 de
2817 5623 2870 5680 la
2907 5622 3135 5692 France,
3173 5620 3300 5680 iam.
3330 5621 3358 5677 1
3377 5620 3435 5686 γ,
3459 5634 3584 5690 pta.

2007 5695 2110 5752 455
2137 5712 2272 5768 seqq.
