  <div class='ocr_page' id='page_1' title='image "/cluster/home/n/w/nwhite01/storage/ocr_20150623/100/hvd.32044052819521/149.png"; bbox 0 0 4070 6182; ppageno 0'>
   <div class='ocr_carea' id='block_1_1' title="bbox 458 369 566 447">
    <p class='ocr_par' dir='ltr' id='par_1_1' title="bbox 458 369 566 447">
     <span class='ocr_line' id='line_1_1' title="bbox 458 369 566 447; baseline -0.019 0"><span class='ocrx_word' id='word_1_1' title='bbox 458 369 566 447; x_wconf 65' lang='lat' dir='ltr'><strong>is?</strong></span> 
     </span>
    </p>
   </div>
   <div class='ocr_carea' id='block_1_2' title="bbox 1322 362 2812 440">
    <p class='ocr_par' dir='ltr' id='par_1_2' title="bbox 1322 362 2812 440">
     <span class='ocr_line' id='line_1_2' title="bbox 1322 362 2812 440; baseline -0.005 0"><span class='ocrx_word' id='word_1_2' title='bbox 1322 386 1381 440; x_wconf 75' lang='grc' dir='ltr'><strong>Β.</strong></span> <span class='ocrx_word' id='word_1_3' title='bbox 1423 384 1483 439; x_wconf 78' lang='lat' dir='ltr'><strong>r.</strong></span> <span class='ocrx_word' id='word_1_4' title='bbox 1522 383 1743 439; x_wconf 72' lang='lat' dir='ltr'><strong>ALBlNl</strong></span> <span class='ocrx_word' id='word_1_5' title='bbox 1787 380 1915 437; x_wconf 71' lang='lat' dir='ltr'><strong>seu</strong></span> <span class='ocrx_word' id='word_1_6' title='bbox 1943 362 2223 435; x_wconf 71' lang='lat' dir='ltr'><strong>&#39;ALcrm</strong></span> <span class='ocrx_word' id='word_1_7' title='bbox 2262 378 2543 435; x_wconf 53' lang='lat' dir='ltr'><strong>meum</strong></span> <span class='ocrx_word' id='word_1_8' title='bbox 2580 379 2755 433; x_wconf 62' lang='lat' dir='ltr'><strong>rans</strong></span> <span class='ocrx_word' id='word_1_9' title='bbox 2791 378 2812 432; x_wconf 94' lang='grc' dir='ltr'><strong>ι</strong></span> 
     </span>
    </p>
   </div>
   <div class='ocr_carea' id='block_1_3' title="bbox 3622 360 3734 441">
    <p class='ocr_par' dir='ltr' id='par_1_3' title="bbox 3622 360 3734 441">
     <span class='ocr_line' id='line_1_3' title="bbox 3622 360 3734 441; baseline 0.009 -1"><span class='ocrx_word' id='word_1_10' title='bbox 3622 360 3734 441; x_wconf 67' lang='lat' dir='ltr'><strong>ass</strong></span> 
     </span>
    </p>
   </div>
   <div class='ocr_carea' id='block_1_4' title="bbox 461 470 3735 575">
    <p class='ocr_par' dir='ltr' id='par_1_4' title="bbox 461 470 3735 575">
     <span class='ocr_line' id='line_1_4' title="bbox 461 470 3735 575; baseline -0.002 -19"><span class='ocrx_word' id='word_1_11' title='bbox 461 512 523 560; x_wconf 80' lang='lat' dir='ltr'><strong>ut</strong></span> <span class='ocrx_word' id='word_1_12' title='bbox 552 514 879 575; x_wconf 76' lang='lat' dir='ltr'><strong>gemmarum</strong></span> <span class='ocrx_word' id='word_1_13' title='bbox 907 499 1082 569; x_wconf 84' lang='lat' dir='ltr'><strong>fulgor</strong></span> <span class='ocrx_word' id='word_1_14' title='bbox 1110 498 1251 553; x_wconf 89' lang='lat' dir='ltr'><strong>inter</strong></span> <span class='ocrx_word' id='word_1_15' title='bbox 1274 482 1554 551; x_wconf 76' lang='lat' dir='ltr'><strong>arenosum</strong></span> <span class='ocrx_word' id='word_1_16' title='bbox 1581 490 1904 565; x_wconf 76' lang='lat' dir='ltr'><strong>splendescit</strong></span> <span class='ocrx_word' id='word_1_17' title='bbox 1932 489 2042 562; x_wconf 87' lang='lat' dir='ltr'><strong>gla-</strong></span> <span class='ocrx_word' id='word_1_18' title='bbox 2071 492 2112 549; x_wconf 80' lang='grc' dir='ltr'><strong>Α</strong></span> <span class='ocrx_word' id='word_1_19' title='bbox 2147 505 2285 544; x_wconf 83' lang='lat' dir='ltr'><strong>nunc</strong></span> <span class='ocrx_word' id='word_1_20' title='bbox 2317 498 2425 544; x_wconf 88' lang='lat' dir='ltr'><strong>tota</strong></span> <span class='ocrx_word' id='word_1_21' title='bbox 2457 472 2725 543; x_wconf 82' lang='lat' dir='ltr'><strong>hilaritate</strong></span> <span class='ocrx_word' id='word_1_22' title='bbox 2754 487 2949 541; x_wconf 84' lang='lat' dir='ltr'><strong>mentis</strong></span> <span class='ocrx_word' id='word_1_23' title='bbox 2973 486 3134 555; x_wconf 73' lang='lat' dir='ltr'><strong>ccepti</strong></span> <span class='ocrx_word' id='word_1_24' title='bbox 3163 470 3370 543; x_wconf 82' lang='lat' dir='ltr'><strong>itineris</strong></span> <span class='ocrx_word' id='word_1_25' title='bbox 3396 470 3585 548; x_wconf 81' lang='lat' dir='ltr'><strong>cursus</strong></span> <span class='ocrx_word' id='word_1_26' title='bbox 3613 510 3735 564; x_wconf 62' lang='grc' dir='ltr'><strong>ρει-η</strong></span> 
     </span>
    </p>
   </div>
   <div class='ocr_carea' id='block_1_5' title="bbox 464 582 2046 658">
    <p class='ocr_par' dir='ltr' id='par_1_5' title="bbox 464 582 2046 658">
     <span class='ocr_line' id='line_1_5' title="bbox 464 582 2046 658; baseline -0.009 -9"><span class='ocrx_word' id='word_1_27' title='bbox 464 602 630 656; x_wconf 76' lang='lat' dir='ltr'><strong>ream,</strong></span> <span class='ocrx_word' id='word_1_28' title='bbox 656 592 728 646; x_wconf 87' lang='lat' dir='ltr'><strong>ita</strong></span> <span class='ocrx_word' id='word_1_29' title='bbox 758 588 962 643; x_wconf 84' lang='lat' dir='ltr'><strong>amicus</strong></span> <span class='ocrx_word' id='word_1_30' title='bbox 985 588 1242 658; x_wconf 85' lang='lat' dir='ltr'><strong>probatus</strong></span> <span class='ocrx_word' id='word_1_31' title='bbox 1267 587 1411 641; x_wconf 84' lang='lat' dir='ltr'><strong>inter</strong></span> <span class='ocrx_word' id='word_1_32' title='bbox 1436 582 1791 640; x_wconf 68' lang='lat' dir='ltr'><strong>multitudinis</strong></span> <span class='ocrx_word' id='word_1_33' title='bbox 1815 582 2046 638; x_wconf 86' lang='lat' dir='ltr'><strong>circum-</strong></span> 
     </span>
    </p>
   </div>
   <div class='ocr_carea' id='block_1_6' title="bbox 464 672 2044 750">
    <p class='ocr_par' dir='ltr' id='par_1_6' title="bbox 464 672 2044 750">
     <span class='ocr_line' id='line_1_6' title="bbox 464 672 2044 750; baseline -0.008 -13"><span class='ocrx_word' id='word_1_34' title='bbox 464 689 791 750; x_wconf 76' lang='lat' dir='ltr'><strong>strepentem</strong></span> <span class='ocrx_word' id='word_1_35' title='bbox 831 676 1042 732; x_wconf 81' lang='lat' dir='ltr'><strong>turbam</strong></span> <span class='ocrx_word' id='word_1_36' title='bbox 1083 677 1389 747; x_wconf 85' lang='lat' dir='ltr'><strong>gratissime</strong></span> <span class='ocrx_word' id='word_1_37' title='bbox 1423 676 1649 738; x_wconf 88' lang='lat' dir='ltr'><strong>eruitur,</strong></span> <span class='ocrx_word' id='word_1_38' title='bbox 1690 672 2044 743; x_wconf 84' lang='lat' dir='ltr'><strong>amplcxa&#39;ur,</strong></span> 
     </span>
    </p>
   </div>
   <div class='ocr_carea' id='block_1_7' title="bbox 464 762 2049 837">
    <p class='ocr_par' dir='ltr' id='par_1_7' title="bbox 464 762 2049 837">
     <span class='ocr_line' id='line_1_7' title="bbox 464 762 2049 837; baseline -0.008 -10"><span class='ocrx_word' id='word_1_39' title='bbox 464 779 699 827; x_wconf 81' lang='lat' dir='ltr'><strong>tenetur.</strong></span> <span class='ocrx_word' id='word_1_40' title='bbox 727 770 827 836; x_wconf 85' lang='lat' dir='ltr'><strong>Qui</strong></span> <span class='ocrx_word' id='word_1_41' title='bbox 848 768 998 837; x_wconf 80' lang='lat' dir='ltr'><strong>juxta</strong></span> <span class='ocrx_word' id='word_1_42' title='bbox 1030 768 1368 837; x_wconf 79' lang='lat' dir='ltr'><strong>antiquitatis</strong></span> <span class='ocrx_word' id='word_1_43' title='bbox 1396 765 1759 837; x_wconf 74' lang='lat' dir='ltr'><strong>proverbium,</strong></span> <span class='ocrx_word' id='word_1_44' title='bbox 1783 762 1873 817; x_wconf 91' lang='lat' dir='ltr'><strong>diu</strong></span> <span class='ocrx_word' id='word_1_45' title='bbox 1904 776 2049 831; x_wconf 59' lang='lat' dir='ltr'><strong>quaa-</strong></span> 
     </span>
    </p>
   </div>
   <div class='ocr_carea' id='block_1_8' title="bbox 465 851 2050 927">
    <p class='ocr_par' dir='ltr' id='par_1_8' title="bbox 465 851 2050 927">
     <span class='ocr_line' id='line_1_8' title="bbox 465 851 2050 927; baseline -0.008 -10"><span class='ocrx_word' id='word_1_46' title='bbox 465 862 623 927; x_wconf 83' lang='lat' dir='ltr'><strong>ritur,</strong></span> <span class='ocrx_word' id='word_1_47' title='bbox 650 862 736 915; x_wconf 84' lang='lat' dir='ltr'><strong>vix</strong></span> <span class='ocrx_word' id='word_1_48' title='bbox 760 859 1049 924; x_wconf 79' lang='lat' dir='ltr'><strong>invenitur,</strong></span> <span class='ocrx_word' id='word_1_49' title='bbox 1071 856 1289 914; x_wconf 84' lang='lat' dir='ltr'><strong>difﬁcile</strong></span> <span class='ocrx_word' id='word_1_50' title='bbox 1306 864 1573 911; x_wconf 86' lang='lat' dir='ltr'><strong>servatur.</strong></span> <span class='ocrx_word' id='word_1_51' title='bbox 1596 853 1760 923; x_wconf 83' lang='lat' dir='ltr'><strong>Cujus</strong></span> <span class='ocrx_word' id='word_1_52' title='bbox 1784 851 2050 922; x_wconf 77' lang='lat' dir='ltr'><strong>parabola:</strong></span> 
     </span>
    </p>
   </div>
   <div class='ocr_carea' id='block_1_9' title="bbox 466 940 2053 1020">
    <p class='ocr_par' dir='ltr' id='par_1_9' title="bbox 466 940 2053 1020">
     <span class='ocr_line' id='line_1_9' title="bbox 466 940 2053 1020; baseline -0.008 -14"><span class='ocrx_word' id='word_1_53' title='bbox 466 950 963 1020; x_wconf 71' lang='lat' dir='ltr'><strong>interpretationem</strong></span> <span class='ocrx_word' id='word_1_54' title='bbox 1006 948 1163 1003; x_wconf 73' lang='lat' dir='ltr'><strong>facile</strong></span> <span class='ocrx_word' id='word_1_55' title='bbox 1191 955 1275 1002; x_wconf 90' lang='lat' dir='ltr'><strong>est</strong></span> <span class='ocrx_word' id='word_1_56' title='bbox 1311 961 1378 1001; x_wconf 84' lang='lat' dir='ltr'><strong>ex</strong></span> <span class='ocrx_word' id='word_1_57' title='bbox 1411 946 1581 1015; x_wconf 85' lang='lat' dir='ltr'><strong>tcipso</strong></span> <span class='ocrx_word' id='word_1_58' title='bbox 1609 955 1951 1013; x_wconf 78' lang='lat' dir='ltr'><strong>cognoscere.</strong></span> <span class='ocrx_word' id='word_1_59' title='bbox 1985 940 2053 994; x_wconf 83' lang='lat' dir='ltr'><strong>Et</strong></span> 
     </span>
    </p>
   </div>
   <div class='ocr_carea' id='block_1_10' title="bbox 465 1032 2050 1110">
    <p class='ocr_par' dir='ltr' id='par_1_10' title="bbox 465 1032 2050 1110">
     <span class='ocr_line' id='line_1_10' title="bbox 465 1032 2050 1110; baseline -0.008 -13"><span class='ocrx_word' id='word_1_60' title='bbox 465 1043 662 1098; x_wconf 86' lang='lat' dir='ltr'><strong>mirum</strong></span> <span class='ocrx_word' id='word_1_61' title='bbox 696 1041 749 1095; x_wconf 90' lang='lat' dir='ltr'><strong>in</strong></span> <span class='ocrx_word' id='word_1_62' title='bbox 777 1040 991 1095; x_wconf 86' lang='lat' dir='ltr'><strong>modum</strong></span> <span class='ocrx_word' id='word_1_63' title='bbox 1012 1080 1026 1104; x_wconf 94' lang='lat'><strong>,</strong></span> <span class='ocrx_word' id='word_1_64' title='bbox 1065 1040 1207 1110; x_wconf 85' lang='lat' dir='ltr'><strong>quod</strong></span> <span class='ocrx_word' id='word_1_65' title='bbox 1235 1053 1424 1094; x_wconf 85' lang='lat' dir='ltr'><strong>omnes</strong></span> <span class='ocrx_word' id='word_1_66' title='bbox 1452 1036 1693 1091; x_wconf 89' lang='lat' dir='ltr'><strong>invenire</strong></span> <span class='ocrx_word' id='word_1_67' title='bbox 1718 1034 1932 1098; x_wconf 88' lang='lat' dir='ltr'><strong>volunt,</strong></span> <span class='ocrx_word' id='word_1_68' title='bbox 1960 1032 2050 1086; x_wconf 83' lang='lat' dir='ltr'><strong>vix</strong></span> 
     </span>
    </p>
   </div>
   <div class='ocr_carea' id='block_1_11' title="bbox 466 1128 2049 1197">
    <p class='ocr_par' dir='ltr' id='par_1_11' title="bbox 466 1128 2049 1197">
     <span class='ocr_line' id='line_1_11' title="bbox 466 1128 2049 1197; baseline -0.006 -10"><span class='ocrx_word' id='word_1_69' title='bbox 466 1133 608 1188; x_wconf 82' lang='lat' dir='ltr'><strong>ullus</strong></span> <span class='ocrx_word' id='word_1_70' title='bbox 643 1147 763 1188; x_wconf 89' lang='lat' dir='ltr'><strong>esse</strong></span> <span class='ocrx_word' id='word_1_71' title='bbox 790 1131 1078 1187; x_wconf 77' lang='lat' dir='ltr'><strong>desiderat.</strong></span> <span class='ocrx_word' id='word_1_72' title='bbox 1122 1132 1189 1185; x_wconf 84' lang='lat' dir='ltr'><strong>Et</strong></span> <span class='ocrx_word' id='word_1_73' title='bbox 1228 1132 1332 1186; x_wconf 89' lang='lat' dir='ltr'><strong>hoc</strong></span> <span class='ocrx_word' id='word_1_74' title='bbox 1376 1130 1514 1192; x_wconf 86' lang='lat' dir='ltr'><strong>ideo,</strong></span> <span class='ocrx_word' id='word_1_75' title='bbox 1561 1128 1686 1197; x_wconf 84' lang='lat' dir='ltr'><strong>quia</strong></span> <span class='ocrx_word' id='word_1_76' title='bbox 1723 1132 2049 1196; x_wconf 68' lang='lat' dir='ltr'><strong>prmccptum</strong></span> 
     </span>
    </p>
   </div>
   <div class='ocr_carea' id='block_1_12' title="bbox 469 1220 2053 1295">
    <p class='ocr_par' dir='ltr' id='par_1_12' title="bbox 469 1220 2053 1295">
     <span class='ocr_line' id='line_1_12' title="bbox 469 1220 2053 1295; baseline -0.005 -15"><span class='ocrx_word' id='word_1_77' title='bbox 469 1225 825 1290; x_wconf 82' lang='lat' dir='ltr'><strong>Dominicum,</strong></span> <span class='ocrx_word' id='word_1_78' title='bbox 854 1224 899 1280; x_wconf 92' lang='lat' dir='ltr'><strong>si</strong></span> <span class='ocrx_word' id='word_1_79' title='bbox 932 1224 1132 1295; x_wconf 87' lang='lat' dir='ltr'><strong>apertis</strong></span> <span class='ocrx_word' id='word_1_80' title='bbox 1158 1224 1381 1278; x_wconf 80' lang='lat' dir='ltr'><strong>audiant</strong></span> <span class='ocrx_word' id='word_1_81' title='bbox 1406 1222 1646 1285; x_wconf 80' lang='lat' dir='ltr'><strong>auribus,</strong></span> <span class='ocrx_word' id='word_1_82' title='bbox 1680 1220 1844 1276; x_wconf 88' lang='lat' dir='ltr'><strong>surdo</strong></span> <span class='ocrx_word' id='word_1_83' title='bbox 1873 1227 2053 1273; x_wconf 86' lang='lat' dir='ltr'><strong>tamen</strong></span> 
     </span>
    </p>
   </div>
   <div class='ocr_carea' id='block_1_13' title="bbox 469 1309 2052 1387">
    <p class='ocr_par' dir='ltr' id='par_1_13' title="bbox 469 1309 2052 1387">
     <span class='ocr_line' id='line_1_13' title="bbox 469 1309 2052 1387; baseline -0.006 -15"><span class='ocrx_word' id='word_1_84' title='bbox 469 1316 631 1372; x_wconf 87' lang='lat' dir='ltr'><strong>corde</strong></span> <span class='ocrx_word' id='word_1_85' title='bbox 670 1315 820 1387; x_wconf 88' lang='lat' dir='ltr'><strong>parvi</strong></span> <span class='ocrx_word' id='word_1_86' title='bbox 859 1316 1144 1386; x_wconf 86' lang='lat' dir='ltr'><strong>pendunt:</strong></span> <span class='ocrx_word' id='word_1_87' title='bbox 1180 1313 1390 1376; x_wconf 84' lang='lat' dir='ltr'><strong>Omnia,</strong></span> <span class='ocrx_word' id='word_1_88' title='bbox 1430 1327 1751 1383; x_wconf 67' lang='lat' dir='ltr'><strong>quiscunque</strong></span> <span class='ocrx_word' id='word_1_89' title='bbox 1788 1309 1959 1371; x_wconf 82' lang='lat' dir='ltr'><strong>cultis,</strong></span> <span class='ocrx_word' id='word_1_90' title='bbox 1998 1320 2052 1364; x_wconf 85' lang='lat' dir='ltr'><strong>ut</strong></span> 
     </span>
    </p>
   </div>
   <div class='ocr_carea' id='block_1_14' title="bbox 469 1400 2050 1475">
    <p class='ocr_par' dir='ltr' id='par_1_14' title="bbox 469 1400 2050 1475">
     <span class='ocr_line' id='line_1_14' title="bbox 469 1400 2050 1475; baseline -0.004 -14"><span class='ocrx_word' id='word_1_91' title='bbox 469 1407 666 1475; x_wconf 74' lang='lat' dir='ltr'><strong>faciant</strong></span> <span class='ocrx_word' id='word_1_92' title='bbox 691 1406 831 1460; x_wconf 81' lang='lat' dir='ltr'><strong>vobis</strong></span> <span class='ocrx_word' id='word_1_93' title='bbox 852 1406 1103 1469; x_wconf 80' lang='lat' dir='ltr'><strong>homines,</strong></span> <span class='ocrx_word' id='word_1_94' title='bbox 1124 1405 1234 1459; x_wconf 78' lang='lat' dir='ltr'><strong>lucc</strong></span> <span class='ocrx_word' id='word_1_95' title='bbox 1253 1404 1433 1459; x_wconf 81' lang='lat' dir='ltr'><strong>eadem</strong></span> <span class='ocrx_word' id='word_1_96' title='bbox 1456 1412 1502 1458; x_wconf 90' lang='lat' dir='ltr'><strong>et</strong></span> <span class='ocrx_word' id='word_1_97' title='bbox 1528 1404 1685 1474; x_wconf 79' lang='lat' dir='ltr'><strong>facite</strong></span> <span class='ocrx_word' id='word_1_98' title='bbox 1708 1401 1813 1457; x_wconf 82' lang='lat' dir='ltr'><strong>illis</strong></span> <span class='ocrx_word' id='word_1_99' title='bbox 1836 1400 2050 1473; x_wconf 74' lang='lat' dir='ltr'><strong>(Matth.</strong></span> 
     </span>
    </p>
   </div>
   <div class='ocr_carea' id='block_1_15' title="bbox 468 1490 2057 1569">
    <p class='ocr_par' dir='ltr' id='par_1_15' title="bbox 468 1490 2057 1569">
     <span class='ocr_line' id='line_1_15' title="bbox 468 1490 2057 1569; baseline -0.002 -20"><span class='ocrx_word' id='word_1_100' title='bbox 468 1512 565 1559; x_wconf 85' lang='lat' dir='ltr'><strong>vn,</strong></span> <span class='ocrx_word' id='word_1_101' title='bbox 597 1496 707 1569; x_wconf 64' lang='grc' dir='ltr'><strong>ιε).</strong></span> <span class='ocrx_word' id='word_1_102' title='bbox 735 1495 882 1551; x_wconf 87' lang='lat' dir='ltr'><strong>inter</strong></span> <span class='ocrx_word' id='word_1_103' title='bbox 906 1504 1098 1551; x_wconf 68' lang='lat' dir='ltr'><strong>caetera</strong></span> <span class='ocrx_word' id='word_1_104' title='bbox 1124 1496 1383 1550; x_wconf 88' lang='lat' dir='ltr'><strong>virtutum</strong></span> <span class='ocrx_word' id='word_1_105' title='bbox 1413 1493 1643 1564; x_wconf 82' lang='lat' dir='ltr'><strong>insignia</strong></span> <span class='ocrx_word' id='word_1_106' title='bbox 1671 1508 1791 1563; x_wconf 67' lang='lat' dir='ltr'><strong>quae</strong></span> <span class='ocrx_word' id='word_1_107' title='bbox 1815 1490 1940 1547; x_wconf 86' lang='lat' dir='ltr'><strong>huic</strong></span> <span class='ocrx_word' id='word_1_108' title='bbox 1964 1492 2057 1546; x_wconf 83' lang='lat' dir='ltr'><strong>ad-</strong></span> 
     </span>
    </p>
   </div>
   <div class='ocr_carea' id='block_1_16' title="bbox 465 1583 2058 1659">
    <p class='ocr_par' dir='ltr' id='par_1_16' title="bbox 465 1583 2058 1659">
     <span class='ocr_line' id='line_1_16' title="bbox 465 1583 2058 1659; baseline -0.004 -17"><span class='ocrx_word' id='word_1_109' title='bbox 465 1587 651 1659; x_wconf 85' lang='lat' dir='ltr'><strong>jacent</strong></span> <span class='ocrx_word' id='word_1_110' title='bbox 678 1588 951 1649; x_wconf 88' lang='lat' dir='ltr'><strong>mandato,</strong></span> <span class='ocrx_word' id='word_1_111' title='bbox 980 1588 1083 1643; x_wconf 89' lang='lat' dir='ltr'><strong>hoc</strong></span> <span class='ocrx_word' id='word_1_112' title='bbox 1110 1600 1325 1657; x_wconf 85' lang='lat' dir='ltr'><strong>quoque</strong></span> <span class='ocrx_word' id='word_1_113' title='bbox 1354 1585 1681 1656; x_wconf 70' lang='lat' dir='ltr'><strong>adiungitur,</strong></span> <span class='ocrx_word' id='word_1_114' title='bbox 1718 1594 1776 1638; x_wconf 85' lang='lat' dir='ltr'><strong>ut</strong></span> <span class='ocrx_word' id='word_1_115' title='bbox 1806 1584 1895 1653; x_wconf 87' lang='lat' dir='ltr'><strong>qui</strong></span> <span class='ocrx_word' id='word_1_116' title='bbox 1925 1583 2058 1637; x_wconf 81' lang='lat' dir='ltr'><strong>ami—</strong></span> 
     </span>
    </p>
   </div>
   <div class='ocr_carea' id='block_1_17' title="bbox 470 1674 2059 1744">
    <p class='ocr_par' dir='ltr' id='par_1_17' title="bbox 470 1674 2059 1744">
     <span class='ocr_line' id='line_1_17' title="bbox 470 1674 2059 1744; baseline -0.004 -10"><span class='ocrx_word' id='word_1_117' title='bbox 470 1694 596 1734; x_wconf 88' lang='lat' dir='ltr'><strong>cum</strong></span> <span class='ocrx_word' id='word_1_118' title='bbox 626 1680 755 1735; x_wconf 86' lang='lat' dir='ltr'><strong>velit</strong></span> <span class='ocrx_word' id='word_1_119' title='bbox 783 1680 1024 1734; x_wconf 88' lang='lat' dir='ltr'><strong>invenire</strong></span> <span class='ocrx_word' id='word_1_120' title='bbox 1054 1679 1295 1743; x_wconf 91' lang='lat' dir='ltr'><strong>ﬁdelem,</strong></span> <span class='ocrx_word' id='word_1_121' title='bbox 1333 1678 1404 1733; x_wconf 91' lang='lat' dir='ltr'><strong>sit</strong></span> <span class='ocrx_word' id='word_1_122' title='bbox 1432 1677 1522 1731; x_wconf 91' lang='lat' dir='ltr'><strong>ille</strong></span> <span class='ocrx_word' id='word_1_123' title='bbox 1546 1676 1849 1744; x_wconf 88' lang='lat' dir='ltr'><strong>cuicunque</strong></span> <span class='ocrx_word' id='word_1_124' title='bbox 1887 1674 2059 1728; x_wconf 89' lang='lat' dir='ltr'><strong>homi-</strong></span> 
     </span>
    </p>
   </div>
   <div class='ocr_carea' id='block_1_18' title="bbox 470 1765 2055 1834">
    <p class='ocr_par' dir='ltr' id='par_1_18' title="bbox 470 1765 2055 1834">
     <span class='ocr_line' id='line_1_18' title="bbox 470 1765 2055 1834; baseline -0.005 -7"><span class='ocrx_word' id='word_1_125' title='bbox 470 1787 601 1827; x_wconf 87' lang='lat' dir='ltr'><strong>num</strong></span> <span class='ocrx_word' id='word_1_126' title='bbox 647 1773 853 1827; x_wconf 85' lang='lat' dir='ltr'><strong>amicns</strong></span> <span class='ocrx_word' id='word_1_127' title='bbox 905 1770 1095 1834; x_wconf 88' lang='lat' dir='ltr'><strong>ﬁdelis,</strong></span> <span class='ocrx_word' id='word_1_128' title='bbox 1146 1769 1232 1824; x_wconf 91' lang='lat' dir='ltr'><strong>vel</strong></span> <span class='ocrx_word' id='word_1_129' title='bbox 1283 1770 1337 1823; x_wconf 90' lang='lat' dir='ltr'><strong>in</strong></span> <span class='ocrx_word' id='word_1_130' title='bbox 1385 1769 1559 1823; x_wconf 88' lang='lat' dir='ltr'><strong>salute</strong></span> <span class='ocrx_word' id='word_1_131' title='bbox 1602 1767 1822 1830; x_wconf 70' lang='lat' dir='ltr'><strong>animae,</strong></span> <span class='ocrx_word' id='word_1_132' title='bbox 1870 1766 1953 1821; x_wconf 89' lang='lat' dir='ltr'><strong>vel</strong></span> <span class='ocrx_word' id='word_1_133' title='bbox 2002 1765 2055 1820; x_wconf 92' lang='lat' dir='ltr'><strong>in</strong></span> 
     </span>
    </p>
   </div>
   <div class='ocr_carea' id='block_1_19' title="bbox 2150 579 3732 654">
    <p class='ocr_par' dir='ltr' id='par_1_19' title="bbox 2150 579 3732 654">
     <span class='ocr_line' id='line_1_19' title="bbox 2150 579 3732 654; baseline 0.004 -20"><span class='ocrx_word' id='word_1_134' title='bbox 2150 580 2387 651; x_wconf 78' lang='lat' dir='ltr'><strong>agendus</strong></span> <span class='ocrx_word' id='word_1_135' title='bbox 2424 589 2537 643; x_wconf 86' lang='lat' dir='ltr'><strong>est;</strong></span> <span class='ocrx_word' id='word_1_136' title='bbox 2578 579 2703 650; x_wconf 83' lang='lat' dir='ltr'><strong>quia</strong></span> <span class='ocrx_word' id='word_1_137' title='bbox 2726 580 2812 650; x_wconf 76' lang='lat' dir='ltr'><strong>qui</strong></span> <span class='ocrx_word' id='word_1_138' title='bbox 2849 579 3245 649; x_wconf 75' lang='lat' dir='ltr'><strong>perseveraverit</strong></span> <span class='ocrx_word' id='word_1_139' title='bbox 3283 596 3443 651; x_wconf 80' lang='lat' dir='ltr'><strong>usque</strong></span> <span class='ocrx_word' id='word_1_140' title='bbox 3475 585 3529 638; x_wconf 83' lang='lat' dir='ltr'><strong>in</strong></span> <span class='ocrx_word' id='word_1_141' title='bbox 3556 585 3732 654; x_wconf 74' lang='lat' dir='ltr'><strong>ﬁnem,</strong></span> 
     </span>
    </p>
   </div>
   <div class='ocr_carea' id='block_1_20' title="bbox 2148 666 3739 743">
    <p class='ocr_par' dir='ltr' id='par_1_20' title="bbox 2148 666 3739 743">
     <span class='ocr_line' id='line_1_20' title="bbox 2148 666 3739 743; baseline 0.003 -17"><span class='ocrx_word' id='word_1_142' title='bbox 2148 673 2231 726; x_wconf 85' lang='lat' dir='ltr'><strong>hic</strong></span> <span class='ocrx_word' id='word_1_143' title='bbox 2255 670 2428 725; x_wconf 73' lang='lat' dir='ltr'><strong>salvus</strong></span> <span class='ocrx_word' id='word_1_144' title='bbox 2450 671 2545 724; x_wconf 85' lang='lat' dir='ltr'><strong>erit</strong></span> <span class='ocrx_word' id='word_1_145' title='bbox 2572 669 2784 739; x_wconf 79' lang='lat' dir='ltr'><strong>(Matth.</strong></span> <span class='ocrx_word' id='word_1_146' title='bbox 2810 684 2866 734; x_wconf 59' lang='grc' dir='ltr'>λ,</span> <span class='ocrx_word' id='word_1_147' title='bbox 2891 668 3005 739; x_wconf 70' lang='lat'><strong>‘22).</strong></span> <span class='ocrx_word' id='word_1_148' title='bbox 3037 666 3174 735; x_wconf 85' lang='lat' dir='ltr'><strong>Quia</strong></span> <span class='ocrx_word' id='word_1_149' title='bbox 3206 670 3250 724; x_wconf 90' lang='lat' dir='ltr'><strong>si</strong></span> <span class='ocrx_word' id='word_1_150' title='bbox 3277 679 3494 741; x_wconf 78' lang='lat' dir='ltr'><strong>torpens</strong></span> <span class='ocrx_word' id='word_1_151' title='bbox 3522 674 3739 743; x_wconf 74' lang='lat' dir='ltr'><strong>pigritia</strong></span> 
     </span>
    </p>
   </div>
   <div class='ocr_carea' id='block_1_21' title="bbox 2149 758 3737 831">
    <p class='ocr_par' dir='ltr' id='par_1_21' title="bbox 2149 758 3737 831">
     <span class='ocr_line' id='line_1_21' title="bbox 2149 758 3737 831; baseline 0.004 -16"><span class='ocrx_word' id='word_1_152' title='bbox 2149 760 2287 815; x_wconf 87' lang='lat' dir='ltr'><strong>clam</strong></span> <span class='ocrx_word' id='word_1_153' title='bbox 2315 759 2439 813; x_wconf 89' lang='lat' dir='ltr'><strong>boni</strong></span> <span class='ocrx_word' id='word_1_154' title='bbox 2464 759 2643 828; x_wconf 86' lang='lat' dir='ltr'><strong>operis</strong></span> <span class='ocrx_word' id='word_1_155' title='bbox 2670 758 2975 827; x_wconf 83' lang='lat' dir='ltr'><strong>irrepserit,</strong></span> <span class='ocrx_word' id='word_1_156' title='bbox 3009 772 3132 812; x_wconf 78' lang='lat' dir='ltr'><strong>mox</strong></span> <span class='ocrx_word' id='word_1_157' title='bbox 3161 760 3365 814; x_wconf 85' lang='lat' dir='ltr'><strong>malitia</strong></span> <span class='ocrx_word' id='word_1_158' title='bbox 3394 761 3568 831; x_wconf 86' lang='lat' dir='ltr'><strong>palam</strong></span> <span class='ocrx_word' id='word_1_159' title='bbox 3611 765 3737 822; x_wconf 82' lang='lat' dir='ltr'><strong>mali</strong></span> 
     </span>
    </p>
   </div>
   <div class='ocr_carea' id='block_1_22' title="bbox 2148 847 3739 920">
    <p class='ocr_par' dir='ltr' id='par_1_22' title="bbox 2148 847 3739 920">
     <span class='ocr_line' id='line_1_22' title="bbox 2148 847 3739 920; baseline 0.004 -16"><span class='ocrx_word' id='word_1_160' title='bbox 2148 850 2328 920; x_wconf 80' lang='lat' dir='ltr'><strong>operis</strong></span> <span class='ocrx_word' id='word_1_161' title='bbox 2353 849 2663 904; x_wconf 81' lang='lat' dir='ltr'><strong>succrescit.</strong></span> <span class='ocrx_word' id='word_1_162' title='bbox 2695 848 2859 919; x_wconf 90' lang='lat' dir='ltr'><strong>Origo</strong></span> <span class='ocrx_word' id='word_1_163' title='bbox 2884 857 2969 902; x_wconf 91' lang='lat' dir='ltr'><strong>est</strong></span> <span class='ocrx_word' id='word_1_164' title='bbox 2992 847 3317 918; x_wconf 88' lang='lat' dir='ltr'><strong>iniquitatis,</strong></span> <span class='ocrx_word' id='word_1_165' title='bbox 3344 852 3563 907; x_wconf 85' lang='lat' dir='ltr'><strong>amissio</strong></span> <span class='ocrx_word' id='word_1_166' title='bbox 3586 852 3739 909; x_wconf 84' lang='lat' dir='ltr'><strong>boni-</strong></span> 
     </span>
    </p>
   </div>
   <div class='ocr_carea' id='block_1_23' title="bbox 2151 938 3736 1016">
    <p class='ocr_par' dir='ltr' id='par_1_23' title="bbox 2151 938 3736 1016">
     <span class='ocr_line' id='line_1_23' title="bbox 2151 938 3736 1016; baseline 0.003 -21"><span class='ocrx_word' id='word_1_167' title='bbox 2151 940 2296 995; x_wconf 86' lang='lat' dir='ltr'><strong>tatis.</strong></span> <span class='ocrx_word' id='word_1_168' title='bbox 2322 940 2390 994; x_wconf 85' lang='lat' dir='ltr'><strong>Et</strong></span> <span class='ocrx_word' id='word_1_169' title='bbox 2408 940 2533 994; x_wconf 90' lang='lat' dir='ltr'><strong>dum</strong></span> <span class='ocrx_word' id='word_1_170' title='bbox 2563 954 2673 995; x_wconf 65' lang='lat' dir='ltr'><strong>suae</strong></span> <span class='ocrx_word' id='word_1_171' title='bbox 2693 938 2983 993; x_wconf 82' lang='lat' dir='ltr'><strong>voluntatis</strong></span> <span class='ocrx_word' id='word_1_172' title='bbox 3010 938 3259 1009; x_wconf 84' lang='lat' dir='ltr'><strong>sequitur</strong></span> <span class='ocrx_word' id='word_1_173' title='bbox 3275 940 3439 995; x_wconf 87' lang='lat' dir='ltr'><strong>homo</strong></span> <span class='ocrx_word' id='word_1_174' title='bbox 3465 942 3736 1016; x_wconf 73' lang='lat' dir='ltr'><strong>alfectum,</strong></span> 
     </span>
    </p>
   </div>
   <div class='ocr_carea' id='block_1_24' title="bbox 2150 1027 3741 1102">
    <p class='ocr_par' dir='ltr' id='par_1_24' title="bbox 2150 1027 3741 1102">
     <span class='ocr_line' id='line_1_24' title="bbox 2150 1027 3741 1102; baseline 0.004 -18"><span class='ocrx_word' id='word_1_175' title='bbox 2150 1043 2275 1084; x_wconf 88' lang='lat' dir='ltr'><strong>mox</strong></span> <span class='ocrx_word' id='word_1_176' title='bbox 2306 1029 2501 1084; x_wconf 78' lang='lat' dir='ltr'><strong>divinae</strong></span> <span class='ocrx_word' id='word_1_177' title='bbox 2546 1028 2821 1084; x_wconf 74' lang='lat' dir='ltr'><strong>servitutis</strong></span> <span class='ocrx_word' id='word_1_178' title='bbox 2849 1027 3025 1097; x_wconf 84' lang='lat' dir='ltr'><strong>perdit</strong></span> <span class='ocrx_word' id='word_1_179' title='bbox 3067 1028 3342 1084; x_wconf 86' lang='lat' dir='ltr'><strong>effectum.</strong></span> <span class='ocrx_word' id='word_1_180' title='bbox 3393 1030 3521 1087; x_wconf 88' lang='lat' dir='ltr'><strong>Inde</strong></span> <span class='ocrx_word' id='word_1_181' title='bbox 3564 1034 3741 1102; x_wconf 88' lang='lat' dir='ltr'><strong>prima</strong></span> 
     </span>
    </p>
   </div>
   <div class='ocr_carea' id='block_1_25' title="bbox 2152 1117 3739 1191">
    <p class='ocr_par' dir='ltr' id='par_1_25' title="bbox 2152 1117 3739 1191">
     <span class='ocr_line' id='line_1_25' title="bbox 2152 1117 3739 1191; baseline 0.003 -18"><span class='ocrx_word' id='word_1_182' title='bbox 2152 1119 2325 1191; x_wconf 81' lang='lat' dir='ltr'><strong>angeli</strong></span> <span class='ocrx_word' id='word_1_183' title='bbox 2368 1118 2525 1173; x_wconf 90' lang='lat' dir='ltr'><strong>ruina</strong></span> <span class='ocrx_word' id='word_1_184' title='bbox 2558 1117 2681 1183; x_wconf 86' lang='lat' dir='ltr'><strong>fuit,</strong></span> <span class='ocrx_word' id='word_1_185' title='bbox 2725 1118 2817 1187; x_wconf 89' lang='lat' dir='ltr'><strong>qui</strong></span> <span class='ocrx_word' id='word_1_186' title='bbox 2862 1118 2915 1172; x_wconf 87' lang='lat' dir='ltr'><strong>in</strong></span> <span class='ocrx_word' id='word_1_187' title='bbox 2957 1132 3056 1172; x_wconf 88' lang='lat' dir='ltr'><strong>sua</strong></span> <span class='ocrx_word' id='word_1_188' title='bbox 3099 1118 3340 1190; x_wconf 87' lang='lat' dir='ltr'><strong>gaudens</strong></span> <span class='ocrx_word' id='word_1_189' title='bbox 3377 1127 3665 1191; x_wconf 70' lang='lat' dir='ltr'><strong>potestate,</strong></span> <span class='ocrx_word' id='word_1_190' title='bbox 3707 1137 3739 1178; x_wconf 88' lang='lat' dir='ltr'><strong>a</strong></span> 
     </span>
    </p>
   </div>
   <div class='ocr_carea' id='block_1_26' title="bbox 2152 1199 3747 1277">
    <p class='ocr_par' dir='ltr' id='par_1_26' title="bbox 2152 1199 3747 1277">
     <span class='ocr_line' id='line_1_26' title="bbox 2152 1199 3747 1277; baseline 0.003 -14"><span class='ocrx_word' id='word_1_191' title='bbox 2152 1223 2365 1264; x_wconf 87' lang='lat' dir='ltr'><strong>summo</strong></span> <span class='ocrx_word' id='word_1_192' title='bbox 2389 1207 2675 1263; x_wconf 82' lang='lat' dir='ltr'><strong>declinavit</strong></span> <span class='ocrx_word' id='word_1_193' title='bbox 2699 1206 2860 1262; x_wconf 86' lang='lat' dir='ltr'><strong>bono.</strong></span> <span class='ocrx_word' id='word_1_194' title='bbox 2887 1199 2956 1261; x_wconf 84' lang='lat' dir='ltr'><strong>Et</strong></span> <span class='ocrx_word' id='word_1_195' title='bbox 2978 1207 3069 1277; x_wconf 90' lang='lat' dir='ltr'><strong>qui</strong></span> <span class='ocrx_word' id='word_1_196' title='bbox 3097 1206 3380 1277; x_wconf 70' lang='lat' dir='ltr'><strong>gloriosior</strong></span> <span class='ocrx_word' id='word_1_197' title='bbox 3405 1208 3508 1265; x_wconf 87' lang='lat' dir='ltr'><strong>fuit</strong></span> <span class='ocrx_word' id='word_1_198' title='bbox 3528 1212 3747 1268; x_wconf 66' lang='lat' dir='ltr'><strong>caeteris</strong></span> 
     </span>
    </p>
   </div>
   <div class='ocr_carea' id='block_1_27' title="bbox 2156 1296 3741 1371">
    <p class='ocr_par' dir='ltr' id='par_1_27' title="bbox 2156 1296 3741 1371">
     <span class='ocr_line' id='line_1_27' title="bbox 2156 1296 3741 1371; baseline 0.001 -16"><span class='ocrx_word' id='word_1_199' title='bbox 2156 1300 2210 1354; x_wconf 93' lang='lat' dir='ltr'><strong>in</strong></span> <span class='ocrx_word' id='word_1_200' title='bbox 2237 1298 2566 1363; x_wconf 88' lang='lat' dir='ltr'><strong>conditione,</strong></span> <span class='ocrx_word' id='word_1_201' title='bbox 2602 1297 2777 1352; x_wconf 89' lang='lat' dir='ltr'><strong>factus</strong></span> <span class='ocrx_word' id='word_1_202' title='bbox 2802 1305 2888 1351; x_wconf 86' lang='lat' dir='ltr'><strong>est</strong></span> <span class='ocrx_word' id='word_1_203' title='bbox 2922 1296 3175 1352; x_wconf 85' lang='lat' dir='ltr'><strong>miserior</strong></span> <span class='ocrx_word' id='word_1_204' title='bbox 3197 1296 3446 1353; x_wconf 89' lang='lat' dir='ltr'><strong>omnibus</strong></span> <span class='ocrx_word' id='word_1_205' title='bbox 3472 1299 3528 1354; x_wconf 87' lang='lat' dir='ltr'><strong>in</strong></span> <span class='ocrx_word' id='word_1_206' title='bbox 3555 1299 3741 1371; x_wconf 82' lang='lat' dir='ltr'><strong>perdi-</strong></span> 
     </span>
    </p>
   </div>
   <div class='ocr_carea' id='block_1_28' title="bbox 2156 1384 3741 1461">
    <p class='ocr_par' dir='ltr' id='par_1_28' title="bbox 2156 1384 3741 1461">
     <span class='ocr_line' id='line_1_28' title="bbox 2156 1384 3741 1461; baseline 0.001 -18"><span class='ocrx_word' id='word_1_207' title='bbox 2156 1389 2320 1444; x_wconf 89' lang='lat' dir='ltr'><strong>tione.</strong></span> <span class='ocrx_word' id='word_1_208' title='bbox 2361 1388 2514 1444; x_wconf 87' lang='lat' dir='ltr'><strong>Unde</strong></span> <span class='ocrx_word' id='word_1_209' title='bbox 2545 1402 2605 1442; x_wconf 86' lang='lat' dir='ltr'><strong>se</strong></span> <span class='ocrx_word' id='word_1_210' title='bbox 2638 1387 2887 1457; x_wconf 86' lang='lat' dir='ltr'><strong>superbia</strong></span> <span class='ocrx_word' id='word_1_211' title='bbox 2917 1384 3053 1457; x_wconf 81' lang='grc' dir='ltr'><strong>[Αι.,</strong></span> <span class='ocrx_word' id='word_1_212' title='bbox 3085 1385 3313 1456; x_wconf 85' lang='lat' dir='ltr'><strong>superba</strong></span> <span class='ocrx_word' id='word_1_213' title='bbox 3342 1387 3520 1461; x_wconf 87' lang='lat' dir='ltr'><strong>mens]</strong></span> <span class='ocrx_word' id='word_1_214' title='bbox 3560 1388 3741 1460; x_wconf 85' lang='lat' dir='ltr'><strong>erigit,</strong></span> 
     </span>
    </p>
   </div>
   <div class='ocr_carea' id='block_1_29' title="bbox 2157 1475 3745 1547">
    <p class='ocr_par' dir='ltr' id='par_1_29' title="bbox 2157 1475 3745 1547">
     <span class='ocr_line' id='line_1_29' title="bbox 2157 1475 3745 1547; baseline 0 -14"><span class='ocrx_word' id='word_1_215' title='bbox 2157 1479 2281 1533; x_wconf 85' lang='lat' dir='ltr'><strong>inde</strong></span> <span class='ocrx_word' id='word_1_216' title='bbox 2304 1479 2538 1533; x_wconf 79' lang='lat' dir='ltr'><strong>maxime</strong></span> <span class='ocrx_word' id='word_1_217' title='bbox 2571 1476 2839 1547; x_wconf 88' lang='lat' dir='ltr'><strong>dejicitur.</strong></span> <span class='ocrx_word' id='word_1_218' title='bbox 2880 1475 3006 1531; x_wconf 88' lang='lat' dir='ltr'><strong>Ideo</strong></span> <span class='ocrx_word' id='word_1_219' title='bbox 3031 1476 3300 1546; x_wconf 65' lang='lat' dir='ltr'><strong>praecipue</strong></span> <span class='ocrx_word' id='word_1_220' title='bbox 3327 1478 3631 1533; x_wconf 89' lang='lat' dir='ltr'><strong>necessaria</strong></span> <span class='ocrx_word' id='word_1_221' title='bbox 3654 1486 3745 1533; x_wconf 87' lang='lat' dir='ltr'><strong>est</strong></span> 
     </span>
    </p>
   </div>
   <div class='ocr_carea' id='block_1_30' title="bbox 2158 1567 3742 1641">
    <p class='ocr_par' dir='ltr' id='par_1_30' title="bbox 2158 1567 3742 1641">
     <span class='ocr_line' id='line_1_30' title="bbox 2158 1567 3742 1641; baseline -0.003 -14"><span class='ocrx_word' id='word_1_222' title='bbox 2158 1572 2269 1627; x_wconf 87' lang='lat' dir='ltr'><strong>Deo</strong></span> <span class='ocrx_word' id='word_1_223' title='bbox 2309 1570 2669 1627; x_wconf 84' lang='lat' dir='ltr'><strong>servientibus</strong></span> <span class='ocrx_word' id='word_1_224' title='bbox 2694 1568 2971 1625; x_wconf 85' lang='lat' dir='ltr'><strong>humilitas</strong></span> <span class='ocrx_word' id='word_1_225' title='bbox 2992 1567 3331 1623; x_wconf 69' lang='lat' dir='ltr'><strong>obedientiaa.</strong></span> <span class='ocrx_word' id='word_1_226' title='bbox 3376 1568 3503 1641; x_wconf 87' lang='lat' dir='ltr'><strong>[Per</strong></span> <span class='ocrx_word' id='word_1_227' title='bbox 3529 1568 3742 1625; x_wconf 64' lang='lat' dir='ltr'><strong>humili.</strong></span> 
     </span>
    </p>
   </div>
   <div class='ocr_carea' id='block_1_31' title="bbox 2154 1660 3741 1733">
    <p class='ocr_par' dir='ltr' id='par_1_31' title="bbox 2154 1660 3741 1733">
     <span class='ocr_line' id='line_1_31' title="bbox 2154 1660 3741 1733; baseline 0.001 -16"><span class='ocrx_word' id='word_1_228' title='bbox 2154 1662 2287 1717; x_wconf 82' lang='lat' dir='ltr'><strong>tatis</strong></span> <span class='ocrx_word' id='word_1_229' title='bbox 2302 1662 2501 1733; x_wconf 85' lang='lat' dir='ltr'><strong>gradus</strong></span> <span class='ocrx_word' id='word_1_230' title='bbox 2521 1661 2588 1715; x_wconf 89' lang='lat' dir='ltr'><strong>ad</strong></span> <span class='ocrx_word' id='word_1_231' title='bbox 2608 1661 2821 1716; x_wconf 88' lang='lat' dir='ltr'><strong>culmen</strong></span> <span class='ocrx_word' id='word_1_232' title='bbox 2838 1660 3151 1730; x_wconf 89' lang='lat' dir='ltr'><strong>pervenitur</strong></span> <span class='ocrx_word' id='word_1_233' title='bbox 3172 1660 3559 1733; x_wconf 83' lang='lat' dir='ltr'><strong>sublimitatis].</strong></span> <span class='ocrx_word' id='word_1_234' title='bbox 3585 1660 3741 1718; x_wconf 82' lang='lat' dir='ltr'><strong>Chri-</strong></span> 
     </span>
    </p>
   </div>
   <div class='ocr_carea' id='block_1_32' title="bbox 2159 1750 3742 1825">
    <p class='ocr_par' dir='ltr' id='par_1_32' title="bbox 2159 1750 3742 1825">
     <span class='ocr_line' id='line_1_32' title="bbox 2159 1750 3742 1825; baseline 0 -18"><span class='ocrx_word' id='word_1_235' title='bbox 2159 1762 2276 1819; x_wconf 83' lang='lat' dir='ltr'><strong>stus</strong></span> <span class='ocrx_word' id='word_1_236' title='bbox 2299 1753 2411 1808; x_wconf 86' lang='lat' dir='ltr'><strong>suis</strong></span> <span class='ocrx_word' id='word_1_237' title='bbox 2432 1752 2743 1822; x_wconf 87' lang='lat' dir='ltr'><strong>parentibus</strong></span> <span class='ocrx_word' id='word_1_238' title='bbox 2762 1752 2957 1823; x_wconf 80' lang='lat' dir='ltr'><strong>legitur</strong></span> <span class='ocrx_word' id='word_1_239' title='bbox 2972 1765 3092 1807; x_wconf 87' lang='lat' dir='ltr'><strong>esse</strong></span> <span class='ocrx_word' id='word_1_240' title='bbox 3112 1750 3357 1806; x_wconf 87' lang='lat' dir='ltr'><strong>subditus</strong></span> <span class='ocrx_word' id='word_1_241' title='bbox 3379 1750 3524 1821; x_wconf 82' lang='lat' dir='ltr'><strong>(Luc.</strong></span> <span class='ocrx_word' id='word_1_242' title='bbox 3546 1768 3605 1816; x_wconf 91' lang='grc' dir='ltr'>ιι,</span> <span class='ocrx_word' id='word_1_243' title='bbox 3624 1753 3742 1825; x_wconf 75' lang='lat' dir='ltr'><strong>Si),</strong></span> 
     </span>
    </p>
   </div>
   <div class='ocr_carea' id='block_1_33' title="bbox 469 1840 3745 1931">
    <p class='ocr_par' dir='ltr' id='par_1_33' title="bbox 469 1840 3745 1931">
     <span class='ocr_line' id='line_1_33' title="bbox 469 1840 3745 1931; baseline 0.001 -34"><span class='ocrx_word' id='word_1_244' title='bbox 469 1860 726 1931; x_wconf 57' lang='lat' dir='ltr'><strong>sun-r3830</strong></span> <span class='ocrx_word' id='word_1_245' title='bbox 773 1860 1046 1925; x_wconf 43' lang='lat' dir='ltr'><strong>saeculari,</strong></span> <span class='ocrx_word' id='word_1_246' title='bbox 1094 1866 1351 1930; x_wconf 53' lang='lat' dir='ltr'><strong>quantum</strong></span> <span class='ocrx_word' id='word_1_247' title='bbox 1399 1859 1467 1913; x_wconf 66' lang='lat' dir='ltr'><strong>ad</strong></span> <span class='ocrx_word' id='word_1_248' title='bbox 1514 1872 1627 1913; x_wconf 63' lang='lat' dir='ltr'><strong>rem</strong></span> <span class='ocrx_word' id='word_1_249' title='bbox 1671 1866 1727 1913; x_wconf 70' lang='grc' dir='ltr'>ει</span> <span class='ocrx_word' id='word_1_250' title='bbox 1771 1871 2056 1927; x_wconf 65' lang='lat' dir='ltr'><strong>personam</strong></span> <span class='ocrx_word' id='word_1_251' title='bbox 2091 1845 2132 1903; x_wconf 82' lang='grc' dir='ltr'><strong>Β</strong></span> <span class='ocrx_word' id='word_1_252' title='bbox 2159 1853 2221 1897; x_wconf 86' lang='grc' dir='ltr'><strong>ιιι</strong></span> <span class='ocrx_word' id='word_1_253' title='bbox 2244 1857 2341 1897; x_wconf 90' lang='lat' dir='ltr'><strong>nos</strong></span> <span class='ocrx_word' id='word_1_254' title='bbox 2365 1841 2688 1931; x_wconf 81' lang='lat' dir='ltr'><strong>humilitatis</strong></span> <span class='ocrx_word' id='word_1_255' title='bbox 2710 1856 2822 1896; x_wconf 65' lang='lat' dir='ltr'><strong>suae</strong></span> <span class='ocrx_word' id='word_1_256' title='bbox 2843 1840 3087 1909; x_wconf 86' lang='lat' dir='ltr'><strong>exemplo</strong></span> <span class='ocrx_word' id='word_1_257' title='bbox 3112 1841 3179 1895; x_wconf 90' lang='lat' dir='ltr'><strong>ad</strong></span> <span class='ocrx_word' id='word_1_258' title='bbox 3205 1840 3403 1931; x_wconf 84' lang='lat' dir='ltr'><strong>bonum</strong></span> <span class='ocrx_word' id='word_1_259' title='bbox 3428 1841 3745 1899; x_wconf 81' lang='lat' dir='ltr'><strong>informaret</strong></span> 
     </span>
    </p>
   </div>
   <div class='ocr_carea' id='block_1_34' title="bbox 454 1953 1070 2023">
    <p class='ocr_par' dir='ltr' id='par_1_34' title="bbox 454 1953 1070 2023">
     <span class='ocr_line' id='line_1_34' title="bbox 454 1953 1070 2023; baseline -0.005 -14"><span class='ocrx_word' id='word_1_260' title='bbox 454 1953 756 2022; x_wconf 72' lang='lat' dir='ltr'><strong>cujuslibet</strong></span> <span class='ocrx_word' id='word_1_261' title='bbox 783 1953 1070 2023; x_wconf 86' lang='lat' dir='ltr'><strong>pertineat.</strong></span> 
     </span>
    </p>
   </div>
   <div class='ocr_carea' id='block_1_35' title="bbox 543 2042 2059 2115">
    <p class='ocr_par' dir='ltr' id='par_1_35' title="bbox 543 2042 2059 2115">
     <span class='ocr_line' id='line_1_35' title="bbox 543 2042 2059 2115; baseline -0.002 -16"><span class='ocrx_word' id='word_1_262' title='bbox 543 2046 698 2113; x_wconf 84' lang='lat' dir='ltr'><strong>Quod</strong></span> <span class='ocrx_word' id='word_1_263' title='bbox 736 2060 865 2100; x_wconf 90' lang='lat' dir='ltr'><strong>vero</strong></span> <span class='ocrx_word' id='word_1_264' title='bbox 897 2061 983 2100; x_wconf 90' lang='lat' dir='ltr'><strong>me</strong></span> <span class='ocrx_word' id='word_1_265' title='bbox 1017 2046 1349 2115; x_wconf 80' lang='lat' dir='ltr'><strong>interrogare</strong></span> <span class='ocrx_word' id='word_1_266' title='bbox 1390 2044 1599 2100; x_wconf 90' lang='lat' dir='ltr'><strong>voluisti</strong></span> <span class='ocrx_word' id='word_1_267' title='bbox 1637 2043 1703 2100; x_wconf 89' lang='lat' dir='ltr'><strong>de</strong></span> <span class='ocrx_word' id='word_1_268' title='bbox 1738 2042 2059 2099; x_wconf 86' lang='lat' dir='ltr'><strong>certitudine</strong></span> 
     </span>
    </p>
   </div>
   <div class='ocr_carea' id='block_1_36' title="bbox 470 2134 2060 2200">
    <p class='ocr_par' dir='ltr' id='par_1_36' title="bbox 470 2134 2060 2200">
     <span class='ocr_line' id='line_1_36' title="bbox 470 2134 2060 2200; baseline 0.001 -11"><span class='ocrx_word' id='word_1_269' title='bbox 470 2136 764 2190; x_wconf 80' lang='lat' dir='ltr'><strong>voluntatis</strong></span> <span class='ocrx_word' id='word_1_270' title='bbox 800 2136 886 2190; x_wconf 89' lang='lat' dir='ltr'><strong>vel</strong></span> <span class='ocrx_word' id='word_1_271' title='bbox 924 2136 1026 2191; x_wconf 88' lang='lat' dir='ltr'><strong>loci</strong></span> <span class='ocrx_word' id='word_1_272' title='bbox 1047 2177 1061 2200; x_wconf 96' lang='lat'><strong>,</strong></span> <span class='ocrx_word' id='word_1_273' title='bbox 1103 2136 1238 2190; x_wconf 88' lang='lat' dir='ltr'><strong>nihil</strong></span> <span class='ocrx_word' id='word_1_274' title='bbox 1275 2136 1373 2190; x_wconf 87' lang='lat' dir='ltr'><strong>tibi</strong></span> <span class='ocrx_word' id='word_1_275' title='bbox 1407 2144 1616 2191; x_wconf 88' lang='lat' dir='ltr'><strong>certum</strong></span> <span class='ocrx_word' id='word_1_276' title='bbox 1645 2134 1821 2192; x_wconf 89' lang='lat' dir='ltr'><strong>adhuc</strong></span> <span class='ocrx_word' id='word_1_277' title='bbox 1849 2150 2060 2191; x_wconf 83' lang='lat' dir='ltr'><strong>reman—</strong></span> 
     </span>
    </p>
   </div>
   <div class='ocr_carea' id='block_1_37' title="bbox 473 2225 2061 2292">
    <p class='ocr_par' dir='ltr' id='par_1_37' title="bbox 473 2225 2061 2292">
     <span class='ocr_line' id='line_1_37' title="bbox 473 2225 2061 2292; baseline 0.001 -11"><span class='ocrx_word' id='word_1_278' title='bbox 473 2229 607 2281; x_wconf 83' lang='lat' dir='ltr'><strong>dare</strong></span> <span class='ocrx_word' id='word_1_279' title='bbox 630 2227 825 2292; x_wconf 89' lang='lat' dir='ltr'><strong>habeo,</strong></span> <span class='ocrx_word' id='word_1_280' title='bbox 852 2227 957 2281; x_wconf 90' lang='lat' dir='ltr'><strong>nisi</strong></span> <span class='ocrx_word' id='word_1_281' title='bbox 982 2226 1093 2281; x_wconf 88' lang='lat' dir='ltr'><strong>Deo</strong></span> <span class='ocrx_word' id='word_1_282' title='bbox 1117 2227 1409 2281; x_wconf 85' lang='lat' dir='ltr'><strong>miserante</strong></span> <span class='ocrx_word' id='word_1_283' title='bbox 1431 2234 1487 2281; x_wconf 91' lang='lat' dir='ltr'><strong>et</strong></span> <span class='ocrx_word' id='word_1_284' title='bbox 1512 2226 1621 2281; x_wconf 89' lang='lat' dir='ltr'><strong>vita</strong></span> <span class='ocrx_word' id='word_1_285' title='bbox 1646 2225 1861 2291; x_wconf 88' lang='lat' dir='ltr'><strong>comite,</strong></span> <span class='ocrx_word' id='word_1_286' title='bbox 1889 2227 2061 2282; x_wconf 88' lang='lat' dir='ltr'><strong>adhuc</strong></span> 
     </span>
    </p>
   </div>
   <div class='ocr_carea' id='block_1_38' title="bbox 475 2316 2062 2386">
    <p class='ocr_par' dir='ltr' id='par_1_38' title="bbox 475 2316 2062 2386">
     <span class='ocr_line' id='line_1_38' title="bbox 475 2316 2062 2386; baseline 0 -15"><span class='ocrx_word' id='word_1_287' title='bbox 475 2319 691 2373; x_wconf 85' lang='lat' dir='ltr'><strong>visurus</strong></span> <span class='ocrx_word' id='word_1_288' title='bbox 718 2318 827 2372; x_wconf 91' lang='lat' dir='ltr'><strong>eris</strong></span> <span class='ocrx_word' id='word_1_289' title='bbox 850 2316 1042 2372; x_wconf 80' lang='lat' dir='ltr'><strong>faciem</strong></span> <span class='ocrx_word' id='word_1_290' title='bbox 1075 2331 1283 2382; x_wconf 84' lang='lat' dir='ltr'><strong>meam;</strong></span> <span class='ocrx_word' id='word_1_291' title='bbox 1309 2316 1436 2372; x_wconf 89' lang='lat' dir='ltr'><strong>licet</strong></span> <span class='ocrx_word' id='word_1_292' title='bbox 1466 2316 1701 2371; x_wconf 85' lang='lat' dir='ltr'><strong>nesciam</strong></span> <span class='ocrx_word' id='word_1_293' title='bbox 1729 2324 1950 2386; x_wconf 89' lang='lat' dir='ltr'><strong>propter</strong></span> <span class='ocrx_word' id='word_1_294' title='bbox 1972 2331 2062 2371; x_wconf 91' lang='lat' dir='ltr'><strong>oc-</strong></span> 
     </span>
    </p>
   </div>
   <div class='ocr_carea' id='block_1_39' title="bbox 476 2407 2063 2480">
    <p class='ocr_par' dir='ltr' id='par_1_39' title="bbox 476 2407 2063 2480">
     <span class='ocr_line' id='line_1_39' title="bbox 476 2407 2063 2480; baseline 0.001 -18"><span class='ocrx_word' id='word_1_295' title='bbox 476 2408 791 2476; x_wconf 89' lang='lat' dir='ltr'><strong>cupationes</strong></span> <span class='ocrx_word' id='word_1_296' title='bbox 816 2423 963 2463; x_wconf 88' lang='lat' dir='ltr'><strong>meas</strong></span> <span class='ocrx_word' id='word_1_297' title='bbox 987 2407 1070 2462; x_wconf 88' lang='lat' dir='ltr'><strong>vel</strong></span> <span class='ocrx_word' id='word_1_298' title='bbox 1099 2417 1327 2472; x_wconf 88' lang='lat' dir='ltr'><strong>vestras,</strong></span> <span class='ocrx_word' id='word_1_299' title='bbox 1358 2410 1449 2464; x_wconf 90' lang='lat' dir='ltr'><strong>ubi</strong></span> <span class='ocrx_word' id='word_1_300' title='bbox 1484 2418 1576 2463; x_wconf 89' lang='lat' dir='ltr'><strong>aut</strong></span> <span class='ocrx_word' id='word_1_301' title='bbox 1604 2408 1837 2480; x_wconf 88' lang='lat' dir='ltr'><strong>quando.</strong></span> <span class='ocrx_word' id='word_1_302' title='bbox 1871 2408 2063 2464; x_wconf 76' lang='lat' dir='ltr'><strong>Multo-</strong></span> 
     </span>
    </p>
   </div>
   <div class='ocr_carea' id='block_1_40' title="bbox 478 2497 2063 2568">
    <p class='ocr_par' dir='ltr' id='par_1_40' title="bbox 478 2497 2063 2568">
     <span class='ocr_line' id='line_1_40' title="bbox 478 2497 2063 2568; baseline 0.001 -17"><span class='ocrx_word' id='word_1_303' title='bbox 478 2500 599 2559; x_wconf 87' lang='lat' dir='ltr'><strong>ties,</strong></span> <span class='ocrx_word' id='word_1_304' title='bbox 640 2497 933 2553; x_wconf 85' lang='lat' dir='ltr'><strong>secundum</strong></span> <span class='ocrx_word' id='word_1_305' title='bbox 970 2498 1425 2568; x_wconf 86' lang='lat' dir='ltr'><strong>opportunitatem</strong></span> <span class='ocrx_word' id='word_1_306' title='bbox 1466 2499 1824 2568; x_wconf 87' lang='lat' dir='ltr'><strong>portantium,</strong></span> <span class='ocrx_word' id='word_1_307' title='bbox 1854 2498 2063 2554; x_wconf 84' lang='lat' dir='ltr'><strong>litteras</strong></span> 
     </span>
    </p>
   </div>
   <div class='ocr_carea' id='block_1_41' title="bbox 466 2589 2062 2661">
    <p class='ocr_par' dir='ltr' id='par_1_41' title="bbox 466 2589 2062 2661">
     <span class='ocr_line' id='line_1_41' title="bbox 466 2589 2062 2661; baseline 0.001 -17"><span class='ocrx_word' id='word_1_308' title='bbox 466 2590 611 2644; x_wconf 82' lang='lat' dir='ltr'><strong>&#39;mihi</strong></span> <span class='ocrx_word' id='word_1_309' title='bbox 638 2589 868 2660; x_wconf 87' lang='lat' dir='ltr'><strong>dirigere</strong></span> <span class='ocrx_word' id='word_1_310' title='bbox 894 2597 1096 2661; x_wconf 86' lang='lat' dir='ltr'><strong>satage,</strong></span> <span class='ocrx_word' id='word_1_311' title='bbox 1121 2598 1183 2644; x_wconf 91' lang='lat' dir='ltr'><strong>ut</strong></span> <span class='ocrx_word' id='word_1_312' title='bbox 1211 2590 1438 2645; x_wconf 87' lang='lat' dir='ltr'><strong>habeam</strong></span> <span class='ocrx_word' id='word_1_313' title='bbox 1469 2607 1655 2646; x_wconf 90' lang='lat' dir='ltr'><strong>curam</strong></span> <span class='ocrx_word' id='word_1_314' title='bbox 1684 2599 1787 2647; x_wconf 66' lang='lat' dir='ltr'><strong>tua:</strong></span> <span class='ocrx_word' id='word_1_315' title='bbox 1810 2592 2062 2647; x_wconf 88' lang='lat' dir='ltr'><strong>charitati</strong></span> 
     </span>
    </p>
   </div>
   <div class='ocr_carea' id='block_1_42' title="bbox 480 2679 2066 2754">
    <p class='ocr_par' dir='ltr' id='par_1_42' title="bbox 480 2679 2066 2754">
     <span class='ocr_line' id='line_1_42' title="bbox 480 2679 2066 2754; baseline 0.004 -22"><span class='ocrx_word' id='word_1_316' title='bbox 480 2679 831 2743; x_wconf 88' lang='lat' dir='ltr'><strong>rescribendi,</strong></span> <span class='ocrx_word' id='word_1_317' title='bbox 855 2688 910 2735; x_wconf 91' lang='lat' dir='ltr'><strong>ct</strong></span> <span class='ocrx_word' id='word_1_318' title='bbox 934 2682 1097 2736; x_wconf 88' lang='lat' dir='ltr'><strong>etiam</strong></span> <span class='ocrx_word' id='word_1_319' title='bbox 1125 2681 1480 2737; x_wconf 87' lang='lat' dir='ltr'><strong>demandandi</strong></span> <span class='ocrx_word' id='word_1_320' title='bbox 1510 2683 1864 2754; x_wconf 88' lang='lat' dir='ltr'><strong>quodcunque</strong></span> <span class='ocrx_word' id='word_1_321' title='bbox 1884 2684 2066 2738; x_wconf 83' lang='lat' dir='ltr'><strong>veniat</strong></span> 
     </span>
    </p>
   </div>
   <div class='ocr_carea' id='block_1_43' title="bbox 464 2766 2061 2842">
    <p class='ocr_par' dir='ltr' id='par_1_43' title="bbox 464 2766 2061 2842">
     <span class='ocr_line' id='line_1_43' title="bbox 464 2766 2061 2842; baseline 0.004 -21"><span class='ocrx_word' id='word_1_322' title='bbox 464 2766 633 2823; x_wconf 69' lang='lat' dir='ltr'><strong>&#39;mihi.</strong></span> <span class='ocrx_word' id='word_1_323' title='bbox 671 2767 899 2822; x_wconf 88' lang='lat' dir='ltr'><strong>Tantum</strong></span> <span class='ocrx_word' id='word_1_324' title='bbox 926 2770 1212 2840; x_wconf 88' lang='lat' dir='ltr'><strong>diligenter</strong></span> <span class='ocrx_word' id='word_1_325' title='bbox 1234 2771 1523 2842; x_wconf 73' lang='lat' dir='ltr'><strong>deprecare</strong></span> <span class='ocrx_word' id='word_1_326' title='bbox 1552 2771 1834 2828; x_wconf 85' lang='lat' dir='ltr'><strong>Dominum</strong></span> <span class='ocrx_word' id='word_1_327' title='bbox 1856 2771 2061 2839; x_wconf 80' lang='lat' dir='ltr'><strong>Jesum,</strong></span> 
     </span>
    </p>
   </div>
   <div class='ocr_carea' id='block_1_44' title="bbox 464 2858 2063 2933">
    <p class='ocr_par' dir='ltr' id='par_1_44' title="bbox 464 2858 2063 2933">
     <span class='ocr_line' id='line_1_44' title="bbox 464 2858 2063 2933; baseline 0.004 -21"><span class='ocrx_word' id='word_1_328' title='bbox 464 2865 542 2912; x_wconf 47' lang='lat' dir='ltr'><strong>‘ut</strong></span> <span class='ocrx_word' id='word_1_329' title='bbox 581 2858 776 2928; x_wconf 82' lang='lat' dir='ltr'><strong>dirigat</strong></span> <span class='ocrx_word' id='word_1_330' title='bbox 813 2860 1107 2914; x_wconf 87' lang='lat' dir='ltr'><strong>secundum</strong></span> <span class='ocrx_word' id='word_1_331' title='bbox 1149 2874 1301 2915; x_wconf 91' lang='lat' dir='ltr'><strong>suam</strong></span> <span class='ocrx_word' id='word_1_332' title='bbox 1342 2876 1593 2933; x_wconf 88' lang='lat' dir='ltr'><strong>magnam</strong></span> <span class='ocrx_word' id='word_1_333' title='bbox 1640 2863 2063 2919; x_wconf 85' lang='lat' dir='ltr'><strong>misericordiam</strong></span> 
     </span>
    </p>
   </div>
   <div class='ocr_carea' id='block_1_45' title="bbox 481 2947 2066 3009">
    <p class='ocr_par' dir='ltr' id='par_1_45' title="bbox 481 2947 2066 3009">
     <span class='ocr_line' id='line_1_45' title="bbox 481 2947 2066 3009; baseline 0.004 -8"><span class='ocrx_word' id='word_1_334' title='bbox 481 2948 649 3002; x_wconf 80' lang='lat' dir='ltr'><strong>vitam</strong></span> <span class='ocrx_word' id='word_1_335' title='bbox 708 2947 890 3003; x_wconf 85' lang='lat' dir='ltr'><strong>famuli</strong></span> <span class='ocrx_word' id='word_1_336' title='bbox 950 2950 1032 3003; x_wconf 88' lang='lat' dir='ltr'><strong>sui</strong></span> <span class='ocrx_word' id='word_1_337' title='bbox 1094 2950 1147 3004; x_wconf 93' lang='lat' dir='ltr'><strong>in</strong></span> <span class='ocrx_word' id='word_1_338' title='bbox 1208 2952 1560 3007; x_wconf 75' lang='lat' dir='ltr'><strong>sanctissimae</strong></span> <span class='ocrx_word' id='word_1_339' title='bbox 1615 2968 1725 3009; x_wconf 74' lang='lat' dir='ltr'><strong>sua:</strong></span> <span class='ocrx_word' id='word_1_340' title='bbox 1775 2953 2066 3009; x_wconf 80' lang='lat' dir='ltr'><strong>voluntatis</strong></span> 
     </span>
    </p>
   </div>
   <div class='ocr_carea' id='block_1_46' title="bbox 482 3037 2069 3115">
    <p class='ocr_par' dir='ltr' id='par_1_46' title="bbox 482 3037 2069 3115">
     <span class='ocr_line' id='line_1_46' title="bbox 482 3037 2069 3115; baseline 0.004 -22"><span class='ocrx_word' id='word_1_341' title='bbox 482 3037 763 3104; x_wconf 66' lang='lat' dir='ltr'><strong>eﬂ&#39;eaum,</strong></span> <span class='ocrx_word' id='word_1_342' title='bbox 793 3046 849 3094; x_wconf 90' lang='lat' dir='ltr'><strong>et</strong></span> <span class='ocrx_word' id='word_1_343' title='bbox 883 3039 1207 3097; x_wconf 84' lang='lat' dir='ltr'><strong>Christianae</strong></span> <span class='ocrx_word' id='word_1_344' title='bbox 1233 3041 1536 3112; x_wconf 80' lang='lat' dir='ltr'><strong>religionis,</strong></span> <span class='ocrx_word' id='word_1_345' title='bbox 1563 3043 1717 3115; x_wconf 85' lang='lat' dir='ltr'><strong>juxta</strong></span> <span class='ocrx_word' id='word_1_346' title='bbox 1758 3043 2069 3100; x_wconf 83' lang='lat' dir='ltr'><strong>facultatem</strong></span> 
     </span>
    </p>
   </div>
   <div class='ocr_carea' id='block_1_47' title="bbox 482 3129 1381 3201">
    <p class='ocr_par' dir='ltr' id='par_1_47' title="bbox 482 3129 1381 3201">
     <span class='ocr_line' id='line_1_47' title="bbox 482 3129 1381 3201; baseline 0.006 -18"><span class='ocrx_word' id='word_1_347' title='bbox 482 3129 679 3184; x_wconf 80' lang='lat' dir='ltr'><strong>virium</strong></span> <span class='ocrx_word' id='word_1_348' title='bbox 706 3136 1030 3194; x_wconf 85' lang='lat' dir='ltr'><strong>nostrarum,</strong></span> <span class='ocrx_word' id='word_1_349' title='bbox 1061 3131 1381 3201; x_wconf 87' lang='lat' dir='ltr'><strong>profectum.</strong></span> 
     </span>
    </p>
   </div>
   <div class='ocr_carea' id='block_1_48' title="bbox 558 3219 1852 3295">
    <p class='ocr_par' dir='ltr' id='par_1_48' title="bbox 558 3219 1852 3295">
     <span class='ocr_line' id='line_1_48' title="bbox 558 3219 1852 3295; baseline 0.005 -23"><span class='ocrx_word' id='word_1_350' title='bbox 558 3219 668 3273; x_wconf 86' lang='lat' dir='ltr'><strong>Pax</strong></span> <span class='ocrx_word' id='word_1_351' title='bbox 698 3226 897 3274; x_wconf 77' lang='lat' dir='ltr'><strong>aeterna</strong></span> <span class='ocrx_word' id='word_1_352' title='bbox 927 3229 1076 3292; x_wconf 88' lang='lat' dir='ltr'><strong>regat</strong></span> <span class='ocrx_word' id='word_1_353' title='bbox 1102 3222 1301 3278; x_wconf 88' lang='lat' dir='ltr'><strong>Christi</strong></span> <span class='ocrx_word' id='word_1_354' title='bbox 1329 3231 1400 3288; x_wconf 84' lang='lat' dir='ltr'><strong>te,</strong></span> <span class='ocrx_word' id='word_1_355' title='bbox 1431 3224 1627 3295; x_wconf 81' lang='lat' dir='ltr'><strong>pracsul</strong></span> <span class='ocrx_word' id='word_1_356' title='bbox 1655 3233 1852 3291; x_wconf 86' lang='lat' dir='ltr'><strong>amate,</strong></span> 
     </span>
    </p>
   </div>
   <div class='ocr_carea' id='block_1_49' title="bbox 558 3310 1760 3385">
    <p class='ocr_par' dir='ltr' id='par_1_49' title="bbox 558 3310 1760 3385">
     <span class='ocr_line' id='line_1_49' title="bbox 558 3310 1760 3385; baseline 0 -16"><span class='ocrx_word' id='word_1_357' title='bbox 558 3310 788 3382; x_wconf 78' lang='lat' dir='ltr'><strong>Semper</strong></span> <span class='ocrx_word' id='word_1_358' title='bbox 807 3313 861 3368; x_wconf 90' lang='lat' dir='ltr'><strong>in</strong></span> <span class='ocrx_word' id='word_1_359' title='bbox 884 3322 1160 3380; x_wconf 76' lang='lat' dir='ltr'><strong>:ctcmum,</strong></span> <span class='ocrx_word' id='word_1_360' title='bbox 1187 3315 1385 3385; x_wconf 76' lang='lat' dir='ltr'><strong>pncsul‘</strong></span> <span class='ocrx_word' id='word_1_361' title='bbox 1404 3324 1602 3381; x_wconf 88' lang='lat' dir='ltr'><strong>amate,</strong></span> <span class='ocrx_word' id='word_1_362' title='bbox 1624 3317 1760 3371; x_wconf 89' lang='lat' dir='ltr'><strong>vale.</strong></span> 
     </span>
    </p>
   </div>
   <div class='ocr_carea' id='block_1_50' title="bbox 1010 3428 1557 3485">
    <p class='ocr_par' dir='ltr' id='par_1_50' title="bbox 1010 3428 1557 3485">
     <span class='ocr_line' id='line_1_50' title="bbox 1010 3428 1557 3485; baseline 0 -3"><span class='ocrx_word' id='word_1_363' title='bbox 1010 3440 1033 3468; x_wconf 73' lang='grc' dir='ltr'><strong>ι</strong></span> <span class='ocrx_word' id='word_1_364' title='bbox 1075 3428 1405 3483; x_wconf 79' lang='lat' dir='ltr'><strong>EPISTOLA</strong></span> <span class='ocrx_word' id='word_1_365' title='bbox 1444 3428 1557 3485; x_wconf 78' lang='lat' dir='ltr'><strong>XC.</strong></span> 
     </span>
    </p>
   </div>
   <div class='ocr_carea' id='block_1_51' title="bbox 868 3498 1692 3555">
    <p class='ocr_par' dir='ltr' id='par_1_51' title="bbox 868 3498 1692 3555">
     <span class='ocr_line' id='line_1_51' title="bbox 868 3498 1692 3555; baseline -0.001 -2"><span class='ocrx_word' id='word_1_366' title='bbox 868 3498 896 3539; x_wconf 72' lang='grc' dir='ltr'>δ</span> <span class='ocrx_word' id='word_1_367' title='bbox 932 3514 997 3553; x_wconf 68' lang='lat' dir='ltr'><strong>an</strong></span> <span class='ocrx_word' id='word_1_368' title='bbox 1033 3512 1273 3554; x_wconf 68' lang='lat' dir='ltr'><strong>rentius</strong></span> <span class='ocrx_word' id='word_1_369' title='bbox 1309 3514 1692 3555; x_wconf 69' lang='lat' dir='ltr'><strong>Lucanusasss.</strong></span> 
     </span>
    </p>
   </div>
   <div class='ocr_carea' id='block_1_52' title="bbox 1105 3589 1458 3661">
    <p class='ocr_par' dir='ltr' id='par_1_52' title="bbox 1105 3589 1458 3661">
     <span class='ocr_line' id='line_1_52' title="bbox 1105 3589 1458 3661; baseline -0.003 -18"><span class='ocrx_word' id='word_1_370' title='bbox 1105 3589 1283 3661; x_wconf 83' lang='lat' dir='ltr'><strong>(Anno</strong></span> <span class='ocrx_word' id='word_1_371' title='bbox 1309 3589 1458 3661; x_wconf 83' lang='lat'><strong>798.)</strong></span> 
     </span>
    </p>
   </div>
   <div class='ocr_carea' id='block_1_53' title="bbox 476 3679 2074 3751">
    <p class='ocr_par' dir='ltr' id='par_1_53' title="bbox 476 3679 2074 3751">
     <span class='ocr_line' id='line_1_53' title="bbox 476 3679 2074 3751; baseline -0.001 -14"><span class='ocrx_word' id='word_1_372' title='bbox 476 3680 782 3751; x_wconf 75' lang='lat' dir='ltr'><strong>Cavendum</strong></span> <span class='ocrx_word' id='word_1_373' title='bbox 806 3690 974 3736; x_wconf 86' lang='lat' dir='ltr'><strong>monet</strong></span> <span class='ocrx_word' id='word_1_374' title='bbox 998 3681 1062 3735; x_wconf 90' lang='lat' dir='ltr'><strong>ab</strong></span> <span class='ocrx_word' id='word_1_375' title='bbox 1091 3681 1354 3736; x_wconf 81' lang='lat' dir='ltr'><strong>erroribus</strong></span> <span class='ocrx_word' id='word_1_376' title='bbox 1379 3679 1731 3751; x_wconf 76' lang='lat' dir='ltr'><strong>Hispanorum</strong></span> <span class='ocrx_word' id='word_1_377' title='bbox 1760 3681 1938 3736; x_wconf 74' lang='lat' dir='ltr'><strong>rariis.</strong></span> <span class='ocrx_word' id='word_1_378' title='bbox 1973 3679 2074 3751; x_wconf 68' lang='lat' dir='ltr'><strong>Be-</strong></span> 
     </span>
    </p>
   </div>
   <div class='ocr_carea' id='block_1_54' title="bbox 557 3749 2075 3821">
    <p class='ocr_par' dir='ltr' id='par_1_54' title="bbox 557 3749 2075 3821">
     <span class='ocr_line' id='line_1_54' title="bbox 557 3749 2075 3821; baseline 0.001 -17"><span class='ocrx_word' id='word_1_379' title='bbox 557 3750 771 3820; x_wconf 78' lang='lat' dir='ltr'><strong>spomlet</strong></span> <span class='ocrx_word' id='word_1_380' title='bbox 800 3751 1074 3821; x_wconf 70' lang='lat' dir='ltr'><strong>quastioni</strong></span> <span class='ocrx_word' id='word_1_381' title='bbox 1103 3751 1169 3805; x_wconf 84' lang='lat' dir='ltr'><strong>de</strong></span> <span class='ocrx_word' id='word_1_382' title='bbox 1198 3749 1551 3807; x_wconf 76' lang='lat' dir='ltr'><strong>observatione</strong></span> <span class='ocrx_word' id='word_1_383' title='bbox 1589 3750 1790 3805; x_wconf 79' lang='lat' dir='ltr'><strong>sabbati</strong></span> <span class='ocrx_word' id='word_1_384' title='bbox 1817 3760 1939 3805; x_wconf 82' lang='lat' dir='ltr'><strong>ante</strong></span> <span class='ocrx_word' id='word_1_385' title='bbox 1966 3749 2075 3805; x_wconf 86' lang='lat' dir='ltr'><strong>Do—</strong></span> 
     </span>
    </p>
   </div>
   <div class='ocr_carea' id='block_1_55' title="bbox 558 3819 1266 3877">
    <p class='ocr_par' dir='ltr' id='par_1_55' title="bbox 558 3819 1266 3877">
     <span class='ocr_line' id='line_1_55' title="bbox 558 3819 1266 3877; baseline 0.004 -4"><span class='ocrx_word' id='word_1_386' title='bbox 558 3819 821 3875; x_wconf 33' lang='lat' dir='ltr'><strong>minicam’</strong></span> <span class='ocrx_word' id='word_1_387' title='bbox 833 3819 1266 3877; x_wconf 80' lang='lat' dir='ltr'><strong>Resurrectionis.</strong></span> 
     </span>
    </p>
   </div>
   <div class='ocr_carea' id='block_1_56' title="bbox 564 3910 2075 3982">
    <p class='ocr_par' dir='ltr' id='par_1_56' title="bbox 564 3910 2075 3982">
     <span class='ocr_line' id='line_1_56' title="bbox 564 3910 2075 3982; baseline 0.002 -19"><span class='ocrx_word' id='word_1_388' title='bbox 564 3910 843 3982; x_wconf 66' lang='lat' dir='ltr'><strong>Religiosae</strong></span> <span class='ocrx_word' id='word_1_389' title='bbox 886 3911 939 3966; x_wconf 92' lang='lat' dir='ltr'><strong>in</strong></span> <span class='ocrx_word' id='word_1_390' title='bbox 987 3911 1202 3967; x_wconf 89' lang='lat' dir='ltr'><strong>Christo</strong></span> <span class='ocrx_word' id='word_1_391' title='bbox 1247 3911 1672 3968; x_wconf 79' lang='lat' dir='ltr'><strong>conversationis</strong></span> <span class='ocrx_word' id='word_1_392' title='bbox 1718 3918 1931 3975; x_wconf 67' lang='lat' dir='ltr'><strong>vestrm,</strong></span> <span class='ocrx_word' id='word_1_393' title='bbox 1978 3926 2075 3979; x_wconf 89' lang='lat' dir='ltr'><strong>per</strong></span> 
     </span>
    </p>
   </div>
   <div class='ocr_carea' id='block_1_57' title="bbox 491 4000 2075 4072">
    <p class='ocr_par' dir='ltr' id='par_1_57' title="bbox 491 4000 2075 4072">
     <span class='ocr_line' id='line_1_57' title="bbox 491 4000 2075 4072; baseline 0 -17"><span class='ocrx_word' id='word_1_394' title='bbox 491 4013 513 4040; x_wconf 73' lang='grc' dir='ltr'><strong>ε</strong></span> <span class='ocrx_word' id='word_1_395' title='bbox 549 4000 867 4056; x_wconf 86' lang='lat' dir='ltr'><strong>Laidradum</strong></span> <span class='ocrx_word' id='word_1_396' title='bbox 896 4002 1127 4058; x_wconf 85' lang='lat' dir='ltr'><strong>eieetum</strong></span> <span class='ocrx_word' id='word_1_397' title='bbox 1160 4001 1469 4072; x_wconf 84' lang='lat' dir='ltr'><strong>pontiﬁcem</strong></span> <span class='ocrx_word' id='word_1_398' title='bbox 1499 4000 1821 4057; x_wconf 85' lang='lat' dir='ltr'><strong>laudabilem</strong></span> <span class='ocrx_word' id='word_1_399' title='bbox 1852 4000 2075 4055; x_wconf 86' lang='lat' dir='ltr'><strong>audiens</strong></span> 
     </span>
    </p>
   </div>
   <div class='ocr_carea' id='block_1_58' title="bbox 489 4092 2074 4164">
    <p class='ocr_par' dir='ltr' id='par_1_58' title="bbox 489 4092 2074 4164">
     <span class='ocr_line' id='line_1_58' title="bbox 489 4092 2074 4164; baseline 0 -17"><span class='ocrx_word' id='word_1_400' title='bbox 489 4092 937 4159; x_wconf 87' lang='lat' dir='ltr'><strong>sollicitudinem,</strong></span> <span class='ocrx_word' id='word_1_401' title='bbox 985 4108 1182 4164; x_wconf 85' lang='lat' dir='ltr'><strong>magno</strong></span> <span class='ocrx_word' id='word_1_402' title='bbox 1223 4107 1343 4149; x_wconf 85' lang='lat' dir='ltr'><strong>esse</strong></span> <span class='ocrx_word' id='word_1_403' title='bbox 1397 4109 1483 4149; x_wconf 89' lang='lat' dir='ltr'><strong>me</strong></span> <span class='ocrx_word' id='word_1_404' title='bbox 1534 4093 1729 4162; x_wconf 84' lang='lat' dir='ltr'><strong>gaudio</strong></span> <span class='ocrx_word' id='word_1_405' title='bbox 1780 4092 2074 4148; x_wconf 88' lang='lat' dir='ltr'><strong>delibutum</strong></span> 
     </span>
    </p>
   </div>
   <div class='ocr_carea' id='block_1_59' title="bbox 490 4180 2073 4252">
    <p class='ocr_par' dir='ltr' id='par_1_59' title="bbox 490 4180 2073 4252">
     <span class='ocr_line' id='line_1_59' title="bbox 490 4180 2073 4252; baseline 0.002 -14"><span class='ocrx_word' id='word_1_406' title='bbox 490 4182 696 4249; x_wconf 87' lang='lat' dir='ltr'><strong>fateor;</strong></span> <span class='ocrx_word' id='word_1_407' title='bbox 735 4183 859 4252; x_wconf 88' lang='lat' dir='ltr'><strong>quia</strong></span> <span class='ocrx_word' id='word_1_408' title='bbox 891 4180 1139 4239; x_wconf 88' lang='lat' dir='ltr'><strong>Christus</strong></span> <span class='ocrx_word' id='word_1_409' title='bbox 1170 4182 1291 4240; x_wconf 87' lang='lat' dir='ltr'><strong>fons</strong></span> <span class='ocrx_word' id='word_1_410' title='bbox 1322 4183 1488 4239; x_wconf 84' lang='lat' dir='ltr'><strong>totius</strong></span> <span class='ocrx_word' id='word_1_411' title='bbox 1509 4184 1785 4250; x_wconf 84' lang='lat' dir='ltr'><strong>bonitatis,</strong></span> <span class='ocrx_word' id='word_1_412' title='bbox 1813 4184 1951 4240; x_wconf 89' lang='lat' dir='ltr'><strong>tales</strong></span> <span class='ocrx_word' id='word_1_413' title='bbox 1975 4185 2073 4241; x_wconf 89' lang='lat' dir='ltr'><strong>ad-</strong></span> 
     </span>
    </p>
   </div>
   <div class='ocr_carea' id='block_1_60' title="bbox 490 4274 2073 4348">
    <p class='ocr_par' dir='ltr' id='par_1_60' title="bbox 490 4274 2073 4348">
     <span class='ocr_line' id='line_1_60' title="bbox 490 4274 2073 4348; baseline 0.004 -19"><span class='ocrx_word' id='word_1_414' title='bbox 490 4274 595 4331; x_wconf 89' lang='lat' dir='ltr'><strong>huc</strong></span> <span class='ocrx_word' id='word_1_415' title='bbox 624 4275 677 4330; x_wconf 88' lang='lat' dir='ltr'><strong>in</strong></span> <span class='ocrx_word' id='word_1_416' title='bbox 704 4274 790 4330; x_wconf 86' lang='lat' dir='ltr'><strong>his</strong></span> <span class='ocrx_word' id='word_1_417' title='bbox 818 4274 1026 4339; x_wconf 88' lang='lat' dir='ltr'><strong>diebus,</strong></span> <span class='ocrx_word' id='word_1_418' title='bbox 1053 4275 1269 4346; x_wconf 87' lang='lat' dir='ltr'><strong>quando</strong></span> <span class='ocrx_word' id='word_1_419' title='bbox 1295 4275 1584 4331; x_wconf 89' lang='lat' dir='ltr'><strong>multorum</strong></span> <span class='ocrx_word' id='word_1_420' title='bbox 1609 4276 1912 4348; x_wconf 71' lang='lat' dir='ltr'><strong>refrigescit</strong></span> <span class='ocrx_word' id='word_1_421' title='bbox 1940 4278 2073 4335; x_wconf 81' lang='lat' dir='ltr'><strong>cha-</strong></span> 
     </span>
    </p>
   </div>
   <div class='ocr_carea' id='block_1_61' title="bbox 490 4363 2075 4437">
    <p class='ocr_par' dir='ltr' id='par_1_61' title="bbox 490 4363 2075 4437">
     <span class='ocr_line' id='line_1_61' title="bbox 490 4363 2075 4437; baseline -0.001 -15"><span class='ocrx_word' id='word_1_422' title='bbox 490 4365 623 4422; x_wconf 54' lang='lat' dir='ltr'><strong>ritas</strong></span> <span class='ocrx_word' id='word_1_423' title='bbox 649 4363 864 4437; x_wconf 77' lang='lat' dir='ltr'><strong>(Matth.</strong></span> <span class='ocrx_word' id='word_1_424' title='bbox 888 4380 1032 4429; x_wconf 68' lang='lat' dir='ltr'><strong>xxxv,</strong></span> <span class='ocrx_word' id='word_1_425' title='bbox 1066 4364 1174 4434; x_wconf 72' lang='lat' dir='ltr'><strong>i2),</strong></span> <span class='ocrx_word' id='word_1_426' title='bbox 1202 4364 1287 4420; x_wconf 91' lang='lat' dir='ltr'><strong>sui</strong></span> <span class='ocrx_word' id='word_1_427' title='bbox 1308 4366 1480 4422; x_wconf 83' lang='lat' dir='ltr'><strong>sancti</strong></span> <span class='ocrx_word' id='word_1_428' title='bbox 1505 4366 1735 4422; x_wconf 90' lang='lat' dir='ltr'><strong>nominis</strong></span> <span class='ocrx_word' id='word_1_429' title='bbox 1758 4366 1923 4422; x_wconf 89' lang='lat' dir='ltr'><strong>habet</strong></span> <span class='ocrx_word' id='word_1_430' title='bbox 1942 4382 2075 4423; x_wconf 84' lang='lat' dir='ltr'><strong>con-</strong></span> 
     </span>
    </p>
   </div>
   <div class='ocr_carea' id='block_1_62' title="bbox 490 4455 2076 4528">
    <p class='ocr_par' dir='ltr' id='par_1_62' title="bbox 490 4455 2076 4528">
     <span class='ocr_line' id='line_1_62' title="bbox 490 4455 2076 4528; baseline 0.003 -19"><span class='ocrx_word' id='word_1_431' title='bbox 490 4455 744 4521; x_wconf 79' lang='lat' dir='ltr'><strong>fessores,</strong></span> <span class='ocrx_word' id='word_1_432' title='bbox 775 4455 870 4526; x_wconf 89' lang='lat' dir='ltr'><strong>qui</strong></span> <span class='ocrx_word' id='word_1_433' title='bbox 908 4470 1077 4512; x_wconf 88' lang='lat' dir='ltr'><strong>onera</strong></span> <span class='ocrx_word' id='word_1_434' title='bbox 1114 4455 1452 4515; x_wconf 65' lang='lat' dir='ltr'><strong>saecularium</strong></span> <span class='ocrx_word' id='word_1_435' title='bbox 1495 4457 1908 4528; x_wconf 87' lang='lat' dir='ltr'><strong>occupationum</strong></span> <span class='ocrx_word' id='word_1_436' title='bbox 1936 4456 2076 4526; x_wconf 85' lang='lat' dir='ltr'><strong>abji-</strong></span> 
     </span>
    </p>
   </div>
   <div class='ocr_carea' id='block_1_63' title="bbox 2157 1929 3745 2000">
    <p class='ocr_par' dir='ltr' id='par_1_63' title="bbox 2157 1929 3745 2000">
     <span class='ocr_line' id='line_1_63' title="bbox 2157 1929 3745 2000; baseline 0.001 -14"><span class='ocrx_word' id='word_1_437' title='bbox 2157 1931 2496 1986; x_wconf 74' lang='lat' dir='ltr'><strong>obedientizc.</strong></span> <span class='ocrx_word' id='word_1_438' title='bbox 2524 1930 2653 1997; x_wconf 86' lang='lat' dir='ltr'><strong>Quae</strong></span> <span class='ocrx_word' id='word_1_439' title='bbox 2676 1938 2761 1985; x_wconf 88' lang='lat' dir='ltr'><strong>est</strong></span> <span class='ocrx_word' id='word_1_440' title='bbox 2784 1931 3170 1985; x_wconf 84' lang='lat' dir='ltr'><strong>monachorum</strong></span> <span class='ocrx_word' id='word_1_441' title='bbox 3192 1929 3324 1996; x_wconf 84' lang='lat' dir='ltr'><strong>vita,</strong></span> <span class='ocrx_word' id='word_1_442' title='bbox 3356 1931 3457 1985; x_wconf 90' lang='lat' dir='ltr'><strong>nisi</strong></span> <span class='ocrx_word' id='word_1_443' title='bbox 3482 1931 3745 2000; x_wconf 85' lang='lat' dir='ltr'><strong>cbaritas,</strong></span> 
     </span>
    </p>
   </div>
   <div class='ocr_carea' id='block_1_64' title="bbox 2158 2019 3745 2090">
    <p class='ocr_par' dir='ltr' id='par_1_64' title="bbox 2158 2019 3745 2090">
     <span class='ocr_line' id='line_1_64' title="bbox 2158 2019 3745 2090; baseline 0.001 -14"><span class='ocrx_word' id='word_1_444' title='bbox 2158 2021 2455 2085; x_wconf 80' lang='lat' dir='ltr'><strong>humilitas,</strong></span> <span class='ocrx_word' id='word_1_445' title='bbox 2486 2028 2543 2075; x_wconf 89' lang='lat' dir='ltr'><strong>et</strong></span> <span class='ocrx_word' id='word_1_446' title='bbox 2566 2019 2905 2075; x_wconf 86' lang='lat' dir='ltr'><strong>obedientia?</strong></span> <span class='ocrx_word' id='word_1_447' title='bbox 2946 2019 3041 2073; x_wconf 70' lang='lat' dir='ltr'><strong>Hae</strong></span> <span class='ocrx_word' id='word_1_448' title='bbox 3080 2025 3206 2073; x_wconf 88' lang='lat' dir='ltr'><strong>sunt</strong></span> <span class='ocrx_word' id='word_1_449' title='bbox 3249 2020 3477 2084; x_wconf 66' lang='lat' dir='ltr'><strong>semitm,</strong></span> <span class='ocrx_word' id='word_1_450' title='bbox 3520 2035 3641 2090; x_wconf 75' lang='lat' dir='ltr'><strong>quae</strong></span> <span class='ocrx_word' id='word_1_451' title='bbox 3678 2023 3745 2078; x_wconf 86' lang='lat' dir='ltr'><strong>ad</strong></span> 
     </span>
    </p>
   </div>
   <div class='ocr_carea' id='block_1_65' title="bbox 2156 2108 3743 2175">
    <p class='ocr_par' dir='ltr' id='par_1_65' title="bbox 2156 2108 3743 2175">
     <span class='ocr_line' id='line_1_65' title="bbox 2156 2108 3743 2175; baseline 0.001 -10"><span class='ocrx_word' id='word_1_452' title='bbox 2156 2119 2372 2165; x_wconf 65' lang='lat' dir='ltr'><strong>:eternaa</strong></span> <span class='ocrx_word' id='word_1_453' title='bbox 2399 2124 2580 2165; x_wconf 86' lang='lat' dir='ltr'><strong>arcem</strong></span> <span class='ocrx_word' id='word_1_454' title='bbox 2618 2109 2852 2164; x_wconf 80' lang='lat' dir='ltr'><strong>civitatis</strong></span> <span class='ocrx_word' id='word_1_455' title='bbox 2879 2116 3097 2163; x_wconf 87' lang='lat' dir='ltr'><strong>euntem</strong></span> <span class='ocrx_word' id='word_1_456' title='bbox 3123 2108 3339 2163; x_wconf 86' lang='lat' dir='ltr'><strong>deducit</strong></span> <span class='ocrx_word' id='word_1_457' title='bbox 3366 2109 3419 2163; x_wconf 92' lang='lat' dir='ltr'><strong>in</strong></span> <span class='ocrx_word' id='word_1_458' title='bbox 3445 2109 3545 2175; x_wconf 88' lang='lat' dir='ltr'><strong>eis,</strong></span> <span class='ocrx_word' id='word_1_459' title='bbox 3574 2109 3621 2164; x_wconf 85' lang='lat' dir='ltr'><strong>si</strong></span> <span class='ocrx_word' id='word_1_460' title='bbox 3650 2126 3743 2166; x_wconf 89' lang='lat' dir='ltr'><strong>ca-</strong></span> 
     </span>
    </p>
   </div>
   <div class='ocr_carea' id='block_1_66' title="bbox 2159 2199 3743 2271">
    <p class='ocr_par' dir='ltr' id='par_1_66' title="bbox 2159 2199 3743 2271">
     <span class='ocr_line' id='line_1_66' title="bbox 2159 2199 3743 2271; baseline 0.003 -17"><span class='ocrx_word' id='word_1_461' title='bbox 2159 2200 2356 2256; x_wconf 86' lang='lat' dir='ltr'><strong>tholica</strong></span> <span class='ocrx_word' id='word_1_462' title='bbox 2383 2200 2534 2265; x_wconf 83' lang='lat' dir='ltr'><strong>ﬁdes,</strong></span> <span class='ocrx_word' id='word_1_463' title='bbox 2565 2215 2687 2271; x_wconf 70' lang='lat' dir='ltr'><strong>qua:</strong></span> <span class='ocrx_word' id='word_1_464' title='bbox 2717 2214 2819 2271; x_wconf 88' lang='lat' dir='ltr'><strong>per</strong></span> <span class='ocrx_word' id='word_1_465' title='bbox 2841 2199 3183 2255; x_wconf 76' lang='lat' dir='ltr'><strong>dilectionem</strong></span> <span class='ocrx_word' id='word_1_466' title='bbox 3208 2209 3486 2270; x_wconf 77' lang='lat' dir='ltr'><strong>operatur,</strong></span> <span class='ocrx_word' id='word_1_467' title='bbox 3515 2203 3743 2258; x_wconf 73' lang='lat' dir='ltr'><strong>comita-</strong></span> 
     </span>
    </p>
   </div>
   <div class='ocr_carea' id='block_1_67' title="bbox 2162 2290 2830 2345">
    <p class='ocr_par' dir='ltr' id='par_1_67' title="bbox 2162 2290 2830 2345">
     <span class='ocr_line' id='line_1_67' title="bbox 2162 2290 2830 2345; baseline -0.003 -1"><span class='ocrx_word' id='word_1_468' title='bbox 2162 2298 2257 2344; x_wconf 78' lang='lat' dir='ltr'><strong>tur</strong></span> <span class='ocrx_word' id='word_1_469' title='bbox 2274 2298 2578 2345; x_wconf 88' lang='lat' dir='ltr'><strong>currentem</strong></span> <span class='ocrx_word' id='word_1_470' title='bbox 2606 2290 2659 2344; x_wconf 90' lang='lat' dir='ltr'><strong>in</strong></span> <span class='ocrx_word' id='word_1_471' title='bbox 2692 2290 2830 2345; x_wconf 82' lang='lat' dir='ltr'><strong>istis.</strong></span> 
     </span>
    </p>
   </div>
   <div class='ocr_carea' id='block_1_68' title="bbox 2232 2376 3746 2451">
    <p class='ocr_par' dir='ltr' id='par_1_68' title="bbox 2232 2376 3746 2451">
     <span class='ocr_line' id='line_1_68' title="bbox 2232 2376 3746 2451; baseline 0.003 -17"><span class='ocrx_word' id='word_1_472' title='bbox 2232 2379 2408 2436; x_wconf 80' lang='lat' dir='ltr'><strong>Novas</strong></span> <span class='ocrx_word' id='word_1_473' title='bbox 2437 2396 2583 2446; x_wconf 84' lang='lat' dir='ltr'><strong>vero,</strong></span> <span class='ocrx_word' id='word_1_474' title='bbox 2612 2380 2808 2435; x_wconf 87' lang='lat' dir='ltr'><strong>fratres</strong></span> <span class='ocrx_word' id='word_1_475' title='bbox 2853 2380 3179 2446; x_wconf 86' lang='lat' dir='ltr'><strong>charissimi,</strong></span> <span class='ocrx_word' id='word_1_476' title='bbox 3226 2376 3500 2451; x_wconf 74' lang='lat' dir='ltr'><strong>Hispanici</strong></span> <span class='ocrx_word' id='word_1_477' title='bbox 3545 2384 3746 2439; x_wconf 85' lang='lat' dir='ltr'><strong>erroris</strong></span> 
     </span>
    </p>
   </div>
   <div class='ocr_carea' id='block_1_69' title="bbox 2163 2471 3744 2529">
    <p class='ocr_par' dir='ltr' id='par_1_69' title="bbox 2163 2471 3744 2529">
     <span class='ocr_line' id='line_1_69' title="bbox 2163 2471 3744 2529; baseline 0.003 -4"><span class='ocrx_word' id='word_1_478' title='bbox 2163 2482 2343 2527; x_wconf 90' lang='lat' dir='ltr'><strong>sectas</strong></span> <span class='ocrx_word' id='word_1_479' title='bbox 2382 2479 2494 2527; x_wconf 89' lang='lat' dir='ltr'><strong>tota</strong></span> <span class='ocrx_word' id='word_1_480' title='bbox 2532 2471 2686 2526; x_wconf 83' lang='lat' dir='ltr'><strong>vobis</strong></span> <span class='ocrx_word' id='word_1_481' title='bbox 2712 2480 2897 2527; x_wconf 89' lang='lat' dir='ltr'><strong>cavete</strong></span> <span class='ocrx_word' id='word_1_482' title='bbox 2925 2471 3241 2527; x_wconf 90' lang='lat' dir='ltr'><strong>intentione.</strong></span> <span class='ocrx_word' id='word_1_483' title='bbox 3291 2471 3612 2529; x_wconf 86' lang='lat' dir='ltr'><strong>Sanctorum</strong></span> <span class='ocrx_word' id='word_1_484' title='bbox 3637 2475 3744 2529; x_wconf 81' lang='lat' dir='ltr'><strong>Pa-</strong></span> 
     </span>
    </p>
   </div>
   <div class='ocr_carea' id='block_1_70' title="bbox 2163 2562 3747 2636">
    <p class='ocr_par' dir='ltr' id='par_1_70' title="bbox 2163 2562 3747 2636">
     <span class='ocr_line' id='line_1_70' title="bbox 2163 2562 3747 2636; baseline 0.001 -15"><span class='ocrx_word' id='word_1_485' title='bbox 2163 2575 2307 2621; x_wconf 89' lang='lat' dir='ltr'><strong>trum</strong></span> <span class='ocrx_word' id='word_1_486' title='bbox 2344 2565 2396 2619; x_wconf 88' lang='lat' dir='ltr'><strong>iu</strong></span> <span class='ocrx_word' id='word_1_487' title='bbox 2425 2562 2574 2636; x_wconf 88' lang='lat' dir='ltr'><strong>[ﬁde]</strong></span> <span class='ocrx_word' id='word_1_488' title='bbox 2607 2564 2894 2634; x_wconf 83' lang='lat' dir='ltr'><strong>sequimini</strong></span> <span class='ocrx_word' id='word_1_489' title='bbox 2940 2563 3185 2635; x_wconf 83' lang='lat' dir='ltr'><strong>vestigia,</strong></span> <span class='ocrx_word' id='word_1_490' title='bbox 3224 2574 3278 2621; x_wconf 90' lang='lat' dir='ltr'><strong>et</strong></span> <span class='ocrx_word' id='word_1_491' title='bbox 3329 2567 3615 2621; x_wconf 87' lang='lat' dir='ltr'><strong>universali</strong></span> <span class='ocrx_word' id='word_1_492' title='bbox 3646 2568 3747 2623; x_wconf 85' lang='lat' dir='ltr'><strong>Ec—</strong></span> 
     </span>
    </p>
   </div>
   <div class='ocr_carea' id='block_1_71' title="bbox 2165 2655 3743 2729">
    <p class='ocr_par' dir='ltr' id='par_1_71' title="bbox 2165 2655 3743 2729">
     <span class='ocr_line' id='line_1_71' title="bbox 2165 2655 3743 2729; baseline -0.001 -16"><span class='ocrx_word' id='word_1_493' title='bbox 2165 2657 2343 2713; x_wconf 69' lang='lat' dir='ltr'><strong>clesia:</strong></span> <span class='ocrx_word' id='word_1_494' title='bbox 2369 2656 2706 2711; x_wconf 87' lang='lat' dir='ltr'><strong>sanctissima</strong></span> <span class='ocrx_word' id='word_1_495' title='bbox 2734 2671 2831 2710; x_wconf 90' lang='lat' dir='ltr'><strong>vos</strong></span> <span class='ocrx_word' id='word_1_496' title='bbox 2875 2655 3148 2726; x_wconf 87' lang='lat' dir='ltr'><strong>adjungite</strong></span> <span class='ocrx_word' id='word_1_497' title='bbox 3190 2656 3563 2712; x_wconf 90' lang='lat' dir='ltr'><strong>unanimitate.</strong></span> <span class='ocrx_word' id='word_1_498' title='bbox 3609 2655 3743 2729; x_wconf 58' lang='grc' dir='ltr'><strong>[ΑΛ.</strong></span> 
     </span>
    </p>
   </div>
   <div class='ocr_carea' id='block_1_72' title="bbox 2165 2742 3747 2816">
    <p class='ocr_par' dir='ltr' id='par_1_72' title="bbox 2165 2742 3747 2816">
     <span class='ocr_line' id='line_1_72' title="bbox 2165 2742 3747 2816; baseline 0 -16"><span class='ocrx_word' id='word_1_499' title='bbox 2165 2744 2393 2816; x_wconf 85' lang='lat' dir='ltr'><strong>unitate]</strong></span> <span class='ocrx_word' id='word_1_500' title='bbox 2420 2744 2694 2813; x_wconf 78' lang='lat' dir='ltr'><strong>Scriptum</strong></span> <span class='ocrx_word' id='word_1_501' title='bbox 2732 2753 2842 2799; x_wconf 87' lang='lat' dir='ltr'><strong>est:</strong></span> <span class='ocrx_word' id='word_1_502' title='bbox 2876 2742 3144 2799; x_wconf 85' lang='lat' dir='ltr'><strong>Terminos</strong></span> <span class='ocrx_word' id='word_1_503' title='bbox 3174 2744 3393 2799; x_wconf 81' lang='lat' dir='ltr'><strong>Patrum</strong></span> <span class='ocrx_word' id='word_1_504' title='bbox 3436 2756 3644 2800; x_wconf 78' lang='lat' dir='ltr'><strong>tuorum</strong></span> <span class='ocrx_word' id='word_1_505' title='bbox 3685 2762 3747 2801; x_wconf 87' lang='lat' dir='ltr'><strong>ne</strong></span> 
     </span>
    </p>
   </div>
   <div class='ocr_carea' id='block_1_73' title="bbox 2165 2832 3746 2905">
    <p class='ocr_par' dir='ltr' id='par_1_73' title="bbox 2165 2832 3746 2905">
     <span class='ocr_line' id='line_1_73' title="bbox 2165 2832 3746 2905; baseline -0.001 -14"><span class='ocrx_word' id='word_1_506' title='bbox 2165 2835 2565 2905; x_wconf 73' lang='lat' dir='ltr'><strong>transgrediaris</strong></span> <span class='ocrx_word' id='word_1_507' title='bbox 2588 2833 2768 2903; x_wconf 73' lang='lat' dir='ltr'><strong>(Prop.</strong></span> <span class='ocrx_word' id='word_1_508' title='bbox 2790 2849 2923 2897; x_wconf 66' lang='grc' dir='ltr'>χχιι,</span> <span class='ocrx_word' id='word_1_509' title='bbox 2940 2832 3173 2903; x_wconf 70' lang='grc' dir='ltr'><strong>28).Ειά</strong></span> <span class='ocrx_word' id='word_1_510' title='bbox 3192 2834 3446 2904; x_wconf 71' lang='lat' dir='ltr'><strong>Symbolo</strong></span> <span class='ocrx_word' id='word_1_511' title='bbox 3473 2834 3746 2890; x_wconf 65' lang='lat' dir='ltr'><strong>catholica:</strong></span> 
     </span>
    </p>
   </div>
   <div class='ocr_carea' id='block_1_74' title="bbox 2167 2922 3748 2995">
    <p class='ocr_par' dir='ltr' id='par_1_74' title="bbox 2167 2922 3748 2995">
     <span class='ocr_line' id='line_1_74' title="bbox 2167 2922 3748 2995; baseline -0.001 -16"><span class='ocrx_word' id='word_1_512' title='bbox 2167 2924 2292 2980; x_wconf 81' lang='lat' dir='ltr'><strong>fidei</strong></span> <span class='ocrx_word' id='word_1_513' title='bbox 2325 2937 2459 2980; x_wconf 87' lang='lat' dir='ltr'><strong>nova</strong></span> <span class='ocrx_word' id='word_1_514' title='bbox 2491 2922 2753 2995; x_wconf 87' lang='lat' dir='ltr'><strong>[nomina]</strong></span> <span class='ocrx_word' id='word_1_515' title='bbox 2784 2923 2949 2978; x_wconf 79' lang='lat' dir='ltr'><strong>nolite</strong></span> <span class='ocrx_word' id='word_1_516' title='bbox 2975 2924 3251 2987; x_wconf 79' lang='lat' dir='ltr'><strong>inserere;</strong></span> <span class='ocrx_word' id='word_1_517' title='bbox 3308 2931 3363 2978; x_wconf 90' lang='lat' dir='ltr'><strong>et</strong></span> <span class='ocrx_word' id='word_1_518' title='bbox 3397 2925 3452 2979; x_wconf 93' lang='lat' dir='ltr'><strong>in</strong></span> <span class='ocrx_word' id='word_1_519' title='bbox 3494 2924 3748 2979; x_wconf 86' lang='lat' dir='ltr'><strong>ecclesia-</strong></span> 
     </span>
    </p>
   </div>
   <div class='ocr_carea' id='block_1_75' title="bbox 2169 3012 3749 3084">
    <p class='ocr_par' dir='ltr' id='par_1_75' title="bbox 2169 3012 3749 3084">
     <span class='ocr_line' id='line_1_75' title="bbox 2169 3012 3749 3084; baseline -0.001 -12"><span class='ocrx_word' id='word_1_520' title='bbox 2169 3016 2321 3073; x_wconf 91' lang='lat' dir='ltr'><strong>sticis</strong></span> <span class='ocrx_word' id='word_1_521' title='bbox 2347 3014 2534 3071; x_wconf 85' lang='lat' dir='ltr'><strong>oﬁiciis</strong></span> <span class='ocrx_word' id='word_1_522' title='bbox 2573 3015 2839 3070; x_wconf 89' lang='lat' dir='ltr'><strong>inauditas</strong></span> <span class='ocrx_word' id='word_1_523' title='bbox 2865 3012 3059 3084; x_wconf 82' lang='lat' dir='ltr'><strong>priscis</strong></span> <span class='ocrx_word' id='word_1_524' title='bbox 3087 3014 3413 3084; x_wconf 90' lang='lat' dir='ltr'><strong>temporibus</strong></span> <span class='ocrx_word' id='word_1_525' title='bbox 3435 3014 3749 3071; x_wconf 85' lang='lat' dir='ltr'><strong>traditiones</strong></span> 
     </span>
    </p>
   </div>
   <div class='ocr_carea' id='block_1_76' title="bbox 2169 3106 3745 3179">
    <p class='ocr_par' dir='ltr' id='par_1_76' title="bbox 2169 3106 3745 3179">
     <span class='ocr_line' id='line_1_76' title="bbox 2169 3106 3745 3179; baseline -0.003 -14"><span class='ocrx_word' id='word_1_526' title='bbox 2169 3110 2334 3165; x_wconf 89' lang='lat' dir='ltr'><strong>nolite</strong></span> <span class='ocrx_word' id='word_1_527' title='bbox 2377 3108 2621 3179; x_wconf 83' lang='lat' dir='ltr'><strong>diligere.</strong></span> <span class='ocrx_word' id='word_1_528' title='bbox 2678 3108 2780 3163; x_wconf 81' lang='lat' dir='ltr'><strong>Per</strong></span> <span class='ocrx_word' id='word_1_529' title='bbox 2819 3107 3127 3177; x_wconf 75' lang='lat' dir='ltr'><strong>apostolica:</strong></span> <span class='ocrx_word' id='word_1_530' title='bbox 3183 3106 3439 3163; x_wconf 74' lang='lat' dir='ltr'><strong>doctrina:</strong></span> <span class='ocrx_word' id='word_1_531' title='bbox 3479 3106 3745 3177; x_wconf 87' lang='lat' dir='ltr'><strong>publicam</strong></span> 
     </span>
    </p>
   </div>
   <div class='ocr_carea' id='block_1_77' title="bbox 2088 3196 3750 3270">
    <p class='ocr_par' dir='ltr' id='par_1_77' title="bbox 2088 3196 3750 3270">
     <span class='ocr_line' id='line_1_77' title="bbox 2088 3196 3750 3270; baseline -0.001 -15"><span class='ocrx_word' id='word_1_532' title='bbox 2088 3199 2140 3262; x_wconf 85' lang='lat' dir='ltr'><strong>C</strong></span> <span class='ocrx_word' id='word_1_533' title='bbox 2173 3200 2377 3270; x_wconf 67' lang='lat' dir='ltr'><strong>perg&#39;te</strong></span> <span class='ocrx_word' id='word_1_534' title='bbox 2403 3205 2661 3263; x_wconf 85' lang='lat' dir='ltr'><strong>stratam;</strong></span> <span class='ocrx_word' id='word_1_535' title='bbox 2692 3212 2791 3253; x_wconf 89' lang='lat' dir='ltr'><strong>nec</strong></span> <span class='ocrx_word' id='word_1_536' title='bbox 2834 3212 2932 3266; x_wconf 87' lang='lat' dir='ltr'><strong>per</strong></span> <span class='ocrx_word' id='word_1_537' title='bbox 2976 3196 3288 3252; x_wconf 88' lang='lat' dir='ltr'><strong>diverticula</strong></span> <span class='ocrx_word' id='word_1_538' title='bbox 3335 3196 3617 3266; x_wconf 87' lang='lat' dir='ltr'><strong>cujuslibet</strong></span> <span class='ocrx_word' id='word_1_539' title='bbox 3653 3212 3750 3253; x_wconf 73' lang='lat' dir='ltr'><strong>no-</strong></span> 
     </span>
    </p>
   </div>
   <div class='ocr_carea' id='block_1_78' title="bbox 2174 3288 3751 3361">
    <p class='ocr_par' dir='ltr' id='par_1_78' title="bbox 2174 3288 3751 3361">
     <span class='ocr_line' id='line_1_78' title="bbox 2174 3288 3751 3361; baseline 0 -16"><span class='ocrx_word' id='word_1_540' title='bbox 2174 3292 2356 3346; x_wconf 84' lang='lat' dir='ltr'><strong>vitatis</strong></span> <span class='ocrx_word' id='word_1_541' title='bbox 2399 3292 2453 3346; x_wconf 92' lang='lat' dir='ltr'><strong>in</strong></span> <span class='ocrx_word' id='word_1_542' title='bbox 2489 3294 2763 3347; x_wconf 81' lang='lat' dir='ltr'><strong>dexteram</strong></span> <span class='ocrx_word' id='word_1_543' title='bbox 2813 3289 2897 3344; x_wconf 89' lang='lat' dir='ltr'><strong>vel</strong></span> <span class='ocrx_word' id='word_1_544' title='bbox 2950 3290 3003 3343; x_wconf 90' lang='lat' dir='ltr'><strong>in</strong></span> <span class='ocrx_word' id='word_1_545' title='bbox 3060 3290 3330 3345; x_wconf 85' lang='lat' dir='ltr'><strong>sinistram</strong></span> <span class='ocrx_word' id='word_1_546' title='bbox 3375 3304 3406 3343; x_wconf 91' lang='lat' dir='ltr'><strong>a</strong></span> <span class='ocrx_word' id='word_1_547' title='bbox 3456 3289 3542 3343; x_wconf 80' lang='lat' dir='ltr'><strong>via</strong></span> <span class='ocrx_word' id='word_1_548' title='bbox 3601 3288 3751 3361; x_wconf 74' lang='lat' dir='ltr'><strong>regis</strong></span> 
     </span>
    </p>
   </div>
   <div class='ocr_carea' id='block_1_79' title="bbox 2173 3383 2455 3438">
    <p class='ocr_par' dir='ltr' id='par_1_79' title="bbox 2173 3383 2455 3438">
     <span class='ocr_line' id='line_1_79' title="bbox 2173 3383 2455 3438; baseline -0.007 -1"><span class='ocrx_word' id='word_1_549' title='bbox 2173 3383 2455 3438; x_wconf 88' lang='lat' dir='ltr'><strong>declinate.</strong></span> 
     </span>
    </p>
   </div>
   <div class='ocr_carea' id='block_1_80' title="bbox 2243 3471 3754 3544">
    <p class='ocr_par' dir='ltr' id='par_1_80' title="bbox 2243 3471 3754 3544">
     <span class='ocr_line' id='line_1_80' title="bbox 2243 3471 3754 3544; baseline -0.001 -16"><span class='ocrx_word' id='word_1_550' title='bbox 2243 3474 2320 3528; x_wconf 85' lang='lat' dir='ltr'><strong>De</strong></span> <span class='ocrx_word' id='word_1_551' title='bbox 2341 3475 2619 3544; x_wconf 74' lang='lat' dir='ltr'><strong>adoptione</strong></span> <span class='ocrx_word' id='word_1_552' title='bbox 2643 3487 2789 3537; x_wconf 86' lang='lat' dir='ltr'><strong>vero,</strong></span> <span class='ocrx_word' id='word_1_553' title='bbox 2819 3487 2981 3543; x_wconf 86' lang='lat' dir='ltr'><strong>quam</strong></span> <span class='ocrx_word' id='word_1_554' title='bbox 3011 3472 3226 3543; x_wconf 84' lang='lat' dir='ltr'><strong>quidam</strong></span> <span class='ocrx_word' id='word_1_555' title='bbox 3259 3471 3516 3543; x_wconf 86' lang='lat' dir='ltr'><strong>injuriose</strong></span> <span class='ocrx_word' id='word_1_556' title='bbox 3538 3471 3754 3528; x_wconf 83' lang='lat' dir='ltr'><strong>Christo</strong></span> 
     </span>
    </p>
   </div>
   <div class='ocr_carea' id='block_1_81' title="bbox 2172 3562 3750 3632">
    <p class='ocr_par' dir='ltr' id='par_1_81' title="bbox 2172 3562 3750 3632">
     <span class='ocr_line' id='line_1_81' title="bbox 2172 3562 3750 3632; baseline -0.003 -12"><span class='ocrx_word' id='word_1_557' title='bbox 2172 3566 2282 3620; x_wconf 83' lang='lat' dir='ltr'><strong>Deo</strong></span> <span class='ocrx_word' id='word_1_558' title='bbox 2333 3564 2580 3632; x_wconf 85' lang='lat' dir='ltr'><strong>ingerere</strong></span> <span class='ocrx_word' id='word_1_559' title='bbox 2620 3563 2970 3627; x_wconf 86' lang='lat' dir='ltr'><strong>contendunt,</strong></span> <span class='ocrx_word' id='word_1_560' title='bbox 2998 3573 3111 3616; x_wconf 60' lang='lat' dir='ltr'><strong>sex</strong></span> <span class='ocrx_word' id='word_1_561' title='bbox 3150 3562 3476 3617; x_wconf 79' lang='lat' dir='ltr'><strong>auctoritate</strong></span> <span class='ocrx_word' id='word_1_562' title='bbox 3508 3562 3750 3632; x_wconf 73' lang='lat' dir='ltr'><strong>synodali</strong></span> 
     </span>
    </p>
   </div>
   <div class='ocr_carea' id='block_1_82' title="bbox 2172 3652 3757 3725">
    <p class='ocr_par' dir='ltr' id='par_1_82' title="bbox 2172 3652 3757 3725">
     <span class='ocr_line' id='line_1_82' title="bbox 2172 3652 3757 3725; baseline -0.001 -14"><span class='ocrx_word' id='word_1_563' title='bbox 2172 3655 2385 3711; x_wconf 86' lang='lat' dir='ltr'><strong>habetis</strong></span> <span class='ocrx_word' id='word_1_564' title='bbox 2412 3669 2751 3725; x_wconf 82' lang='lat' dir='ltr'><strong>responsum.</strong></span> <span class='ocrx_word' id='word_1_565' title='bbox 2799 3652 2986 3710; x_wconf 84' lang='lat' dir='ltr'><strong>Unitas</strong></span> <span class='ocrx_word' id='word_1_566' title='bbox 3010 3667 3141 3709; x_wconf 65' lang='lat' dir='ltr'><strong>vero</strong></span> <span class='ocrx_word' id='word_1_567' title='bbox 3173 3665 3420 3722; x_wconf 79' lang='lat' dir='ltr'><strong>persona:</strong></span> <span class='ocrx_word' id='word_1_568' title='bbox 3451 3652 3508 3708; x_wconf 90' lang='lat' dir='ltr'><strong>in</strong></span> <span class='ocrx_word' id='word_1_569' title='bbox 3546 3654 3757 3709; x_wconf 87' lang='lat' dir='ltr'><strong>duabus</strong></span> 
     </span>
    </p>
   </div>
   <div class='ocr_carea' id='block_1_83' title="bbox 2170 3741 3758 3810">
    <p class='ocr_par' dir='ltr' id='par_1_83' title="bbox 2170 3741 3758 3810">
     <span class='ocr_line' id='line_1_83' title="bbox 2170 3741 3758 3810; baseline -0.001 -9"><span class='ocrx_word' id='word_1_570' title='bbox 2170 3742 2374 3801; x_wconf 82' lang='lat' dir='ltr'><strong>Christi</strong></span> <span class='ocrx_word' id='word_1_571' title='bbox 2421 3745 2649 3810; x_wconf 87' lang='lat' dir='ltr'><strong>naturis,</strong></span> <span class='ocrx_word' id='word_1_572' title='bbox 2704 3742 3004 3799; x_wconf 83' lang='lat' dir='ltr'><strong>naturalem</strong></span> <span class='ocrx_word' id='word_1_573' title='bbox 3049 3742 3161 3798; x_wconf 84' lang='lat' dir='ltr'><strong>Deo</strong></span> <span class='ocrx_word' id='word_1_574' title='bbox 3194 3741 3346 3798; x_wconf 86' lang='lat' dir='ltr'><strong>Patri</strong></span> <span class='ocrx_word' id='word_1_575' title='bbox 3393 3742 3593 3798; x_wconf 71' lang='lat' dir='ltr'><strong>Filium</strong></span> <span class='ocrx_word' id='word_1_576' title='bbox 3636 3757 3758 3799; x_wconf 84' lang='lat' dir='ltr'><strong>essu</strong></span> 
     </span>
    </p>
   </div>
   <div class='ocr_carea' id='block_1_84' title="bbox 2172 3832 3761 3906">
    <p class='ocr_par' dir='ltr' id='par_1_84' title="bbox 2172 3832 3761 3906">
     <span class='ocr_line' id='line_1_84' title="bbox 2172 3832 3761 3906; baseline -0.003 -13"><span class='ocrx_word' id='word_1_577' title='bbox 2172 3836 2477 3894; x_wconf 83' lang='lat' dir='ltr'><strong>continuat.</strong></span> <span class='ocrx_word' id='word_1_578' title='bbox 2506 3834 2642 3902; x_wconf 89' lang='lat' dir='ltr'><strong>Quia</strong></span> <span class='ocrx_word' id='word_1_579' title='bbox 2668 3848 3007 3906; x_wconf 82' lang='lat' dir='ltr'><strong>nequaquam</strong></span> <span class='ocrx_word' id='word_1_580' title='bbox 3048 3833 3100 3888; x_wconf 89' lang='lat' dir='ltr'><strong>in</strong></span> <span class='ocrx_word' id='word_1_581' title='bbox 3138 3832 3374 3904; x_wconf 86' lang='lat' dir='ltr'><strong>proprio,</strong></span> <span class='ocrx_word' id='word_1_582' title='bbox 3399 3842 3456 3888; x_wconf 89' lang='lat' dir='ltr'><strong>et</strong></span> <span class='ocrx_word' id='word_1_583' title='bbox 3498 3833 3550 3888; x_wconf 91' lang='lat' dir='ltr'><strong>in</strong></span> <span class='ocrx_word' id='word_1_584' title='bbox 3594 3834 3761 3903; x_wconf 83' lang='lat' dir='ltr'><strong>adop-</strong></span> 
     </span>
    </p>
   </div>
   <div class='ocr_carea' id='block_1_85' title="bbox 2174 3922 3762 3999">
    <p class='ocr_par' dir='ltr' id='par_1_85' title="bbox 2174 3922 3762 3999">
     <span class='ocr_line' id='line_1_85' title="bbox 2174 3922 3762 3999; baseline -0.003 -17"><span class='ocrx_word' id='word_1_585' title='bbox 2174 3928 2287 3983; x_wconf 89' lang='lat' dir='ltr'><strong>tivo</strong></span> <span class='ocrx_word' id='word_1_586' title='bbox 2311 3925 2464 3999; x_wconf 89' lang='lat' dir='ltr'><strong>[una]</strong></span> <span class='ocrx_word' id='word_1_587' title='bbox 2503 3933 2681 3995; x_wconf 88' lang='lat' dir='ltr'><strong>potest</strong></span> <span class='ocrx_word' id='word_1_588' title='bbox 2725 3940 2844 3980; x_wconf 87' lang='lat' dir='ltr'><strong>esse</strong></span> <span class='ocrx_word' id='word_1_589' title='bbox 2881 3938 3132 3994; x_wconf 82' lang='lat' dir='ltr'><strong>persona.</strong></span> <span class='ocrx_word' id='word_1_590' title='bbox 3182 3922 3308 3979; x_wconf 80' lang='lat' dir='ltr'><strong>ideo</strong></span> <span class='ocrx_word' id='word_1_591' title='bbox 3335 3923 3585 3979; x_wconf 83' lang='lat' dir='ltr'><strong>Christus</strong></span> <span class='ocrx_word' id='word_1_592' title='bbox 3630 3937 3762 3993; x_wconf 75' lang='lat' dir='ltr'><strong>puo-</strong></span> 
     </span>
    </p>
   </div>
   <div class='ocr_carea' id='block_1_86' title="bbox 2173 4010 3763 4090">
    <p class='ocr_par' dir='ltr' id='par_1_86' title="bbox 2173 4010 3763 4090">
     <span class='ocr_line' id='line_1_86' title="bbox 2173 4010 3763 4090; baseline 0 -19"><span class='ocrx_word' id='word_1_593' title='bbox 2173 4018 2325 4088; x_wconf 80' lang='lat' dir='ltr'><strong>prius</strong></span> <span class='ocrx_word' id='word_1_594' title='bbox 2352 4016 2507 4090; x_wconf 83' lang='lat' dir='ltr'><strong>[Cod.</strong></span> <span class='ocrx_word' id='word_1_595' title='bbox 2539 4015 2655 4071; x_wconf 85' lang='lat' dir='ltr'><strong>Sal.</strong></span> <span class='ocrx_word' id='word_1_596' title='bbox 2677 4057 2692 4078; x_wconf 93' lang='lat'><strong>,</strong></span> <span class='ocrx_word' id='word_1_597' title='bbox 2726 4014 3015 4087; x_wconf 86' lang='lat' dir='ltr'><strong>naturalis]</strong></span> <span class='ocrx_word' id='word_1_598' title='bbox 3037 4021 3122 4070; x_wconf 83' lang='lat' dir='ltr'><strong>est</strong></span> <span class='ocrx_word' id='word_1_599' title='bbox 3150 4013 3261 4069; x_wconf 86' lang='lat' dir='ltr'><strong>Deo</strong></span> <span class='ocrx_word' id='word_1_600' title='bbox 3305 4013 3453 4069; x_wconf 88' lang='lat' dir='ltr'><strong>Patri</strong></span> <span class='ocrx_word' id='word_1_601' title='bbox 3480 4010 3671 4079; x_wconf 77' lang='lat' dir='ltr'><strong>Filius,</strong></span> <span class='ocrx_word' id='word_1_602' title='bbox 3698 4021 3763 4071; x_wconf 83' lang='lat' dir='ltr'><strong>et</strong></span> 
     </span>
    </p>
   </div>
   <div class='ocr_carea' id='block_1_87' title="bbox 2173 4104 3756 4176">
    <p class='ocr_par' dir='ltr' id='par_1_87' title="bbox 2173 4104 3756 4176">
     <span class='ocr_line' id='line_1_87' title="bbox 2173 4104 3756 4176; baseline 0.002 -15"><span class='ocrx_word' id='word_1_603' title='bbox 2173 4122 2274 4161; x_wconf 91' lang='lat' dir='ltr'><strong>nos</strong></span> <span class='ocrx_word' id='word_1_604' title='bbox 2301 4121 2398 4176; x_wconf 87' lang='lat' dir='ltr'><strong>per</strong></span> <span class='ocrx_word' id='word_1_605' title='bbox 2423 4105 2572 4160; x_wconf 91' lang='lat' dir='ltr'><strong>illum</strong></span> <span class='ocrx_word' id='word_1_606' title='bbox 2596 4106 2852 4175; x_wconf 84' lang='lat' dir='ltr'><strong>adoptivi,</strong></span> <span class='ocrx_word' id='word_1_607' title='bbox 2879 4120 2987 4160; x_wconf 83' lang='lat' dir='ltr'><strong>non</strong></span> <span class='ocrx_word' id='word_1_608' title='bbox 3014 4105 3107 4160; x_wconf 82' lang='lat' dir='ltr'><strong>ille</strong></span> <span class='ocrx_word' id='word_1_609' title='bbox 3137 4104 3412 4161; x_wconf 86' lang='lat' dir='ltr'><strong>nobiscum</strong></span> <span class='ocrx_word' id='word_1_610' title='bbox 3447 4105 3756 4176; x_wconf 82' lang='lat' dir='ltr'><strong>adoptivus.</strong></span> 
     </span>
    </p>
   </div>
   <div class='ocr_carea' id='block_1_88' title="bbox 2174 4196 3759 4268">
    <p class='ocr_par' dir='ltr' id='par_1_88' title="bbox 2174 4196 3759 4268">
     <span class='ocr_line' id='line_1_88' title="bbox 2174 4196 3759 4268; baseline -0.001 -14"><span class='ocrx_word' id='word_1_611' title='bbox 2174 4197 2328 4254; x_wconf 85' lang='lat' dir='ltr'><strong>Sicut</strong></span> <span class='ocrx_word' id='word_1_612' title='bbox 2348 4196 2436 4252; x_wconf 89' lang='lat' dir='ltr'><strong>ille</strong></span> <span class='ocrx_word' id='word_1_613' title='bbox 2457 4196 2603 4253; x_wconf 89' lang='lat' dir='ltr'><strong>solus</strong></span> <span class='ocrx_word' id='word_1_614' title='bbox 2625 4198 2741 4252; x_wconf 88' lang='lat' dir='ltr'><strong>sine</strong></span> <span class='ocrx_word' id='word_1_615' title='bbox 2785 4208 3028 4268; x_wconf 85' lang='lat' dir='ltr'><strong>peccato,</strong></span> <span class='ocrx_word' id='word_1_616' title='bbox 3060 4199 3140 4253; x_wconf 87' lang='lat' dir='ltr'><strong>sic</strong></span> <span class='ocrx_word' id='word_1_617' title='bbox 3165 4197 3255 4252; x_wconf 88' lang='lat' dir='ltr'><strong>ille</strong></span> <span class='ocrx_word' id='word_1_618' title='bbox 3272 4196 3421 4252; x_wconf 88' lang='lat' dir='ltr'><strong>solus</strong></span> <span class='ocrx_word' id='word_1_619' title='bbox 3445 4198 3563 4253; x_wconf 86' lang='lat' dir='ltr'><strong>sine</strong></span> <span class='ocrx_word' id='word_1_620' title='bbox 3588 4199 3759 4268; x_wconf 83' lang='lat' dir='ltr'><strong>adop-</strong></span> 
     </span>
    </p>
   </div>
   <div class='ocr_carea' id='block_1_89' title="bbox 2174 4286 3758 4358">
    <p class='ocr_par' dir='ltr' id='par_1_89' title="bbox 2174 4286 3758 4358">
     <span class='ocr_line' id='line_1_89' title="bbox 2174 4286 3758 4358; baseline -0.001 -15"><span class='ocrx_word' id='word_1_621' title='bbox 2174 4289 2351 4356; x_wconf 89' lang='lat' dir='ltr'><strong>tione;</strong></span> <span class='ocrx_word' id='word_1_622' title='bbox 2383 4289 2545 4345; x_wconf 84' lang='lat' dir='ltr'><strong>Patrc</strong></span> <span class='ocrx_word' id='word_1_623' title='bbox 2575 4289 2630 4343; x_wconf 90' lang='lat' dir='ltr'><strong>in</strong></span> <span class='ocrx_word' id='word_1_624' title='bbox 2659 4289 2927 4358; x_wconf 86' lang='lat' dir='ltr'><strong>baptismo</strong></span> <span class='ocrx_word' id='word_1_625' title='bbox 2972 4294 3263 4343; x_wconf 88' lang='lat' dir='ltr'><strong>attestante</strong></span> <span class='ocrx_word' id='word_1_626' title='bbox 3299 4303 3315 4341; x_wconf 90' lang='lat'><strong>:</strong></span> <span class='ocrx_word' id='word_1_627' title='bbox 3354 4286 3458 4342; x_wconf 75' lang='lat' dir='ltr'><strong>llic</strong></span> <span class='ocrx_word' id='word_1_628' title='bbox 3481 4297 3556 4342; x_wconf 83' lang='lat' dir='ltr'><strong>est</strong></span> <span class='ocrx_word' id='word_1_629' title='bbox 3585 4286 3633 4341; x_wconf 67' lang='grc' dir='ltr'><em>Γ</em></span> <span class='ocrx_word' id='word_1_630' title='bbox 3632 4288 3758 4342; x_wconf 76' lang='lat' dir='ltr'><strong>ilius</strong></span> 
     </span>
    </p>
   </div>
   <div class='ocr_carea' id='block_1_90' title="bbox 2174 4378 3755 4451">
    <p class='ocr_par' dir='ltr' id='par_1_90' title="bbox 2174 4378 3755 4451">
     <span class='ocr_line' id='line_1_90' title="bbox 2174 4378 3755 4451; baseline -0.002 -16"><span class='ocrx_word' id='word_1_631' title='bbox 2174 4398 2318 4437; x_wconf 74' lang='lat' dir='ltr'><strong>metis</strong></span> <span class='ocrx_word' id='word_1_632' title='bbox 2340 4381 2582 4445; x_wconf 80' lang='lat' dir='ltr'><strong>dilectus,</strong></span> <span class='ocrx_word' id='word_1_633' title='bbox 2610 4381 2665 4434; x_wconf 88' lang='lat' dir='ltr'><strong>in</strong></span> <span class='ocrx_word' id='word_1_634' title='bbox 2688 4396 2789 4451; x_wconf 77' lang='lat' dir='ltr'><strong>quo</strong></span> <span class='ocrx_word' id='word_1_635' title='bbox 2815 4380 2942 4433; x_wconf 82' lang='lat' dir='ltr'><strong>mihi</strong></span> <span class='ocrx_word' id='word_1_636' title='bbox 2970 4379 3096 4434; x_wconf 82' lang='lat' dir='ltr'><strong>bene</strong></span> <span class='ocrx_word' id='word_1_637' title='bbox 3123 4378 3414 4450; x_wconf 77' lang='lat' dir='ltr'><strong>contplacui</strong></span> <span class='ocrx_word' id='word_1_638' title='bbox 3435 4378 3645 4449; x_wconf 62' lang='lat' dir='ltr'><strong>(Matth.</strong></span> <span class='ocrx_word' id='word_1_639' title='bbox 3672 4394 3755 4439; x_wconf 80' lang='grc' dir='ltr'>ιιι.</span> 
     </span>
    </p>
   </div>
   <div class='ocr_carea' id='block_1_91' title="bbox 2177 4468 3759 4544">
    <p class='ocr_par' dir='ltr' id='par_1_91' title="bbox 2177 4468 3759 4544">
     <span class='ocr_line' id='line_1_91' title="bbox 2177 4468 3759 4544; baseline -0.003 -18"><span class='ocrx_word' id='word_1_640' title='bbox 2177 4473 2288 4544; x_wconf 82' lang='lat' dir='ltr'><strong>i7).</strong></span> <span class='ocrx_word' id='word_1_641' title='bbox 2318 4472 2386 4527; x_wconf 81' lang='lat' dir='ltr'><strong>Et</strong></span> <span class='ocrx_word' id='word_1_642' title='bbox 2410 4470 2691 4542; x_wconf 84' lang='lat' dir='ltr'><strong>Apostolo:</strong></span> <span class='ocrx_word' id='word_1_643' title='bbox 2724 4470 2829 4537; x_wconf 78' lang='lat' dir='ltr'><strong>Qui</strong></span> <span class='ocrx_word' id='word_1_644' title='bbox 2848 4471 3060 4541; x_wconf 78' lang='lat' dir='ltr'><strong>proprio</strong></span> <span class='ocrx_word' id='word_1_645' title='bbox 3087 4468 3232 4524; x_wconf 79' lang='lat' dir='ltr'><strong>Filio</strong></span> <span class='ocrx_word' id='word_1_646' title='bbox 3254 4486 3349 4524; x_wconf 76' lang='lat' dir='ltr'><strong>sne</strong></span> <span class='ocrx_word' id='word_1_647' title='bbox 3384 4485 3486 4523; x_wconf 86' lang='lat' dir='ltr'><strong>non</strong></span> <span class='ocrx_word' id='word_1_648' title='bbox 3508 4470 3759 4539; x_wconf 69' lang='grc' dir='ltr'><strong>μετρενά</strong></span> 
     </span>
    </p>
   </div>
   <div class='ocr_carea' id='block_1_92' title="bbox 490 4545 3756 4635">
    <p class='ocr_par' dir='ltr' id='par_1_92' title="bbox 490 4545 3756 4635">
     <span class='ocr_line' id='line_1_92' title="bbox 490 4545 3756 4635; baseline -0.002 -20"><span class='ocrx_word' id='word_1_649' title='bbox 490 4546 713 4612; x_wconf 74' lang='lat' dir='ltr'><strong>cientes.</strong></span> <span class='ocrx_word' id='word_1_650' title='bbox 745 4545 859 4602; x_wconf 74' lang='lat' dir='ltr'><strong>leve</strong></span> <span class='ocrx_word' id='word_1_651' title='bbox 890 4545 1087 4602; x_wconf 68' lang='lat' dir='ltr'><strong>Christi</strong></span> <span class='ocrx_word' id='word_1_652' title='bbox 1118 4546 1307 4619; x_wconf 70' lang='lat' dir='ltr'><strong>ipsum</strong></span> <span class='ocrx_word' id='word_1_653' title='bbox 1351 4548 1507 4619; x_wconf 86' lang='lat'><strong>107</strong></span> <span class='ocrx_word' id='word_1_654' title='bbox 1541 4549 1773 4619; x_wconf 75' lang='lat' dir='ltr'><strong>propriis</strong></span> <span class='ocrx_word' id='word_1_655' title='bbox 1800 4549 2076 4619; x_wconf 79' lang='lat' dir='ltr'><strong>imponere</strong></span> <span class='ocrx_word' id='word_1_656' title='bbox 2110 4551 2156 4612; x_wconf 79' lang='grc' dir='ltr'>ι)</span> <span class='ocrx_word' id='word_1_657' title='bbox 2180 4562 2359 4635; x_wconf 78' lang='lat' dir='ltr'><strong>(Rom.</strong></span> <span class='ocrx_word' id='word_1_658' title='bbox 2383 4577 2502 4627; x_wconf 88' lang='lat' dir='ltr'><strong>vm,</strong></span> <span class='ocrx_word' id='word_1_659' title='bbox 2530 4560 2642 4633; x_wconf 77' lang='lat'><strong>52).</strong></span> <span class='ocrx_word' id='word_1_660' title='bbox 2672 4560 2810 4627; x_wconf 85' lang='lat' dir='ltr'><strong>Quid</strong></span> <span class='ocrx_word' id='word_1_661' title='bbox 2835 4559 2988 4629; x_wconf 84' lang='lat' dir='ltr'><strong>plura</strong></span> <span class='ocrx_word' id='word_1_662' title='bbox 3018 4560 3085 4614; x_wconf 88' lang='lat' dir='ltr'><strong>de</strong></span> <span class='ocrx_word' id='word_1_663' title='bbox 3115 4559 3203 4614; x_wconf 88' lang='lat' dir='ltr'><strong>his</strong></span> <span class='ocrx_word' id='word_1_664' title='bbox 3244 4559 3495 4620; x_wconf 86' lang='lat' dir='ltr'><strong>dicimus,</strong></span> <span class='ocrx_word' id='word_1_665' title='bbox 3543 4558 3608 4611; x_wconf 84' lang='lat' dir='ltr'><strong>de</strong></span> <span class='ocrx_word' id='word_1_666' title='bbox 3633 4556 3756 4625; x_wconf 61' lang='lat' dir='ltr'><strong>qni&#39;</strong></span> 
     </span>
    </p>
   </div>
   <div class='ocr_carea' id='block_1_93' title="bbox 491 4635 2076 4709">
    <p class='ocr_par' dir='ltr' id='par_1_93' title="bbox 491 4635 2076 4709">
     <span class='ocr_line' id='line_1_93' title="bbox 491 4635 2076 4709; baseline 0.003 -18"><span class='ocrx_word' id='word_1_667' title='bbox 491 4635 793 4692; x_wconf 88' lang='lat' dir='ltr'><strong>cervicibus</strong></span> <span class='ocrx_word' id='word_1_668' title='bbox 822 4637 1062 4707; x_wconf 85' lang='lat' dir='ltr'><strong>gestiunt</strong></span> <span class='ocrx_word' id='word_1_669' title='bbox 1094 4656 1107 4691; x_wconf 90' lang='lat'><strong>:</strong></span> <span class='ocrx_word' id='word_1_670' title='bbox 1149 4646 1208 4693; x_wconf 89' lang='lat' dir='ltr'><strong>et</strong></span> <span class='ocrx_word' id='word_1_671' title='bbox 1231 4653 1450 4702; x_wconf 84' lang='lat' dir='ltr'><strong>veram,</strong></span> <span class='ocrx_word' id='word_1_672' title='bbox 1479 4653 1599 4709; x_wconf 67' lang='lat' dir='ltr'><strong>qua:</strong></span> <span class='ocrx_word' id='word_1_673' title='bbox 1638 4638 1785 4696; x_wconf 88' lang='lat' dir='ltr'><strong>foras</strong></span> <span class='ocrx_word' id='word_1_674' title='bbox 1826 4640 2076 4696; x_wconf 76' lang='lat' dir='ltr'><strong>timorem</strong></span> 
     </span>
    </p>
   </div>
   <div class='ocr_carea' id='block_1_94' title="bbox 494 4724 2078 4798">
    <p class='ocr_par' dir='ltr' id='par_1_94' title="bbox 494 4724 2078 4798">
     <span class='ocr_line' id='line_1_94' title="bbox 494 4724 2078 4798; baseline 0.004 -19"><span class='ocrx_word' id='word_1_675' title='bbox 494 4724 679 4790; x_wconf 87' lang='lat' dir='ltr'><strong>mittit,</strong></span> <span class='ocrx_word' id='word_1_676' title='bbox 709 4724 1027 4783; x_wconf 86' lang='lat' dir='ltr'><strong>cbaritatem</strong></span> <span class='ocrx_word' id='word_1_677' title='bbox 1055 4725 1110 4797; x_wconf 89' lang='grc'><strong>(1</strong></span> <span class='ocrx_word' id='word_1_678' title='bbox 1132 4726 1294 4782; x_wconf 82' lang='lat' dir='ltr'><strong>Joan.</strong></span> <span class='ocrx_word' id='word_1_679' title='bbox 1324 4743 1401 4793; x_wconf 80' lang='lat' dir='ltr'><strong>IV,</strong></span> <span class='ocrx_word' id='word_1_680' title='bbox 1432 4727 1519 4798; x_wconf 82' lang='lat' dir='ltr'><strong>i8)</strong></span> <span class='ocrx_word' id='word_1_681' title='bbox 1545 4736 1601 4783; x_wconf 89' lang='lat' dir='ltr'><strong>et</strong></span> <span class='ocrx_word' id='word_1_682' title='bbox 1624 4728 1933 4798; x_wconf 87' lang='lat' dir='ltr'><strong>pectoribus</strong></span> <span class='ocrx_word' id='word_1_683' title='bbox 1953 4745 2078 4785; x_wconf 87' lang='lat' dir='ltr'><strong>sua-</strong></span> 
     </span>
    </p>
   </div>
   <div class='ocr_carea' id='block_1_95' title="bbox 495 4814 2075 4887">
    <p class='ocr_par' dir='ltr' id='par_1_95' title="bbox 495 4814 2075 4887">
     <span class='ocr_line' id='line_1_95' title="bbox 495 4814 2075 4887; baseline 0.006 -20"><span class='ocrx_word' id='word_1_684' title='bbox 495 4814 635 4870; x_wconf 86' lang='lat' dir='ltr'><strong>viter</strong></span> <span class='ocrx_word' id='word_1_685' title='bbox 670 4816 931 4881; x_wconf 87' lang='lat' dir='ltr'><strong>retinent,</strong></span> <span class='ocrx_word' id='word_1_686' title='bbox 969 4824 1024 4871; x_wconf 89' lang='lat' dir='ltr'><strong>et</strong></span> <span class='ocrx_word' id='word_1_687' title='bbox 1050 4815 1305 4887; x_wconf 86' lang='lat' dir='ltr'><strong>operibus</strong></span> <span class='ocrx_word' id='word_1_688' title='bbox 1338 4818 1603 4873; x_wconf 86' lang='lat' dir='ltr'><strong>veraciter</strong></span> <span class='ocrx_word' id='word_1_689' title='bbox 1629 4817 1938 4874; x_wconf 90' lang='lat' dir='ltr'><strong>ostendunt.</strong></span> <span class='ocrx_word' id='word_1_690' title='bbox 1971 4818 2075 4876; x_wconf 86' lang='lat' dir='ltr'><strong>Sed</strong></span> 
     </span>
    </p>
   </div>
   <div class='ocr_carea' id='block_1_96' title="bbox 568 4947 2072 5018">
    <p class='ocr_par' dir='ltr' id='par_1_96' title="bbox 568 4947 2072 5018">
     <span class='ocr_line' id='line_1_96' title="bbox 568 4947 2072 5018; baseline -0.001 -13"><span class='ocrx_word' id='word_1_691' title='bbox 568 4948 722 5018; x_wconf 79' lang='grc' dir='ltr'><strong>ιιι</strong></span> <span class='ocrx_word' id='word_1_692' title='bbox 757 4960 784 4988; x_wconf 80' lang='grc' dir='ltr'><strong>ι</strong></span> <span class='ocrx_word' id='word_1_693' title='bbox 825 4948 965 5004; x_wconf 79' lang='lat' dir='ltr'><strong>Edit.</strong></span> <span class='ocrx_word' id='word_1_694' title='bbox 998 4947 1249 5015; x_wconf 86' lang='lat' dir='ltr'><strong>Qucrcet.</strong></span> <span class='ocrx_word' id='word_1_695' title='bbox 1282 4948 1352 5005; x_wconf 82' lang='lat'><strong>69</strong></span> <span class='ocrx_word' id='word_1_696' title='bbox 1388 4956 1443 5004; x_wconf 81' lang='lat' dir='ltr'><strong>et</strong></span> <span class='ocrx_word' id='word_1_697' title='bbox 1489 4947 1577 5001; x_wconf 82' lang='lat'><strong>70.</strong></span> <span class='ocrx_word' id='word_1_698' title='bbox 1600 4948 1784 5003; x_wconf 86' lang='lat' dir='ltr'><strong>Canis.</strong></span> <span class='ocrx_word' id='word_1_699' title='bbox 1819 4949 1853 5005; x_wconf 87' lang='lat'><strong>8</strong></span> <span class='ocrx_word' id='word_1_700' title='bbox 1879 4948 2072 5004; x_wconf 86' lang='lat' dir='ltr'><strong>collata</strong></span> 
     </span>
    </p>
   </div>
   <div class='ocr_carea' id='block_1_97' title="bbox 474 5017 2069 5092">
    <p class='ocr_par' dir='ltr' id='par_1_97' title="bbox 474 5017 2069 5092">
     <span class='ocr_line' id='line_1_97' title="bbox 474 5017 2069 5092; baseline 0.001 -20"><span class='ocrx_word' id='word_1_701' title='bbox 791 5034 892 5073; x_wconf 89' lang='lat' dir='ltr'><strong>ms.</strong></span> <span class='ocrx_word' id='word_1_702' title='bbox 926 5018 1342 5092; x_wconf 72' lang='lat' dir='ltr'><strong>Salishurgensi.</strong></span> <span class='ocrx_word' id='word_1_703' title='bbox 1384 5018 1559 5092; x_wconf 48' lang='lat' dir='ltr'><strong>(apud</strong></span> <span class='ocrx_word' id='word_1_704' title='bbox 1590 5017 1823 5092; x_wconf 72' lang='lat' dir='ltr'><strong>Froben.</strong></span> <span class='ocrx_word' id='word_1_705' title='bbox 1848 5033 1937 5089; x_wconf 90' lang='lat' dir='ltr'><strong>ep.</strong></span> <span class='ocrx_word' id='word_1_706' title='bbox 1956 5018 2069 5092; x_wconf 68' lang='grc'><strong>75.)</strong></span> 
     </span>
    </p>
   </div>
   <div class='ocr_carea' id='block_1_98' title="bbox 568 5088 2072 5159">
    <p class='ocr_par' dir='ltr' id='par_1_98' title="bbox 568 5088 2072 5159">
     <span class='ocr_line' id='line_1_98' title="bbox 568 5088 2072 5159; baseline 0.002 -19"><span class='ocrx_word' id='word_1_707' title='bbox 568 5089 595 5159; x_wconf 58' lang='grc' dir='ltr'><strong><em>Ρ</em></strong></span> <span class='ocrx_word' id='word_1_708' title='bbox 633 5088 715 5141; x_wconf 80' lang='lat' dir='ltr'><strong>Ad</strong></span> <span class='ocrx_word' id='word_1_709' title='bbox 741 5089 930 5158; x_wconf 82' lang='lat' dir='ltr'><strong>fratres</strong></span> <span class='ocrx_word' id='word_1_710' title='bbox 980 5088 1367 5159; x_wconf 71' lang='lat' dir='ltr'><strong>Lugdunenses.</strong></span> <span class='ocrx_word' id='word_1_711' title='bbox 1396 5088 1604 5143; x_wconf 66' lang='lat' dir='ltr'><strong>insulae</strong></span> <span class='ocrx_word' id='word_1_712' title='bbox 1648 5088 1897 5159; x_wconf 72' lang='lat' dir='ltr'><strong>Barbanu</strong></span> <span class='ocrx_word' id='word_1_713' title='bbox 1920 5131 1936 5154; x_wconf 95' lang='lat'><strong>,</strong></span> <span class='ocrx_word' id='word_1_714' title='bbox 1988 5088 2072 5144; x_wconf 85' lang='lat' dir='ltr'><strong>vel</strong></span> 
     </span>
    </p>
   </div>
   <div class='ocr_carea' id='block_1_99' title="bbox 494 5155 2072 5226">
    <p class='ocr_par' dir='ltr' id='par_1_99' title="bbox 494 5155 2072 5226">
     <span class='ocr_line' id='line_1_99' title="bbox 494 5155 2072 5226; baseline 0.001 -13"><span class='ocrx_word' id='word_1_715' title='bbox 494 5155 899 5213; x_wconf 78' lang='lat' dir='ltr'><strong>Athanacenses</strong></span> <span class='ocrx_word' id='word_1_716' title='bbox 936 5155 1249 5223; x_wconf 74' lang='lat' dir='ltr'><strong>monachos,</strong></span> <span class='ocrx_word' id='word_1_717' title='bbox 1277 5159 1342 5213; x_wconf 88' lang='lat' dir='ltr'><strong>de</strong></span> <span class='ocrx_word' id='word_1_718' title='bbox 1364 5159 1559 5226; x_wconf 89' lang='lat' dir='ltr'><strong>quibus</strong></span> <span class='ocrx_word' id='word_1_719' title='bbox 1596 5161 1704 5213; x_wconf 86' lang='lat' dir='ltr'><strong>vid.</strong></span> <span class='ocrx_word' id='word_1_720' title='bbox 1733 5158 1933 5214; x_wconf 79' lang='lat' dir='ltr'><strong>Mabill.</strong></span> <span class='ocrx_word' id='word_1_721' title='bbox 1962 5158 2072 5214; x_wconf 78' lang='lat' dir='ltr'><strong>An—</strong></span> 
     </span>
    </p>
   </div>
   <div class='ocr_carea' id='block_1_100' title="bbox 496 5226 2071 5301">
    <p class='ocr_par' dir='ltr' id='par_1_100' title="bbox 496 5226 2071 5301">
     <span class='ocr_line' id='line_1_100' title="bbox 496 5226 2071 5301; baseline 0.004 -21"><span class='ocrx_word' id='word_1_722' title='bbox 496 5228 605 5301; x_wconf 70' lang='lat' dir='ltr'><strong>nal.</strong></span> <span class='ocrx_word' id='word_1_723' title='bbox 628 5227 721 5301; x_wconf 74' lang='lat' dir='ltr'><strong>lib.</strong></span> <span class='ocrx_word' id='word_1_724' title='bbox 748 5243 874 5284; x_wconf 77' lang='lat' dir='ltr'><strong>xxvi</strong></span> <span class='ocrx_word' id='word_1_725' title='bbox 901 5269 917 5293; x_wconf 89' lang='lat'><strong>,</strong></span> <span class='ocrx_word' id='word_1_726' title='bbox 962 5244 1109 5301; x_wconf 69' lang='lat' dir='ltr'><strong>unum.</strong></span> <span class='ocrx_word' id='word_1_727' title='bbox 1147 5228 1234 5301; x_wconf 61' lang='grc' dir='ltr'><strong>Ἠ,</strong></span> <span class='ocrx_word' id='word_1_728' title='bbox 1259 5226 1422 5301; x_wconf 78' lang='lat' dir='ltr'><strong>Caret</strong></span> <span class='ocrx_word' id='word_1_729' title='bbox 1438 5229 1658 5301; x_wconf 73' lang='lat' dir='ltr'><strong>quidem</strong></span> <span class='ocrx_word' id='word_1_730' title='bbox 1704 5230 1820 5285; x_wconf 62' lang='lat' dir='ltr'><strong>haec</strong></span> <span class='ocrx_word' id='word_1_731' title='bbox 1846 5229 2071 5301; x_wconf 78' lang='lat' dir='ltr'><strong>epistola</strong></span> 
     </span>
    </p>
   </div>
   <div class='ocr_carea' id='block_1_101' title="bbox 497 5297 2072 5366">
    <p class='ocr_par' dir='ltr' id='par_1_101' title="bbox 497 5297 2072 5366">
     <span class='ocr_line' id='line_1_101' title="bbox 497 5297 2072 5366; baseline 0.001 -14"><span class='ocrx_word' id='word_1_732' title='bbox 497 5297 553 5352; x_wconf 84' lang='lat' dir='ltr'><strong>in</strong></span> <span class='ocrx_word' id='word_1_733' title='bbox 575 5297 761 5354; x_wconf 78' lang='lat' dir='ltr'><strong>codice</strong></span> <span class='ocrx_word' id='word_1_734' title='bbox 784 5312 887 5353; x_wconf 79' lang='lat' dir='ltr'><strong>ms.</strong></span> <span class='ocrx_word' id='word_1_735' title='bbox 929 5300 1074 5353; x_wconf 90' lang='lat' dir='ltr'><strong>omni</strong></span> <span class='ocrx_word' id='word_1_736' title='bbox 1110 5298 1285 5363; x_wconf 88' lang='lat' dir='ltr'><strong>titulo,</strong></span> <span class='ocrx_word' id='word_1_737' title='bbox 1319 5299 1395 5353; x_wconf 90' lang='lat' dir='ltr'><strong>ait</strong></span> <span class='ocrx_word' id='word_1_738' title='bbox 1426 5297 1677 5354; x_wconf 83' lang='lat' dir='ltr'><strong>Canisius</strong></span> <span class='ocrx_word' id='word_1_739' title='bbox 1696 5339 1715 5366; x_wconf 93' lang='lat'><strong>,</strong></span> <span class='ocrx_word' id='word_1_740' title='bbox 1740 5314 1806 5354; x_wconf 79' lang='lat' dir='ltr'><strong>ex</strong></span> <span class='ocrx_word' id='word_1_741' title='bbox 1854 5297 2072 5355; x_wconf 73' lang='lat' dir='ltr'><strong>nomine</strong></span> 
     </span>
    </p>
   </div>
   <div class='ocr_carea' id='block_1_102' title="bbox 498 5366 2071 5440">
    <p class='ocr_par' dir='ltr' id='par_1_102' title="bbox 498 5366 2071 5440">
     <span class='ocr_line' id='line_1_102' title="bbox 498 5366 2071 5440; baseline 0.002 -20"><span class='ocrx_word' id='word_1_742' title='bbox 498 5376 676 5423; x_wconf 87' lang='lat' dir='ltr'><strong>tamen</strong></span> <span class='ocrx_word' id='word_1_743' title='bbox 691 5366 948 5440; x_wconf 18' lang='lat' dir='ltr'><strong>ALaidradi</strong></span> <span class='ocrx_word' id='word_1_744' title='bbox 969 5369 1205 5440; x_wconf 83' lang='lat' dir='ltr'><strong>episcopi</strong></span> <span class='ocrx_word' id='word_1_745' title='bbox 1234 5368 1605 5439; x_wconf 87' lang='lat' dir='ltr'><strong>Lugdunensis</strong></span> <span class='ocrx_word' id='word_1_746' title='bbox 1638 5379 1785 5439; x_wconf 85' lang='lat' dir='ltr'><strong>patet</strong></span> <span class='ocrx_word' id='word_1_747' title='bbox 1812 5373 2071 5439; x_wconf 88' lang='lat' dir='ltr'><strong>scriptam</strong></span> 
     </span>
    </p>
   </div>
   <div class='ocr_carea' id='block_1_103' title="bbox 495 5437 1194 5495">
    <p class='ocr_par' dir='ltr' id='par_1_103' title="bbox 495 5437 1194 5495">
     <span class='ocr_line' id='line_1_103' title="bbox 495 5437 1194 5495; baseline 0.003 -4"><span class='ocrx_word' id='word_1_748' title='bbox 495 5452 617 5492; x_wconf 81' lang='lat' dir='ltr'><strong>esse</strong></span> <span class='ocrx_word' id='word_1_749' title='bbox 637 5438 705 5493; x_wconf 92' lang='lat' dir='ltr'><strong>ad</strong></span> <span class='ocrx_word' id='word_1_750' title='bbox 734 5437 951 5494; x_wconf 89' lang='lat' dir='ltr'><strong>eosdem</strong></span> <span class='ocrx_word' id='word_1_751' title='bbox 979 5437 1194 5495; x_wconf 79' lang='lat' dir='ltr'><strong>fratres.</strong></span> 
     </span>
    </p>
   </div>
   <div class='ocr_carea' id='block_1_104' title="bbox 568 5506 2075 5577">
    <p class='ocr_par' dir='ltr' id='par_1_104' title="bbox 568 5506 2075 5577">
     <span class='ocr_line' id='line_1_104' title="bbox 568 5506 2075 5577; baseline 0.001 -16"><span class='ocrx_word' id='word_1_752' title='bbox 568 5514 592 5546; x_wconf 70' lang='grc' dir='ltr'><strong>ε</strong></span> <span class='ocrx_word' id='word_1_753' title='bbox 634 5506 955 5562; x_wconf 79' lang='lat' dir='ltr'><strong>Laidradnns</strong></span> <span class='ocrx_word' id='word_1_754' title='bbox 984 5508 1222 5563; x_wconf 83' lang='lat' dir='ltr'><strong>electum.</strong></span> <span class='ocrx_word' id='word_1_755' title='bbox 1250 5508 1351 5577; x_wconf 91' lang='lat' dir='ltr'><strong>Qui</strong></span> <span class='ocrx_word' id='word_1_756' title='bbox 1384 5510 1637 5565; x_wconf 90' lang='lat' dir='ltr'><strong>nimirum</strong></span> <span class='ocrx_word' id='word_1_757' title='bbox 1665 5508 1900 5564; x_wconf 88' lang='lat' dir='ltr'><strong>nondum</strong></span> <span class='ocrx_word' id='word_1_758' title='bbox 1932 5508 2075 5563; x_wconf 88' lang='lat' dir='ltr'><strong>ordi-</strong></span> 
     </span>
    </p>
   </div>
   <div class='ocr_carea' id='block_1_105' title="bbox 494 5578 2076 5702">
    <p class='ocr_par' dir='ltr' id='par_1_105' title="bbox 494 5578 2076 5702">
     <span class='ocr_line' id='line_1_105' title="bbox 496 5578 2076 5649; baseline 0.002 -20"><span class='ocrx_word' id='word_1_759' title='bbox 496 5584 658 5631; x_wconf 73' lang='lat' dir='ltr'><strong>natus</strong></span> <span class='ocrx_word' id='word_1_760' title='bbox 675 5586 815 5641; x_wconf 89' lang='lat' dir='ltr'><strong>erat,</strong></span> <span class='ocrx_word' id='word_1_761' title='bbox 845 5592 961 5646; x_wconf 64' lang='lat' dir='ltr'><strong>quas</strong></span> <span class='ocrx_word' id='word_1_762' title='bbox 983 5580 1253 5635; x_wconf 84' lang='lat' dir='ltr'><strong>ordinatio</strong></span> <span class='ocrx_word' id='word_1_763' title='bbox 1272 5580 1504 5649; x_wconf 88' lang='lat' dir='ltr'><strong>primum</strong></span> <span class='ocrx_word' id='word_1_764' title='bbox 1526 5580 1697 5634; x_wconf 85' lang='lat' dir='ltr'><strong>altero</strong></span> <span class='ocrx_word' id='word_1_765' title='bbox 1722 5580 1789 5632; x_wconf 86' lang='lat' dir='ltr'><strong>ab</strong></span> <span class='ocrx_word' id='word_1_766' title='bbox 1813 5578 2076 5645; x_wconf 80' lang='lat' dir='ltr'><strong>electione</strong></span> 
     </span>
     <span class='ocr_line' id='line_1_106' title="bbox 494 5644 1697 5702; baseline 0.002 -5"><span class='ocrx_word' id='word_1_767' title='bbox 494 5658 643 5698; x_wconf 72' lang='lat' dir='ltr'><strong>anno</strong></span> <span class='ocrx_word' id='word_1_768' title='bbox 660 5644 765 5699; x_wconf 70' lang='lat'><strong>799</strong></span> <span class='ocrx_word' id='word_1_769' title='bbox 793 5647 934 5701; x_wconf 84' lang='lat' dir='ltr'><strong>facta</strong></span> <span class='ocrx_word' id='word_1_770' title='bbox 970 5655 1072 5701; x_wconf 85' lang='lat' dir='ltr'><strong>est.</strong></span> <span class='ocrx_word' id='word_1_771' title='bbox 1100 5649 1219 5702; x_wconf 70' lang='lat' dir='ltr'><strong>Viti.</strong></span> <span class='ocrx_word' id='word_1_772' title='bbox 1249 5650 1407 5702; x_wconf 78' lang='lat' dir='ltr'><strong>epist.</strong></span> <span class='ocrx_word' id='word_1_773' title='bbox 1440 5650 1697 5702; x_wconf 79' lang='lat' dir='ltr'><strong>priorem.</strong></span> 
     </span>
    </p>
   </div>
   <div class='ocr_carea' id='block_1_106' title="bbox 1059 5666 1697 5702">
    <p class='ocr_par' dir='ltr' id='par_1_106' title="bbox 1059 5666 1697 5702">
     <span class='ocr_line' id='line_1_107' title="bbox 1059 5666 1697 5702; baseline 0.002 -3"><span class='ocrx_word' id='word_1_774' title='bbox 1059 5685 1072 5699; x_wconf 86' lang='lat'><strong>.</strong></span> <span class='ocrx_word' id='word_1_775' title='bbox 1107 5666 1219 5702; x_wconf 70' lang='grc' dir='ltr'>νιίι.</span> <span class='ocrx_word' id='word_1_776' title='bbox 1249 5666 1407 5702; x_wconf 70' lang='grc' dir='ltr'>ευιει.</span> <span class='ocrx_word' id='word_1_777' title='bbox 1440 5666 1697 5702; x_wconf 76' lang='lat' dir='ltr'><strong>DI&#39;IOI&#39;CID.</strong></span> 
     </span>
    </p>
   </div>
   <div class='ocr_carea' id='block_1_107' title="bbox 570 5662 2078 5781">
    <p class='ocr_par' dir='ltr' id='par_1_107' title="bbox 570 5662 2078 5781">
     <span class='ocr_line' id='line_1_108' title="bbox 573 5662 1697 5718; baseline 0.002 -20"><span class='ocrx_word' id='word_1_778' title='bbox 573 5662 643 5698; x_wconf 89' lang='lat' dir='ltr'><strong>no</strong></span> <span class='ocrx_word' id='word_1_779' title='bbox 664 5662 765 5699; x_wconf 61' lang='lat' dir='ltr'><strong>sua</strong></span> <span class='ocrx_word' id='word_1_780' title='bbox 793 5662 934 5701; x_wconf 82' lang='lat' dir='ltr'><strong>laeta</strong></span> <span class='ocrx_word' id='word_1_781' title='bbox 970 5662 1072 5701; x_wconf 84' lang='lat' dir='ltr'><strong>est.</strong></span> <span class='ocrx_word' id='word_1_782' title='bbox 1105 5662 1219 5702; x_wconf 74' lang='lat' dir='ltr'><strong>vni.</strong></span> <span class='ocrx_word' id='word_1_783' title='bbox 1249 5662 1407 5717; x_wconf 74' lang='lat' dir='ltr'><strong>epist.</strong></span> <span class='ocrx_word' id='word_1_784' title='bbox 1440 5664 1697 5718; x_wconf 72' lang='lat' dir='ltr'><strong>priorem.</strong></span> 
     </span>
     <span class='ocr_line' id='line_1_109' title="bbox 570 5711 2078 5781; baseline 0.002 -12"><span class='ocrx_word' id='word_1_785' title='bbox 570 5711 601 5751; x_wconf 72' lang='grc' dir='ltr'><strong><em>ἀ</em></strong></span> <span class='ocrx_word' id='word_1_786' title='bbox 640 5712 886 5781; x_wconf 75' lang='lat' dir='ltr'><strong>Symbolo</strong></span> <span class='ocrx_word' id='word_1_787' title='bbox 913 5716 1180 5769; x_wconf 76' lang='lat' dir='ltr'><strong>catholica:</strong></span> <span class='ocrx_word' id='word_1_788' title='bbox 1225 5717 1373 5781; x_wconf 73' lang='lat' dir='ltr'><strong>ﬁdei.</strong></span> <span class='ocrx_word' id='word_1_789' title='bbox 1406 5718 1652 5771; x_wconf 71' lang='lat' dir='ltr'><strong>Curtisius</strong></span> <span class='ocrx_word' id='word_1_790' title='bbox 1680 5718 1793 5770; x_wconf 66' lang='lat' dir='ltr'><strong>haec</strong></span> <span class='ocrx_word' id='word_1_791' title='bbox 1813 5726 1867 5771; x_wconf 89' lang='lat' dir='ltr'><strong>et</strong></span> <span class='ocrx_word' id='word_1_792' title='bbox 1894 5718 2078 5772; x_wconf 78' lang='lat' dir='ltr'><strong>subse-</strong></span> 
     </span>
    </p>
   </div>
   <div class='ocr_carea' id='block_1_108' title="bbox 500 5782 2079 5852">
    <p class='ocr_par' dir='ltr' id='par_1_108' title="bbox 500 5782 2079 5852">
     <span class='ocr_line' id='line_1_110' title="bbox 500 5782 2079 5852; baseline 0.004 -18"><span class='ocrx_word' id='word_1_793' title='bbox 500 5784 714 5852; x_wconf 63' lang='lat' dir='ltr'><strong>quentia</strong></span> <span class='ocrx_word' id='word_1_794' title='bbox 761 5784 917 5836; x_wconf 84' lang='lat' dir='ltr'><strong>verba</strong></span> <span class='ocrx_word' id='word_1_795' title='bbox 949 5784 1329 5849; x_wconf 69' lang='lat' dir='ltr'><strong>interpretatur</strong></span> <span class='ocrx_word' id='word_1_796' title='bbox 1377 5785 1441 5838; x_wconf 87' lang='lat' dir='ltr'><strong>de</strong></span> <span class='ocrx_word' id='word_1_797' title='bbox 1470 5786 1740 5837; x_wconf 83' lang='lat' dir='ltr'><strong>additionc</strong></span> <span class='ocrx_word' id='word_1_798' title='bbox 1770 5786 1954 5840; x_wconf 86' lang='lat' dir='ltr'><strong>vocis:</strong></span> <span class='ocrx_word' id='word_1_799' title='bbox 1988 5782 2079 5840; x_wconf 65' lang='lat' dir='ltr'><strong>Fi-</strong></span> 
     </span>
    </p>
   </div>
   <div class='ocr_carea' id='block_1_109' title="bbox 2176 4645 3761 4717">
    <p class='ocr_par' dir='ltr' id='par_1_109' title="bbox 2176 4645 3761 4717">
     <span class='ocr_line' id='line_1_111' title="bbox 2176 4645 3761 4717; baseline -0.005 -9"><span class='ocrx_word' id='word_1_800' title='bbox 2176 4654 2279 4708; x_wconf 89' lang='lat' dir='ltr'><strong>bus</strong></span> <span class='ocrx_word' id='word_1_801' title='bbox 2305 4650 2636 4706; x_wconf 74' lang='lat' dir='ltr'><strong>sufﬁcienter</strong></span> <span class='ocrx_word' id='word_1_802' title='bbox 2657 4651 2857 4705; x_wconf 86' lang='lat' dir='ltr'><strong>dictum</strong></span> <span class='ocrx_word' id='word_1_803' title='bbox 2904 4649 3153 4712; x_wconf 85' lang='lat' dir='ltr'><strong>habetis;</strong></span> <span class='ocrx_word' id='word_1_804' title='bbox 3192 4649 3296 4703; x_wconf 86' lang='lat' dir='ltr'><strong>nisi</strong></span> <span class='ocrx_word' id='word_1_805' title='bbox 3323 4648 3466 4717; x_wconf 88' lang='lat' dir='ltr'><strong>quod</strong></span> <span class='ocrx_word' id='word_1_806' title='bbox 3492 4646 3583 4716; x_wconf 88' lang='lat' dir='ltr'><strong>qui</strong></span> <span class='ocrx_word' id='word_1_807' title='bbox 3606 4645 3761 4700; x_wconf 75' lang='lat' dir='ltr'><strong>illum</strong></span> 
     </span>
    </p>
   </div>
   <div class='ocr_carea' id='block_1_110' title="bbox 2178 4734 3767 4812">
    <p class='ocr_par' dir='ltr' id='par_1_110' title="bbox 2178 4734 3767 4812">
     <span class='ocr_line' id='line_1_112' title="bbox 2178 4734 3767 4812; baseline -0.003 -16"><span class='ocrx_word' id='word_1_808' title='bbox 2178 4741 2486 4812; x_wconf 86' lang='lat' dir='ltr'><strong>adoptivum</strong></span> <span class='ocrx_word' id='word_1_809' title='bbox 2526 4740 2634 4794; x_wconf 87' lang='lat' dir='ltr'><strong>Deo</strong></span> <span class='ocrx_word' id='word_1_810' title='bbox 2673 4739 2821 4794; x_wconf 83' lang='lat' dir='ltr'><strong>Patri</strong></span> <span class='ocrx_word' id='word_1_811' title='bbox 2852 4753 2973 4794; x_wconf 87' lang='lat' dir='ltr'><strong>esse</strong></span> <span class='ocrx_word' id='word_1_812' title='bbox 3006 4739 3199 4803; x_wconf 73' lang='lat' dir='ltr'><strong>credit,</strong></span> <span class='ocrx_word' id='word_1_813' title='bbox 3227 4754 3325 4809; x_wconf 86' lang='lat' dir='ltr'><strong>per</strong></span> <span class='ocrx_word' id='word_1_814' title='bbox 3351 4737 3498 4792; x_wconf 88' lang='lat' dir='ltr'><strong>illum</strong></span> <span class='ocrx_word' id='word_1_815' title='bbox 3527 4734 3636 4791; x_wconf 86' lang='lat' dir='ltr'><strong>Deo</strong></span> <span class='ocrx_word' id='word_1_816' title='bbox 3661 4735 3767 4791; x_wconf 77' lang='lat' dir='ltr'><strong>Pu-</strong></span> 
     </span>
    </p>
   </div>
   <div class='ocr_carea' id='block_1_111' title="bbox 2178 4828 3143 4901">
    <p class='ocr_par' dir='ltr' id='par_1_111' title="bbox 2178 4828 3143 4901">
     <span class='ocr_line' id='line_1_113' title="bbox 2178 4828 3143 4901; baseline -0.006 -14"><span class='ocrx_word' id='word_1_817' title='bbox 2178 4834 2248 4887; x_wconf 89' lang='lat' dir='ltr'><strong>tri</strong></span> <span class='ocrx_word' id='word_1_818' title='bbox 2279 4831 2559 4901; x_wconf 85' lang='lat' dir='ltr'><strong>adoptivus</strong></span> <span class='ocrx_word' id='word_1_819' title='bbox 2579 4844 2700 4886; x_wconf 87' lang='lat' dir='ltr'><strong>esse</strong></span> <span class='ocrx_word' id='word_1_820' title='bbox 2728 4845 2832 4885; x_wconf 92' lang='lat' dir='ltr'><strong>non</strong></span> <span class='ocrx_word' id='word_1_821' title='bbox 2858 4828 3143 4884; x_wconf 76' lang='lat' dir='ltr'><strong>creditur?</strong></span> 
     </span>
    </p>
   </div>
   <div class='ocr_carea' id='block_1_112' title="bbox 2178 4959 3764 5034">
    <p class='ocr_par' dir='ltr' id='par_1_112' title="bbox 2178 4959 3764 5034">
     <span class='ocr_line' id='line_1_114' title="bbox 2178 4959 3764 5034; baseline -0.001 -17"><span class='ocrx_word' id='word_1_822' title='bbox 2178 4963 2367 5034; x_wconf 85' lang='lat' dir='ltr'><strong>lioque,</strong></span> <span class='ocrx_word' id='word_1_823' title='bbox 2395 4963 2460 5018; x_wconf 89' lang='lat' dir='ltr'><strong>de</strong></span> <span class='ocrx_word' id='word_1_824' title='bbox 2484 4979 2591 5034; x_wconf 87' lang='lat' dir='ltr'><strong>qua</strong></span> <span class='ocrx_word' id='word_1_825' title='bbox 2618 4974 2745 5019; x_wconf 90' lang='lat' dir='ltr'><strong>tunc</strong></span> <span class='ocrx_word' id='word_1_826' title='bbox 2774 4963 3034 5034; x_wconf 84' lang='lat' dir='ltr'><strong>temporis</strong></span> <span class='ocrx_word' id='word_1_827' title='bbox 3077 4961 3493 5034; x_wconf 81' lang='lat' dir='ltr'><strong>disceptabatur.</strong></span> <span class='ocrx_word' id='word_1_828' title='bbox 3523 4959 3651 5034; x_wconf 70' lang='lat' dir='ltr'><strong>Mihi</strong></span> <span class='ocrx_word' id='word_1_829' title='bbox 3680 4970 3764 5017; x_wconf 84' lang='lat' dir='ltr'><strong>ta-</strong></span> 
     </span>
    </p>
   </div>
   <div class='ocr_carea' id='block_1_113' title="bbox 2176 5028 3764 5100">
    <p class='ocr_par' dir='ltr' id='par_1_113' title="bbox 2176 5028 3764 5100">
     <span class='ocr_line' id='line_1_115' title="bbox 2176 5028 3764 5100; baseline -0.001 -13"><span class='ocrx_word' id='word_1_830' title='bbox 2176 5028 2299 5087; x_wconf 79' lang='lat' dir='ltr'><strong>men</strong></span> <span class='ocrx_word' id='word_1_831' title='bbox 2325 5028 2683 5089; x_wconf 71' lang='lat' dir='ltr'><strong>verosiinilius</strong></span> <span class='ocrx_word' id='word_1_832' title='bbox 2702 5028 2914 5088; x_wconf 77' lang='lat' dir='ltr'><strong>videtur</strong></span> <span class='ocrx_word' id='word_1_833' title='bbox 2946 5028 3242 5086; x_wconf 71' lang='lat' dir='ltr'><strong>Alcuinum</strong></span> <span class='ocrx_word' id='word_1_834' title='bbox 3258 5032 3346 5087; x_wconf 91' lang='lat' dir='ltr'><strong>hic</strong></span> <span class='ocrx_word' id='word_1_835' title='bbox 3370 5031 3540 5085; x_wconf 88' lang='lat' dir='ltr'><strong>solum</strong></span> <span class='ocrx_word' id='word_1_836' title='bbox 3568 5028 3764 5100; x_wconf 51' lang='lat' dir='ltr'><strong>Hispo.</strong></span> 
     </span>
    </p>
   </div>
   <div class='ocr_carea' id='block_1_114' title="bbox 2177 5100 3761 5174">
    <p class='ocr_par' dir='ltr' id='par_1_114' title="bbox 2177 5100 3761 5174">
     <span class='ocr_line' id='line_1_116' title="bbox 2177 5100 3761 5174; baseline -0.004 -17"><span class='ocrx_word' id='word_1_837' title='bbox 2177 5104 2282 5157; x_wconf 87' lang='lat' dir='ltr'><strong>nici</strong></span> <span class='ocrx_word' id='word_1_838' title='bbox 2307 5106 2499 5174; x_wconf 79' lang='lat' dir='ltr'><strong>erroris</strong></span> <span class='ocrx_word' id='word_1_839' title='bbox 2536 5114 2702 5174; x_wconf 82' lang='lat' dir='ltr'><strong>sectas</strong></span> <span class='ocrx_word' id='word_1_840' title='bbox 2738 5102 3171 5174; x_wconf 62' lang='grc' dir='ltr'><strong>ιεριὊικιιιιιΊιιιιΔ</strong></span> <span class='ocrx_word' id='word_1_841' title='bbox 3196 5101 3402 5174; x_wconf 82' lang='lat' dir='ltr'><strong>hortari</strong></span> <span class='ocrx_word' id='word_1_842' title='bbox 3436 5100 3761 5174; x_wconf 48' lang='lat' dir='ltr'><strong>Lugduncug</strong></span> 
     </span>
    </p>
   </div>
   <div class='ocr_carea' id='block_1_115' title="bbox 2177 5170 3765 5245">
    <p class='ocr_par' dir='ltr' id='par_1_115' title="bbox 2177 5170 3765 5245">
     <span class='ocr_line' id='line_1_117' title="bbox 2177 5170 3765 5245; baseline -0.006 -16"><span class='ocrx_word' id='word_1_843' title='bbox 2177 5187 2284 5245; x_wconf 77' lang='lat' dir='ltr'><strong>ses,</strong></span> <span class='ocrx_word' id='word_1_844' title='bbox 2307 5188 2375 5228; x_wconf 90' lang='lat' dir='ltr'><strong>ne</strong></span> <span class='ocrx_word' id='word_1_845' title='bbox 2395 5172 2649 5245; x_wconf 80' lang='lat' dir='ltr'><strong>Symbolo</strong></span> <span class='ocrx_word' id='word_1_846' title='bbox 2683 5170 2822 5245; x_wconf 79' lang='lat' dir='ltr'><strong>nova</strong></span> <span class='ocrx_word' id='word_1_847' title='bbox 2852 5173 3073 5245; x_wconf 74' lang='lat' dir='ltr'><strong>nomina</strong></span> <span class='ocrx_word' id='word_1_848' title='bbox 3102 5170 3371 5245; x_wconf 74' lang='lat' dir='ltr'><strong>adoptivi,</strong></span> <span class='ocrx_word' id='word_1_849' title='bbox 3404 5170 3765 5245; x_wconf 52' lang='lat' dir='ltr'><strong>nuncupatis;</strong></span> 
     </span>
    </p>
   </div>
   <div class='ocr_carea' id='block_1_116' title="bbox 2176 5190 3768 5319">
    <p class='ocr_par' dir='ltr' id='par_1_116' title="bbox 2176 5190 3768 5319">
     <span class='ocr_line' id='line_1_118' title="bbox 2177 5190 3764 5297; baseline -0.004 -70"><span class='ocrx_word' id='word_1_850' title='bbox 2177 5190 2284 5237; x_wconf 87' lang='lat' dir='ltr'><strong>ses,</strong></span> <span class='ocrx_word' id='word_1_851' title='bbox 2307 5190 2375 5228; x_wconf 91' lang='lat' dir='ltr'><strong>nc</strong></span> <span class='ocrx_word' id='word_1_852' title='bbox 2396 5190 2649 5245; x_wconf 72' lang='lat' dir='ltr'><strong>aymuoto</strong></span> <span class='ocrx_word' id='word_1_853' title='bbox 2683 5190 2822 5229; x_wconf 89' lang='lat' dir='ltr'><strong>nova</strong></span> <span class='ocrx_word' id='word_1_854' title='bbox 2852 5190 3073 5228; x_wconf 78' lang='lat' dir='ltr'><strong>nomina</strong></span> <span class='ocrx_word' id='word_1_855' title='bbox 3102 5190 3328 5297; x_wconf 49' lang='lat' dir='ltr'><strong>uomunt</strong></span> <span class='ocrx_word' id='word_1_856' title='bbox 3355 5212 3371 5233; x_wconf 92' lang='lat'><strong>,</strong></span> <span class='ocrx_word' id='word_1_857' title='bbox 3428 5190 3764 5248; x_wconf 49' lang='lat' dir='ltr'><strong>nuncupatas:</strong></span> 
     </span>
     <span class='ocr_line' id='line_1_119' title="bbox 2176 5236 3768 5319; baseline -0.003 -23"><span class='ocrx_word' id='word_1_858' title='bbox 2176 5243 2395 5319; x_wconf 67' lang='lat' dir='ltr'><strong>addant,</strong></span> <span class='ocrx_word' id='word_1_859' title='bbox 2420 5250 2513 5319; x_wconf 75' lang='lat' dir='ltr'><strong>aut</strong></span> <span class='ocrx_word' id='word_1_860' title='bbox 2540 5242 2810 5319; x_wconf 73' lang='lat' dir='ltr'><strong>inauditas</strong></span> <span class='ocrx_word' id='word_1_861' title='bbox 2840 5242 3159 5319; x_wconf 73' lang='lat' dir='ltr'><strong>traditiones</strong></span> <span class='ocrx_word' id='word_1_862' title='bbox 3269 5241 3381 5319; x_wconf 76' lang='lat' dir='ltr'><strong>sale</strong></span> <span class='ocrx_word' id='word_1_863' title='bbox 3404 5240 3470 5319; x_wconf 87' lang='lat' dir='ltr'><strong>in_</strong></span> <span class='ocrx_word' id='word_1_864' title='bbox 3492 5236 3768 5319; x_wconf 76' lang='lat' dir='ltr'><strong>sacriﬁch</strong></span> 
     </span>
    </p>
   </div>
   <div class='ocr_carea' id='block_1_117' title="bbox 2176 5310 3766 5375">
    <p class='ocr_par' dir='ltr' id='par_1_117' title="bbox 2176 5310 3766 5375">
     <span class='ocr_line' id='line_1_120' title="bbox 2176 5310 3766 5375; baseline -0.002 -10"><span class='ocrx_word' id='word_1_865' title='bbox 2176 5311 2503 5375; x_wconf 87' lang='lat' dir='ltr'><strong>adhibendo,</strong></span> <span class='ocrx_word' id='word_1_866' title='bbox 2533 5310 2598 5365; x_wconf 90' lang='lat' dir='ltr'><strong>de</strong></span> <span class='ocrx_word' id='word_1_867' title='bbox 2622 5311 2915 5367; x_wconf 86' lang='lat' dir='ltr'><strong>omissione</strong></span> <span class='ocrx_word' id='word_1_868' title='bbox 2954 5312 3109 5367; x_wconf 67' lang='lat' dir='ltr'><strong>trium</strong></span> <span class='ocrx_word' id='word_1_869' title='bbox 3140 5310 3521 5375; x_wconf 86' lang='lat' dir='ltr'><strong>immersionis,</strong></span> <span class='ocrx_word' id='word_1_870' title='bbox 3552 5316 3684 5372; x_wconf 89' lang='lat' dir='ltr'><strong>etc.,</strong></span> <span class='ocrx_word' id='word_1_871' title='bbox 3712 5310 3766 5362; x_wconf 86' lang='lat' dir='ltr'><strong>iu</strong></span> 
     </span>
    </p>
   </div>
   <div class='ocr_carea' id='block_1_118' title="bbox 2179 5381 2648 5436">
    <p class='ocr_par' dir='ltr' id='par_1_118' title="bbox 2179 5381 2648 5436">
     <span class='ocr_line' id='line_1_121' title="bbox 2179 5381 2648 5436; baseline -0.002 -1"><span class='ocrx_word' id='word_1_872' title='bbox 2179 5396 2333 5436; x_wconf 88' lang='lat' dir='ltr'><strong>usum</strong></span> <span class='ocrx_word' id='word_1_873' title='bbox 2361 5381 2648 5436; x_wconf 85' lang='lat' dir='ltr'><strong>deducant.</strong></span> 
     </span>
    </p>
   </div>
   <div class='ocr_carea' id='block_1_119' title="bbox 2252 5449 3769 5521">
    <p class='ocr_par' dir='ltr' id='par_1_119' title="bbox 2252 5449 3769 5521">
     <span class='ocr_line' id='line_1_122' title="bbox 2252 5449 3769 5521; baseline -0.001 -18"><span class='ocrx_word' id='word_1_874' title='bbox 2252 5462 2281 5521; x_wconf 73' lang='lat'><strong>-_</strong></span> <span class='ocrx_word' id='word_1_875' title='bbox 2314 5449 2400 5521; x_wconf 54' lang='grc' dir='ltr'><strong>ἕως</strong></span> <span class='ocrx_word' id='word_1_876' title='bbox 2428 5451 2736 5521; x_wconf 73' lang='lat' dir='ltr'><strong>auctoritate</strong></span> <span class='ocrx_word' id='word_1_877' title='bbox 2776 5449 3146 5521; x_wconf 76' lang='lat' dir='ltr'><strong>synodali.Ex</strong></span> <span class='ocrx_word' id='word_1_878' title='bbox 3191 5450 3328 5521; x_wconf 81' lang='lat' dir='ltr'><strong>actis</strong></span> <span class='ocrx_word' id='word_1_879' title='bbox 3354 5449 3611 5521; x_wconf 77' lang='lat' dir='ltr'><strong>nimirum</strong></span> <span class='ocrx_word' id='word_1_880' title='bbox 3635 5462 3769 5521; x_wconf 59' lang='lat' dir='ltr'><strong>eone</strong></span> 
     </span>
    </p>
   </div>
   <div class='ocr_carea' id='block_1_120' title="bbox 2178 5517 3769 5586">
    <p class='ocr_par' dir='ltr' id='par_1_120' title="bbox 2178 5517 3769 5586">
     <span class='ocr_line' id='line_1_123' title="bbox 2178 5517 3769 5586; baseline -0.001 -13"><span class='ocrx_word' id='word_1_881' title='bbox 2178 5518 2287 5574; x_wconf 90' lang='lat' dir='ltr'><strong>cilii</strong></span> <span class='ocrx_word' id='word_1_882' title='bbox 2314 5517 2823 5577; x_wconf 57' lang='lat' dir='ltr'><strong>Francofordicnsis&#39;</strong></span> <span class='ocrx_word' id='word_1_883' title='bbox 2857 5519 2982 5576; x_wconf 89' lang='lat' dir='ltr'><strong>anni</strong></span> <span class='ocrx_word' id='word_1_884' title='bbox 3015 5520 3118 5576; x_wconf 66' lang='lat'><strong>794</strong></span> <span class='ocrx_word' id='word_1_885' title='bbox 3148 5520 3231 5575; x_wconf 90' lang='lat' dir='ltr'><strong>vel</strong></span> <span class='ocrx_word' id='word_1_886' title='bbox 3289 5517 3536 5575; x_wconf 86' lang='lat' dir='ltr'><strong>fortassis</strong></span> <span class='ocrx_word' id='word_1_887' title='bbox 3564 5517 3769 5586; x_wconf 52' lang='lat' dir='ltr'><strong>Aquis-7</strong></span> 
     </span>
    </p>
   </div>
   <div class='ocr_carea' id='block_1_121' title="bbox 2216 5585 3768 5657">
    <p class='ocr_par' dir='ltr' id='par_1_121' title="bbox 2216 5585 3768 5657">
     <span class='ocr_line' id='line_1_124' title="bbox 2216 5585 3768 5657; baseline 0 -16"><span class='ocrx_word' id='word_1_888' title='bbox 2216 5587 2460 5643; x_wconf 87' lang='lat' dir='ltr'><strong>rancnsis</strong></span> <span class='ocrx_word' id='word_1_889' title='bbox 2492 5591 2617 5644; x_wconf 88' lang='lat' dir='ltr'><strong>anni</strong></span> <span class='ocrx_word' id='word_1_890' title='bbox 2644 5589 2765 5647; x_wconf 84' lang='lat'><strong>799.</strong></span> <span class='ocrx_word' id='word_1_891' title='bbox 2800 5590 2897 5647; x_wconf 92' lang='lat' dir='ltr'><strong>Cui</strong></span> <span class='ocrx_word' id='word_1_892' title='bbox 2926 5599 3107 5647; x_wconf 88' lang='lat' dir='ltr'><strong>tamen</strong></span> <span class='ocrx_word' id='word_1_893' title='bbox 3139 5592 3354 5647; x_wconf 88' lang='lat' dir='ltr'><strong>obstare</strong></span> <span class='ocrx_word' id='word_1_894' title='bbox 3378 5589 3590 5645; x_wconf 89' lang='lat' dir='ltr'><strong>videtur</strong></span> <span class='ocrx_word' id='word_1_895' title='bbox 3621 5585 3768 5657; x_wconf 64' lang='lat' dir='ltr'><strong>Quod</strong></span> 
     </span>
    </p>
   </div>
   <div class='ocr_carea' id='block_1_122' title="bbox 2201 5657 3768 5732">
    <p class='ocr_par' dir='ltr' id='par_1_122' title="bbox 2201 5657 3768 5732">
     <span class='ocr_line' id='line_1_125' title="bbox 2201 5657 3768 5732; baseline -0.002 -18"><span class='ocrx_word' id='word_1_896' title='bbox 2201 5658 2480 5732; x_wconf 63' lang='lat' dir='ltr'><strong>.aidradus</strong></span> <span class='ocrx_word' id='word_1_897' title='bbox 2504 5659 2592 5716; x_wconf 91' lang='lat' dir='ltr'><strong>hic</strong></span> <span class='ocrx_word' id='word_1_898' title='bbox 2613 5660 2799 5717; x_wconf 79' lang='lat' dir='ltr'><strong>electus</strong></span> <span class='ocrx_word' id='word_1_899' title='bbox 2819 5669 3064 5727; x_wconf 86' lang='lat' dir='ltr'><strong>vocetur,</strong></span> <span class='ocrx_word' id='word_1_900' title='bbox 3091 5662 3183 5732; x_wconf 90' lang='lat' dir='ltr'><strong>qui</strong></span> <span class='ocrx_word' id='word_1_901' title='bbox 3209 5661 3311 5716; x_wconf 87' lang='lat' dir='ltr'><strong>hoc.</strong></span> <span class='ocrx_word' id='word_1_902' title='bbox 3349 5675 3489 5715; x_wconf 88' lang='lat' dir='ltr'><strong>anno</strong></span> <span class='ocrx_word' id='word_1_903' title='bbox 3516 5658 3626 5731; x_wconf 83' lang='lat' dir='ltr'><strong>jam</strong></span> <span class='ocrx_word' id='word_1_904' title='bbox 3652 5657 3768 5715; x_wconf 68' lang='lat' dir='ltr'><strong>fue-</strong></span> 
     </span>
    </p>
   </div>
   <div class='ocr_carea' id='block_1_123' title="bbox 2183 5728 2652 5788">
    <p class='ocr_par' dir='ltr' id='par_1_123' title="bbox 2183 5728 2652 5788">
     <span class='ocr_line' id='line_1_126' title="bbox 2183 5728 2652 5788; baseline 0.002 -4"><span class='ocrx_word' id='word_1_905' title='bbox 2183 5739 2267 5785; x_wconf 85' lang='lat' dir='ltr'><strong>rat</strong></span> <span class='ocrx_word' id='word_1_906' title='bbox 2287 5728 2652 5788; x_wconf 83' lang='lat' dir='ltr'><strong>conﬁrmatus.</strong></span> 
     </span>
    </p>
   </div>
  </div>
