4070 6182
252 279 358 337 Ξ89

1689 271 2064 327 Εριετοιε.

3429 277 3534 332 290

318 389 646 448 Audivimus
684 401 900 458 quoque
948 385 1157 457 aliquos
1195 385 1250 441 in
1284 383 1386 440 illis
1420 384 1662 456 partibus
1703 385 1844 438 aﬁir—
1871 391 1918 448 Α
1947 383 2089 438 dam.
2118 382 2343 438 Videtur
2367 383 2508 438 enim
2533 382 2821 454 Apostolus
2843 383 2966 440 huic
3003 385 3364 444 observationi
3411 369 3534 449 esse

250 499 421 549 mare,
457 481 624 537 salem
653 493 775 534 esse
798 479 851 532 in
881 476 1210 533 sacriﬁcium
1237 475 1478 546 corporis
1505 474 1708 530 Christi
1729 474 1854 528 mit-

249 574 496 630 tendum.
525 586 550 613 ι
582 570 756 639 Quam
793 568 1240 624 consuetudinem
1280 581 1378 622 nec
1415 565 1739 621 universalis
1759 564 1854 618 ob-

247 672 432 720 servat
457 661 719 726 Ecclesia,
749 675 849 714 nec
869 659 1114 712 Romana
1143 659 1376 713 custodit
1392 657 1704 712 auctoritas.
1726 655 1862 709 Tres.

248 766 386 816 sunt,
407 753 567 826 juxta
590 751 894 821 apostolum
917 749 1200 815 Joannem,
1217 751 1306 820 qui
1327 749 1680 802 testimonium
1699 747 1847 810 dant,

249 847 470 919 spiritus
506 844 598 918 (et)
627 861 762 915 aqua
785 852 834 896 et
877 844 1092 912 sanguis
1117 841 1170 911 (Ι
1191 841 1350 895 Joan.
1377 858 1432 905 v,
1456 840 1532 910 8).
1559 840 1683 894 Tria
1726 846 1851 896 sunt

251 955 368 1011 quae
393 938 454 994 in
503 935 775 993 sacriﬁcio
821 931 980 1000 hujus
1036 932 1328 986 testimonii
1375 930 1646 986 oﬁ‘erenda
1688 938 1846 986 sunt:

247 1030 426 1102 panis,
452 1039 506 1086 et
532 1045 668 1098 aqua
697 1035 751 1082 et
785 1026 993 1080 vinum.
1019 1023 1172 1078 Sicut
1199 1025 1342 1078 enim
1365 1022 1587 1091 spiritus
1611 1020 1849 1074 viviﬁcat

251 1133 451 1190 corpus
471 1119 652 1188 (Joan.
683 1133 758 1181 vi,
790 1114 904 1188 64),
941 1114 1014 1167 ita
1050 1113 1205 1182 panis
1233 1113 1512 1166 conﬁrmat
1540 1126 1637 1166 cor
1677 1110 1849 1165 homi-

253 1211 353 1266 nis.
382 1207 543 1264 Sicut
570 1207 714 1261 enim
752 1204 1015 1275 sanguine
1059 1201 1307 1256 liberavit
1350 1217 1448 1256 nos
1472 1199 1737 1265 Christus,
1770 1199 1846 1253 ita

251 1308 304 1356 et
325 1299 461 1354 vino
489 1297 746 1353 laetiﬁcat.
785 1295 917 1350 Item
947 1296 1012 1348 de
1039 1307 1206 1361 aqua:
1250 1289 1352 1356 Qui
1379 1291 1561 1344 biberit
1596 1307 1661 1344 ea:
1682 1307 1844 1360 aqua,

251 1404 408 1462 quam
437 1405 543 1459 ego
568 1386 704 1440 dabo
727 1387 794 1450 ei,
827 1401 931 1438 non
977 1383 1112 1437 sitiet
1151 1383 1204 1434 in
1246 1390 1496 1435 teternum
1537 1379 1718 1450 (Joan.
1767 1396 1844 1446 tv,

256 1479 369 1551 i3).
401 1478 495 1534 Sic.
523 1475 679 1550 (Cod.
711 1475 827 1531 Sat.
849 1516 861 1540 ,
891 1472 1118 1544 scilicet]
1141 1481 1196 1526 et
1221 1472 1393 1541 panis,
1440 1472 1531 1540 qui
1572 1471 1627 1526 in
1655 1487 1848 1542 corpus

253 1569 454 1626 Christi
489 1575 860 1630 consecratur,
891 1569 1090 1634 absque
1126 1565 1391 1618 fermento
1436 1561 1599 1617 ullius
1625 1563 1848 1619 alterius

255 1659 584 1723 infectionis,
610 1658 770 1714 debet
788 1672 907 1712 esse
931 1655 1344 1718 mundissimus;
1375 1660 1431 1708 et
1473 1668 1612 1722 aqua
1643 1653 1845 1722 absque
1869 1701 1872 1704 .

1952 475 2256 530 contrarius
2290 475 2346 529 in
2374 490 2440 531 eo
2484 475 2628 541 loco,
2654 476 2744 530 ubi
2772 477 2880 532 ait:
2908 476 3204 552 Consepulti
3229 481 3367 536 enim
3413 483 3536 538 estis

1949 566 2004 620 in
2035 565 2241 620 Christo
2278 582 2369 632 per
2398 565 2705 637 baptismum
2734 566 2912 638 (Rom.
2945 584 2997 624 vi
3015 610 3028 632 ,
3055 568 3131 639 4).
3158 569 3372 628 Scimus
3389 572 3535 630 enim

1951 652 2244 718 Christum,
2268 655 2392 710 licet
2416 657 2519 710 hoc
2567 658 2958 728 synecdochice
2997 660 3067 714 sit
3110 661 3534 732 intelligendum,

1951 753 2063 800 tres
2082 746 2199 800 dies
2220 754 2276 800 et
2301 755 2411 802 tres
2431 757 2618 803 noctes
2637 749 2692 803 in
2712 750 2958 818 sepulcro
2980 751 3159 817 fuisse,
3190 755 3304 822 ipso
3323 756 3536 812 dicente

1949 836 2018 891 ad
2039 835 2277 891 Judazos:
2321 835 2468 892 Sicut
2491 837 2590 906 fuit
2617 839 2785 893 Jonas
2820 841 2872 892 iu
2902 849 3076 894 ventre
3103 843 3200 895 ceti
3237 845 3404 898 tribus
3425 844 3535 898 die-

1950 928 2043 981 bus
2072 936 2120 981 et
2141 928 2304 982 tribus
2336 929 2593 994 noctibus,
2639 931 2714 983 sic
2738 931 2834 984 erit
2884 942 2932 984 et
2988 930 3160 986 Filius
3209 935 3432 989 hominis
3479 938 3535 991 iu

1948 1017 2102 1070 corde
2129 1026 2283 1072 terra:
2310 1017 2476 1072 tribus
2522 1019 2702 1072 diebus
2739 1028 2785 1073 et
2813 1021 2979 1074 tribus
3027 1023 3262 1078 noctibus
3316 1026 3534 1096 (Matth.

1949 1122 2049 1170 xu,
2085 1106 2200 1178 40).
2229 1107 2257 1147 ι)
2285 1107 2514 1162 Possunt
2554 1117 2667 1163 tres
2690 1118 2874 1164 noctes
2925 1119 3036 1166 tres
3085 1114 3411 1179 mersioncs,
3460 1115 3538 1185 [et

1947 1204 2060 1252 tres
2079 1196 2216 1269 dies]
2240 1206 2350 1253 tres
2372 1197 2704 1254 elevationes
2751 1200 3052 1271 designare.
3100 1201 3251 1258 Sicut
3287 1203 3538 1260 Christus

1947 1288 2107 1342 tertia
2136 1288 2222 1342 die
2273 1289 2591 1353 resurrexit,
2617 1288 2692 1342 ita
2737 1297 2789 1343 et
2830 1305 2927 1345 nos
2973 1293 3134 1347 tertio
3157 1293 3242 1349 die
3284 1294 3352 1349 de
3391 1295 3537 1351 fonte

1949 1375 2126 1432 vitalis
2151 1376 2349 1432 lavacri
2376 1376 2566 1431 elevati
2585 1417 2599 1440 ,
2629 1377 2685 1431 in
2708 1379 2946 1434 novitate
2974 1380 3097 1435 vitae
3125 1397 3245 1436 cum
3278 1383 3372 1438 illo
3419 1399 3536 1442 am-

1947 1470 2196 1525 bulemus
2224 1468 2408 1541 (Rom.
2431 1485 2506 1536 vr,
2546 1469 2624 1540 4).
2651 1469 2904 1539 Legimus
2931 1480 2986 1526 et
3021 1473 3076 1527 in
3113 1474 3336 1542 epistola
3363 1478 3536 1532 sancti

1947 1574 2097 1631 papa:
2128 1559 2342 1624 Leonis,
2379 1575 2542 1629 quam
2591 1559 2659 1615 de
2682 1560 2956 1629 baptismo.
3001 1561 3070 1616 ad
3105 1579 3294 1620 omnes
3340 1564 3537 1622 Sicilia:

1948 1653 2268 1722 conscripsit
2295 1654 2598 1721 episcopos,
2621 1651 2712 1706 ubi
2751 1661 2874 1720 post
2898 1667 3192 1724 congruam
3222 1656 3537 1725 disputatio.

254 1752 399 1805 omni
426 1749 588 1805 sorde
613 1747 922 1818 purissima,
948 1754 1003 1801 et
1027 1745 1211 1799 vinum
1259 1746 1464 1814 absque
1501 1743 1646 1799 omni
1695 1757 1848 1799 com-
1875 1738 1920 1798 Β
1945 1741 2030 1796 nis
2067 1743 2284 1808 seriem,
2316 1744 2391 1796 ita
2430 1741 2947 1811 subjunxitdicens:
2982 1763 3000 1795 ε
3032 1744 3289 1811 Quamvis
3325 1763 3456 1820 ergo
3483 1757 3538 1805 et

256 1843 510 1899 mistione
559 1841 784 1896 alterius
832 1839 1058 1908 liquoris
1125 1837 1252 1908 [nisi
1304 1835 1479 1909 aqum]
1525 1837 1844 1908 purgatissi-

255 1949 422 1990 mum.
459 1933 631 2004 Igitur
656 1945 794 2000 aqua
824 1930 1038 2000 utrique
1063 1929 1366 1983 conveniat.
1401 1927 1481 1981 Ex
1519 1943 1658 1998 aqua
1681 1936 1736 1983 et
1770 1926 1846 1982 fa-

257 2024 371 2078 rina
408 2021 570 2092 panis
616 2019 677 2076 ﬁt
731 2020 823 2090 qui
874 2026 1222 2073 consecratur
1270 2017 1324 2070 in
1367 2031 1564 2087 corpus
1609 2015 1849 2072 Christi:

257 2107 396 2189 aqua
415 2125 473 2172 et
497 2118 682 2171 vinum
711 2114 766 2168 in
802 2112 1116 2184 sanguinem
1163 2111 1571 2166 consecrabitur
1616 2110 1838 2166 Christi.

259 2207 315 2272 Si
343 2207 489 2263 enim
514 2221 655 2276 aqua
677 2214 733 2260 et
758 2204 854 2268 sal,
887 2203 1024 2258 sicut
1052 2201 1211 2270 hujus
1237 2210 1398 2256 sectze
1435 2201 1620 2257 dicunt
1658 2209 1845 2256 aucto-

259 2313 361 2364 res,
381 2297 546 2352 unius
588 2303 715 2351 sunt
760 2303 998 2358 naturae,
1052 2293 1270 2348 infunde
1301 2308 1518 2348 carnem
1571 2299 1843 2347 recentem

261 2406 414 2462 aqua,
438 2400 493 2444 et
521 2390 682 2444 aliam
707 2388 820 2443 sale
848 2403 1170 2457 consperge:
1197 2387 1402 2442 videbis
1432 2389 1570 2453 cito,
1605 2387 1652 2442 si
1683 2401 1840 2442 unam

263 2497 393 2552 aqua
415 2488 469 2536 et
501 2479 579 2536 sal
607 2480 859 2534 habuerit
891 2477 1187 2533 eﬁ‘cctivam
1232 2479 1549 2547 potentiam.
1592 2477 1842 2549 Nunquid

263 2589 383 2630 caro
411 2571 611 2648 Christi
637 2571 965 2640 computruit
988 2571 1041 2623 in
1071 2570 1337 2639 sepulcro,
1369 2579 1428 2624 ut
1451 2585 1592 2625 nunc
1620 2570 1732 2626 sale
1765 2570 1844 2625 in-

263 2664 435 2736 digeat
463 2678 660 2734 corpus
689 2661 808 2730 ejus
838 2662 891 2715 in
927 2660 1229 2715 sacriﬁcio?
1251 2659 1402 2726 Quod
1441 2661 1624 2730 itaque
1654 2660 1708 2714 in
1765 2675 1848 2715 ve-

227 2738 496 2826 .terilege
521 2753 600 2808 sal
639 2753 950 2824 praccipitur
978 2752 1031 2805 in
1062 2751 1296 2806 victimis
1326 2751 1649 2814 habendum,
1679 2750 1846 2820 signi-

263 2843 437 2898 ﬁcatio
459 2851 588 2897 tunc
619 2843 720 2895 fuit
761 2840 957 2896 futura:
987 2841 1064 2894 rei
1093 2840 1452 2910 intelligendas
1484 2880 1498 2904 ,
1527 2854 1635 2893 non
1661 2840 1846 2894 obser-

262 2933 402 2988 vatio
427 2933 479 2986 in
501 2931 758 3002 prmsenti
791 2940 1030 3001 tempore
1057 2930 1346 2985 habendae:
1382 2931 1521 2984 sicut
1543 2929 1724 2984 omnia
1747 2927 1842 2982 Ju-

262 3024 426 3080 daicze
449 3021 584 3094 legis
610 3022 896 3086 sacriﬁcia,
927 3038 1046 3092 quae
1066 3023 1221 3092 juxta
1252 3021 1566 3091 Apostolum
1599 3021 1652 3076 in
1673 3021 1840 3092 ﬁgura

1946 1832 2036 1887 illa
2059 1849 2180 1904 quae
2201 1835 2265 1888 ad
2296 1833 2675 1898 humilitatem,
2702 1841 2758 1887 et
2785 1835 2874 1888 illa
2902 1852 3023 1905 quae
3059 1837 3126 1891 ad
3153 1838 3381 1907 gloriam
3411 1856 3537 1910 per-

1945 1925 2117 1980 tinent
2136 1925 2358 1991 Christi,
2389 1928 2443 1981 in
2476 1942 2639 1980 unam
2669 1937 2994 1981 concurrant
3023 1932 3374 2001 eamdemque
3412 1948 3534 2001 per-

1944 2031 2169 2084 sonam;
2199 2025 2478 2089 totumque
2500 2023 2644 2091 quod
2669 2023 2724 2077 in
2749 2023 2840 2078 illo
2865 2024 3083 2080 virtutis
3119 2027 3312 2082 divinae
3353 2039 3437 2084 est
3477 2038 3536 2083 et

1947 2108 2274 2164 inﬁrmitatis
2321 2110 2567 2167 humana:
2614 2114 2682 2169 ad
2704 2123 2900 2170 nostrae
2945 2118 3302 2185 reparationis
3351 2120 3537 2173 tendat

1944 2198 2216 2265 eﬂ‘ectum,
2244 2202 2462 2270 proprie
2483 2210 2665 2258 tamen
2695 2205 2750 2260 in
2777 2213 2948 2261 morte
2972 2206 3236 2272 cruciﬁxi,
3285 2218 3340 2262 et
3365 2209 3419 2263 in
3444 2225 3531 2262 rc—

1945 2292 2279 2348 surrectione
2298 2295 2514 2358 mortui,
2544 2297 2781 2364 potentia
2807 2297 3148 2366 baptismatis
3169 2314 3364 2353 novam
3389 2315 3535 2354 crea-

1947 2391 2126 2438 turam
2149 2385 2330 2440 condit
2355 2401 2420 2442 ex
2441 2398 2624 2462 vetere
2648 2409 2660 2442 :
2689 2400 2748 2445 ut
2785 2390 2838 2444 in
2878 2391 3288 2448 renascentibus
3311 2402 3366 2448 et
3394 2408 3538 2449 mors

1945 2474 2148 2531 Christi
2175 2487 2432 2548 operetur
2450 2489 2505 2533 et
2558 2481 2706 2546 vita;
2739 2481 2952 2536 dicente
3000 2483 3159 2537 beato
3210 2482 3374 2538 Paulo
3403 2500 3532 2554 apo-

1945 2565 2117 2620 stolo:
2146 2567 2226 2620 An
2257 2568 2525 2637 ignoratis,
2554 2568 2765 2638 fratres,
2801 2571 2923 2640 quia
2970 2572 3262 2642 quicunque
3289 2574 3537 2642 baptisati

1944 2671 2124 2710 sumus
2149 2657 2204 2710 in
2231 2654 2435 2710 Christo
2457 2657 2618 2724 Jesu,
2652 2660 2705 2712 in
2749 2670 2913 2712 morte
2942 2661 3106 2731 ipsius
3161 2662 3408 2731 baptizati
3447 2679 3540 2718 su-

1947 2745 2100 2799 mus?
2129 2745 2414 2817 cousepulti
2441 2749 2577 2801 enim
2615 2766 2795 2802 sumus
2828 2767 2944 2803 cum
2980 2749 3070 2804 illo
3096 2768 3190 2821 per
3218 2751 3532 2821 baptismum

1947 2835 2002 2890 in
2031 2846 2289 2892 mortem:
2322 2848 2377 2891 ut
2399 2840 2656 2909 quomodo
2705 2844 2929 2897 surrexit
2979 2842 3217 2898 Christus
3241 2861 3273 2898 a
3317 2848 3536 2900 mortuis

1945 2943 2038 2997 per
2063 2926 2286 2998 gloriam
2315 2929 2492 2984 Patris
2513 2972 2527 2996 ,
2554 2933 2626 2986 ita
2660 2942 2707 2987 et
2737 2951 2829 2988 nos
2856 2935 2910 2987 in
2960 2935 3181 2990 noritate
3206 2937 3323 2991 vita:
3347 2939 3533 2993 ambu-

1947 3019 2131 3072 lemus.
2163 3017 2223 3074 Si
2252 3020 2389 3074 enim
2436 3021 2774 3092 complantati
2805 3024 2932 3094 facti
2977 3044 3155 3081 sumus
3201 3029 3533 3085 similitudim

259 3117 640 3188 contingebant
677 3115 782 3170 illis
809 3114 862 3187 (1
890 3114 1010 3169 Cor.
1042 3132 1102 3179 χ,
1137 3113 1246 3184 Η).
1279 3113 1491 3182 Scripta
1519 3120 1644 3167 sunt
1667 3120 1843 3166 autem
1875 3100 1918 3163 C
1952 3108 2134 3162 mortis
2156 3108 2288 3178 ejus,
2320 3110 2478 3164 simul
2502 3120 2549 3165 et
2562 3103 2962 3169 resurrectionis
2984 3118 3196 3183 erimus,
3223 3128 3277 3173 et
3319 3129 3537 3184 caetera,

260 3206 421 3280 [haec]
454 3217 676 3279 propter
701 3222 818 3262 nos.
848 3207 1052 3260 Littera
1081 3206 1224 3260 enim
1256 3204 1474 3267 occidit,
1507 3204 1723 3274 spiritus
1755 3220 1848 3256 au—

262 3313 370 3355 tem
382 3297 726 3369 viviﬁcat(II
743 3295 865 3352 Cor.
888 3313 970 3360 lii,
989 3296 1062 3366 6).
1084 3295 1251 3364 Hujus
1269 3309 1392 3348 vero
1417 3294 1575 3363 108
1599 3295 1848 3348 sacratis-

261 3390 416 3442 simae
463 3387 743 3441 oblationis
793 3386 962 3457 ﬁgura
1020 3387 1073 3439 in
1115 3384 1503 3438 Melchisedech
1550 3386 1845 3453 przecessit,

262 3477 357 3549 qui
383 3477 567 3530 vinum
588 3484 642 3530 et
666 3491 848 3546 panem
881 3477 989 3530 Deo
1015 3490 1222 3530 summo
1246 3473 1439 3528 offerre
1461 3473 1664 3528 SOIt‘bﬂI.
1693 3475 1845 3547 (Gen.

266 3584 380 3630 xxv,
416 3566 529 3638 18).

333 3659 505 3729 Hujus
529 3673 740 3728 quoque
763 3659 1004 3731 mystcrii
1035 3657 1389 3713 sanctiﬁcatio
1439 3666 1634 3712 nostrae
1661 3658 1852 3713 Salutis

264 3751 534 3820 portendit
581 3751 848 3805 effectum.
884 3750 940 3804 In
983 3765 1118 3819 aqua
1160 3764 1288 3803 vero
1327 3749 1554 3818 populus
1607 3750 1852 3820 intelligi-

267 3851 350 3895 tur
378 3841 734 3895 credentium.
787 3839 844 3892 In
875 3839 1057 3908 granis
1099 3839 1258 3892 tritici
1304 3839 1444 3892 unde
1490 3837 1660 3892 farina
1690 3837 1854 3893 eIIici-

269 3935 352 3984 tui'
373 3940 431 3984 ut
469 3932 624 4000 panis
653 3931 780 3993 ﬁat,
810 3930 1063 3984 adunatio
1109 3930 1271 3983 totius
1297 3928 1550 3983 Ecclesiae
1601 3928 1853 3998 designa-

269 4031 371 4084 tur,
395 4036 513 4090 quze
543 4021 663 4090 igne
689 4020 858 4074 sancti
885 4018 1118 4089 Spiritus
1141 4019 1191 4072 in
1214 4033 1377 4071 unum
1401 4017 1717 4087 decoquitur
1738 4032 1857 4071 cor-

269 4124 387 4180 pus,
413 4119 473 4165 ut
498 4126 596 4164 suo
626 4111 788 4181 capiti
839 4110 1078 4163 membra
1128 4108 1588 4177 compaginentur.
1639 4107 1770 4161 Item
1802 4107 1856 4160 in

270 4199 419 4268 aquis
443 4214 563 4268 quae
587 4200 713 4254 vino
751 4200 1064 4264 miscentur,
1107 4199 1299 4270 ﬁgura,
1325 4207 1385 4250 ut
1415 4197 1650 4251 diximus
1669 4238 1683 4261 ,
1730 4213 1858 4267 gen—

271 4291 400 4345 tium
450 4290 784 4360 designatur.
836 4288 894 4343 In
918 4289 1041 4344 vino
1088 4297 1269 4344 autem
1308 4286 1528 4357 sanguis
1568 4286 1858 4340 Dominicte

271 4385 534 4454 passionis
560 4383 884 4438 ostenditur.
916 4382 1091 4452 Atque
1119 4383 1217 4447 ita,
1271 4381 1396 4435 dum
1429 4379 1481 4432 in
1503 4378 1857 4432 sacramentis

1951 3213 2070 3268 qua:
2100 3197 2261 3254 latius
2288 3201 2546 3270 magister
2570 3205 2807 3273 gentium
2835 3206 2900 3260 ad
2931 3208 3415 3263 commendandum
3447 3225 3537 3265 sa-

1949 3298 2285 3344 cramentum
2331 3288 2670 3359 baptismatis
2716 3295 3004 3364 disputavit
3054 3296 3230 3368 (Rom.
3262 3300 3534 3367 v1.5-5).

1953 3380 2018 3433 Et
2043 3387 2265 3449 apparet
2289 3395 2354 3434 ex
2381 3380 2537 3449 hujus
2564 3382 2827 3449 doctrina,
2878 3387 3259 3456 regenerandis
3286 3387 3410 3442 ﬁliis
3435 3391 3535 3444 ho-

1952 3473 2174 3537 minum,
2212 3471 2340 3527 etin
2388 3472 2480 3528 Dei
2510 3475 2648 3530 ﬁlios
2698 3476 3050 3545 adoptandis,
3101 3479 3250 3532 illum
3294 3480 3432 3534 diem
3485 3490 3540 3533 et

1952 3562 2082 3617 illud
2106 3572 2314 3632 tempus
2362 3563 2590 3619 electum
2610 3606 2623 3628 ,
2648 3566 2701 3618 in
2727 3581 2833 3634 quo
2880 3581 2976 3633 per
3002 3567 3403 3622 similitudinem
3431 3568 3540 3621 for-

1954 3669 2204 3722 mamque
2232 3655 2474 3723 mysterii
2520 3669 2581 3707 ea
2611 3670 2730 3724 quae
2769 3663 3028 3722 geruntur
3068 3656 3122 3710 in
3146 3656 3426 3722 membris,
3457 3660 3541 3712 his

1953 3757 2072 3810 quae
2102 3742 2153 3794 in
2183 3741 2296 3809 ipso
2331 3741 2504 3808 capite
2530 3748 2656 3793 sunt
2684 3749 2852 3811 gesta,
2882 3753 3238 3813 congruerent
3275 3763 3287 3799 :
3329 3747 3454 3802 dum
3484 3747 3538 3802 in

1953 3829 2294 3899 baptismatis
2319 3828 2499 3898 regula
2543 3836 2597 3881 et
2621 3841 2769 3882 mors
2790 3829 2990 3885 interiit
3013 3830 3168 3903 [Cod.
3197 3834 3311 3890 Sal.
3333 3877 3347 3901 ,
3376 3838 3540 3892 inti-r-

1954 3919 2121 3992 venit]
2163 3918 2537 3975 interiectione
2583 3921 2811 3988 peccati,
2845 3931 2898 3976 et
2928 3925 3256 3992 sepulturam
3307 3930 3538 3984 triduom

1955 4013 2198 4067 imitatur
2225 4011 2365 4064 trina
2392 4010 2657 4064 demersio
2678 4018 2731 4064 et
2769 4009 2836 4065 ab
2867 4013 3021 4080 aquis
3064 4014 3309 4079 elevatio,
3361 4034 3542 4078 resur-

1956 4103 2130 4173 gentis
2173 4102 2346 4156 instar
2371 4099 2495 4173 [est]
2538 4101 2603 4156 de
2642 4101 2889 4171 sepulcro
2918 4123 2934 4154 ι
2991 4103 3184 4175 (Epist.
3217 4104 3299 4169 16,
3333 4123 3450 4176 cap.
3483 4111 3539 4174 5,

1959 4205 2088 4251 tom.
2119 4194 2231 4251 LIV
2260 4193 2461 4250 Patrul.
2497 4193 2600 4250 col.
2622 4195 2770 4266 697).
2801 4194 2907 4251 Sed
2929 4203 2983 4250 et
3031 4197 3221 4252 beatus
3274 4197 3542 4270 Hierony-

1959 4303 2078 4341 mus
2104 4287 2158 4342 in
2175 4286 2314 4342 libro
2334 4285 2570 4342 secundo
2592 4285 2876 4343 Tractatus
2920 4287 2973 4342 in
3025 4287 3320 4356 Epistolam
3367 4290 3539 4344 sancti

1959 4379 2110 4434 Pauli
2144 4379 2211 4433 ad
2242 4378 2504 4447 Ephesios
2549 4379 2604 4433 in
2645 4379 2981 4447 expositione
3028 4379 3345 4433 sententiae:
3391 4377 3540 4434 Unus

270 4449 408 4544 aqua
429 4475 610 4528 tritico
631 4473 712 4527 vel
735 4474 858 4528 vino
885 4449 1163 4537 miscetur,
1197 4471 1370 4526 ﬁdelis
1391 4469 1616 4540 populus
1637 4467 1853 4523 Christo
1883 4449 1932 4510 D
1955 4468 2114 4533 Deus,
2138 4486 2246 4523 una
2272 4468 2426 4538 ﬁdes,
2456 4485 2617 4522 unum
2643 4468 2897 4538 baptisma
2913 4484 2932 4523 .'
2961 4484 3096 4522 unus
3145 4468 3286 4524 Deus
3307 4479 3356 4524 et
3386 4469 3543 4526 Pater

271 4564 674 4638 [incorporatur
703 4573 757 4619 et
804 4562 1086 4636 jungitur].
1137 4563 1244 4617 Sed
1274 4563 1340 4616 de
1382 4559 1688 4630 hujusmodi
1722 4559 1854 4629 ﬁgu-

277 4657 572 4710 rationibus
599 4654 904 4725 epistolaris
929 4654 1176 4725 angustia
1205 4653 1294 4708 diu
1325 4667 1410 4705 me
1436 4650 1710 4719 disputare
1732 4663 1856 4718 pro-

273 4745 437 4799 hibet.
469 4743 576 4799 Sed
601 4755 655 4799 et
675 4759 907 4799 canones
944 4742 1394 4812 Carthaginenses
1431 4755 1548 4808 cap.
1580 4739 1651 4792 ει
1674 4740 1740 4793 de
1767 4753 1856 4792 sa-

277 4837 480 4890 criﬁcio
521 4836 765 4907 corporis
786 4843 840 4889 et
887 4834 1164 4904 sanguinis
1214 4831 1455 4886 Domini:
1507 4849 1524 4881 ι
1556 4830 1700 4885 Nihil
1743 4844 1856 4884 am-

277 4923 414 4995 plius
442 4925 689 4990 oi‘l‘ertur,
719 4941 879 4994 quam
911 4926 1024 4994 ipse
1053 4923 1311 4978 Dominus
1341 4921 1588 4986 tradidit;
1622 4920 1722 4975 hoc
1749 4927 1853 4986 est,

277 5030 469 5086 panem
487 5025 543 5070 et
560 5017 740 5070 vinum
759 5033 895 5088 aqua
919 5017 1136 5071 mistum
1169 5035 1186 5066 ι
1214 5009 1437 5084 (Concil.
1472 5010 1720 5080 Carthag.
1745 5010 1851 5081 ut).

347 5107 531 5162 Tertia
553 5122 767 5177 quoque
792 5110 943 5164 nobis
966 5107 1032 5161 de
1063 5105 1336 5174 Hispania,
1384 5116 1502 5169 qua:
1529 5100 1654 5152 olim
1676 5107 1858 5170 tyran-

277 5215 470 5254 norum
495 5199 676 5254 nutrix
702 5198 820 5264 fuit,
843 5215 986 5254 nunc
1003 5216 1132 5254 vero
1160 5195 1643 5255 schismaticorum,
1671 5185 1855 5246 contra

280 5290 638 5345 universalem
666 5301 865 5344 sanctae
887 5289 981 5344 Dei
1010 5290 1261 5345 Ecclesia:
1288 5283 1726 5342 consuetudinem
1749 5322 1763 5348 ,
1796 5284 1859 5337 de

281 5379 548 5454 baptismo
576 5383 803 5452 qmestio
827 5383 1000 5437 delata
1031 5390 1145 5446 est;
1177 5379 1500 5434 allii-montes
1520 5375 1736 5446 quidam
1765 5374 1864 5427 sub

261 5467 620 5556 'iiuvocatione
643 5473 926 5528 Trinitatis
968 5489 1131 5527 unam
1176 5487 1296 5527 esse
1343 5469 1668 5524 mersioncm
1705 5481 1866 5535 agen-

353 5595 392 5656 ιί
420 5583 668 5656 Basnagii
697 5585 753 5639 in
783 5586 924 5639 hunc
959 5583 1135 5638 locum
1165 5581 1327 5636 crisin
1360 5581 1414 5635 in
1442 5577 1757 5648 pneiatione
1783 5589 1867 5628 re-

282 5655 650 5723 probavimus.

359 5725 384 5764 δ
425 5723 656 5780 Possunt
703 5735 806 5780 tres
832 5735 1022 5780 noctes.
1065 5720 1302 5790 lneptam
1349 5727 1401 5773 ct
1427 5718 1647 5772 Alcuino
1686 5716 1868 5771 admo-

1951 4561 2208 4624 omnium,
2235 4560 2324 4628 qui
2351 4575 2507 4628 super
2529 4574 2705 4612 omnes
2739 4568 2787 4612 et
2813 4573 2970 4628 super
3003 4560 3178 4613 omnia
3211 4570 3258 4614 et
3284 4561 3341 4614 in
3375 4562 3542 4616 omni-

1956 4647 2050 4701 bus
2093 4648 2239 4702 nobis
2288 4646 2503 4718 (Ephes.
2552 4663 2624 4710 tv,
2650 4646 2702 4711 5,
2731 4647 2818 4719 6);
2865 4648 2933 4702 de
2957 4647 3098 4702 trina
3146 4649 3415 4705 mersione
3470 4652 3542 4706 ita

1958 4739 2068 4794 ait:
2106 4756 2124 4789 ι
2167 4737 2225 4793 Si
2246 4738 2412 4802 enim,
2445 4746 2499 4792 ut
2526 4737 2797 4794 aestimant
2818 4737 3026 4804 Ariani,
3051 4738 3193 4794 Deus
3214 4740 3377 4798 Pater
3396 4745 3544 4799 solus

1957 4840 2044 4888 est
2070 4830 2230 4895 Deus,
2287 4832 2478 4886 eadem
2526 4829 2908 4899 consequentia
2947 4829 3094 4884 solus
3143 4831 3246 4886 erit
3285 4832 3544 4889 Dominus

1962 4924 2120 4981 Jesus
2142 4922 2411 4987 Chrisms,
2436 4930 2491 4977 et
2517 4935 2617 4977 nec
2653 4921 2814 4976 Pater
2854 4921 2959 4976 erit
3001 4921 3277 4990 Dominus,
3325 4939 3428 4979 nec
3456 4923 3537 4978 Fi-

1964 5017 2068 5072 lius
2094 5015 2256 5071 Deus.
2286 5014 2394 5070 Sed
2417 5015 2578 5079 absit,
2607 5023 2668 5068 ut
2708 5029 2814 5069 non
2852 5015 2924 5070 sit
2957 5014 3042 5070 vel
3087 5016 3140 5070 in
3179 5017 3544 5072 dominatione

1966 5109 2155 5171 deitas,
2191 5107 2272 5161 vel
2297 5109 2351 5159 in
2390 5107 2588 5161 deitate
2623 5107 2935 5161 dominatio.
2984 5105 3133 5162 Unus
3159 5115 3241 5162 est
3286 5107 3544 5162 Dominus

1965 5207 2020 5253 et
2039 5214 2178 5252 unus
2203 5206 2286 5253 cst
2313 5197 2469 5260 Deus,
2500 5197 2624 5265 quia
2647 5197 2822 5250 Patris
2851 5205 2904 5250 ct
2935 5195 3052 5248 Filii
3100 5196 3397 5253 dominatio
3438 5215 3541 5253 una

1967 5292 2138 5345 deitas
2164 5300 2269 5344 est.
2301 5289 2591 5357 Propterea
2612 5295 2666 5340 et
2697 5287 2826 5340 ﬁdes
2855 5302 2956 5339 una
2987 5283 3256 5358 [dicitur],
3315 5289 3437 5358 quia
3473 5291 3544 5342 si-

1971 5385 2168 5440 militer
2188 5387 2242 5438 in
2270 5386 2482 5437 Patrem
2507 5392 2560 5436 et
2587 5383 2638 5436 in
2675 5381 2866 5435 Filium
2899 5389 2952 5434 et
2978 5392 2998 5419 ο
3025 5381 3078 5435 in
3107 5381 3367 5451 Spiritum
3389 5398 3544 5455 sanc—

1971 5487 2082 5530 tum
2115 5475 2466 5546 baptiza-rur,
2497 5483 2550 5527 et
2588 5483 2667 5526 ter
2703 5472 3012 5542 mergimur,
3043 5481 3102 5526 ut
3129 5471 3365 5526 Trinitas
3413 5471 3546 5544 [ΑΛ.

1972 5593 2093 5647 dum
2129 5588 2440 5657 injuriosam
2488 5585 2887 5657 adnotationem
2932 5582 3168 5653 ejusdem
3194 5583 3441 5656 Basnagii
3494 5585 3547 5638 in

1973 5654 2939 5742 prasl‘a'tione‘paucis-perstrinximgs.
3010 5723 3024 5742 Ι

2045 5743 2064 5769 ε
2110 5729 2176 5785 Et
2203 5731 2255 5784 in
2282 5723 2532 5798 Spiritum
2572 5735 2827 5780 sanctum.
2860 5723 3056 5794 Supple
3095 5739 3160 5781 ex
3189 5725 3346 5780 editis
3375 5723 3544 5774 ‘sancti
