2035 3091
251 135 301 164 Ξεη
681 130 711 157 Β.
732 130 762 157 F.
782 129 893 156 ALBINI
912 128 977 156 SEU
998 128 1134 156 ALCUINI
1151 128 1292 157 OPERUM
1312 127 1401 155 PARS
1420 127 1439 154 1.
1815 125 1870 154 292

251 192 404 228 Trinitatis]
431 199 512 218 unum
540 193 665 224 appareat
688 191 898 215 sacramentum.
931 187 964 213 Et
984 194 1036 213 non
1054 190 1074 218 Α
1089 188 1179 222 generi
1199 191 1368 221 peccatorum
1389 188 1457 213 trina
1475 185 1690 216 videtnrablutio
1704 185 1866 213 convenire:

251 238 419 274 baptizamur
432 236 457 263 in
471 235 550 269 109
561 233 712 260 nominibus
723 232 810 259 Patris
826 234 854 259 et
865 231 926 258 Filii
936 235 963 258 et
977 231 1037 266 Spi-

251 283 320 310 ritus
332 281 427 313 sancti,
457 279 503 307 sed
516 279 542 306 in
566 286 620 306 uno
640 278 758 310 nomine,
784 276 854 311 quod
881 276 1037 310 intelligitur

250 330 331 358 Deus.
343 328 374 355 Et
388 327 472 354 miror
486 334 538 361 qua
562 325 751 360 consequentia
770 325 796 351 in
823 331 876 351 uno
896 323 1034 355 vocabulo,

250 373 343 400 eodem
364 379 463 406 opere,
479 375 506 398 et
519 370 613 398 eodem
635 373 804 397 sacramento
823 372 925 395 natura:
946 369 1035 395 diver-

250 417 356 444 sitatem
369 416 460 448 Arius,
476 415 658 447 Macedonius,
673 414 712 450 [et
722 413 879 449 Eunomius]
899 414 1036 448 suspicen-

250 467 293 489 tur
307 461 486 489 concordante
501 460 551 496 [in]
569 460 706 495 impietate
722 459 855 487 discordia
866 479 873 491 ,
885 463 912 485 et
922 466 937 485 a
960 466 1036 486 crea-

249 509 310 533 tura
322 506 349 533 in
361 505 428 533 Filio
448 510 475 532 et
491 506 518 532 in
544 504 647 540 Spiritu
660 508 754 531 sancto
773 511 911 531 emnosum
934 503 1036 530 fontem

250 557 378 584 tenentes,
396 552 515 579 diversos
529 551 666 578 litereseon
683 550 783 577 rivulos
801 549 938 576 duxerint.
951 548 1038 576 Unum

249 597 392 632 baptisma:
403 601 430 624 ct
440 600 534 624 contra
548 595 717 623 Valentinum
727 595 806 626 facit,
819 595 864 629 qui
877 594 929 622 duo
938 594 1039 629 baptis-

250 647 321 669 mata
332 650 390 670 esse
403 642 554 674 contendit;
569 645 596 668 et
611 644 704 667 contra
725 647 819 667 omnes
834 640 986 672 haereticos,
1009 643 1039 666 ut

248 688 337 715 sciant
350 695 379 714 se
399 695 452 714 non
477 687 576 713 habere
602 685 734 719 baptisma
755 684 809 720 [ΑΙ.
822 704 829 717 ,
853 683 1036 719 baptismata],

248 732 296 760 sed
306 732 333 759 in
346 739 398 759 una
409 731 509 758 Christi
523 730 643 758 Ecclesia
657 729 759 757 fontem
771 737 829 756 esse
845 729 964 756 vitalem.
985 729 1040 756 Po-

249 779 302 803 test
315 783 398 802 unum
422 775 554 810 baptisma
569 778 597 801 et
610 774 647 801 ita
660 773 723 805 dici,
738 774 809 808 quod
825 774 889 801 licet
908 778 950 801 ter
972 775 1038 808 bap-

249 821 362 847 tizemur
375 824 485 855 propter
499 819 657 855 mysterium
672 818 827 851 Trinitatis,
844 823 934 846 tamen
956 827 1038 846 unum

1088 233 1128 259 vel
1153 236 1263 267 propter
1291 231 1421 266 originale
1436 234 1586 266 peccatum,
1600 230 1672 265 quod
1682 230 1709 257 in
1724 230 1872 259 infantibus

1087 278 1157 304 valet
1179 277 1211 303 ad
1224 276 1410 310 perditionem,
1440 276 1482 303 vel
1504 280 1613 310 propter
1627 275 1671 302 illa
1685 283 1745 310 quae
1768 275 1796 302 in
1809 282 1874 311 pro-

1087 322 1207 349 fectioris
1233 320 1309 357 [Cod.
1334 321 1403 354 Sal.,
1428 321 1609 357 perfectioris]
1634 321 1723 349 aetatis
1756 321 1871 349 homini-

1086 367 1136 394 bus
1153 366 1300 398 voluntate,
1312 366 1404 398 verbo,
1420 365 1463 393 vel
1475 365 1546 392 facto
1558 366 1701 393 adduntur.

1123 411 1157 439 Ut
1171 419 1235 438 vero
1249 411 1416 446 cognoscatis
1443 410 1524 446 hujus
1547 411 1724 439 sacratissimi
1751 413 1871 447 mysterii

1087 456 1306 491 signiﬁcationes,
1321 454 1399 489 juxta
1417 459 1570 483 sanctorum
1590 455 1699 482 Patrum
1724 456 1874 491 intelligen-

1087 502 1151 528 tiam
1171 505 1198 528 et
1212 505 1311 528 statuta
1326 500 1518 533 ecclesiastica,
1533 504 1629 528 vestr-te
1641 501 1768 528 charitati
1778 501 1874 529 eadem

1087 550 1254 573 sacramenta
1268 545 1399 572 catholica
1410 545 1630 580 interpretatione
1642 546 1792 574 ostendam.
1804 545 1872 575 Nam

1087 600 1182 626 magna
1197 591 1351 623 sanctitate,
1365 594 1392 617 et
1405 590 1550 618 venerabili
1562 590 1766 625 signiﬁcatione,
1794 591 1872 625 quid<

1088 638 1151 672 quid
1165 638 1191 664 in
1208 638 1247 665 eis
1269 637 1381 672 geritur,
1400 639 1532 663 statutum
1544 642 1614 669 esse,
1637 636 1772 664 neminem
1794 636 1873 664 dubi-

1088 687 1146 710 tare
1171 683 1211 709 fas
1227 690 1286 709 esse
1300 682 1474 709 arbitramur.
1496 682 1587 709 Primo
1603 689 1722 717 paganus
1746 683 1873 710 catechu-

1088 735 1182 755 menus
1193 727 1233 759 ﬁt,
1245 727 1374 754 accedens
1392 726 1425 753 ad
1438 726 1611 761 baptismum,
1625 731 1656 754 ut
1671 726 1806 754 renuntiet
1816 734 1873 753 ma-

1088 773 1161 807 ligno
1178 772 1284 806 spiritui
1297 776 1324 798 et
1337 772 1462 799 omnibus
1473 772 1610 799 damnosis
1620 771 1678 807 ejus
1691 771 1806 807 pompis.
1819 771 1874 799 Ex-

1089 816 1209 844 suﬁlatur
1220 816 1313 848 etiam,
1328 820 1357 843 ut
1371 815 1461 851 fugato
1469 816 1583 849 diabolo,
1598 815 1706 843 Christo
1716 816 1771 843 Deo
1781 820 1873 844 nostro

249 865 381 900 baptisma
394 868 541 899 reputetur.
563 864 651 891 Unum
663 871 769 898 quoque
791 864 924 898 baptisma
945 868 987 891 est
1010 864 1036 891 in
1054 867 1076 897 Β
1089 865 1199 895 paretur
1225 861 1360 887 intrOiLUS-
1392 860 1577 892 Exorcizatur.
1601 859 1628 887 id
1641 863 1692 892 est,
1716 860 1874 894 coniurato!

249 919 327 946 aqua,
339 915 367 938 et
377 911 403 937 in
414 911 510 945 spiritu
522 914 549 937 et
570 910 597 937 in
612 910 692 944 igne:
707 913 733 936 et
756 909 789 937 de
810 917 864 944 quo
885 909 1037 946 [Dominus]

250 957 384 990 loquitur:
400 955 534 990 Baptismo
559 955 640 981 habeo
662 955 791 990 baptizari
818 954 894 989 (Luc.
907 964 955 987 xu,
981 955 1037 990 50).

249 1001 283 1029 Et
302 1001 380 1028 alibi:
394 1001 552 1036 Baptismate
572 1009 628 1028 meo
653 1000 846 1036 baptizabimini
891 1000 988 1035 (Marc.
1011 1008 1038 1032 ι,

249 1046 309 1082 59).

285 1102 355 1129 Sunt
368 1102 448 1128 etiam
470 1108 563 1128 versus
591 1101 661 1128 beati
676 1107 689 1121 ι
702 1100 837 1127 Ambrosii
857 1099 984 1134 episcopi,
1009 1100 1041 1126 de

251 1147 362 1175 ternarii
381 1146 508 1181 [numeri]
519 1146 677 1173 excellentia
687 1145 855 1178 nobilissimi,
863 1152 929 1179 quos
937 1145 969 1172 ad
977 1152 1039 1171 cou-

251 1193 431 1219 ﬁrmatlonem
447 1192 525 1219 trinae
538 1192 681 1220 mersionis
694 1191 756 1219 huic
775 1191 894 1226 epistola:
920 1192 1040 1218 inserere

250 1237 359 1272 placuit.

286 1303 381 1330 Omnia
394 1303 464 1330 trina
477 1302 566 1337 vigent
578 1302 627 1328 sub
641 1301 780 1336 majestate
791 1301 918 1328 tonantis.

285 1348 363 1381 Tres,
389 1348 467 1376 Pater
480 1352 507 1375 ct
521 1348 647 1379 Verbum,
659 1351 767 1374 sanctus
798 1354 904 1382 quoque
916 1346 1039 1381 Spiritus,

890 1392 899 1428 [
914 1400 1004 1419 unum.

285 1439 367 1466 Trina
386 1439 511 1466 salutaris
525 1439 627 1473 species
639 1439 737 1471 crucis,
755 1446 808 1465 una
829 1439 1001 1473 redemptrix.

286 1485 376 1513 Tertia
395 1485 441 1512 lux
457 1485 597 1512 Dominum
612 1489 774 1512 remeantem
787 1493 802 1511 a
818 1490 904 1512 morte
926 1484 1035 1520 recepit.

282 1531 364 1558 Tritia
378 1531 435 1557 dies
445 1530 540 1558 Ionam
570 1531 655 1557 tenuit
670 1531 719 1558 sub
731 1531 835 1558 viscera
853 1531 915 1558 ceti.

288 1576 354 1603 Tres
379 1576 454 1610 pueri
478 1584 588 1603 cernere
612 1576 713 1612 Morte,
727 1576 859 1612 cecinere]
893 1577 975 1603 Dcutn
993 1576 1040 1603 fla-

760 1621 865 1657 [grante
882 1621 997 1648 camino.

286 1665 340 1693 Ter
353 1665 469 1693 Sabaoth
485 1671 606 1693 sanctum
619 1666 738 1693 referens
755 1667 906 1694 benedictio
921 1667 1018 1700 psallit.

286 1710 344 1739 TER
366 1719 519 1738 “ERGENDUS
544 1719 611 1742 AQUA
632 1719 690 1743 EST,
707 1719 749 1738 CUI
775 1719 874 1738 GRATIA
892 1720 974 1738 PLENA
992 1720 1039 1738 ιλ-

898 1757 998 1792 [vaan

286 1801 409 1829 Testibus
423 1801 471 1837 [et]
484 1801 587 1829 stabilis
597 1804 703 1828 constat
717 1801 802 1828 tribus
816 1801 885 1828 actio
897 1806 1003 1828 cttncta.

287 1848 374 1875 Terno
390 1855 482 1875 mense
498 1848 554 1874 suis
565 1848 677 1875 redeunt
699 1855 747 1874 sua
759 1851 879 1881 tempora
900 1847 1036 1874 membris.

289 1893 355 1919 Tres
369 1897 430 1920 sunt
454 1896 555 1924 aetates,
579 1892 627 1920 llos
640 1897 666 1920 et
680 1892 771 1924 robur,
784 1899 853 1926 aegra
870 1897 1002 1919 senectus.

288 1938 355 1965 Tres
366 1938 463 1965 moduli
479 1938 492 1957 ι)
508 1939 534 1965 in
554 1938 654 1970 causis,
663 1938 755 1972 judex,
770 1937 894 1965 defensor
911 1942 937 1966 et
953 1943 1037 1965 actor.

289 1983 356 2011 Tres
374 1984 400 2011 iu
415 1983 485 2011 secla
502 1983 608 2018 gradus,
625 1988 709 2016 ortus,
724 1983 899 2015 transcursio,
912 1983 983 2010 ﬁnis.

288 2029 354 2057 Tres
368 2037 442 2064 spem
454 2038 513 2064 qua:
526 2030 644 2064 palpant,
657 2030 771 2063 requies,
788 2029 844 2061 lux,
859 2029 943 2064 gloria
955 2029 1025 2056 vitm.

289 2101 300 2115 ε
322 2095 384 2122 Ilzec
397 2102 459 2121 vero
469 2094 596 2129 pncciptti
614 2094 737 2121 doctores
750 2099 777 2120 et
799 2094 961 2120 sanctissimi
987 2094 1039 2121 Pa-

254 2146 309 2169 tres
327 2141 404 2168 nobis
415 2141 580 2174 reliquerunt
594 2139 621 2166 in
637 2140 692 2167 suis
707 2140 860 2167 testimonia
871 2140 959 2167 dictis.
988 2141 1040 2168 No-

253 2187 295 2214 bis
313 2185 461 2220 verojuxta
475 2185 635 2220 parvitatem
663 2186 786 2220 ingenioli
811 2186 896 2213 nostri
923 2187 1037 2218 videtur,

1091 906 1221 940 malignus
1236 905 1356 940 spiritus,
1380 909 1410 931 ut
1419 909 1508 937 exeat,
1524 909 1550 932 ct
1568 905 1685 937 recedat,
1704 905 1769 932 dans
1782 904 1873 933 locum

1090 952 1145 978 Deo
1160 951 1255 986 [vero].
1268 950 1371 985 Accipit
1382 950 1589 978 catechumenus
1603 950 1697 983 salem,
1723 954 1752 978 ut
1765 950 1872 986 putrida

1090 1002 1118 1024 et
1131 996 1201 1023 ﬁuxa
1214 996 1271 1030 ejus
1283 1000 1391 1030 peccata
1404 995 1540 1030 sapientia:
1554 995 1619 1028 sale,
1646 995 1737 1023 divino
1750 1003 1873 1028 munere,

1091 1042 1262 1069 mundeutur.
1281 1041 1350 1068 Vera
1366 1040 1460 1068 deinde
1475 1041 1593 1076 Symboli
1604 1040 1740 1075 apostolici
1758 1041 1874 1069 traditur

1090 1087 1115 1114 ei
1128 1086 1202 1118 ﬁdes,
1222 1090 1251 1113 ut
1262 1094 1346 1112 vacua
1370 1086 1464 1113 domus
1485 1091 1512 1113 et
1524 1093 1540 1113 a
1554 1086 1643 1121 prisco
1662 1086 1811 1114 habitatore
1824 1087 1872 1114 de-

1091 1132 1197 1164 relicta,
1225 1132 1275 1158 ﬁde
1291 1136 1403 1158 ornetur
1429 1135 1457 1159 et
1468 1137 1635 1167 praeparetur
1648 1132 1779 1161 habitatio
1806 1132 1872 1170 Deo.

1091 1179 1167 1208 Tunc
1183 1179 1250 1205 ﬁunt
1264 1178 1404 1210 scrutinia,
1432 1182 1461 1204 ut
1480 1179 1634 1212 exploretur
1659 1179 1766 1214 sapius,
1792 1187 1873 1213 quam

1092 1227 1214 1259 ﬁrmiter,
1242 1230 1302 1260 post
1317 1226 1542 1253 rcuuntiatiouem
1557 1224 1672 1256 Satanzc,
1697 1231 1773 1251 sacra
1792 1224 1874 1251 verba

1091 1273 1159 1300 datae
1170 1272 1230 1300 ﬁdei
1242 1272 1369 1299 radicitus
1377 1271 1456 1299 corde
1464 1270 1786 1306 deﬁxerint.[Tanguntur
1792 1275 1820 1297 et
1827 1277 1875 1296 na-

1092 1327 1145 1352 res,
1161 1323 1191 1345 ut
1201 1318 1317 1353 quandiu
1326 1317 1449 1352 spiritum
1460 1316 1570 1343 naribus
1578 1315 1673 1347 trahat,
1690 1315 1766 1350 no
1780 1315 1807 1341 in
1822 1313 1875 1342 ﬁde

1092 1368 1200 1397 accepta
1215 1362 1364 1397 perduret].
1388 1362 1485 1388 Pectus
1499 1368 1605 1395 quoque
1618 1359 1736 1396 [eodem]
1749 1359 1873 1395 perungi-

1092 1414 1135 1436 tur
1145 1408 1213 1440 oleo,
1236 1412 1265 1434 ut
1284 1408 1360 1442 signo
1383 1410 1483 1433 sanctae
1496 1406 1584 1433 crucis
1605 1405 1711 1433 diabolo
1732 1404 1872 1432 claudatur

1092 1455 1237 1489 ingressus.
1259 1453 1404 1488 Signantur
1425 1456 1452 1479 et
1476 1452 1599 1487 scapulae,
1621 1450 1662 1486 [ut
1679 1450 1795 1485 undique
1816 1458 1873 1477 mu-

1094 1499 1191 1526 niatur.
1206 1498 1270 1525 ltem
1288 1498 1315 1524 in
1329 1497 1445 1532 pectoris
1458 1499 1485 1523 et
1502 1494 1626 1531 scapulae]
1639 1495 1763 1522 unctione
1782 1495 1873 1529 signa-

1053 1539 1075 1569 C
1091 1547 1134 1569 tur
1149 1543 1209 1569 ﬁdei
1226 1542 1346 1573 ﬁrmitas,
1360 1546 1386 1568 et
1398 1548 1507 1576 operum
1522 1541 1653 1568 bonorum
1664 1539 1871 1575 perseverantia.

1092 1589 1123 1615 Et
1138 1589 1175 1615 sic
1187 1589 1213 1615 iu
1227 1588 1334 1615 nomine
1348 1592 1448 1614 sancta:
1459 1587 1600 1614 Trinitatis
1609 1586 1679 1614 trina
1691 1586 1873 1614 submersione

1091 1635 1251 1669 bapzizatur.
1267 1634 1300 1660 Et
1313 1638 1385 1660 recte
1399 1633 1489 1666 homo,
1501 1632 1547 1667 qui
1563 1633 1597 1660 ad
1617 1632 1760 1667 imaginem
1773 1636 1873 1660 sanctae

1092 1680 1230 1706 Trinitatis
1253 1678 1375 1705 conditus
1394 1681 1446 1710 est,
1473 1685 1522 1712 per
1552 1677 1747 1705 invocationem
1776 1682 1875 1705 sanctae

1091 1723 1231 1750 Trinitatis
1253 1723 1285 1749 ad
1301 1722 1422 1749 eamdem
1448 1726 1589 1749 revocatur
1603 1723 1755 1758 imaginem.
1784 1722 1817 1749 Et
1830 1722 1874 1756 qui

1091 1769 1170 1795 tertio
1191 1768 1274 1801 gradu
1299 1767 1413 1801 peccati,
1438 1767 1463 1793 id
1483 1770 1533 1798 est,
1552 1767 1708 1800 operatione
1733 1765 1830 1793 cecidit
1848 1766 1874 1793 in

1091 1817 1216 1844 mortem,
1233 1812 1312 1838 tertio
1327 1812 1446 1838 elevatus
1458 1812 1490 1838 de
1500 1811 1572 1838 fonte
1584 1818 1633 1845 per
1655 1811 1769 1846 gratiam
1784 1819 1873 1838 resur-

1090 1863 1135 1894 gat
1151 1860 1184 1886 ad
1200 1859 1292 1885 vitam.
1308 1858 1382 1884 Tunc
1396 1858 1463 1885 albis
1479 1857 1595 1884 induitur
1612 1857 1792 1890 vestimentis,
1808 1864 1874 1891 pro-

1090 1908 1149 1938 pter
1165 1904 1290 1938 gaudium
1307 1903 1527 1938 rcgenerationis,
1557 1906 1582 1929 ct
1594 1902 1748 1930 castitatem
1765 1902 1837 1935 vitat,
1849 1905 1879 1930 et

1091 1948 1201 1983 angelici
1217 1948 1366 1983 splendoris
1385 1949 1519 1975 decorem.
1546 1947 1621 1974 Tunc
1635 1955 1713 1974 sacro
1730 1947 1877 1976 chrismate

1091 1998 1170 2028 caput
1180 1994 1348 2029 perungitur,
1361 1998 1388 2021 et
1400 1994 1514 2029 mystico
1526 1993 1625 2028 tegitur
1634 1992 1775 2025 velamine,
1792 1997 1820 2020 ut
1831 1992 1875 2020 in-

1091 2039 1191 2073 telligat
1206 2046 1235 2066 se
1249 2039 1281 2066 de
1295 2040 1446 2071 anathema,
1472 2038 1546 2073 regni
1565 2042 1592 2066 et
1603 2037 1743 2066 sacerdotii
1759 2037 1877 2073 dignita-

1091 2090 1143 2113 tem
1162 2090 1279 2120 portare,
1292 2085 1369 2119 juxta
1390 2085 1567 2120 Apostolum:
1592 2083 1642 2111 Vos
1655 2084 1714 2111 estis
1736 2092 1817 2119 genus
1835 2091 1877 2110 re-

1090 2132 1158 2167 gale,
1174 2132 1308 2166 o/fcrenles
1322 2132 1484 2167 vosmetipsos
1499 2131 1553 2158 Deo
1567 2130 1621 2157 viro
1632 2129 1743 2157 hostium
1757 2134 1875 2156 sanctam

1091 2183 1114 2205 et
1129 2178 1181 2205 Deo
1194 2178 1336 2213 placentem
1356 2177 1382 2212 (1
1399 2177 1471 2204 Petr.
1488 2183 1520 2208 tl,
1536 2176 1571 2208 9,‘
1585 2181 1608 2203 et
1621 2174 1699 2202 Rom.
1711 2180 1760 2207 xtl,
1776 2174 1812 2209 1).
1829 2172 1876 2201 Sic

253 2236 283 2259 ut
297 2232 367 2260 sicut
386 2218 500 2258 interior
514 2231 595 2258 homo
616 2231 642 2258 in
656 2218 709 2258 ﬁde
723 2235 822 2258 sanctae
845 2231 987 2259 Trinitatis
1005 2233 1038 2259 ad
1056 2222 1079 2251 D
1091 2232 1201 2258 corpore
1220 2229 1248 2250 οι
1258 2223 1387 2258 sanguine
1409 2222 1547 2250 Ποιηίηίοο
1561 2220 1745 2252 continual“.
1761 2223 1791 2246 ιιι
1804 2218 1876 2246 illius

254 2276 397 2312 imaginem
413 2277 454 2303 sui
471 2276 618 2304 conditoris
631 2276 818 2304 reformandus
831 2281 883 2309 est,
900 2277 936 2304 ita
949 2281 976 2304 et
992 2284 1039 2303 ec-

254 2323 338 2350 terior
352 2323 420 2349 trina
451 2321 585 2349 mersione
606 2322 752 2349 abluendus
766 2330 845 2349 esse:
863 2326 892 2349 ut
911 2323 981 2356 quod
999 2323 1039 2349 in-

255 2368 396 2396 visibiliter
407 2368 524 2403 Spiritus
536 2372 663 2403 operatur
674 2367 700 2394 in
714 2368 814 2400 anima,
834 2368 885 2395 hoc
899 2368 1040 2395 visibiliter

255 2414 380 2441 sacerdos
394 2413 513 2440 imitetur
526 2413 553 2440 in
566 2420 645 2447 aqua.
672 2412 738 2439 Nam
753 2413 884 2447 originale
900 2417 1038 2447 peccatum

256 2460 341 2487 tribus
362 2459 449 2486 modis
465 2462 554 2485 actum
568 2462 610 2485 est
623 2467 628 2484 :
642 2457 827 2490 delectatione,
850 2465 994 2491 consensu,
1014 2463 1040 2484 et

254 2512 345 2539 opere.
366 2504 458 2539 Itaque
483 2507 511 2531 et
528 2510 607 2531 omne
629 2507 770 2538 peccatum
795 2507 844 2530 aut
867 2503 1040 2538 cogitatione,

255 2553 303 2578 aut
316 2549 459 2582 locutione,
479 2552 526 2576 aut
544 2548 699 2583 operatione
720 2547 842 2575 efﬁcitur.
866 2547 930 2576 Ideo
944 2548 1039 2584 triplici

257 2625 428 2661 Hieronymi:
441 2626 578 2661 credimus.
610 2624 643 2651 Et
657 2624 798 2661 baptisma
826 2632 904 2661 unum
917 2632 931 2661 ί
952 2623 1041 2661 eodem

256 2661 324 2688 enim
339 2658 414 2688 niodo
426 2665 449 2687 et
462 2661 490 2687 in
505 2660 607 2687 Patrem
619 2664 643 2687 et
654 2659 681 2686 in
698 2658 795 2685 Filium
806 2663 830 2686 et
858 2659 885 2685 in
912 2659 1043 2693 Spiritum

256 2700 374 2723 sancta»:
382 2695 552 2728 baptizamur.

293 2736 307 2750 ι
326 2726 454 2765 Ambrosii
469 2728 801 2765 cpiscopiglediplanensis
812 2736 846 2765 an
857 2726 1044 2765 Alexandrini,

258 2764 400 2792 incertum.
407 2761 575 2798 lnter'Opera
581 2763 784 2791 Mediolanensis
791 2763 833 2789 isti
843 2770 938 2798 versus
946 2768 1002 2798 non
1008 2761 1046 2787 le-

295 2803 366 2826 ntur.
375 2796 567 2826 Alexandrinus
574 2803 642 2826 teste
651 2799 731 2825 beato
737 2798 898 2832 Hieronymo
904 2797 938 2832 de
944 2796 1044 2829 Script.

284 2834 347 2862 ccle.
354 2833 477 2861 volumen
490 2833 634 2862 multorum
647 2840 771 2861 versuum
782 2830 898 2867 scripsit.
919 2830 1008 2858 Csars.

1092 2269 1127 2296 sit
1148 2269 1306 2300 membrum,
1335 2268 1379 2302 qui
1398 2274 1447 2302 pro
1463 2274 1495 2294 eo
1506 2273 1602 2301 passus
1617 2269 1658 2292 est
1674 2269 1701 2291 et
1714 2263 1873 2292 resurrexit.

1092 2313 1241 2340 Novissime
1268 2320 1316 2347 per
1331 2312 1527 2347 impositionem
1556 2317 1651 2338 manus
1665 2318 1681 2336 a
1695 2317 1798 2337 summo
1828 2316 1877 2336 sa-

1092 2359 1199 2387 cerdote
1211 2357 1376 2392 septiformis
1393 2356 1485 2392 gratiae
1505 2355 1636 2390 Spiritum
1658 2354 1767 2389 accipit.
1788 2357 1819 2381 ut
1832 2360 1879 2381 ro-

1091 2407 1200 2433 boretur
1229 2411 1276 2438 per
1306 2403 1434 2437 Spiritum
1468 2405 1591 2428 sanctum
1617 2399 1650 2426 ad
1678 2398 1878 2434 praedicandum

1092 2452 1160 2483 aliis,
1179 2451 1223 2484 qui
1242 2449 1290 2477 fuit
1305 2450 1331 2476 in
1351 2448 1482 2483 baptismo
1494 2454 1541 2481 per
1555 2446 1669 2481 gratiam
1682 2444 1744 2472 vita:
1757 2444 1876 2471 donatus

1092 2501 1209 2525 tetermc.

1128 2541 1228 2569 Videtis
1246 2548 1325 2575 quam
1344 2539 1468 2572 ﬁdeliter,
1488 2538 1682 2566 rationabiliter
1691 2542 1718 2565 et
1729 2536 1879 2573 prudenter

1129 2619 1142 2639 ιι
1162 2618 1241 2649 Can.,
1252 2616 1340 2647 medii,
1353 2619 1383 2642 ut
1395 2615 1463 2650 apud
1479 2614 1620 2643 Sidonium
1634 2614 1680 2642 lib.
1696 2622 1726 2645 ιι,
1741 2614 1822 2649 epist.
1837 2612 1877 2650 l_:

1097 2663 1106 2679 ι
1125 2647 1257 2687 Quidquid
1275 2647 1435 2685 sperandum
1449 2655 1502 2682 est,
1514 2650 1571 2677 ﬁeri
1585 2654 1611 2678 te
1621 2650 1715 2682 medio,
1724 2647 1881 2683 te'prasnle

1094 2688 1228 2749 plicelliw;
1241 2729 1298 2756 vero
1308 2720 1431 2756 prgcipui
1442 2721 1573 2756 doctam.
1591 2720 1632 2747 Ab
1649 2719 1693 2747 liis
1702 2718 1791 2756 verbis
1811 2717 1881 2756 incif

1095 2758 1134 2792 pit
1146 2756 1257 2791 cpistola
1272 2753 1315 2781 70'.
1337 2753 1408 2792 Edi't.
1431 2755 1557 2792 Quercet.
1584 2762 1644 2792 qua:
1667 2753 1816 2792 m_em_hrt.tt_n
1837 2754 1881 2779 est

1096 2786 1203 2826 prioris,
1217 2798 1277 2818 cum
1290 2797 1321 2818 ea
1334 2786 1552 2823 continuandum,
1565 2786 1633 2818 ut'in
1648 2788 1708 2817 cod.
1726 2786 1824 2816 Salisb.
