4070 6182
278 265 390 324 193

1713 249 2067 308 EPISTOLA‘J
2078 293 2089 303 .

3441 247 3545 306 29!

277 381 397 436 hac
447 369 634 426 omnia
675 365 872 422 tradita
917 371 1044 420 sunt
1087 361 1244 418 nobis
1294 360 1650 418 observanda.
1705 361 1876 417 Nemo
1907 367 1951 426 Α
1978 361 2209 432 deposco
2236 376 2250 416 :
2275 361 2400 432 quia
2429 361 2504 418 illi
2544 377 2719 418 meam
2766 361 3085 432 parvitatem
3125 362 3190 418 de
3251 361 3553 437 hujusmotli

278 463 587 523 catholicus
609 466 801 514 contra
846 455 1104 512 Ecclesia
1146 454 1546 518 auctoritatem,
1593 467 1752 510 nemo
1784 467 1872 510 so-

282 558 436 612 brius
459 561 654 610 contra
691 547 1010 604 rationalem
1048 544 1514 610 consuetudinem,
1557 561 1714 600 nemo
1745 545 1875 600 ﬁde-

284 647 348 704 lis
381 654 579 702 contra
605 641 829 712 pietatis
867 637 1275 708 intelligentiam
1301 645 1515 694 certare
1549 639 1764 692 audeat.
1805 638 1874 692 Et

287 757 350 796 ne
370 735 765 795 schismaticus
784 730 1092 787 inveniatur
1118 737 1173 785 et
1200 745 1308 786 non
1333 729 1652 796 catholicus,
1683 744 1874 799 sequa-

288 842 371 886 tur
389 825 838 902 probatissimam
869 829 1072 876 sanctae
1110 820 1366 874 Romana:
1392 819 1648 876 Ecclesia:
1682 827 1872 876 aucto-

288 923 548 976 ritatem:
584 925 648 972 ut
673 915 816 970 unde
860 911 1144 968 catholica;
1199 909 1323 965 fidei
1351 909 1506 964 initia
1553 909 1870 978 accipimus,

286 1011 408 1067 inde
433 1005 774 1078 exemplaria
831 999 1020 1059 salutis
1049 1007 1249 1056 nostrae
1298 1012 1512 1068 semper
1542 999 1869 1065 habeamus;

287 1118 353 1157 ne
386 1101 639 1156 membra
691 1112 724 1152 a
771 1094 947 1166 capite
1001 1099 1320 1162 separentur
1356 1105 1488 1154 suo;
1536 1106 1604 1144 ne
1642 1089 1875 1161 claviger

287 1195 435 1264 regni
471 1189 718 1248 ccelestis
771 1185 1012 1255 abjiciat,
1078 1199 1213 1255 quos
1235 1199 1266 1238 a
1293 1183 1406 1238 suis
1432 1183 1676 1238 deviasse
1719 1182 1876 1238 intel-

287 1284 403 1356 ligit
431 1280 722 1338 doctrinis.
745 1291 772 1320 ι
799 1275 1094 1346 Epistolam
1150 1289 1279 1328 vero
1308 1289 1523 1343 quanta
1552 1273 1712 1328 beato
1737 1272 1872 1328 Gre-

285 1374 437 1446 gorio
476 1371 546 1426 de
585 1367 781 1439 simpla
805 1365 1074 1421 mersione
1113 1362 1300 1417 dicunt
1327 1377 1445 1417 esse
1485 1362 1870 1431 conscriptam,

286 1466 340 1519 in
368 1459 671 1534 Epistolari
719 1473 817 1513 suo
847 1456 1035 1520 Libro,
1078 1453 1170 1524 qui
1198 1453 1264 1508 de
1289 1452 1462 1507 Roma
1486 1453 1643 1508 nobis
1670 1453 1865 1508 allatus

285 1563 386 1618 est,
413 1567 526 1606 non
550 1549 886 1612 invenimus;
926 1545 1062 1600 alias
1090 1559 1219 1600 vero
1255 1558 1444 1598 omnes
1498 1545 1875 1614 perspeximus

285 1643 341 1696 in
376 1656 444 1697 eo
467 1640 658 1703 Libro,
694 1651 857 1707 quem
887 1633 956 1688 ad
999 1631 1410 1688 occidentalium
1447 1632 1681 1701 partium
1703 1633 1877 1687 eccle-

287 1735 416 1798 sias,
443 1702 736 1802 pontiﬁces
760 1734 816 1780 et
841 1738 996 1794 reges
1016 1723 1326 1791 scripserat.
1351 1720 1474 1776 Ideo
1486 1720 1633 1776 dubii
1663 1736 1871 1785 sumus,
1906 1702 1953 1762 Β

289 1839 358 1879 an
393 1822 546 1878 illius
589 1819 684 1884 sit,
731 1833 799 1870 an
846 1815 913 1870 ab
947 1813 1126 1884 aliquo
1153 1810 1312 1880 hujus
1351 1819 1513 1867 secta:
1534 1819 1756 1867 auctore
1779 1813 1879 1868 sub

289 1913 404 1982 eius
431 1910 658 1967 nomine
680 1907 882 1977 scripta
903 1906 995 1961 sit.

355 2007 437 2062 De
460 2001 845 2060 observatione
869 2013 1022 2064 vero,
1051 1997 1193 2053 unde
1219 1995 1616 2066 interrogastis,
1651 1995 1881 2050 sanctis-

293 2097 416 2153 simi
469 2093 703 2158 sabbati,
756 2091 902 2161 quod
946 2089 1242 2144 Dominicis
1288 2085 1705 2142 resurrectionis
1738 2085 1879 2141 diem

295 2186 578 2260 praecedit,
606 2182 986 2255 dignissimum
1037 2180 1192 2236 nobis
1234 2179 1446 2234 videtur
1465 2189 1527 2233 ut
1553 2180 1697 2235 omni
1719 2193 1880 2235 vene-

296 2281 508 2336 ratione
530 2278 800 2332 habeatur
819 2272 1112 2344 jucundus.
1147 2272 1217 2326 Et
1244 2271 1505 2342 quidquid
1545 2271 1664 2328 aliis
1691 2272 1881 2328 diebus

295 2371 348 2425 in
368 2362 934 2439 quadragesimalibus
964 2361 1155 2432 epulis,
1219 2376 1315 2417 seu
1351 2361 1541 2417 salutis
1577 2378 1761 2430 causa,
1785 2378 1882 2418 seu

297 2460 621 2518 necessitate
663 2456 905 2528 qualibet
953 2463 1202 2526 cogente,
1261 2454 1518 2510 utendum
1566 2455 1684 2522 ﬁat,
1720 2456 1773 2511 in
1815 2471 1882 2512 eo

299 2553 381 2608 die
401 2567 510 2607 non
543 2547 908 2620 respuendum
929 2561 1048 2602 esse
1072 2546 1229 2602 nobis
1241 2546 1457 2602 videtur
1476 2547 1698 2617 dignum
1726 2565 1740 2601 :
1773 2563 1880 2605 non

301 2644 366 2698 ad
393 2642 703 2698 satietatem
727 2637 884 2709 gulae,
909 2635 1004 2692 sed
1033 2637 1102 2692 ad
1129 2638 1529 2693 venerationem
1558 2638 1878 2694 sanctitatis.

303 2732 415 2789 Non
442 2733 629 2801 itaque
652 2729 796 2784 Deus
826 2735 1033 2782 tantum
1059 2727 1283 2797 requirit
1311 2729 1442 2798 quid
1467 2729 1878 2793 manducemus,

301 2830 558 2892 quantum
594 2817 910 2875 considerat
958 2831 1064 2886 qua
1111 2816 1368 2873 facilitate
1421 2819 1791 2874 abstineamus
1815 2819 1883 2873 ab

303 2912 622 2976 interdictis,
677 2907 764 2964 vel
793 2923 901 2977 qua
939 2906 1202 2963 modestia
1255 2917 1474 2963 utamur
1495 2908 1788 2964 concessis.
1817 2908 1876 2962 ln

302 3005 548 3060 omnibus
575 3001 661 3056 his
692 3009 994 3068 temporum
1018 3001 1178 3066 ratio,
1201 3009 1256 3056 et
1279 2999 1502 3056 fraterni
1526 3000 1729 3056 amoris
1757 3016 1884 3056 con-

303 3095 571 3153 venientia
593 3092 928 3149 observanda
957 3099 1060 3148 est.
1092 3091 1217 3148 Ideo
1251 3091 1537 3147 Dominum
1563 3092 1618 3146 in
1644 3091 1886 3163 Evange-

303 3188 377 3243 lio
403 3185 602 3242 Iudaeis
642 3184 873 3254 legimus
903 3183 1124 3248 dixisse,
1181 3181 1309 3236 dum
1360 3181 1426 3236 de
1473 3179 1693 3235 Joannis
1723 3181 1888 3235 absti-

305 3277 506 3337 nentia,
576 3281 632 3328 et
685 3273 750 3328 de
801 3271 884 3326 sui
921 3271 1090 3341 ipsius
1119 3271 1188 3327 ad
1227 3272 1474 3326 homines
1511 3273 1887 3327 convenientia

305 3365 622 3436 parabolam
666 3378 955 3432 puerorum
998 3363 1277 3433 proposuit
1327 3363 1510 3417 dicens
1539 3377 1554 3416 :
1582 3363 1648 3416 Et
1685 3363 1890 3433 justifi-

313 3466 436 3510 cata
465 3463 540 3508 est
559 3453 803 3524 sapientia
831 3471 865 3506 a
899 3452 1024 3521 [iliis
1055 3454 1164 3507 suis
1191 3451 1404 3525 (Matth.
1435 3469 1510 3519 χι,
1551 3452 1658 3525 19).
1690 3453 1744 3508 ld
1774 3462 1876 3521 est,

313 3545 410 3600 lilii
446 3542 719 3614 sapientiae
765 3543 1071 3613 intelligunt
1096 3543 1151 3596 in
1172 3543 1422 3598 omnibus
1474 3543 1638 3599 rebus
1685 3545 1889 3617 ubique

315 3635 632 3692 modestiam
675 3635 1068 3699 rationabilem,
1122 3643 1178 3689 et
1228 3637 1570 3692 concordiam
1609 3637 1888 3707 paciﬁcam

313 3743 429 3785 esse
448 3727 794 3782 laudabilem.
822 3726 952 3794 Quae
973 3726 1135 3781 etiam
1163 3737 1356 3783 cuncta
1380 3737 1559 3783 vestra
1611 3730 1887 3795 sanctitas,

313 3820 507 3874 fratres
529 3817 856 3883 charissimi,
886 3817 940 3870 in
982 3831 1147 3887 opere
1186 3819 1378 3874 melius
1428 3819 1689 3886 agnoscit,
1730 3833 1889 3889 quam

311 3929 408 3968 nos
433 3911 615 3966 verbis
636 3908 884 3981 proferre
899 3909 1195 3964 valeamus.

380 4007 491 4061 Vos
527 4020 658 4060 vero
695 4011 932 4074 emptum
967 4003 1154 4058 salutis
1182 4012 1396 4058 aeternae
1424 4002 1526 4058 iter
1560 4017 1755 4072 magna
1803 4003 1894 4056 de-

317 4095 528 4149 votione
543 4094 742 4149 mentis
765 4101 820 4148 et
839 4093 1081 4162 corporis
1105 4094 1365 4162 peragite,
1393 4099 1661 4162 quatenus
1681 4091 1749 4146 ad
1772 4104 1894 4161 pcr-

323 4192 540 4254 petnam
590 4184 829 4240 ctelestis
862 4183 1044 4254 gloriae
1083 4199 1336 4238 coronam
1361 4182 1651 4251 pervenire
1694 4195 1897 4237 merea-

327 4273 482 4327 mini.
512 4273 692 4344 Meque
721 4273 777 4328 in
805 4273 1006 4328 sanctis
1025 4273 1362 4328 orationibus
1405 4271 1620 4336 vestris,
1647 4272 1895 4337 obsecro,

1975 453 2360 522 questionibus
2389 451 2731 523 interpellare
2756 454 3038 510 curabant.

2483 575 2505 603 ο
2549 563 2881 622 EPISTOLA
2919 567 3050 624 XCI.

2575 671 2644 709 AD
2681 673 2954 713 ABNONEI.

2579 745 2597 816 (
2615 744 2770 802 Anno
2805 747 2963 819 799.)

1976 833 2112 889 Eum
2141 835 2313 912 ttinere
2336 836 2628 912 desiderat;
2681 848 2920 912 tempora
2948 839 3239 912 periculosa
3280 841 3517 912 deplorat
3556 860 3572 897 :

2043 922 2098 960 se
2127 906 2195 959 ad
2221 905 2474 976 palatium
2498 918 2753 970 vocatum,
2783 905 2830 962 et
2872 905 3102 963 Felicem
3129 928 3160 964 a
3191 905 3456 967 Laidfado
3487 914 3560 967 ad

2046 992 2215 1047 regem
2253 976 2547 1030 ducendum
2574 979 2859 1049 signiﬁcat,
2883 988 2988 1034 etc.

2047 1088 2323 1162 [Aquilre]
2369 1091 2510 1146 inter
2569 1107 2757 1148 omnes
2789 1092 2996 1164 Alpina:
3044 1093 3377 1151 celsitudinis
3430 1110 3561 1153 aves

1975 1179 2294 1235 charissimo
2325 1181 2618 1254 [Albinus]
2649 1183 2901 1238 salutem.

2008 1255 2010 1257 ﬁ
2045 1267 2089 1324 Ο
2117 1269 2163 1324 si
2189 1270 2318 1324 mihi
2341 1271 2618 1326 translatio
2646 1271 2898 1328 Habacuc
2926 1280 3071 1329 esset
3091 1289 3347 1330 concessa
3379 1274 3446 1328 ad
3471 1284 3521 1328 te
3541 1315 3558 1340 ,

1975 1374 2137 1429 quam
2182 1361 2460 1416 tenacibus
2495 1369 2586 1415 tua
2622 1361 2758 1416 colla
2784 1363 3143 1430 strinxissem,
3171 1380 3205 1420 o
3249 1364 3558 1420 dulcissime

1975 1450 2073 1516 ﬁli,
2103 1450 2470 1520 amplexibus?
2500 1451 2611 1508 Nec
2633 1468 2719 1508 me
2750 1453 3026 1526 longitudo
3053 1453 3268 1528 [aestivi]
3297 1455 3404 1512 diei
3450 1456 3557 1512 fes-

1977 1557 2096 1596 sum
2115 1539 2373 1606 efﬁceret,
2401 1542 2530 1611 quin
2558 1542 2738 1598 minus
2775 1559 3077 1613 premerem
3118 1554 3306 1614 pectus
3343 1555 3563 1616 pectore

1981 1629 2134 1702 [Cod.
2169 1631 2285 1685 Sal.
2307 1632 2574 1704 pectori],
2625 1648 2688 1687 os
2715 1634 2798 1687 ori
2837 1635 3206 1705 adjungerem,
3235 1636 3406 1691 donec
3452 1636 3564 1691 sin-

1980 1722 2135 1791 gulos
2159 1723 2404 1791 corporis
2433 1732 2584 1777 artus
2606 1721 2935 1780 dulcissimis
2983 1725 3262 1782 oscularer
3288 1726 3565 1782 salutatio-

1978 1813 2158 1867 nibus.
2189 1811 2296 1868 Sed
2323 1815 2450 1883 quia
2500 1815 2602 1870 hoc
2630 1824 2849 1884 peccata
2875 1833 2994 1872 mea
3026 1819 3355 1888 impediunt,
3409 1830 3468 1876 ut
3507 1823 3562 1878 in

1978 1903 2133 1959 tardo
2159 1919 2388 1974 corpore
2408 1903 2526 1959 ﬁeri
2573 1905 2767 1970 valeat,
2810 1905 2976 1977 [quod
3003 1908 3246 1982 possum]
3275 1910 3566 1967 instantius

1979 1993 2247 2061 efﬁciam,
2313 2010 2548 2065 pennam
2608 1995 2892 2051 charitatis
2938 1996 3240 2070 lacrymoso
3298 2000 3568 2072 intingens

1978 2085 2206 2157 gurgite,
2231 2097 2292 2141 ut
2317 2087 2633 2143 suavissima
2663 2088 3003 2146 salutationis
3045 2090 3210 2146 verba
3255 2093 3566 2150 scribantur

1979 2177 2034 2233 in
2069 2177 2331 2242 chartula,
2359 2188 2419 2234 ut
2468 2194 2568 2250 per
2590 2195 2784 2236 manus
2823 2182 3094 2237 currentis
3112 2183 3336 2240 viatoris
3385 2185 3566 2241 veniat

1978 2269 2046 2325 ad
2066 2269 2236 2324 ﬁlium
2267 2270 2549 2326 charitatis
2570 2286 2723 2339 mete,
2747 2272 2947 2342 quiest
2974 2282 3126 2344 pater
3153 2275 3422 2341 meritis,‘l
3449 2273 3563 2331 fra-

1979 2366 2064 2414 ter
2093 2359 2376 2426 charitate,
2405 2361 2549 2416 ﬁlius
2595 2369 2795 2430 aetate;
2835 2371 2896 2418 ut
2937 2379 3024 2419 me
3064 2364 3206 2437 legat
3253 2365 3522 2439 lugentem
3547 2409 3564 2434 ,

1979 2466 2139 2520 quem
2194 2467 2303 2507 non
2337 2453 2526 2521 aspicit
2574 2452 2864 2509 lzetantem.
2916 2453 2961 2511 Ο
3005 2455 3139 2511 dura
3184 2457 3378 2513 divisio
3413 2463 3564 2529 gravi

1979 2539 2235 2609 ponderis
2285 2541 2339 2594 in
2393 2543 2650 2610 corpore!
2703 2558 2737 2597 ο
2785 2543 2956 2598 dulcis
2993 2543 3300 2612 conjunctio
3339 2548 3392 2602 in
3429 2549 3565 2605 dile-

1981 2627 2176 2682 ctionis
2196 2628 2522 2683 visceribus!
2553 2646 2586 2684 ο
2620 2646 2748 2686 vera
2791 2631 3126 2699 fraternitas,
3151 2650 3269 2703 qua:
3291 2652 3567 2708 nunquam

1981 2718 2256 2788 dividitur,
2281 2737 2399 2791 quae
2440 2736 2547 2777 non
2577 2722 2758 2778 minus
2786 2723 2840 2777 in
2867 2724 3090 2779 absente
3135 2726 3289 2780 ardet
3313 2742 3476 2796 quam
3513 2731 3567 2784 in

1981 2811 2237 2880 prmsenti
2264 2810 2544 2867 clarescit!
2585 2813 2641 2867 ln
2693 2813 2812 2878 hac,
2845 2813 3072 2869 obsecro
3097 2855 3112 2880 ,
3163 2824 3346 2872 nostra
3394 2827 3571 2875 tecum

1986 2914 2202 2970 semper
2224 2901 2404 2971 vigeat
2443 2902 2728 2968 memoria,
2752 2913 2811 2958 ut
2835 2902 3098 2974 fragilitas
3143 2915 3328 2961 nostra
3376 2909 3576 2962 vestris

1989 2990 2240 3046 iniciatur
2265 2992 2617 3060 orationibus,
2646 3002 2827 3049 etnon
2851 2995 3070 3050 recedat
3094 2997 3159 3051 de
3189 2997 3351 3054 corde
3373 3013 3573 3054 nomen

1989 3078 2260 3150 diligentis
2290 3087 2376 3147 te;
2415 3083 2509 3136 sed
2540 3082 2594 3136 in
2621 3083 2835 3140 Christo
2865 3085 3152 3154 situnitas,
3168 3087 3284 3142 sine
3306 3103 3414 3160 quo
3429 3088 3574 3148 nulla

1987 3169 2225 3240 perfecta
2250 3180 2334 3226 cst
2367 3173 2622 3229 charitas.

2065 3263 2220 3332 112
2248 3263 2442 3320 Multas
2481 3265 2748 3322 habemus
2773 3269 3116 3325 curiositates
3139 3269 3205 3326 de
3241 3272 3345 3330 ﬁde
3386 3276 3573 3333 catho-

1990 3353 2114 3419 lica,
2145 3355 2270 3424 quia
2299 3355 2514 3427 plurimi
2544 3367 2670 3413 sunt
2694 3358 3117 3431 impugnatores.
3148 3361 3272 3419 ldeo
3297 3365 3458 3420 nobis
3480 3383 3572 3422 ue-

1991 3447 2282 3502 cessarium
2327 3458 2412 3504 est
2440 3451 2730 3508 multorum
2765 3451 2943 3508 fulciri
2970 3453 3475 3522 intercessionibus,
3516 3469 3575 3513 ut

1990 3538 2174 3594 multis
2232 3539 2410 3595 divina
2450 3542 2685 3598 donante
2743 3545 2916 3613 gratia
2975 3546 3231 3613 prodesse
3282 3547 3571 3615 possimus.

1991 3629 2255 3701 Tempora
2281 3639 2407 3685 sunt
2431 3633 2755 3702 periculosa,
2786 3643 2841 3687 et
2866 3633 3140 3689 tribulatio
3170 3650 3331 3704 super
3353 3637 3577 3692 tribula-

1989 3722 2190 3775 tionem
2219 3737 2432 3791 semper
2460 3723 2694 3776 advenit.
2742 3721 2978 3792 Populus
3004 3724 3057 3779 in
3087 3735 3345 3798 egestate,
3373 3729 3576 3799 princi-

1989 3825 2086 3880 pes
2106 3813 2159 3864 in
2187 3811 2392 3876 labore,
2419 3812 2660 3867 Ecclesia
2693 3813 2746 3868 in
2769 3816 3150 3887 sollicitudine,
3181 3823 3488 3880 sacerdotes
3521 3826 3576 3880 in

1990 3899 2244 3970 querelis.
2303 3899 2494 3955 Omnia
2531 3902 2748 3957 turbata
2797 3914 2954 3972 sunt;
3000 3917 3178 3963 tamen
3210 3912 3328 3978 ille,
3375 3916 3574 3982 credo,

1992 3990 2355 4056 miserebitur,
2387 3993 2542 4062 cujus
2568 3993 2938 4049 misericordia
2969 3999 3210 4066 speciosa
3245 4011 3328 4056 est
3356 4004 3409 4056 in
3442 4013 3580 4060 tem-

1992 4095 2123 4152 pore
2151 4081 2541 4149 tribulationis;
2581 4084 2734 4155 cujus
2781 4093 2834 4142 te
2877 4086 3020 4143 laudi
3047 4091 3314 4146 ctbonori
3366 4111 3582 4165 semper

1995 4174 2243 4229 insistere
2267 4173 2493 4229 multum
2521 4176 2687 4246 gavisi
2713 4192 2916 4233 sumus.
2943 4176 3137 4235 Relicit
3163 4181 3306 4236 enim
3331 4183 3579 4253 Spiritum

1997 4276 2238 4323 nostrum
2267 4267 2583 4344 [Candidus]
2608 4272 2673 4328 de
2697 4273 2943 4345 religiosa
2968 4275 3079 4332 vita
3106 4283 3282 4333 vestra
3301 4319 3317 4344 ,
3340 4277 3453 4334 sive
3483 4279 3579 4333 do-

324 4373 386 4420 ut
412 4364 744 4420 familiariter
761 4363 1024 4419 habeatis.
1054 4363 1282 4418 Multum
1305 4360 1436 4417 valet
1456 4362 1751 4433 deprecatio
1761 4363 1896 4432 justi
1928 4393 1972 4452 ο
1999 4372 2108 4424 mo,
2139 4358 2251 4414 sive
2277 4361 2330 4414 in
2358 4361 2572 4417 itinere.
2612 4363 2738 4419 Ideo
2764 4381 2872 4419 non
2905 4375 2988 4420 est
3014 4367 3146 4422 mihi
3188 4367 3477 4424 admonere
3502 4369 3580 4424 fa-

323 4455 555 4520 assidua,
605 4453 762 4522 juxta
814 4452 1114 4524 apostolum
1165 4451 1425 4508 Jacobum
1469 4451 1610 4524 (Jac.
1659 4468 1710 4516 γ,
1765 4451 1896 4524 l6):

320 4554 524 4616 quanto
546 4546 719 4616 magis
744 4544 1039 4599 multorum
1079 4541 1345 4598 fratrum?
1389 4543 1530 4598 Deus
1567 4553 1899 4598 secretorum

2001 4449 2252 4515 cientem,
2271 4466 2369 4504 nec
2387 4451 2544 4520 plena
2565 4453 2808 4522 implere,
2828 4455 2923 4510 sed
2943 4457 3281 4526 congauderc
3295 4459 3571 4530 gaudenti-

2001 4537 2118 4603 bus,
2135 4539 2263 4592 etin
2285 4541 2389 4594 tuis
2400 4539 2730 4610 profectibus
2742 4543 2908 4598 Deum
2930 4545 3170 4602 laudare.
3190 4547 3328 4603 Dum
3370 4551 3576 4619 poteris

325 4637 475 4692 testis
500 4637 670 4703 novit,
709 4644 969 4706 quantum
995 4651 1092 4692 vos
1117 4635 1382 4705 proﬁcere
1405 4636 1459 4690 in
1483 4635 1631 4691 omni
1658 4635 1902 4692 bonitate
1999 4643 2223 4698 operare
2243 4644 2406 4699 opera
2432 4630 2527 4684 Dei
2549 4631 2730 4704 (Joan.
2762 4649 2842 4700 vi,
2864 4634 2956 4706 28)
2991 4653 3004 4690 :
3042 4645 3098 4692 et
3124 4638 3248 4693 dum
3278 4638 3451 4695 lucem
3480 4641 3576 4696 ha-

325 4727 594 4793 desidero,
626 4735 681 4780 et
700 4727 766 4782 de
790 4726 951 4796 hujus
975 4725 1324 4781 mortalitatis
1347 4741 1648 4781 mrumnosa
1684 4725 1902 4780 miseria
2002 4721 2152 4786 beas,
2184 4736 2344 4776 curre
2373 4723 2555 4795 (Joan.
2584 4741 2686 4792 χιι,
2705 4726 2819 4799 55),
2842 4728 3012 4783 donec
3039 4733 3322 4799 pervenias
3351 4732 3419 4788 ad
3461 4733 3583 4789 bra-

325 4821 391 4875 ad
414 4819 738 4874 aeternitatis
768 4819 962 4891 gaudia
993 4818 1224 4874 transire
1239 4819 1517 4874 concedat.

397 4911 424 4951 δ
464 4909 636 4978 Hujus
662 4925 792 4965 vero
828 4909 1068 4979 epistolae
1111 4907 1387 4979 exemplar
1415 4907 1694 4972 fratribus,
1730 4907 1820 4975 qui
1846 4907 1899 4960 in

330 5001 499 5056 insula
560 4999 746 5055 Lirina
791 5001 902 5055 Deo
945 4999 1275 5065 deserviunt,
1310 5006 1373 5053 ut
1395 4997 1629 5067 dirigere
1673 4997 1902 5063 faciatis,

2004 4811 2151 4866 vium
2174 4826 2421 4883 superna:
2441 4815 2969 4890 beatitudinis(PItiI.
2993 4819 3203 4891 111,“).
3238 4821 3478 4894 [Utinam
3504 4824 3582 4878 ci-

2007 4906 2114 4962 tius
2134 4908 2543 4977 superveniente
2576 4918 2763 4965 testate
2790 4920 2841 4965 te
2865 4925 3170 4967 mereamur
3201 4913 3400 4968 videre.
3441 4912 3579 4969 Nam

2007 4997 2184 5052 medio
2198 4997 2356 5063 Maio,
2369 4998 2678 5068 perﬁciente
2699 4999 2828 5064 Deo,
2851 5000 2916 5055 ad
2928 5000 3186 5071 palatium
3199 5016 3285 5055 me
3306 5005 3578 5059 essearbi-

400 5188 426 5214 ι
468 5172 912 5244 Ερίειοιαηιίυενο
935 5215 950 5239 ,
993 5183 1096 5228 etc.
1147 5173 1315 5244 Igitur
1367 5170 1623 5244 Alcninus
1660 5171 1907 5244 mutilum
2010 5169 2246 5244 Hilarius
2269 5173 2598 5244 Arelatensis
2622 5173 2675 5227 in
2702 5174 2821 5228 Vita
2857 5175 3027 5230 sancti
3046 5175 3325 5230 Honorati.

331 5243 568 5298 codicem
589 5243 939 5314 epistolarum
963 5244 1132 5299 sancti

1207 5242 1412 5313 regorii
1431 5240 1616 5297 habuit
1642 5281 1656 5305 ,
1707 5241 1908 5310 episto-

2083 5251 2106 5279 ε
2148 5241 2290 5296 Edit.
2343 5242 2540 5297 Mabill.
2591 5244 2656 5297 l8
2713 5244 3003 5298 maximam
3053 5253 3263 5306 partem
3316 5248 3584 5306 mutilata.

335 5314 436 5388 lam
461 5311 638 5388 enim,
653 5316 730 5388 tle
747 5328 852 5388 qua
895 5314 983 5369 hic
1010 5311 1513 5388 Alcuinus'duhium
1569 5319 1812 5388 movet,
1844 5313 1910 5368 ad
2011 5311 2278 5388 Integra_r_n
2301 5313 2492 5388 damus
2517 5329 2582 5367 ex
2611 5313 2731 5367 cod.
2763 5329 2864 5368 ms.
2900 5311 3098 5370 Salisb.
3133 5315 3309 5388 (Apud
3346 5317 3582 5376 Froben.

336 5383 638 5454 Leandrum
669 5380 871 5453 llispal.
903 5385 1188 5454 genuinam
1225 5398 1344 5454 esse
1383 5391 1595 5454 constat
1622 5399 1688 5435 ex
1710 5380 1913 5454 Isidoro
2013 5381 2318 5454 epist._76.)

337 5453 537 5524 Hispal.
567 5455 796 5510 concilio
819 5453 1074 5509 Tol’etazzo
1112 5470 1160 5508 tv
1186 5465 1242 5510 et
1280 5453 1487 5509 Joanne
1511 5453 1760 5508 diacono.
1807 5453 1914 5508 Sed

336 5525 400 5579 de
419 5525 524 5580 hoc
548 5525 673 5580 alibi
705 5525 858 5594 plura
889 5526 1150 5594 dicemus.

409 5605 445 5666 ft
478 5594 656 5666 Hujus

712 5593 964 5664 epistolrr.
1019 5593 1143 5647 Haec
1191 5593 1428 5648 clausola
1467 5595 1618 5650 deest
1681 5594 1732 5648 in
1790 5593 1911 5646 cod.

2087 5451 2113 5490 ά
2140 5450 2347 5526 _Frat_er
2374 5451 2661 5526 gnaritate.
2685 5452 2772 5526 lla
2799 5453 2961 5526 etiam
2993 5470 3112 5511 sese
3143 5456 3380 5526 explicat
3406 5458 3585 5515 Aletri-

2016 5536 2123 5600 nus
2138 5522 2190 5576 in
2206 5523 2363 5600 epist.
2379 5521 2449 5600 92
2464 5521 2628 5600 (nunc
2645 5523 2764 5600 _ll8)
2780 5525 2847 5578 ad
2868 5526 3135 5600 eumdem.
3149 5521 3289 5600 Fide
3307 5543 3426 5600 qua:
3445 5530 3510 5600 de
3524 5548 3588 5585 ea

2017 5609 2078 5675 re
2111 5593 2165 5675 in
2203 5591 2518 5675 praefatione
2550 5591 2805 5675 diximus,
2949 5591 3416 5675 jttquirimusfan
3443 5599 3590 5655 Arno

337 5662 540 5721 Salisb.
562 5661 668 5722 'De
724 5661 1082 5720 Lirinensium
1136 5666 1516 5719 monachorum
1562 5665 1780 5720 statutis
1807 5664 1917 5733 agit
2017 5661 2226 5718 Alcuini
2255 5661 2423 5718 frater
2446 5662 2744 5721 Germanus
2769 5663 2972 5724 fuerit?
