4070 6182
436 226 595 286 m.

1287 247 1348 302 Β.
1389 246 1450 301 F.
1491 240 1719 299 ALBlNl
1764 238 1895 294 εει]
1936 232 2210 291 ALCUINI
2245 230 2528 290 OPERUM
2568 230 2746 288 PARS
2781 229 2823 283 l.

3582 220 3690 283 298

426 394 561 448 tror,
583 375 875 435 secundum
898 367 1041 442 quod
1068 365 1296 423 domnus
1318 378 1417 419 rex
1445 355 1792 417 demandavit
1817 351 2001 448 nobis.
2027 356 2067 412 Δ
2098 352 2270 406 Strata
2291 347 2527 421 publica,
2560 356 2683 417 qua
2706 343 2856 400 ducit
2889 341 2958 397 ad
2985 338 3243 411 palatium
3274 337 3371 394 Del
3395 335 3617 399 Christi.
3637 340 3695 397 tu

516 436 717 527 :Felix
739 436 989 522 novitatis
1010 465 1250 514 assertor
1264 452 1427 510 habet
1451 450 1695 521 iuratum
1718 445 1909 501 venire
1937 441 2004 497 ad
2107 462 2215 517 quo
2236 454 2321 503 est
2363 461 2488 517 pax,
2518 443 2637 499 laus
2661 450 2717 498 et
2742 439 2913 514 gloria
2937 479 2952 505 ,
3001 439 3070 494 ad
3108 452 3269 510 quem
3316 436 3702 509 pervenientes

429 568 680 623 domuum
703 571 882 631 regem
903 553 1166 609 rationem
1194 545 1419 604 reddere
1445 543 1573 600 ﬁdei
1589 557 1719 598 suae.
1736 541 1863 595 ideo
1884 536 2004 592 dili-

430 660 640 733 gentius
653 661 805 712 orate
822 664 918 722 pro
947 646 1102 703 nobis
1114 644 1157 719 ].
1172 645 1290 715 Ego
1303 656 1435 698 vero
1457 636 1784 733 vernaculus
1809 637 2009 733 sancta:

430 723 526 806 liei
547 744 801 802 Ecclesiae
824 740 1100 796 vobiscum
1117 743 1264 791 stare
1290 733 1487 797 habeo,
1506 738 1562 785 et
1587 726 1730 798 quod
1762 723 2012 781 sacerdo-

431 850 542 894 tum
554 834 757 892 Christi
777 831 1102 889 unanimitas
1125 825 1300 883 credit
1324 832 1380 880 et
1401 820 1679 894 praedicat,
1699 819 1753 873 in
1782 816 1884 871 hoc
1912 828 2013 884 ego

429 926 634 991 laboro,
649 933 846 979 etcum
872 920 1004 976 meis
1027 919 1238 989 loquor,
1257 923 1417 984 etpro
1438 911 1563 967 filiis
1589 916 1787 965 sancta
1801 905 1896 961 Dei
1916 905 2016 959 Ec—

428 1021 605 1075 clesia:
626 1017 863 1089 aperiam
887 1030 951 1070 os
984 1025 1191 1074 meum,
1217 1009 1264 1064 si
1293 1007 1382 1062 ille
1408 1003 1654 1075 implebit
1706 1000 1901 1089 illud:
1923 995 2014 1089 qui

429 1112 506 1166 ait
547 1129 559 1164 :
606 1083 759 1181 Aperi
796 1124 852 1162 os
914 1112 1061 1158 tuum
1088 1143 1102 1168 ,
1149 1110 1198 1155 et
1239 1114 1330 1170 ego
1379 1094 1601 1167 implebo
1649 1090 1803 1181 illud,
1831 1083 2013 1181 (APsal.

430 1217 607 1267 Lxxx,
652 1178 766 1265 ll).
824 1195 1145 1251 Desiderans
1193 1190 1389 1245 docere
1443 1186 1587 1240 viam
1659 1178 1911 1244 Domini,
1965 1183 2022 1230 et

430 1293 750 1351 confirmare
803 1288 1100 1343 titubantes
1134 1324 1149 1349 ,
1217 1290 1272 1338 et
1332 1276 1606 1336 exhortari
1667 1281 1909 1336 stantes,
1968 1277 2024 1324 et

431 1386 640 1454 erigere
663 1383 904 1452 jacentes
930 1393 1028 1449 per
1047 1391 1172 1432 eum
1201 1381 1259 1430 et
1285 1373 1341 1427 in
1375 1386 1462 1436 eo,
1487 1369 1579 1441 qui
1606 1364 1759 1438 erigit
1788 1362 1943 1454 elisos
1974 1369 2023 1414 et

430 1450 583 1531 εοιῦίτ
620 1450 933 1543 compeditos
974 1465 1147 1538 (Psal.
1193 1479 1352 1529 οων,
1390 1462 1441 1526 7,
1477 1458 1554 1531 ε).
1581 1457 1841 1513 Dominus
1868 1450 2026 1507 Iesus

432 1572 701 1636 Christus,
717 1584 815 1639 pro
846 1582 954 1637 quo
990 1562 1142 1627 mihi,
1166 1570 1220 1616 et
1248 1574 1347 1630 per
1373 1569 1532 1627 quem
1553 1550 1688 1607 mihi
1719 1562 1898 1605 sermo
1919 1550 2025 1609 est,

433 1673 493 1718 ut
530 1675 652 1717 eum
681 1673 869 1714 verum
892 1656 1082 1719 Deum,
1116 1660 1172 1707 et
1193 1664 1381 1706 verum
1413 1646 1609 1702 Filium
1636 1642 1732 1698 Dei
1754 1640 2024 1701 omnibus,

470 1754 737 1811 olentibus
773 1759 827 1805 et
859 1745 1165 1803 nolentibus
1189 1741 1398 1804 audire,
1435 1744 1719 1793 testamur.

506 1865 773 1943 [Libellos
796 1870 1029 1925 nostros,
1063 1871 1198 1930 quos
1228 1856 1257 1896 δ
1290 1849 1629 1923 Hildegarius
1677 1842 1913 1943 portavit
1935 1837 2025 1943 -de

435 1934 625 2016 εωὶειο
645 1955 900 2020 Martiae,
936 1952 991 2008 id
1012 1960 1113 2017 est,
1149 1947 1320 2003 sancti
1339 1941 1602 2000 Ambrosii
1623 1939 1686 1993 de
1707 1936 1815 2008 ﬁde
1842 1934 2027 1988 catho-

435 2050 540 2104 lica
562 2046 631 2102 ad
658 2045 971 2103 Gratianum
994 2043 1390 2112 imperatorem,
1422 2043 1469 2088 et
1494 2031 1771 2086 Tractatus
1824 2026 1878 2079 in
1907 2039 2029 2094 pro-

437 2141 620 2211 phetas
667 2136 788 2190 Joel
817 2147 864 2189 et
889 2136 1077 2197 Antor;
1112 2131 1214 2187 bos
1246 2142 1375 2183 vero
1410 2123 1639 2186 libellos,
1666 2120 1788 2211 siin
1836 2132 2027 2211 mona-

439 2205 605 2285 sterio
651 2223 1059 2284 remansissent,
1096 2215 1424 2275 omnimodis
1468 2220 1645 2267 tecum
1675 2206 1806 2263 all'er
1855 2205 1900 2261 si
1945 2219 2031 2259 ve-

442 2320 596 2384 nias;
632 2316 715 2372 sin
744 2322 947 2378 autem,
975 2310 1191 2366 remitte
1214 2306 1389 2362 nobis.
1419 2304 1477 2360 Si
1506 2318 1635 2358 vero
1658 2305 1928 2372 portasset
1948 2313 2032 2353 se-

441 2425 589 2476 cum,
614 2407 879 2469 mittatur,
923 2410 983 2457 ut
1033 2400 1243 2462 reddat,
1270 2404 1328 2451 ut
1379 2392 1804 2452 benedictionem
1856 2385 2031 2442 sancti

443 2498 661 2555 Martini
692 2496 907 2558 habeat,
931 2491 1056 2562 quia
1087 2490 1155 2546 de
1189 2488 1339 2563 illius,
1385 2493 1512 2541 sunt
1552 2480 1789 2538 armario
1812 2520 1827 2545 ,
1870 2492 2033 2549 quem

443 2589 579 2647 nihil
599 2603 696 2659 per
732 2601 832 2641 nos
855 2584 1083 2655 perdere
1108 2589 1379 2652 optamus.
1403 2577 1560 2632 Illum
1601 2589 1731 2631 vero
1750 2570 2032 2646 pratfatum

445 2693 672 2750 puerum
701 2677 838 2731 bene
871 2671 1070 2737 fecisti,
1109 2671 1235 2727 dum
1282 2666 1479 2723 dedisti
1506 2679 1630 2721 eum
1685 2660 1879 2718 saeculo
1922 2673 2035 2715 ser-

446 2769 581 2834 vire,
613 2767 740 2839 quia
764 2765 999 2821 studium
1025 2759 1407 2818 ecclesiastica:
1461 2757 1586 2811 vitae
1641 2752 1815 2809 noluit
1861 2750 2033 2808 insisti

402 2884 405 2887 ι
446 2860 596 2935 ιιερ.
620 2856 932 2930 insistere]:
964 2863 1019 2910 et
1047 2869 1155 2909 non
1180 2851 1313 2908 mihi
1363 2847 1620 2905 irascaris
1661 2852 1851 2902 contra
1888 2858 2033 2899 eum.

450 2932 700 3009 Sciebam
748 2949 896 3004 illum
935 2945 1078 3002 nolle
1129 2942 1275 3013 quod
1314 2957 1410 2999 vos
1450 2938 1584 2994 velle
1629 2938 1898 3001 sciebam;
1939 2932 2035 2988 sed

452 3042 617 3108 uolui,
648 3049 710 3096 ut
732 3054 831 3109 per
876 3052 962 3091 me
990 3051 1022 3089 a
1068 3042 1121 3089 te
1149 3040 1493 3103 separaretur
1521 3071 1535 3094 ,
1583 3029 1677 3098 qui
1705 3026 1773 3082 ad
1817 3034 1869 3080 te
1904 3039 2031 3079 san-

445 3134 607 3202 guine
634 3128 965 3200 pertinebat,
997 3124 1180 3188 timeo,
1213 3138 1318 3177 non
1344 3121 1557 3191 spiritu.
1596 3119 1799 3173 Tamen
1822 3130 1927 3170 non
1950 3120 2035 3169 est

449 3223 838 3298 desperandum
877 3220 943 3274 de
968 3234 1052 3284 eo,
1093 3228 1286 3290 potens
1311 3222 1395 3271 est
1450 3215 1593 3269 Deus
1645 3211 1711 3267 de
1767 3207 2037 3298 lapidibus

450 3295 570 3375 istis
589 3315 853 3372 suscitare
882 3311 1020 3366 filios
1051 3308 1283 3364 Abrahae
1314 3305 1531 3378 (Matth.
1563 3320 1645 3368 Ill,
1673 3300 1750 3372 9).
1782 3295 2034 3363 Benefac,

449 3409 697 3471 obsecro,
724 3416 747 3444 ο
778 3403 932 3475 Mago
966 3415 1086 3456 meo
1111 3401 1303 3470 nigro;
1336 3397 1440 3452 erit
1459 3395 1605 3451 enim
1632 3392 1779 3449 utilis
1801 3392 1856 3446 in
1878 3390 2038 3447 domo

449 3499 573 3562 Dei.
629 3497 854 3567 Semper
904 3492 1189 3548 nobiscum
1243 3488 1377 3554 fuit,
1425 3487 1624 3542 bonam
1692 3481 1885 3538 habuit
1945 3495 2038 3536 vo-

449 3591 712 3646 luntatem
737 3595 793 3642 et
822 3582 1189 3642 humilitatem
1216 3620 1231 3646 ,
1284 3593 1378 3634 seu
1424 3576 1478 3631 in
1506 3574 1728 3631 servitio
1764 3571 1898 3637 Dei,
1945 3586 2040 3627 seu

451 3678 615 3736 etiam
646 3679 700 3733 in
731 3675 980 3733 lectionis
1001 3671 1209 3737 studio;
1242 3678 1297 3725 et
1320 3666 1579 3738 quidquid
1607 3665 1696 3720 ille
1721 3663 2039 3733 accepisset,

453 3769 540 3826 fac
566 3782 689 3822 eum
715 3764 909 3836 partiri
939 3777 1060 3819 eum
1092 3759 1360 3833 plurimis,
1390 3767 1450 3813 ut
1475 3771 1655 3813 sermo
1705 3754 1801 3811 Dei
1831 3758 2042 3809 crescat

454 3860 512 3914 in
544 3857 809 3921 Ecclesia,
836 3855 922 3910 cui
953 3854 1065 3909 Deo
1122 3852 1467 3921 dispensante
1514 3847 1777 3904 desert-is.
1818 3844 2005 3901 Saluta
2026 3884 2042 3911 ,

452 3952 696 4015 obsecro,
722 3962 913 4004 omnes
935 3945 1134 4001 fratres
1164 3953 1382 4000 nostros
1402 3942 1455 3997 in
1485 3956 1619 4012 pace
1648 3947 1704 3995 et
1738 3938 2001 3995 cbaritate
2023 3977 2040 4004 ,

451 4043 776 4110 Patremque
800 4046 1044 4094 nostrum
1073 4035 1100 4075 ἀ
1126 4035 1365 4090 Alimum
1385 4034 1716 4104 episcopum,
1739 4038 1794 4086 et
1818 4037 2045 4085 caeteros

453 4130 870 4189 consacerdotes
900 4136 1129 4184 vestros.
1164 4124 1397 4180 Hortare
1420 4124 1541 4178 illos
1573 4136 1787 4192 semper
1811 4121 1880 4177 ad
1906 4135 2048 4191 pra:-

453 4225 738 4281 dicationis
778 4221 1038 4277 officium.
1076 4220 1350 4275 Memento
1399 4218 1527 4273 dum
1562 4228 1586 4255 ο
1620 4215 1844 4286 pallium
1894 4228 2048 4269 acce-

450 4318 577 4388 pisti
600 4313 734 4388 [ab]
767 4312 1063 4386 apostolica
1098 4310 1243 4377 sede,
1276 4311 1451 4383 majus
1478 4316 1529 4365 te
1554 4307 1827 4377 accepisse
1871 4321 2044 4371 onus,

2109 548 2376 594 memores
2405 542 2580 591 estote
2599 533 2728 588 mei.

2180 625 2470 701 [Kalendis
2510 624 2819 680 Novembris
2871 621 3225 678 {sollemnitas
3269 619 3520 675 Omnium
3562 619 3705 679 Sane

2112 727 2333 772 clarum.
2366 717 2527 781 Ecce,
2551 714 2856 770 venerande
2877 713 3040 768 Pater
3060 710 3226 776 Arne,
3256 710 3426 767 habes
3445 711 3707 783 designa-

2113 817 2223 863 tam
2247 807 2639 863 solemnitatem
2666 803 2920 861 Omnium
2959 802 3281 858 Sanctorum
3310 842 3325 867 ,
3379 802 3523 858 sicut
3566 805 3706 860 dial-

2114 913 2256 964 mus,
2287 912 2451 968 quam
2476 898 2731 953 continue
2758 894 2814 949 in
2842 901 3025 950 mente
3054 894 3290 949 retineas
3314 933 3329 958 ,
3383 900 3439 949 et
3491 908 3707 965 semper

2114 1007 2214 1062 pro
2251 988 2622 1046 anniversario
2648 997 2893 1058 tempore
2925 986 3105 1042 colere
3133 1000 3241 1041 non
3266 986 3516 1053 desistas,
3532 994 3707 1042 atteri-

2118 1085 2251 1140 deus
2279 1084 2410 1140 illud
2433 1092 2489 1139 et
2509 1085 2716 1139 intente
2758 1081 3126 1143 considerans,
3159 1081 3416 1150 quoniam
3439 1081 3484 1136 si
3522 1081 3667 1136 Elias
3690 1124 3705 1145 ,

2118 1192 2259 1231 unus
2280 1193 2348 1232 ex
2377 1175 2503 1243 illis,
2519 1175 2574 1231 in
2589 1175 2773 1231 Veteri
2793 1173 3143 1230 Testamento
3168 1171 3416 1228 oratione
3440 1187 3561 1239 sua,
3578 1173 3651 1229 du
3675 1189 3709 1226 n

2120 1270 2309 1335 voluit,
2336 1269 2588 1326 claudere
2630 1267 2827 1323 cmlum
2861 1265 3034 1337 potuit
3060 1263 3568 1335 praevaricatoriius
3590 1306 3604 1329 ,
3653 1277 3711 1321 et

2122 1361 2337 1432 aperire
2354 1358 2629 1416 conversis
2643 1356 2765 1429 (111
2790 1356 2917 1429 Reg.
2936 1373 3069 1422 xv",
3093 1365 3142 1410 et
3161 1355 3282 1410 Jac.
3303 1372 3356 1421 v,
3373 1354 3487 1427 t7),
3508 1366 3715 1427 quanto

2124 1452 2295 1523 magis
2324 1451 2481 1522 113
2515 1449 2714 1507 Omnes
2743 1448 2930 1505 Sancti
2959 1450 3016 1504 in
3035 1448 3187 1504 Novo
3214 1449 3600 1504 Testamento?
3617 1451 3710 1506 ubi

2124 1543 2204 1598 eis
2224 1540 2535 1611 specialiter
2560 1548 2616 1595 et
2649 1546 2898 1610 patenter
2921 1539 3101 1594 claves
3126 1538 3278 1610 regni
3310 1538 3518 1594 caelesti
3559 1555 3714 1595 com-

2126 1630 2308 1685 missae
2334 1637 2478 1695 sunt,
2507 1637 2562 1684 et
2582 1627 2832 1684 claudere
2856 1628 3051 1684 cmlum
3074 1635 3302 1697 possunt
3331 1628 3645 1697 incredulis,
3660 1638 3716 1685 et

2054 1706 2101 1765 Β
2126 1719 2337 1789 aperire
2357 1718 2725 1784 credentibus,
2747 1719 2793 1774 si
2816 1718 3005 1773 intima
3030 1717 3317 1774 dilectione
3351 1718 3717 1777 honoriﬁcan-

2125 1821 2215 1866 tur
2237 1825 2269 1866 a
2312 1807 2580 1876 fidelibus,
2611 1817 2669 1866 et
2696 1809 2947 1866 coluntur
2994 1809 3384 1882 gloriﬁcatione
3422 1812 3501 1867 eis
3530 1813 3719 1868 condi-

2125 1917 2250 1973 gna.
2274 1900 2429 1968 Quod
2472 1910 2533 1955 ut
2556 1900 2675 1957 fieri
2710 1901 2870 1973 digne
2906 1901 3079 1972 possit
3105 1917 3134 1955 a
3164 1902 3321 1957 nobis
3343 1943 3357 1967 ,
3410 1902 3591 1959 lumen
3627 1919 3721 1959 ve-

2128 2006 2271 2057 rum,
2294 1991 2440 2061 quod
2465 1990 2733 2046 illuminat
2751 2006 2968 2047 omnem
3019 1991 3291 2047 hominem
3336 1992 3519 2063 (Joan.
3550 2010 3589 2059 ι,
3613 1995 3670 2064 9)
3696 2034 3714 2060 ,

2127 2081 2374 2138 Christus
2393 2080 2580 2148 Iesus,
2621 2081 2882 2137 illuminet
2910 2082 3072 2137 corda
3104 2090 3311 2147 nostra,
3347 2091 3403 2138 et
3452 2097 3557 2152 pax
3587 2085 3678 2140 Dei
3698 2126 3717 2149 ,

2129 2186 2250 2241 qum
2282 2178 2573 2241 exsuperat
2607 2185 2822 2227 omnem
2862 2185 3082 2226 sensum
3111 2169 3279 2243 (Phil.
3313 2187 3386 2238 IV,
3409 2172 3487 2245 7),
3514 2189 3610 2243 per
3638 2175 3723 2229 in-

2135 2261 2521 2317 tercessionem
2549 2260 2804 2317 Omnium
2844 2260 3169 2317 Sanctorum
3193 2259 3329 2329 eius,
3362 2264 3631 2318 custodiat
3658 2280 3721 2319 ea

2132 2354 2384 2424 usquein
2406 2353 2549 2409 diem
2594 2354 2936 2409 aeternitatis.
2982 2353 3134 2410 lianc
3160 2353 3559 2412 solemnitatem
3600 2364 3725 2411 san;

2134 2445 2431 2501 ctissimam
2454 2445 2628 2500 tribus
2656 2444 2846 2500 diebus
2886 2443 3203 2516 jejunando,
3226 2448 3433 2502 orando
3459 2486 3473 2510 ,
3535 2448 3726 2503 missas

2135 2534 2401 2600 canendo,
2429 2542 2485 2589 et
2515 2533 2887 2605 eleemosynas
2913 2536 3092 2591 dando
3114 2551 3213 2607 pro
3244 2536 3473 2592 invicem
3512 2537 3726 2593 sincera

2138 2625 2422 2683 devotione
2450 2625 2853 2700 prtecedamus]

2642 2741 2669 2780 ε
2694 2738 3029 2796 EPISTOLA
3069 2740 3227 2796 XCII.

2753 2827 2821 2865 AD
2861 2825 3137 2866 ARNONEII.

2536 2899 2714 2971 (Anno
2739 2899 2862 2965 799,
2895 2916 3082 2957 mense
3106 2900 3344 2974 Martio.)

2141 2990 2590 3076 Epistolant'cum
2631 2992 2935 3076 muneribus
2962 3009 3016 3046 se
3036 2992 3294 3076 accepisse
3294 3009 3335 3076 ,ί
3369 3009 3444 3076 lac
3478 2994 3733 3076 remedio

2059 3060 2109 3123 ϐ
2191 3060 2554 3141 'menserMaio
2584 3062 2723 3132 apud
2752 3078 2945 3141 regem,
2978 3079 3080 3133 quo
3101 3060 3261 3117 etiam
3283 3060 3441 3117 Felix
3460 3062 3728 3119 adducen-

2207 3130 2307 3185 dus
2330 3140 2424 3197 est,
2454 3130 2695 3200 futurum
2724 3130 3006 3202 signiﬁcat}

2216 3221 2574 3278 Dilectissimo
2605 3221 2715 3276 [ilio
2741 3220 2945 3292 Aquila:
2973 3221 3201 3277 Albinus
3227 3222 3478 3278 salutem.

2209 3310 2458 3381 Acceptis
2484 3310 2910 3367 sacerdotalibus
2945 3311 3252 3367 dilectionis
3283 3320 3388 3368 tua:
3415 3312 3736 3369 muneribus

2139 3414 2264 3455 cum
2296 3415 2493 3471 magno
2531 3399 2725 3471 gaudio
2769 3409 2824 3456 et
2850 3399 3035 3454 lzntitia
3065 3441 3081 3465 ,
3126 3401 3287 3456 simul
3315 3410 3366 3458 et
3398 3400 3736 3456 suavissimis

2140 3492 2357 3559 litteris,
2386 3492 2440 3546 in
2473 3491 2669 3562 quibus
2694 3491 2840 3545 omni
2869 3490 2992 3546 favo
3035 3490 3242 3546 dulcior
3283 3490 3561 3546 redolebat
3601 3490 3736 3545 mihi

2142 3581 2399 3646 cbaritas,
2432 3589 2487 3634 et
2509 3595 2674 3651 quam
2706 3580 2904 3651 sacpius
2929 3579 3171 3650 probavi,
3196 3592 3407 3649 semper
3433 3578 3611 3632 amavi
3636 3594 3651 3644 ;
3682 3589 3739 3632 et

2142 3672 2374 3742 quadam
2405 3669 2772 3727 familiaritate
2802 3670 2945 3727 intra
2983 3670 3160 3726 cordis
3192 3670 3299 3724 mei
3327 3684 3548 3734 arcana,
3578 3669 3737 3739 quasi

2145 3764 2457 3820 thesaurum
2484 3763 2920 3830 desiderabilem,
2944 3772 3049 3818 tua:
3076 3761 3231 3818 faciei
3258 3770 3313 3818 et
3351 3762 3590 3818 nominis
3619 3777 3738 3817 me-

2145 3856 2315 3909 moria
2338 3853 2612 3910 recondidi
2644 3852 2837 3926 [Edit.,
2872 3853 3208 3927 reconditur]
3232 3868 3247 3907 :
3276 3852 3497 3929 etquod
3523 3853 3739 3925 nigrum

2149 3945 2202 4000 in
2232 3945 2442 4018 capillis
2464 3945 2708 4011 videtur,
2754 3946 3044 4001 candidum
3074 3946 3129 4000 in
3159 3947 3322 4002 corde
3347 3952 3578 4000 amatur.
3628 3943 3737 4000 Sed

2146 4033 2473 4089 omnimodis
2498 4035 2737 4099 obsecro,
2773 4034 2817 4090 si
2863 4035 2979 4091 fieri
3008 4036 3199 4105 possit,
3230 4036 3333 4092 hoc
3366 4051 3507 4091 anno
3543 4050 3736 4106 supcr-

2150 4126 2400 4181 veniente
2439 4125 2651 4181 videam
2692 4127 3035 4183 dulcissimos
3077 4128 3264 4185 oculos
3293 4126 3522 4200 [Aquilze
3556 4123 3738 4199 meat].

2149 4227 2209 4273 ut
2252 4220 2571 4290 amplectar,
2619 4218 2901 4274 deosculer
2944 4232 3050 4273 non
3079 4218 3254 4273 solum
3280 4233 3394 4283 ore,
3439 4217 3535 4273 sed
3577 4217 3740 4273 etiam

2151 4325 2265 4372 toto
2309 4316 2491 4372 corde.
2550 4313 2693 4387 [Jam
2737 4311 2944 4384 pridem
2996 4320 3100 4367 tua:
3142 4311 3397 4368 cbaritati
3443 4310 3740 4383 longiorem

453 4420 511 4468 et
524 4410 825 4467 debitorem
853 4422 972 4464 esse
1001 4406 1149 4462 omni
1171 4419 1419 4476 personat
1446 4410 1501 4459 et
1521 4400 1796 4473 dignitati.
1824 4398 2047 4455 ﬁducia-
2069 4405 2126 4470 ο
2152 4404 2343 4475 scripsi
2388 4402 2674 4473 epistolam
2698 4442 2712 4468 ,
2739 4410 2794 4458 et
2822 4402 2993 4458 direxi
3035 4400 3314 4457 Cltlotario
3342 4398 3496 4456 fratri
3514 4442 3528 4464 ,
3555 4409 3615 4454 ut
3646 4414 3742 4470 per

454 4504 579 4560 liter
608 4503 834 4560 verbum
859 4502 956 4558 Dei
983 4498 1326 4573 pmdieare].
1371 4498 1510 4565 Noli,
1541 4497 1653 4553 noli
1682 4503 1863 4554 tacere
1886 4536 1901 4563 ,
1954 4492 2048 4549 sed

456 4595 652 4662 clama,
683 4603 739 4650 et
768 4609 837 4650 ne
861 4608 1061 4650 cesses.
1097 4590 1287 4648 Exalta
1336 4590 1476 4647 sicut
1501 4590 1628 4646 tuba
1657 4603 1849 4644 vocem
1900 4593 2050 4641 tuam

460 4686 595 4761 (lea.
635 4702 790 4753 LVIII,
821 4686 872 4754 ιι)
897 4727 914 4753 ,
990 4694 1046 4742 et
1093 4684 1315 4739 ostende
1364 4681 1619 4737 omnibus
1664 4680 1810 4734 viam
1859 4676 2049 4733 salutis

459 4789 697 4847 aerum,
727 4787 777 4835 et
810 4780 898 4835 dic
923 4793 938 4832 :
969 4777 1215 4842 Currite,
1251 4775 1367 4829 haec
1411 4780 1494 4829 est
1519 4771 1606 4827 via
1631 4773 1793 4843 regia,
1820 4770 1936 4824 haec
1964 4778 2051 4823 est

531 4928 558 4959 ι
598 4914 755 4971 Felix
775 4916 925 4969 habet
946 4915 1189 4984 juratum
1220 4912 1409 4984 uenire.
1453 4908 1811 4984 Adducenzlus
1854 4922 2049 4977 nempe

457 5002 559 5059 per
583 4980 1007 5059 Laidradumad
1049 4983 1338 5059 concilium
1374 4980 1840 5059 Aquisgntnense,
1876 4986 1937 5031 ut
1979 4993 2047 5032 ex

461 5048 719 5127 sequente
746 5054 973 5127 cpistola
1018 5053 1316 5123 colligitur;
1371 5048 1501 5122 ergo
1530 5048 1732 5118 scripta
1769 5048 1869 5102 fuit
1902 5064 2047 5103 anno

530 5197 562 5236 δ
604 5196 963 5267 Iliidegarius.
996 5191 1313 5267 Discipulqs
1349 5190 1492 5267 haud
1522 5188 1680 5267 (litigio
1718 5188 1910 5267 aliquis
1957 5191 2049 5246 Al-

463 5267 607 5322 cuini
630 5269 684 5322 in
717 5261 1043 5324 monasterio
1066 5261 1237 5320 san—eti
1265 5261 1511 5331 Ruperti.
1554 5261 1672 5316 Vid.
1702 5262 1859 5330 epist.
1891 5277 2008 5332 seq.

536 5348 558 5408 ὲ
602 5336 779 5408 Mago.
821 5338 1168 5392 Adalbertum
1196 5335 1297 5389 hoc
1316 5332 1633 5404 cognomine
1657 5341 1829 5397 notat,
1852 5333 1917 5387 de
1942 5349 2048 5404 quo

465 5405 612 5476 alibi.
644 5405 778 5464 Vide
804 5408 960 5476 epist.
995 5422 1109 5475 seq.

535 5474 563 5515 ά
603 5472 851 5532 Atinium:
908 5472 1204 5546 Episcopus
1255 5476 1300 5531 is
1348 5473 1449 5528 fuit
1499 5472 1894 5546 Sabiunensis,
1953 5473 2047 5543 qui

468 5546 734 5617 anno_‘77_2
759 5543 969 5617 synodo
995 5543 1414 5617 Dingolliagana:
1439 5543 1777 5617 subscripsit.

541 5582 611 5601 ..υ
640 5582 654 5597 .
676 5582 734 5601 η.
759 5582 963 5617 vum...
996 5582 1257 5610 u...,~,.,.....
1279 5582 1414 5600 va"...
1439 5582 1777 5613 σαυρωψα...

541 5624 567 5655 ο
606 5614 838 5670 Pallium
880 5582 1355 5686 archiepiscopa’le,
1386 5629 1494 5685 quo
1518 5613 1666 5670 Arno
1708 5613 1877 5686 priori
1904 5628 2046 5685 anno

470 5682 754 5745 decoratus
784 5685 900 5755 fuit,
941 5693 999 5740 ut
1026 5682 1167 5742 nunc
1194 5682 1260 5741 ex
1291 5682 1630 5754 bac—quoque
1656 5682 1882 5753 cpistola
1922 5682 2050 5736 con-

2155 4504 2366 4552 vestros
2394 4493 2643 4549 homines
2669 4494 2737 4549 ad
2757 4508 2854 4548 vos
2878 4492 3204 4564 perveniret.
3227 4491 3353 4547 ideo
3375 4491 3561 4561 paucis
3582 4489 3744 4546 modo

2154 4584 2499 4642 sermonibus
2538 4582 2729 4654 loquor
2773 4583 2826 4638 in
2857 4583 2958 4639 hac
2987 4582 3239 4652 praesenti
3278 4581 3545 4637 chartula.
3587 4579 3746 4636 Venit

2154 4677 2301 4734 enim
2344 4690 2437 4730 xw
2469 4672 2591 4728 Kal.
2622 4672 2793 4745 April.
2831 4673 2964 4728 mihi
2989 4672 3216 4742 cpistola
3247 4681 3429 4727 vestra
3459 4686 3583 4727 cum
3626 4686 3748 4725 mu-

2155 4767 2398 4830 neribus,
2441 4772 2497 4819 et
2531 4779 2631 4834 ego
2675 4764 2858 4819 statim
2903 4764 3043 4818 hanc
3083 4761 3290 4831 scripsi.
3344 4761 3661 4816 desiderans
3694 4768 3751 4816 te

2152 4918 2277 4974 stat,
2320 4921 2453 4986 quze
2490 4921 2633 4959 anno
2670 4903 2774 4960 799
2795 4902 2985 4986 “patth
3035 4910 3162 4986 post
3187 4900 3425 4986 ‘initium
3468 4901 3592 4956 data
3637 4909 3747 4968 est,

2152 5130 2318 5175 tatem
2355 5134 2419 5185 eo
2462 5117 2584 5177 die,
2644 5116 2747 5185 hoc
2779 5123 2896 5177 est,
2944 5113 3201 5185 Kalendis
3245 5110 3748 5185 Novembribusuin

2150 5191 2320 5247 Gallia
2345 5180 2399 5243 et
2421 5184 2895 5255 Germaniailonge
2922 5191 3044 5255 post
3072 5180 3543 5255 obitumAlcuiui,
3593 5180 3749 5255 scili-

2150 5269 2237 5316 cet
2264 5276 2405 5315 anno
2451 5256 2577 5318 855,
2603 5250 2866 5323 celebrari
2908 5250 3137 5323 cumissc
3188 5250 3650 5323 traditQuercet.
3694 5250 3753 5323 in

2149 5330 2366 5386 Prmfat.
2399 5326 2467 5381 ad
2496 5326 2713 5378 beatum
2743 5320 3028 5377 Alcuinum
3060 5340 3208 5377 num.
3242 5323 3329 5376 l7.
3356 5320 3488 5389 Qum
3513 5320 3754 5378 assertio

2150 5417 2217 5456 ex
2242 5402 2344 5454 hoc
2368 5398 2485 5450 loco
2515 5392 2796 5446 refellitur.
3109 5398 3113 5402 '
3379 5394 3386 5401 '
3420 5394 3425 5399 θ
3450 5391 3455 5397 ’

2226 5473 2250 5510 ε
2289 5467 2437 5521 Hane
2478 5461 2763 5532 epistolam
2811 5462 3074 5519 hactenus
3132 5461 3391 5518 incditam
3443 5455 3639 5517 damus
3681 5472 3755 5532 ἐς

2152 5538 2307 5595 codd.
2360 5550 2489 5589 mss.
2513 5526 2737 5604 'Salisb,
2776 5540 2832 5588 et
2875 5532 2933 5588 S.
2971 5532 3333 5604 Emmerami:
3383 5549 3504 5604 quae
3538 5526 3754 5604 ansulis

2148 5608 2357 5665 inclusa
2388 5610 2532 5667 sunt,
2574 5600 2768 5674 in_solo
2805 5604 2925 5660 cod.
2982 5602 3181 5660 Salisb.
3215 5599 3504 5659 habentur.
3569 5599 3753 5674 (Apud

2148 5677 2383 5735 Froben.
2412 5674 2571 5746 epist.
2599 5671 2714 5744 Π.)
