4070 6182
244 319 359 385 ειη

1662 318 2041 381 EPISTOLIE.

2318 185 2357 203 κ

3398 322 3503 376 293

246 420 488 475 multum
531 417 733 473 videre.
784 416 932 480 Jam,
976 415 1086 470 Deo
1130 415 1369 477 volente,
1424 416 1600 470 medio
1643 430 1828 471 mense
1853 403 2147 486 Ajungere
2171 413 2370 478 studui,
2404 413 2626 481 cupiens
2652 411 2881 483 spiritali
2907 411 3194 483 prasentia
3222 427 3361 468 unus
3388 428 3509 469 esse

250 506 402 566 Baio
424 508 566 579 apud
594 524 772 579 regem
795 509 971 578 cogito
996 521 1136 572 esse,
1160 508 1286 577 quia
1314 520 1338 547 ιι
1372 506 1668 562 Laidradus
1692 507 1835 564 ﬁlius

248 611 448 657 noster
467 599 734 654 adducere
758 598 920 653 habet
943 597 1173 653 Felicem
1196 597 1364 652 illum.
1398 613 1518 651 cum
1546 612 1653 666 quo
1682 599 1836 652 nobis

249 688 531 746 sermonis
558 686 831 741 contentio
860 694 967 741 est.
1008 685 1075 738 Et
1118 684 1318 739 utinam
1362 684 1615 739 Paulinus
1656 694 1839 740 noster

252 779 618 835 charissimus
653 775 814 830 Pater
853 776 1052 832 veniat!
1104 772 1161 828 Si
1208 775 1303 829 tibi
1341 790 1503 830 causa
1539 785 1836 845 opportuna

256 869 392 933 ﬁat,
440 868 666 922 multum
692 865 940 920 desidero
970 872 1027 917 ut
1051 872 1104 918 te
1138 865 1434 919 habeamus
1461 865 1834 936 praesentem];

254 961 392 1031 quia
421 956 648 1012 multum
680 965 857 1009 tecum
900 954 1072 1007 balteo
1100 952 1377 1018 conferre,
1409 968 1528 1023 quae
1554 968 1652 1023 per
1683 955 1840 1008 char-

257 1060 397 1107 tam.
425 1055 645 1117 propter
665 1043 1031 1099 inﬁdelitatem
1057 1046 1404 1113 portantium,
1428 1044 1550 1100 nolo
1579 1046 1836 1099 indicare.

258 1138 346 1193 Tu
386 1153 519 1193 vero
554 1135 766 1190 cautior
790 1142 908 1188 esto
934 1133 1077 1188 inter
1100 1134 1314 1189 hostilia
1345 1149 1513 1189 arma.
1554 1136 1727 1190 Tuum
1757 1144 1842 1191 est

256 1228 582 1297 praedicare,
611 1240 715 1280 non
739 1238 1005 1293 pugnare;
1031 1223 1339 1292 paciﬁcarc,
1366 1241 1473 1279 non
1498 1225 1836 1291 discordare;

264 1331 527 1373 revocare
547 1317 616 1369 ad
644 1315 827 1376 vitam,
854 1329 955 1367 non
984 1314 1038 1365 in
1061 1324 1288 1369 mortem
1319 1315 1553 1380 mittere,
1583 1317 1723 1371 sicut
1752 1324 1841 1370 tua

262 1408 471 1478 optime
496 1406 645 1461 novit
666 1405 943 1459 sanctitas.

343 1495 506 1568 ιη,
535 1494 896 1566 [llildegarius
935 1494 1066 1548 duos
1105 1494 1272 1549 libros
1307 1495 1481 1549 sancti
1517 1494 1730 1549 Martini
1758 1510 1845 1550 se-

269 1604 394 1643 cum
419 1586 675 1656 portavit,
717 1585 857 1638 sicut
897 1584 924 1623 b
965 1584 1020 1638 in
1045 1584 1146 1639 alia
1173 1585 1396 1653 epistola
1425 1586 1517 1640 tibi
1548 1585 1842 1655 designavi.

271 1678 425 1747 Rogo
452 1684 513 1729 ut
538 1674 706 1729 facias
734 1674 949 1738 venire;
994 1675 1098 1728 hoc
1124 1683 1240 1739 est,
1285 1677 1454 1730 sancti
1480 1675 1737 1729 Ambrosii
1767 1675 1845 1728 De

1935 523 2003 562 ex
2026 508 2197 571 vobis,
2223 515 2277 561 et
2305 522 2470 563 unum
2497 520 2617 562 esse
2643 507 2939 571 vobiscum,
2966 514 3024 561 ut
3050 516 3227 563 vestra
3256 522 3343 563 me
3377 522 3508 563 san-

1934 601 2095 654 ctitas
2130 616 2159 652 a
2196 597 2421 651 terrenis
2461 596 2664 652 levaret
2696 598 3096 668 cupiditatibus.
3131 598 3265 653 etin
3303 597 3510 659 cmlesti

1936 689 2211 744 vobiscum
2240 686 2528 741 collocaret
2562 685 2848 743 desiderio.

2008 777 2053 832 Ο
2077 792 2240 846 quam
2268 775 2393 830 felix
2426 785 2511 829 est
2535 776 2645 830 vita
2672 777 3086 831 monachorum!
3129 779 3238 833 Deo
3273 777 3511 847 placabi-

1938 868 2028 933 lis,
2058 866 2258 936 angelis
2292 866 2557 930 amabilis,
2584 865 2890 921 liominihus
2918 868 3262 922 honorabilis.
3292 868 3391 935 Qui
3420 868 3510 923 hic

1941 957 2094 1029 [Cod.
2122 955 2262 1021 Sal.,
2294 954 2455 1026 hanc]
2486 955 2716 1010 ﬁdeliter
2745 956 2875 1010 vivit
2904 957 3045 1010 inter
3071 958 3334 1022 homines,
3361 958 3507 1014 haud

1940 1049 2162 1102 dubium
2206 1046 2437 1100 feliciter
2473 1054 2662 1115 regnat
2688 1047 2829 1101 inter
2856 1046 3090 1115 angelos.
3144 1047 3293 1103 lianc
3319 1049 3507 1118 primi-

1943 1136 2047 1190 tiva
2069 1150 2165 1205 per
2187 1135 2456 1205 apostolos
2483 1135 2536 1187 in
2565 1133 2745 1188 Judzra
2770 1135 3000 1187 initiavit
3030 1134 3290 1198 Ecclesia,
3321 1135 3514 1205 quibus

1940 1226 2122 1282 omnia
2169 1225 2471 1280 communia
2515 1223 2681 1278 fuisse
2722 1224 3001 1293 leguntur,
3031 1232 3086 1279 et
3124 1240 3283 1279 nemo
3310 1225 3511 1294 aliquid

1941 1333 2095 1371 suum
2133 1331 2253 1370 esse
2292 1315 2502 1369 dicebat
2546 1313 2683 1385 (Act.
2717 1329 2788 1377 Iv,
2818 1313 2928 1384 5'2).
2968 1314 3081 1368 Iloc
3111 1331 3216 1369 non
3257 1314 3428 1369 solum
3461 1314 3513 1369 in

1941 1408 2183 1465 seculari
2229 1406 2529 1461 substantia
2576 1406 2896 1460 servandum
2955 1419 3075 1460 esse
3116 1406 3373 1471 arbitror,
3421 1405 3516 1461 sed

1941 1498 2103 1552 ctiam
2132 1497 2187 1550 in
2215 1496 2496 1551 desideriis
2524 1494 2872 1564 spiritalibus,
2900 1503 2959 1549 ut
2985 1510 3173 1550 omnes
3196 1512 3363 1550 unum
3390 1512 3517 1553 con-

1943 1587 2240 1657 cupiscant,
2270 1596 2323 1639 et
2353 1584 2670 1639 obedientite
2712 1584 2910 1639 bonum
2941 1585 3111 1653 magis
3154 1594 3516 1655 exsequantur

1945 1695 2104 1748 quam
2132 1680 2361 1749 propriae
2381 1679 2667 1733 voluntatis
2694 1677 2963 1735 affectum.
3005 1678 3062 1734 Si
3090 1679 3339 1736 Christus
3362 1696 3523 1737 suam

271 1770 379 1840 fide
402 1810 417 1833 ,
462 1778 512 1822 et
556 1766 597 1820 T
601 1775 826 1819 ructatus
883 1766 939 1819 in
977 1764 1095 1820 laet
1148 1775 1197 1820 et
1232 1767 1389 1821 Amos
1439 1768 1733 1837 prophetas.
1780 1766 1847 1820 Et
1876 1757 1924 1817 Β
1949 1786 2053 1825 non
2084 1770 2231 1824 venit
2255 1768 2435 1824 facere
2459 1769 2810 1836 voluntatem,
2844 1770 2985 1825 sicut
3008 1770 3121 1841 ipse
3142 1772 3196 1825 in
3226 1771 3517 1842 Evangelia

273 1872 295 1900 ε
326 1860 542 1929 Magum
573 1872 752 1912 meum
790 1857 984 1921 saluta,
1016 1865 1072 1911 et
1113 1855 1199 1912 fac
1225 1858 1302 1912 illi
1343 1859 1508 1923 bene,
1550 1860 1723 1915 bonus
1765 1869 1848 1916 est

272 1952 415 2005 enim
445 1947 647 2012 frater;
671 1956 725 2000 et
748 1947 998 2002 omnibus
1022 1945 1146 2002 ﬁliis
1169 1956 1368 2003 sanctae
1391 1948 1643 2006 Ecclesia:
1665 1950 1691 1989 ἀ
1715 1950 1847 2005 Rat—

272 2041 487 2095 bertum
514 2036 682 2092 facias
708 2036 877 2102 bene,
904 2044 959 2092 et
984 2035 1154 2091 saluta
1180 2052 1369 2093 omnes
1406 2040 1460 2093 in
1503 2041 1721 2096 nomine
1757 2041 1847 2093 Al-

272 2132 418 2197 bini,
469 2139 524 2184 et
568 2137 792 2184 ceteros
820 2128 1230 2183 consacerdotes
1271 2137 1408 2193 tuos,
1448 2138 1504 2183 et
1545 2139 1698 2186 orate
1748 2146 1847 2201 pro

272 2221 472 2293 nobis].
511 2222 583 2274 Et
624 2220 883 2274 Dominus
919 2220 1056 2274 Deus
1106 2220 1302 2289 dirigat
1337 2224 1499 2276 corda
1541 2232 1725 2277 nostra
1759 2222 1849 2293 (II

278 2310 510 2373 Thessal.
547 2327 628 2372 in,
662 2310 717 2381 5)
757 2320 813 2364 et
845 2325 1036 2365 sensus
1086 2319 1299 2367 nostros
1326 2312 1395 2365 ad
1422 2313 1651 2367 salutem
1681 2313 1834 2383 pluri-

279 2417 511 2465 morum,
543 2410 598 2452 ut
627 2398 874 2469 proﬁciat
895 2408 951 2453 et
973 2399 1235 2455 clarescat
1258 2401 1477 2455 verbum
1501 2400 1595 2455 Dei
1623 2402 1676 2456 in
1703 2403 1848 2457 auri-

279 2492 376 2547 bus
405 2490 715 2552 multorum,
744 2498 798 2543 et
833 2490 886 2542 in
916 2490 1077 2545 corde
1118 2491 1442 2557 recondatur
1486 2492 1619 2547 lides
1661 2494 1849 2547 catho—

280 2585 398 2641 Iica.
438 2583 582 2640 Deus
618 2583 713 2637 Dei
744 2581 912 2637 Filius
931 2582 1088 2638 Jesus
1112 2582 1357 2641 Christus
1380 2584 1639 2640 Dominus
1663 2594 1848 2639 noster

281 2684 331 2730 te
355 2683 581 2743 tuosque
622 2672 805 2728 ﬁdeles
837 2673 1123 2738 custodiat,
1149 2682 1205 2727 et
1228 2673 1418 2729 ﬂorere
1438 2673 1602 2731 faciat
1626 2674 1681 2730 in
1713 2675 1845 2730 cha-

280 2766 454 2821 ritatis
475 2765 685 2829 oliicio,
726 2773 782 2819 et
810 2762 934 2819 ﬁdei
966 2764 1195 2820 veritate
1234 2780 1446 2837 semper
1470 2766 1524 2821 in
1561 2773 1845 2830 aeternum,

278 2856 625 2912 dilectissime
653 2855 747 2909 lili.

757 2958 780 2986 ο
819 2944 1151 3002 EPISTOLA
1186 2944 1361 3001 XCIII.

558 3056 624 3095 AD
661 3054 901 3095 FRATRI-IS
933 3053 1245 3094 JUVAV'ENSIS
1277 3052 1559 3095 εδειεευιῑ.

887 3127 1060 3199 (Anno
1092 3126 1236 3198 799.;

283 3214 487 3276 Laudat
529 3217 739 3273 illorum
788 3218 1072 3288 regularem
1122 3219 1598 3288 conversationem;
1642 3229 1690 3272 et
1727 3220 1848 3273 hor-

436 3298 582 3341 tatur
606 3288 673 3342 ad
701 3288 822 3341 bene
845 3287 1082 3342 obeunda
1108 3288 1271 3357 oﬂicia
1296 3287 1686 3342 monachorum.

358 3396 723 3453 Sanctissimis
747 3400 800 3453 in
826 3398 1039 3454 Christo
1063 3398 1321 3455 fratribus
1341 3397 1658 3461 Juvavensis
1679 3400 1851 3456 eccle-

282 3489 405 3553 sia,
447 3487 661 3541 humilis
705 3486 859 3540 levita
900 3486 1120 3542 Albinus
1158 3486 1209 3541 in
1253 3487 1451 3543 Christi
1478 3488 1739 3543 charitate
1765 3504 1853 3544 sa-

283 3579 474 3639 lulem.

351 3668 588 3724 Audiens
610 3667 927 3723 laudabilem
958 3669 1013 3722 in
1033 3668 1247 3724 Christo
1268 3667 1636 3725 unanimitatis
1660 3678 1855 3729 vestra:

286 3761 764 3824 conversationem,
795 3760 962 3814 multa
989 3760 1199 3816 animus
1236 3776 1387 3817 meus
1413 3762 1596 3818 laetitia
1635 3762 1873 3833 gavisus'

285 3857 386 3912 est,
419 3848 693 3918 multoque
718 3849 1004 3905 anhelabat
1034 3851 1299 3908 desiderio
1333 3853 1746 3924 praesentialiter
1767 3867 1856 3907 or-

285 3940 459 3996 dinem
486 3939 672 3994 videre
699 3947 955 4004 vestrum,
984 3948 1039 3994 et
1064 3940 1328 4012 meipsum
1357 3942 1544 3997 humili
1572 3941 1857 3997 devotione

289 4028 478 4082 vestris
502 4027 860 4084 sacrosanctis
873 4029 1245 4083 commendare
1255 4029 1607 4084 orationibus.
1617 4027 1720 4083 Sed
1732 4028 1855 4098 quia

290 4118 387 4174 hoc
417 4118 695 4189 hucusque
718 4118 989 4189 prohibuit
1015 4119 1282 4173 variarum
1319 4127 1538 4173 eventus
1577 4133 1775 4184 rerum,
1804 4125 1860 4172 et

288 4206 492 4275 prolixa
524 4216 793 4261 terrarum
835 4206 1195 4278 longinquitas
1240 4206 1371 4278 [non
1404 4207 1529 4262 sinit
1567 4206 1884 4276 corporali»

293 4303 372 4348 ter
411 4294 510 4359 ire,
542 4295 635 4350 ubi
683 4309 834 4351 mens
861 4310 1071 4350 summo
1116 4295 1380 4351 desiderio
1422 4310 1635 4364 semper
1675 4295 1862 4350 adesse

1948 1869 2192 1927 testatur,
2223 1862 2318 1917 sed
2361 1860 2539 1915 Patris
2564 1861 2743 1930 (Joan.
2791 1877 2846 1927 v,
2877 1863 2946 1916 '50
2974 1870 3027 1916 ct
3065 1878 3140 1927 vt,
3167 1863 3279 1934 38),
3315 1874 3518 1934 quanto

1945 1954 2117 2025 magis
2147 1953 2438 2006 monachus
2465 1967 2616 2007 suam
2645 1966 2751 2005 non
2772 1951 2931 2007 debet
2959 1951 3136 2007 facere
3160 1952 3512 2018 voluntatem,

1946 2043 2039 2097 sed
2062 2041 2301 2096 Christi?
2328 2036 2438 2095 Nec
2464 2040 2642 2110 segnis
2666 2041 2717 2093 in
2757 2056 2918 2110 opere
2942 2042 3058 2106 Dei,
3087 2043 3181 2097 sed
3209 2043 3512 2107 studiosus;

1946 2146 2045 2185 nec
2092 2138 2299 2184 tantum
2365 2129 2707 2183 considerare
2752 2129 2880 2198 quid
2914 2127 3165 2197 jubeatur
3192 2172 3207 2197 ,
3252 2130 3344 2186 sed
3383 2146 3517 2201 quo-

1944 2220 2105 2276 modo
2125 2219 2437 2288 perﬁciatur
2464 2218 2605 2288 quod
2617 2217 2852 2288 jubetur,
2882 2232 2949 2272 ne
2973 2219 3240 2291 ullatenus
3270 2236 3513 2275 murmu-

1946 2311 2170 2367 rationis
2191 2308 2390 2364 malum
2419 2316 2629 2362 crescat
2648 2307 2701 2361 in
2726 2307 3013 2379 aliquibus.
3048 2307 3105 2362 Si
3141 2307 3303 2378 aliqui
3330 2324 3394 2363 ex
3420 2324 3518 2379 po-

1944 2401 2069 2473 pulo
2098 2399 2193 2454 Dei
2230 2399 2283 2453 in
2315 2412 2500 2453 eremo
2522 2405 2742 2466 pr0pter
2777 2397 3217 2452 murmurationis
3242 2399 3520 2468 perierunt

1944 2498 2242 2560 peccatum,
2266 2494 2467 2558 quanto
2492 2486 2659 2556 magis
2694 2485 2990 2539 monachus
3025 2485 3335 2540 monasterii
3365 2487 3519 2557 spiri-

1944 2577 2037 2631 tali
2056 2578 2323 2647 plectatur
2352 2573 2615 2636 vindicta,
2660 2571 2703 2625 si
2733 2572 3175 2625 murmurationis
3201 2571 3339 2626 malo
3363 2588 3516 2627 men-

1946 2677 2052 2723 tem
2079 2666 2401 2722 insolescere
2422 2678 2526 2716 non
2557 2660 2779 2716 metuit?

2019 2755 2175 2828 115
2205 2754 2539 2824 Quapropter
2565 2766 2685 2806 cum
2711 2749 3005 2820 gratiarum
3029 2747 3237 2804 actione
3285 2750 3516 2820 accipiat

1946 2847 2087 2916 quod
2122 2845 2172 2900 ei
2212 2843 2446 2915 pastoris
2471 2840 2623 2914 [Cod.
2658 2839 2798 2905 Sal.,
2839 2838 3146 2911 pastoralis]
3181 2854 3306 2893 cura
3338 2839 3518 2909 provi-

1943 2938 2086 2994 derit
2103 2933 2362 2992 sufﬁcere.
2403 2934 2487 2988 Sit
2510 2933 2653 2989 enim
2681 2938 2879 2987 sanctae
2896 2931 3045 3001 pacis
3066 2931 3351 2986 concordia
3379 2931 3519 2987 inter

1946 3036 2190 3096 cunctos,
2220 3027 2341 3083 vitae
2367 3026 2589 3081 castitas
2610 3025 2663 3079 in
2687 3022 3138 3087 adolescentibus,
3164 3036 3369 3076 morum
3394 3037 3519 3093 gra-

1870 3092 1919 3155 c
1949 3122 2154 3177 vitasin
2171 3120 2406 3182 senibus,
2437 3115 2612 3171 fervor
2632 3114 2811 3186 operis
2840 3114 2891 3167 in
2914 3110 3228 3182 juvenibus:
3255 3126 3353 3165 nec
3379 3107 3525 3179 quis-

1949 3228 2110 3283 quam
2149 3227 2207 3267 se
2236 3209 2510 3266 canonicis
2557 3205 2706 3261 horis
2735 3205 2819 3259 vel
2847 3203 3181 3274 regularibus
3214 3200 3523 3273 psalmodiis
3562 3278 3569 3287 ⁸

1950 3304 2249 3360 subtrahat.
2301 3300 2488 3354 Melius
2511 3306 2595 3352 est
2617 3312 2736 3351 cum
2762 3294 3072 3367 angelorum
3121 3293 3353 3349 cmtibus
3373 3290 3525 3347 Chrio
3566 3366 3569 3371 γ

1949 3402 2092 3452 stum
2128 3394 2368 3459 laudare,
2414 3405 2575 3463 quam
2619 3397 2919 3460 torpentem
2966 3386 3191 3455 segnitia
3229 3400 3416 3440 somno
3437 3384 3525 3437 de-

1952 3485 2161 3549 lectari,
2196 3482 2280 3538 vel
2331 3460 2599 3552 vigilando
2632 3476 2813 3534 inania
2858 3492 3078 3544 exsequi
3107 3474 3396 3529 desideria.
3460 3473 3526 3526 Et
3558 3460 3569 3469 ’

1949 3592 2057 3631 non
2104 3574 2275 3628 solum
2304 3572 2468 3625 verba
2519 3577 2716 3623 sanctae
2768 3564 3018 3619 lectionis
3050 3570 3301 3616 resonent
3336 3560 3388 3614 in
3410 3577 3523 3623 ore,
3560 3562 3567 3569 “

1952 3663 2045 3719 sed
2061 3664 2248 3717 intima
2263 3657 2441 3714 cordis
2461 3654 2799 3727 compunctio
2837 3664 3091 3721 sequatur
3120 3648 3279 3705 verba
3303 3648 3527 3718 legentis

1950 3752 2034 3807 vel
2055 3749 2354 3806 cantantis:
2385 3755 2439 3801 et
2465 3744 2770 3799 nullatenus
2795 3741 2944 3797 horis
2976 3739 3405 3812 competentibus
3443 3755 3527 3795 sa-
3564 3732 3569 3735 ⁷

1951 3858 2058 3902 crte
2072 3841 2363 3911 Scriptura:
2381 3838 2539 3894 lectio
2556 3836 2766 3892 recedat
2780 3834 2843 3890 de
2857 3835 3122 3901 manibus,
3153 3836 3279 3906 quia
3304 3833 3530 3891 diversm

1953 3950 2097 3989 nunc
2132 3934 2383 3995 haereses,
2423 3928 2563 3984 sicut
2587 3925 2829 3987 audistis,
2878 3926 3154 3981 catholicae
3181 3927 3302 3981 ﬁdei
3326 3928 3529 3996 purita-
3562 3932 3567 3939 '

1956 4034 2065 4080 tem
2095 4021 2366 4079 maculare
2388 4021 2649 4075 nituntur.

2026 4115 2362 4187 Quapropter
2386 4119 2589 4167 armate
2617 4109 2969 4181 vosmetipsos
3013 4108 3235 4165 scientia
3262 4109 3526 4172 veritatis,

1959 4203 2241 4260 sententiis
2283 4200 2602 4272 evangelica:
2614 4200 2970 4265 auctoritatis,
2998 4206 3057 4253 ut
3087 4199 3338 4255 resistere
3357 4197 3539 4253 valca-

1963 4296 2033 4351 tis
2052 4293 2541 4351 contradicentibus
2562 4292 2798 4347 veritati.
2862 4290 3139 4358 Quomodo
3159 4296 3357 4363 pugnat
3386 4289 3527 4343 incr-

290 4386 702 4452 przsentialiter
725 4383 1061 4459 cupit],meze
1075 4385 1356 4456 parvitatis
1385 4385 1646 4441 litterulas
1674 4384 1729 4441 in
1755 4384 1858 4440 hoc
1887 4426 1934 4485 υ
1963 4388 2099 4443 mis?
2121 4385 2203 4440 vel
2232 4383 2499 4455 quomodo
2525 4384 2717 4439 docere
2742 4390 2940 4452 potest,
2978 4383 3071 4453 qui
3093 4382 3298 4437 discere
3327 4379 3532 4436 noluit?
3606 4436 3611 4439 .

290 4471 521 4530 cilicium
550 4476 780 4547 dirigere
823 4476 1025 4540 curavi,
1072 4485 1132 4530 ut
1178 4476 1501 4533 desiderium
1531 4477 1709 4533 cordis
1752 4478 1857 4533 mei

294 4564 347 4619 in
396 4566 640 4635 apicibus
685 4568 1018 4638 cognoscatis
1040 4607 1053 4631 ,
1107 4568 1249 4637 quod
1299 4575 1348 4622 et
1398 4568 1525 4623 olim
1571 4568 1661 4638 pio
1710 4567 1859 4623 Patri

299 4654 499 4725 Aquila
540 4654 802 4725 pontiﬁci,
837 4655 856 4695 ί
891 4671 1143 4726 germano
1176 4672 1296 4711 meo
1337 4658 1541 4727 pastori
1570 4666 1749 4713 vestro
1774 4659 1859 4713 in-

362 4804 389 4832 ι
429 4790 749 4846 Laidradus.
781 4830 794 4843 .
824 4830 839 4844 .
863 4828 879 4844 .
917 4788 1165 4845 Felicem.
1214 4789 1340 4846 Inde
1370 4806 1568 4846 annum
1605 4792 1861 4848 discimus

299 4860 508 4943 scripta
532 4861 788 4943 epistola,
809 4860 1153 4943 _nempe"_799,
1180 4874 1286 4928 quo
1311 4857 1605 4943 Laidradus
1627 4860 1860 4918 Felicem

299 4928 1839 5070 ‘T‘imiwﬂfiiie‘iipﬂ'iWQiii?tum...

367 5080 393 5150 ξ
419 5067 652 5150 ΔΙιιςιηιι
678 5066 871 5123 meum.
901 5066 1271 5123 Adalbertum.
1312 5066 1433 5123 Vid.
1464 5078 1577 5123 not.
1610 5080 1633 5109 ε
1665 5070 1862 5139 prioris

365 5208 394 5250 ἀ
435 5205 761 5289 Habemus.
795 5206 1145 5289 Rutbertum,
1172 5206 1273 5289 abs
1305 5206 1501 5289 dubio,
1530 5221 1624 5263 seu
1649 5206 1861 5289 Ruper-

298 5287 415 5333 tnm
461 5294 476 5331 :
512 5285 569 5332 et
608 5284 969 5347 ex_contextu
1003 5275 1292 5347 legendum
1315 5275 1552 5347 Avidetur
1578 5292 1595 5331 :
1626 5275 1864 5333 omnibus

297 5347 424 5419 ﬁliis
448 5343 919 5429 WnEﬁcfcsiw
943 5343 1272 5429 adsumitur:
1303 5343 1613 5429 fiumen,
1644 5348 1748 5403 hoc
1778 5353 1868 5402 est

298 5413 612 5497 masterii
643 5413 1085 5538 Salisburgensis,
1106 5415 1283 5496 facies
1304 5413 1448 5472 beris.

372 5499 396 5526 σε
435 5483 856 5568 Μεμῃριξθτοει.
909 5482 1170 5568 8⁸,ρθειιεέ
1195 5484 1290 5568 20,
1303 5484 1533 5568 Froben.
1557 5486 1643 5543 78.
1659 5486 1863 5568 collata

296 5569 421 5615 cum
433 5554 767 5611 codidicibus
778 5569 910 5615 mss.
929 5553 1224 5623 salisburg.
1242 5561 1298 5610 et
1311 5554 1369 5609 S.
1388 5555 1735 5613 Emmerami.
1760 5556 1866 5611 Ma-

301 5625 552 5683 Jillonius
567 5624 664 5680 lib.
686 5638 812 5678 xxvr
824 5622 1019 5679 Annal.
1047 5622 1195 5676 num.
1220 5622 1309 5686 58,
1324 5639 1441 5681 eam
1458 5627 1527 5682 ad
1550 5642 1747 5683 annum
1761 5626 1867 5682 796

305 5702 564 5751 ‘ecensct.
632 5692 918 5748 Hansizius
951 5701 1084 5747 tom.
1115 5690 1155 5745 II
1199 5690 1382 5749 Germ.
1410 5696 1563 5751 Sacr.
1586 5713 1708 5767 pag.
1741 5697 1864 5763 103,

700 5784 973 5845 ΡΑτηοι..
1019 5782 1089 5844 C.

1962 4478 2244 4551 Spiritales
2269 4484 2393 4532 sunt
2413 4475 2634 4539 divitiae,
2666 4476 2926 4544 sapientia
2967 4476 3022 4530 in
3067 4477 3249 4540 corde,
3280 4482 3341 4528 ut
3377 4473 3527 4527 Salo~

1958 4588 2084 4629 mon
2109 4573 2216 4627 ait:
2252 4568 2546 4624 Thesaurus
2567 4565 2921 4623 desiderabilis
2944 4566 3206 4638 requiescit
3222 4568 3274 4622 in
3297 4582 3384 4620 ore
3406 4582 3531 4637 pru-

1958 4662 2127 4717 dentis
2152 4657 2333 4734 (Prov.
2361 4673 2472 4722 χχι,
2497 4656 2608 4728 20).

1959 4813 2101 4854 anno
2128 4795 2231 4853 794
2256 4796 2434 4851 datam
2455 4792 2766 4857 arbitratur,
2796 4793 3010 4863 quando
3035 4793 3287 4852 nimirum
3311 4791 3528 4863 Eligam:

1959 4871 2079 4932 dus,
2110 4867 2287 4922 Felice
2311 4874 2431 4936 post
2452 4856 3168 4936 synodumjﬁatisbonenscm
3187 4861 3323 4936 anni
3347 4856 3451 4936 79'}
3464 4856 3533 4912 ad

1960 4926 2210 4995 haeresim
2232 4926 2498 4990 revocato'
2509 4941 2660 5003 extra
2689 4931 2997 5003 Hispaniam
3023 4931 3077 5003 in
3105 4929 3308 5003 Gallias
3331 4935 3387 4984 et
3397 4926 3534 4984 Ger-

1960 5008 2197 5079 maniam
2249 5007 2400 5079 virus
2440 4999 2815 5058 transfundere
2842 5000 3097 5079 studuit;
3152 4999 3311 5071 ιιθ
3338 5006 3530 5079 contra

1960 5077 2101 5147 quod
2131 5076 2324 5147 fratres
2354 5072 2682 5147 Juvavensps
2690 5078 3024 5147 sanctarum
3041 5067 3340 5147 litterarum
3355 5067 3536 5147 studio

1960 5138 2019 5201 s'e
2044 5150 2256 5199 arment
2280 5144 2547 5198 hortatur.
2616 5139 2743 5208 Mihi
2774 5147 2954 5194 tamen
2976 5138 3187 5195 videtur
3210 5141 3530 5208 pauentem

1959 5212 2241 5285 epistolam
2260 5226 2380 5267 eam
2408 5207 2805 5291 essﬁcujusjn
2832 5208 3073 5291 sequenti
3103 5203 3325 5291 epiftola
3340 5204 3414 5291 ad
3432 5203 3535 5291 ire

1961 5274 2179 5346 n'onem,
2214 5296 2333 5350 quae
2344 5295 2485 5335 anno
2510 5279 2612 5335 799
2637 5274 2838 5350 scripta
2867 5274 2971 5360 est,
2994 5274 3260 5337 meminit,
3279 5274 3534 5357 adeoque

1962 5352 2029 5406 ad
2058 5350 2305 5406 eumdem
2330 5363 2549 5417 annum,
2574 5362 2798 5417 quonon
2827 5362 3001 5404 minus
3028 5361 3190 5417 quam
3225 5343 3531 5399 ahascausa

1963 5419 2155 5498 Felicis
2182 5418 2380 5498 agitata
2407 5416 2525 5481 fuit,
2550 5416 2838 5498 pertinace.

2039 5489 2059 5527 ί
2100 5482 2300 5557 Aquilia
2320 5482 2567 5557 gementi
2583 5502 2714 5557 meo.
2766 5486 2896 5557 Quae
2920 5484 3168 5557 canisins
3182 5483 3260 5557 ad
3281 5484 3427 5557 hunc
3454 5482 3533 5557 Io-

1964 5573 2086 5636 cum
2111 5551 2431 5636 adnotavit;-
2450 5563 2596 5636 et_an
2620 5551 2928 5636 indecolligi
2942 5554 3147 5636 debeat
3166 5552 3413 5636 aquilam
3439 5551 3533 5607 acu

1964 5628 2236 5684 Amonem
2287 5624 2745 5696 archiepiscOpum
2802 5621 2997 5680 Salisb.
3039 5621 3251 5696 Alcuini
3308 5621 3532 5679 fratrem

1967 5711 2279 5769 germanum
2309 5692 2548 5752 fuisse'in
2572 5692 2882 5763 pfmfatione
2910 5692 3262 5750 discussimns

3066 5784 3139 5843 10
