4070 6182
441 299 545 357 299

438 519 550 565 tam
577 505 756 561 cordis
779 500 1052 556 recondite
1079 499 1354 560 thesauro,
1386 506 1437 551 et
1479 511 1573 568 spe
1598 496 1906 551 ﬁrmissima
1936 513 2031 551 vos

442 598 670 656 retinete
705 593 771 648 ad
802 593 990 654 Deum,
1031 597 1087 644 et
1120 588 1388 644 charitate
1428 586 1827 643 ferventissima
1884 587 2030 640 illum

441 697 640 754 amate,
690 687 955 741 honorate
1006 693 1060 738 et
1110 681 1377 736 laudate:
1435 680 1562 750 quia
1608 681 1725 734 hare
1780 687 1862 735 est
1907 695 2034 750 pars

438 779 660 850 optima,
701 789 863 846 quam
885 773 1052 828 Maria
1083 771 1264 842 elegit,
1317 771 1510 826 sedens
1549 784 1708 824 secus
1740 769 1904 840 pedes
1929 769 2033 824 Do-

441 869 593 934 mini,
649 883 769 938 quac
806 882 912 920 non
956 863 1232 918 auferetur
1281 863 1350 916 ab
1404 861 1622 917 homine
1672 861 1725 915 in
1769 868 2033 916 mternum

442 961 599 1034 (an.
629 977 686 1026 ι,
715 960 808 1024 59,
831 958 944 1028 42).
1005 956 1112 1011 Sed
1163 964 1314 1009 tanto
1345 954 1622 1008 ardentius
1655 962 1774 1023 post
1801 954 1941 1007 banc
1961 953 2036 1006 vi-

443 1060 556 1104 tam
582 1055 795 1104 amatur
819 1046 1088 1110 Christus,
1127 1052 1328 1114 quanto
1352 1042 1718 1113 perspicacius
1737 1040 1853 1109 ejus
1877 1041 2036 1096 intel-

444 1139 629 1209 ligitur
657 1137 875 1192 bonitas

517 1230 624 1284 Sed
663 1243 768 1283 non
800 1235 1030 1297 est0pus
1071 1241 1204 1280 mea:
1248 1223 1503 1296 parvitati
1534 1240 1630 1280 vos
1654 1224 1944 1280 admonere
1970 1223 2038 1279 de

445 1318 694 1389 singulis,
716 1318 841 1373 dum
864 1317 1076 1372 habetis
1093 1331 1261 1371 sacra:
1290 1316 1646 1372 institutionis
1675 1316 1842 1371 libros
1865 1317 2034 1371 notis—

447 1415 635 1476 simos,
657 1418 713 1466 et
734 1410 881 1481 pium
895 1409 1110 1464 Patrem
1132 1417 1403 1478 pastorem
1425 1417 1664 1463 vestrum
1691 1415 2035 1479 praesentem,

446 1504 539 1574 qui
589 1517 686 1557 vos
717 1503 840 1556 viva
865 1515 999 1556 voce
1025 1500 1216 1555 melius
1271 1499 1563 1554 admonere
1598 1498 1816 1570 poterit,
1873 1512 2038 1568 quam

448 1612 567 1652 mea
611 1597 783 1651 series
822 1595 1148 1650 litterarum.
1226 1593 1450 1659 Tamen,
1499 1604 1559 1649 ut
1604 1594 1838 1650 debitam
1887 1593 2040 1649 vobis

448 1685 792 1740 ostenderem
821 1684 1168 1748 charitatem,
1236 1683 1423 1754 paucis
1463 1699 1560 1738 vos
1587 1683 1832 1754 apicibus
1858 1682 2040 1753 appel-

451 1776 564 1829 lare
601 1774 801 1839 studui,
851 1774 916 1828 ad
938 1775 1332 1844 agnoscendam
1360 1773 1413 1826 in
1444 1789 1539 1828 vos
1579 1789 1712 1827 mea:
1737 1771 2040 1827 dilectionis
2071 1763 2118 1823 Β

453 1867 728 1922 ﬁduciam.
761 1878 787 1906 ι
809 1863 1042 1919 Ρνιεΐειιο
1059 1864 1242 1934 itaque
1264 1863 1409 1919 Patri
1429 1880 1550 1919 eum
1562 1865 1711 1918 omni
1740 1864 2044 1919 humilitate

450 1958 668 2012 obedite
701 1955 890 2027 (Hebr.
920 1973 1042 2021 xm,
1070 1954 1180 2025 l7).
1231 1957 1323 2012 llle
1344 1957 1506 2012 habet
1528 1958 1792 2011 rationem
1821 1958 2046 2011 reddere

453 2047 838 2105 sollicitudinis
867 2063 979 2102 suae
1009 2063 1108 2118 pro
1131 2048 1307 2111 vobis,
1323 2056 1380 2102 et
1401 2063 1497 2101 vos
1511 2047 1831 2101 obedientizn
1849 2056 2046 2101 vestra:

457 2141 512 2196 in
523 2139 678 2194 illum
699 2138 982 2209 aequaliter
1003 2137 1268 2191 rationem
1305 2137 1534 2192 reddere
1554 2137 1784 2191 habetis.
1838 2136 1929 2191 Ille
1949 2152 2046 2207 pro

453 2233 610 2287 vobis
643 2232 698 2286 iu
739 2246 936 2302 magno
971 2231 1180 2301 positus
1217 2239 1301 2285 est
1351 2231 1632 2302 periculo:
1669 2246 1764 2285 vos
1824 2246 1922 2301 pro
1957 2231 2048 2285 illo

455 2339 651 2394 magna
706 2323 1326 2378 cbaritateintereedere
1373 2324 1603 2390 studete,
1657 2332 1716 2377 ut
1745 2323 2047 2378 mercedem

454 2427 556 2482 pro
579 2413 730 2468 vobis
751 2413 951 2467 habeat
985 2411 1124 2482 apud
1154 2413 1340 2478 Deum,
1373 2421 1426 2467 et
1447 2427 1543 2467 vos
1557 2413 1797 2482 requiem
1809 2427 1932 2467 eum
1959 2412 2048 2466 illo

457 2502 704 2558 habeatis
733 2502 786 2556 in
802 2517 968 2572 regno
986 2501 1103 2555 Dei.
1151 2501 1406 2556 Filiorum
1425 2502 1656 2557 eruditio
1676 2502 1794 2556 laus
1815 2511 1899 2557 est
1936 2517 2049 2555 ma-

458 2594 776 2664 gistrorum,
802 2601 856 2647 et
893 2592 1168 2663 profectus
1205 2593 1383 2664 gregis
1408 2607 1617 2648 merces
1639 2601 1722 2648 est
1749 2603 2048 2664 pastorum.

528 2686 720 2740 Divina
745 2685 1044 2739 auxiliante
1080 2683 1251 2752 gratia
1273 2685 1538 2739 custodite
1581 2699 1700 2750 vos,
1725 2683 1938 2748 fratres,
1993 2683 2048 2738 in

457 2779 605 2832 omni
630 2778 900 2843 castitate,
929 2777 1255 2839 humilitate,
1316 2777 1603 2832 concordia
1657 2785 1713 2832 et
1761 2777 2047 2839 charitate,

456 2882 623 2923 onera
652 2876 827 2923 vestra
860 2866 1090 2922 invicem
1113 2875 1394 2936 portantes
1416 2865 1561 2936 (Gal.
1598 2883 1674 2927 vt,
1703 2866 1762 2932 2,
1791 2866 1869 2938 5).
1928 2864 2053 2921 0m-

457 2961 544 3016 nis
567 2975 747 3015 sermo
764 2959 938 3013 malus
959 2966 1014 3012 et
1043 2957 1362 3028 impudicus,
1391 2966 1446 3012 et
1470 2957 1776 3028 impatiens,
1805 2964 1859 3011 et
1885 2957 2050 3010 inuti-

458 3051 525 3105 lis
549 3065 613 3104 ex
640 3064 736 3104 ore
762 3057 944 3104 vestro
981 3063 1088 3102 non
1125 3046 1385 3117 procedat
1422 3047 1640 3119 (Eplies.
1679 3062 1753 3109 IV,
1785 3046 1911 3116 29);
1955 3046 2049 3100 sed

457 3156 578 3210 quae
602 3147 788 3194 saneta
815 3148 958 3204 sunt,
983 3139 1073 3208 pia
1094 3137 1327 3207 etjusta,
1359 3147 1414 3192 et
1435 3146 1627 3192 vestrae
1649 3136 1911 3207 condigna
1927 3151 2051 3190 san-

457 3227 657 3293 ctitati,
687 3227 756 3283 ad
789 3229 1221 3284 exhortationem
1246 3228 1598 3290 audientium,
1623 3227 1927 3296 loquimini.
1987 3226 2054 3280 Et

457 3335 670 3391 semper
684 3320 826 3376 Deus
853 3321 1240 3377 honoriﬁcetur
1262 3322 1316 3376 in
1336 3337 1429 3376 ore
1449 3330 1632 3375 vestro
1659 3318 1836 3391 (Rom.
1863 3336 1952 3385 xv,
1973 3318 2048 3390 6),

461 3420 519 3466 et
544 3427 665 3481 quae
687 3410 756 3466 ad
785 3427 970 3480 pacem
991 3412 1264 3481 pertinent
1285 3425 1490 3474 veram,
1522 3419 1631 3465 tota
1657 3409 1940 3464 sectamini
1974 3410 2054 3463 in-

463 3507 726 3570 tentione,
750 3514 806 3560 et
827 3504 968 3559 Deus
976 3505 1128 3574 pacis
1145 3505 1242 3558 erit
1256 3504 1520 3558 .vobisrnm
1542 3514 1617 3558 :et
1632 3520 1756 3573 pax,
1770 3519 1886 3573 quae
1906 3519 2055 3556 exs-u-

461 3611 610 3671 perat
635 3617 838 3654 omnem
864 3615 1106 3663 sensum,
1138 3597 1398 3652 custodiat
1439 3596 1600 3650 corda
1624 3605 1789 3651 vestra
1828 3595 1880 3648 in
1905 3594 2053 3648 omni

462 3693 706 3746 bonitate
728 3701 784 3746 et
823 3693 1024 3762 pietate
1059 3689 1280 3762 (Philip.
1322 3707 1392 3754 Iv,
1432 3689 1482 3752 7,
1512 3691 1589 3760 9).
1657 3689 1807 3745 Beati
1845 3689 2054 3760 paciﬁci

464 3783 736 3855 [quoniam
763 3783 862 3853 ﬁlii
898 3783 994 3836 Dei
1024 3781 1367 3854 vocabuntur]
1393 3781 1608 3853 (Matth.
1631 3799 1688 3847 ν,
1719 3781 1794 3852 9).
1831 3780 2054 3835 Summa

465 3871 719 3928 nobilitas
744 3880 828 3928 est
856 3872 1022 3926 ﬁlium
1041 3887 1160 3931 esse
1187 3872 1572 3941 omnipotentis
1611 3872 1725 3925 Dei.
1801 3869 1909 3924 Sed
1940 3870 2056 3923 haec

466 3962 720 4017 nobilitas
767 3977 959 4033 magna
1007 3977 1217 4016 morum
1249 3961 1510 4033 dignitate
1543 3959 1902 4031 promerenda
1951 3967 2052 4012 est.

467 4052 584 4107 Non
613 4053 756 4107 enim
785 4053 918 4107 estis
947 4053 1133 4118 vestri,
1180 4052 1274 4107 sed
1311 4051 1535 4118 Christi,
1569 4051 1661 4120 qui
1718 4067 1813 4105 vos
1860 4066 2056 4119 magno

467 4143 600 4198 emit
648 4142 844 4215 [Edit.,
892 4141 1108 4214 empsit]
1137 4143 1333 4212 pretio,
1371 4143 1473 4197 hoc
1497 4149 1598 4205 est,
1641 4157 1738 4196 suo
1773 4142 2052 4210 sanguine.

469 4235 688 4290 Portate
724 4234 892 4289 Deum
921 4235 974 4288 in
1019 4248 1244 4304 corpore
1281 4242 1464 4288 vestro
1514 4231 1566 4302 (Ι
1593 4230 1714 4286 Cor.
1745 4247 1818 4297 v1,
1847 4231 1964 4303 20),
1999 4240 2058 4286 ut

468 4325 609 4380 Deus
634 4325 887 4397 dignetur
913 4323 1157 4378 habitare
1183 4323 1238 4378 in
1258 4323 1509 4380 cordibus
1541 4322 1764 4378 vestris:
1793 4329 2057 4392 quatenus

469 4433 536 4473 ex
561 4417 664 4472 hac
690 4417 837 4472 brevi
861 4426 920 4472 .et
952 4416 1220 4473 laboriosa
1246 4417 1374 4482 vita,
1425 4417 1491 4473 ad
1513 4425 1774 4472 :eternam
1811 4417 2053 4487 requiem

471 4519 528 4564 et
578 4509 962 4565 beatitudinem
992 4511 1278 4581 pervenire
1308 4511 1647 4574 mereamini,
1695 4511 2061 4566 intercedente

474 4602 618 4656 beati
648 4601 976 4667 Hrotbercti,
1015 4602 1350 4673 aliorumque
1389 4603 1612 4658 Patrum
1654 4603 1939 4659 sanctitate
1966 4617 2065 4672 pro

477 4693 648 4748 vobis.
697 4694 882 4749 Divina
901 4695 1074 4766 pietas
1105 4695 1158 4750 in
1180 4695 1328 4752 omni
1359 4697 1502 4751 bono
1524 4695 1718 4752 ﬂorere
1746 4711 1840 4751 vos
1877 4694 2062 4758 faciat,

476 4781 673 4839 fratres
693 4782 791 4839 cba
799 4785 1020 4840 rissim‘i.

544 5113 570 5140 ι
614 5097 848 5168 Prteme
878 5098 1050 5163 Patri,
1078 5097 1286 5169 Aquila:
1311 5096 1587 5152 nimirum.
1636 5092 1714 5169 βε
1747 5091 1942 5163 quibus
1963 5108 2060 5169 pa-

473 5173 579 5226 lam
599 5177 704 5234 est,
727 5163 901 5238 inquit
936 5163 1242 5234 llansizius,
1274 5169 1547 5222 Arnonem
1576 5164 1742 5220 etiam
1771 5163 2063 5218 iuonacbo-

473 5257 592 5296 rum
620 5237 995 5296 praefecturam
1021 5239 1274 5296 cessisse.

543 5311 572 5349 ι’
604 5303 750 5364 Edit.
783 5307 979 5364 Mabill.
1015 5303 1104 5374 fl,
1137 5308 1364 5366 Froben.
1402 5307 1488 5362 79.
1519 5304 1618 5360 llic
1645 5304 1816 5375 magis
1854 5303 2064 5373 integra

471 5381 665 5452 prodit
686 5395 752 5452 es
785 5378 903 5434 cod.
931 5395 1034 5452 ms.
1067 5376 1263 5446 Salisb.

545 5461 569 5489 ε
771 5444 1268 5522 guqquefratribtis
1290 5449 1510 5522 litteras.
1569 5445 1788 5522 Fratres
1830 5444 1894 5522 _hi
1936 5452 2068 5522 sunt

474 5519 727 5574 monachi
765 5513 824 5575 ε.
862 5513 1127 5576 Ρεῑιίἐειι
1163 5520 1219 5574 S.
1243 5519 1486 5588 Ruperti,
1516 5517 1746 5588 adquos
1760 5513 2063 5584 epistolam,

473 5588 979 5658 quam_immediate
1016 5598 1174 5643 antea
1207 5587 1472 5653 dediinus,
1499 5587 1737 5658 scripsit.

546 5603 639 5655 am
670 5603 979 5645 immediate
1016 5603 1174 5643 antea
1207 5603 1472 5653 ueunnus,
1499 5603 1603 5642 scr:
1647 5603 1737 5640 stt.

546 5656 574 5698 δ
613 5655 984 5713 Parocltianis.
1029 5659 1292 5714 Curiones
1311 5674 1404 5712 seu
1438 5603 1707 5726 parociios
1733 5670 1843 5709 sua:
1864 5653 2066 5708 dioece-

476 5728 554 5785 sis
583 5727 857 5799 intelligit.
913 5728 1041 5785 Vide
1072 5727 1246 5784 Gloss.
1278 5725 1464 5796 Cangi’i
1499 5727 1558 5790 V,
1595 5725 1979 5780 Purochianus.

1316 293 1374 346 Β.
1419 292 1478 346 F.
1520 291 1744 346 ALBINI
1782 291 1912 358 SEU
1952 289 2227 347 ALCUINI
2267 288 2546 348 OPERUM
2586 291 2764 347 PARS
2799 289 2838 346 Ι.

506 417 720 470 Sancte
749 411 868 467 ﬁdei
905 408 1188 462 veritatem
1221 405 1506 476 diligenter
1533 405 1744 469 discite,
1798 415 1852 458 et
1881 407 2031 476 agni-
2059 411 2108 468 Α

2631 407 2657 445 ιι
2682 401 3014 460 EPISTOLA
3041 401 3200 459 XCIV

2739 510 2805 548 AD
2843 507 3110 549 ARNONEN.

2530 582 2706 653 (Anno
2733 583 2854 648 799,
2889 599 3072 638 mense
3092 580 3330 655 Martio.)

2137 672 2300 727 Mittit
2321 671 2604 746 Paschalia
2627 674 2882 737 carmina,
2899 683 2957 746 et
2985 674 3256 746 admoneri
3276 675 3426 746 (cupit
3454 676 3725 746 parochia-

2207 760 2324 814 nos,
2348 761 2441 797 seu
2467 745 2705 797 curiones
2736 761 2847 797 sum
2874 743 3107 797 diwcesis
3135 743 3206 796 ad
3237 743 3359 798 vita}
3391 743 3725 814 probitatem,

2206 813 2276 866 ad
2300 814 2467 884 ofﬁcia
2493 831 2590 866 sua
2617 817 2741 868 bene
2771 814 3031 867 obeunda.

2205 903 2414 972 Aquilae
2438 917 2536 972 per
2557 902 2718 972 Alpes
2738 902 2962 966 volanti,
2988 917 3085 972 per
3110 918 3331 973 campos
3350 906 3615 970 currenti,
3631 921 3724 975 per

2139 993 2299 1048 urbes
2327 993 2622 1048 ambulanti
2647 992 2866 1047 humilis
2895 995 3168 1064 terrigena
3192 995 3440 1050 salutem.

2210 1084 2514 1158 [Paschalia
2533 1085 2655 1155 paci
2684 1093 2879 1140 vestra:
2893 1085 3067 1140 direxi
3091 1089 3352 1152 carmina,
3369 1097 3530 1158 prout
3557 1089 3731 1144 dicta-

2137 1187 2330 1230 verunt
2349 1175 2489 1244 “Magi
2507 1176 2658 1230 mihi.
2717 1176 2826 1231 Vos
2849 1176 3047 1240 videte,
3071 1192 3138 1230 an
3163 1177 3376 1247 placeat
3397 1179 3464 1234 ad
3486 1180 3732 1234 scriben-

2139 1266 2292 1331 dum,
2326 1265 2411 1320 vel
2432 1265 2680 1336 proﬁciat
2707 1265 2774 1319 ad
2799 1265 3104 1334 legendum.
3163 1278 3184 1304 ο
3212 1267 3329 1321 Misi
3375 1283 3590 1338 quoque
3617 1268 3732 1322 fra-

2139 1359 2315 1413 tribus
2344 1357 2573 1422 litteras,
2607 1372 2803 1427 rogans
2826 1367 2885 1411 ut
2915 1358 2966 1412 in
2999 1359 3284 1428 prznscntia
3313 1367 3494 1414 vestra
3542 1360 3730 1432 legan-

2141 1458 2254 1514 tur,
2276 1450 2353 1504 uti
2381 1464 2467 1503 me
2489 1449 2833 1505 commendes
2847 1449 3060 1505 illorum
3082 1452 3438 1514 orationibus,
3471 1453 3580 1507 tuis
3600 1469 3734 1523 qun-

2142 1555 2248 1610 que
2271 1539 2297 1578 ἀ
2327 1540 2680 1611 parochianis
2705 1541 2796 1610 qui
2827 1541 3002 1596 solent
3037 1541 3106 1596 ad
3133 1543 3525 1598 dedicationem
3554 1546 3729 1600 sancti

2142 1633 2452 1688 chrismatis
2479 1633 2683 1688 venire.
2721 1633 2832 1688 Illis
2853 1649 3068 1704 quoque
3083 1635 3421 1705 scripsissem
3444 1645 3547 1692 tua:
3567 1653 3731 1693 causa

2143 1722 2440 1786 eharitatis,
2470 1723 2515 1778 si
2539 1723 2766 1778 nimium
2787 1739 2892 1778 non
2911 1732 3056 1779 esset
3080 1735 3582 1796 praesumptuosutn.
3629 1730 3735 1782 Ta—

2145 1829 2267 1868 men
2295 1812 2314 1886 ]
2341 1814 2631 1870 admoneas
2651 1829 2746 1870 eos
2768 1815 2836 1870 de
2862 1815 2985 1869 vitae
3010 1815 3280 1880 castitate,
3317 1817 3385 1872 de
3411 1833 3622 1872 morum
3637 1820 3735 1874 ho-

2145 1912 2376 1970 nestate,
2407 1905 2474 1959 de
2501 1905 2810 1960 orationum
2832 1904 3130 1974 vigilantia,
3171 1907 3237 1960 de
3268 1909 3593 1976 precationis
3654 1910 3737 1963 in-

2145 1995 2376 2061 stantia;
2403 2003 2458 2050 et
2488 1996 2858 2066 unusquisque
2893 1993 3191 2062 subiectam
3223 1995 3323 2052 sibi
3354 1997 3562 2069 plebem
3599 1999 3737 2054 bene

2146 2087 2200 2141 in
2226 2086 2321 2140 Dei
2347 2086 2625 2142 voluntate
2648 2089 2922 2143 eruditam
2939 2090 3156 2154 habeat,
3187 2091 3577 2161 ecclesiamque
3598 2091 3740 2146 bene

2149 2177 2429 2232 directam.
2468 2176 2559 2249 [Et
2597 2187 2656 2232 ut
2683 2179 2992 2246 viduarum,
3015 2181 3399 2250 orphanorum,
3450 2190 3506 2236 et
3532 2197 3737 2253 paupe-

2149 2284 2271 2322 rum
2323 2269 2559 2323 maxime
2585 2284 2773 2325 curam
2823 2271 3060 2325 habeant
3095 2269 3286 2341 (Eccli.
3317 2287 3392 2335 iv,
3424 2271 3474 2335 l,
3505 2271 3539 2325 2
3595 2289 3738 2343 seq.;

2147 2376 2246 2424 vn,
2279 2359 2392 2431 36).
2441 2361 2730 2418 Scholares
2749 2377 2966 2433 quoque
2987 2364 3240 2428 habeant,
3266 2372 3322 2418 et
3346 2363 3632 2435 diligenter
3658 2365 3741 2420 die

2149 2464 2302 2505 scere
2335 2465 2430 2506 eos
2455 2449 2657 2506 faciant
2676 2451 2931 2522 psalmos,
2973 2462 3028 2508 et
3053 2453 3375 2508 cantilenam
3412 2453 3740 2509 ecclesiasti-

2151 2562 2293 2610 cam,
2312 2546 2439 2602 utin
2463 2545 2692 2618 singulis
2720 2547 2966 2602 ecclesiis
2992 2562 3183 2602 cursus
3209 2555 3398 2618 agatur
3417 2546 3742 2616 quotidianae

2151 2641 2324 2697 laudis
2346 2638 2499 2713 Dei].
2542 2640 2920 2711 Unusquisque
2963 2656 3092 2696 vero
3123 2657 3278 2696 suu-n
3321 2641 3376 2695 in
3399 2640 3624 2695 Domino
3644 2641 3740 2695 ho-

2151 2733 2401 2790 noriﬁcet
2421 2733 2806 2798 ministerium,
2836 2741 2895 2786 ut
2918 2747 3021 2786 non
3045 2731 3116 2787 sit
3140 2731 3466 2800 vituperatio
3485 2730 3540 2785 in
3561 2745 3740 2785 sacer-

2153 2829 2278 2884 dote
2307 2825 2528 2890 Cbristi,
2577 2827 2673 2882 sed
2717 2825 2954 2880 laudatio
2989 2825 3042 2878 in
3087 2824 3442 2895 praidicatore
3497 2821 3739 2877 veritatis

2155 2917 2242 2989 (11
2267 2917 2391 2973 Cor.
2423 2933 2495 2980 vi,
2531 2916 2608 2987 5).
2663 2916 2762 2989 [Et
2780 2924 2842 2970 ut
2869 2923 3116 2970 sanctum
3144 2915 3411 2985 baptisma
3441 2912 3738 2983 diligentis-

2155 3010 2290 3065 sime
2309 3015 2619 3071 exerceant,
2666 3007 2792 3076 quia
2820 3007 2873 3060 in
2902 3005 3048 3060 nullo
3067 3005 3186 3060 loco
3211 3003 3563 3075 periculosius
3590 3019 3739 3059 erra-

2079 3107 2122 3168 (ζ
2156 3111 2277 3169 tur;
2312 3101 2453 3158 sicut
2474 3115 2574 3156 nec
2589 3098 2936 3162 fructuosius,
2963 3098 3009 3152 si
3033 3099 3167 3152 bene
3192 3095 3578 3168 observatur].
3605 3094 3744 3149 Hor-

2157 3202 2445 3262 tenturqne
2458 3191 2653 3262 singuli
2681 3192 2748 3245 ad
2770 3187 3125 3245 confessionis
3149 3188 3458 3258 puritatem,
3487 3186 3553 3241 ad
3574 3185 3746 3257 pinni-

2155 3283 2336 3338 tentia:
2359 3281 2855 3354 compunctiouem:
2889 3279 3016 3350 quia
3039 3279 3142 3334 hoc
3171 3277 3461 3333 secundum
3474 3277 3740 3346 baptisma

2153 3384 2236 3430 est
2261 3375 2316 3429 in
2341 3373 2606 3439 Ecclesia,
2660 3383 2720 3427 ut
2746 3372 2836 3441 qui
2855 3381 2977 3443 post
3005 3372 3242 3440 primum
3271 3369 3540 3424 erraverit
3567 3368 3621 3422 in
3650 3367 3744 3421 ali-

2154 3481 2262 3536 quo
2288 3464 2502 3530 delicto,
2529 3465 2582 3518 in
2621 3464 2724 3518 hoc
2743 3462 2981 3518 secundo
3009 3461 3330 3530 corrigatur.
3381 3459 3464 3513 Sit
3491 3459 3587 3514 tibi
3605 3459 3746 3516 Deus

2154 3555 2354 3625 ubique
2390 3554 2624 3624 adiutor,
2660 3563 2719 3608 nt
2741 3553 2993 3624 proﬁcias
3023 3553 3076 3608 in
3099 3551 3245 3607 omni
3279 3551 3441 3613 bono,
3470 3559 3526 3602 et
3555 3549 3746 3604 multi-

2154 3647 2279 3718 plici
2304 3647 2498 3718 dignus
2545 3647 2793 3702 mercede
2823 3646 3071 3701 habear-is
3097 3645 3147 3698 in
3187 3652 3478 3712 conspectu
3527 3641 3744 3696 Domini

2155 3737 2253 3793 Dei
2305 3739 2404 3792 tui.
2461 3738 2644 3808 Usque
2682 3739 2736 3793 in
2773 3737 3039 3792 kalendas
3083 3734 3248 3789 Maias
3281 3742 3521 3788 vestrum
3572 3732 3628 3786 in
3658 3731 3747 3785 his

2156 3829 2398 3900 partibus
2437 3829 2668 3898 sperabo
2695 3828 3004 3882 adventum.
3078 3838 3101 3864 ο
3129 3826 3328 3894 Regem
3364 3838 3648 3893 speramus
3689 3821 3747 3875 in

2158 3921 2448 3975 Saxouiam
2502 3919 2722 3974 iturum.
2809 3917 2884 3972 De
2933 3934 3053 3972 mea
3111 3932 3240 3972 vero
3284 3931 3480 3978 causa,
3534 3912 3749 3968 volente

2157 4011 2290 4076 Deo,
2321 4011 2448 4064 dum
2479 4010 2713 4073 veneris,
2770 4008 2970 4078 aliquid
3000 4007 3202 4062 certius
3227 4006 3568 4060 innotescere
3589 4002 3751 4057 habe-

2157 4122 2297 4160 mus.
2340 4105 2572 4159 Tantum
2621 4103 2954 4159 orationibus
3002 4102 3194 4172 adjuva
3249 4097 3592 4169 fragilitatem
3645 4110 3748 4150 no-

2159 4205 2347 4259 stram,
2378 4204 2438 4249 ut
2464 4196 2661 4264 dirigat
2689 4210 2786 4248 nos
2810 4193 3060 4248 Christus
3090 4191 3142 4244 in
3169 4204 3280 4242 sua:
3316 4186 3531 4258 pietatis
3555 4183 3751 4239 volun-

2161 4297 2288 4352 tate,
2317 4295 2376 4340 nt
2413 4285 2675 4341 faciamus
2704 4300 2822 4354 quze
2872 4281 3209 4352 heueplacita
3235 4287 3362 4334 sunt
3387 4278 3438 4332 ei
3460 4275 3651 4348 (Eccli.
3683 4291 3748 4338 ιι,

2162 4378 2187 4430 l
2197 4377 2272 4448 9).
2317 4376 2460 4430 Deus
2470 4373 2718 4430 Christus
2729 4373 2793 4427 ad
2810 4372 3110 4444 profectum
3131 4384 3244 4424 suae
3259 4376 3460 4423 sancta:
3473 4364 3748 4429 Ecclesim,

2086 4456 2136 4515 D
2163 4470 2302 4523 bona
2325 4467 2628 4521 valetudine
2653 4465 3040 4520 beatitudinem
3064 4471 3210 4516 tuam
3234 4473 3557 4516 conservare
3571 4456 3751 4526 digne-

2168 4571 2274 4625 tur,
2313 4560 2668 4616 desiderande
2701 4557 2893 4612 Pater!

2563 4675 2724 4744 117
2764 4673 2781 4712 ί
2818 4669 3153 4726 EPISTOLA
3193 4667 3330 4722 xcv

2674 4782 2740 4819 AD
2782 4779 2998 4820 DOINU“
3037 4776 3236 4816 κεοεη.

2786 4854 2965 4925 (Anno
2992 4852 3148 4916 799.)

2166 4947 2378 5003 Gratias
2425 4948 2530 5017 agit
2583 4963 2677 5017 pro
2734 4945 2882 4998 bonis
2933 4943 3158 5011 acceptis
3186 4957 3206 4995 :
3255 4941 3322 4995 de
3362 4937 3756 5011 perturbatione

2240 5114 2263 5140 ε
2305 5099 2494 5171 Regem
2520 5101 2572 5152 in
2603 5099 2890 5171 Suetonium
2918 5097 3135 5171 iturum.
3182 5091 3426 5171 Carolus
3469 5106 3562 5171 rex
3581 5103 3758 5171 _a_nno

2165 5172 2270 5228 799
2299 5160 2526 5232 Pascha,
2564 5169 2736 5236 pridie
2766 5167 2884 5220 Kal.
2914 5166 3135 5235 Aprilis,
3167 5163 3489 5236 Aquisgrani
3515 5160 3761 5216 celebra-

2165 5243 2272 5306 vit;
2313 5249 2496 5312 postea
2537 5235 2825 5312 Saxoniam
2851 5237 3147 5306 ingressus,
3185 5235 3593 5312 ΔΡιιιιῆειι-ιίιιιιιιίιι
3624 5243 3765 5283 con-

2167 5303 2454 5367 sidet'cum
2480 5308 2740 5370 exercitu,
2791 5316 2851 5359 ut
2873 5303 3145 5360 testantur
3172 5304 3363 5358 Annal.
3397 5303 3760 5357 Francorum.

2167 5381 2470 5436 Coucordat
2507 5393 2634 5446 ergo
2682 5385 2892 5447 tempus
2933 5376 3076 5430 illius
3115 5374 3326 5430 itineris
3355 5387 3479 5429 cum
3512 5382 3760 5439 tempore

2168 5447 2931 5591 ωῗνὲῗιίῗΨδιιῗέῗὲθιηηιιι,
2961 5515 3226 5591 οαηιεηι.
3269 5513 3524 5591 ιῖζι-ρικεηλ
3554 5509 3644 5591 ιιοε
3691 5508 3764 5564 Et

2171 5593 2308 5663 apud
2324 5579 2729 5663 (Quercetauum
2751 5579 3118 5663 quidemgcum
3141 5587 3241 5640 hoc
3263 5583 3455 5638 titulo:
3480 5579 3766 5647 Querimo-

2172 5658 2272 5716 nia?
2296 5662 2360 5715 de
2382 5662 2591 5716 miseria
2619 5660 2778 5729 hujus
2807 5658 3008 5713 sa'rnli.
