4070 6182
1723 325 2096 398 ismsrom.

3427 321 3530 378 30⁵2.

346 464 598 520 Ecclesia;-
644 470 691 515 et
721 461 863 531 regni
894 459 1250 531 conqueritur.
1272 455 1542 531 _Horlatur
1568 469 1757 531 regem,
1797 462 1854 507 ut
1884 461 1930 518 Α
1959 453 1988 490 b
2022 447 2269 505 secundae
2312 445 2493 499 Roma:
2533 440 2806 498 saecularis
2856 437 3112 508 potentia.
3150 435 3322 504 Quam
3375 437 3533 505 impie

341 535 632 594 maximam
653 524 836 586 cura'm
864 524 1130 599 impendat
1156 525 1407 582 Ecclesiae
1432 541 1448 589 ,°
1471 524 1688 578 remissa
1726 539 1856 576 non-

343 603 476 660 nihil
501 603 773 657 severitate
797 601 856 653 in
889 599 1147 654 Saxones.

343 720 564 778 Gratias
611 718 824 789 agimus
877 710 1314 772 clementissima:
1357 708 1584 768 bonitati
1633 716 1859 774 vestrm,

264 810 587 869 dulcissime
614 807 804 871 David,
835 805 979 876 quod
1006 812 1207 860 nostra:
1233 801 1517 873 parvitatis
1545 797 1862 854 memoriam

265 903 476 959 habere
507 899 766 970 digneris,
803 897 1065 966 nobisque
1089 896 1448 957 innotescere,
1479 907 1600 962 quas
1630 889 1862 943 famulus

265 1002 458 1049 vester
482 990 656 1046 ﬁdelis
703 988 907 1043 nostris
956 986 1198 1041 insonuit
1243 984 1486 1039 auribus.
1518 981 1630 1036 Nec
1677 981 1732 1035 in
1759 980 1864 1034 hoc

267 1083 447 1138 solum
494 1078 676 1153 [Can.,
701 1076 839 1149 solo]
865 1085 1046 1146 grates
1082 1074 1304 1129 ferimus
1340 1072 1622 1128 continuas
1669 1078 1864 1126 vestrae

267 1172 488 1244 pietati,
513 1165 607 1225 sed
636 1169 691 1224 in
715 1167 967 1224 omnibus
988 1165 1145 1220 bonis
1170 1178 1291 1234 quae
1309 1177 1519 1217 mecum
1550 1175 1616 1214 ex
1642 1159 1728 1214 die
1756 1173 1863 1227 qua

269 1266 517 1337 parvitas
550 1277 671 1318 mea
696 1262 853 1318 vobis
878 1272 1006 1316 nota
1052 1258 1194 1313 facta
1215 1266 1328 1323 est,
1356 1255 1603 1326 perfecit.
1649 1253 1863 1323 Optime

274 1355 557 1426 incepistis
607 1355 704 1408 sed
771 1351 963 1406 melius
1014 1348 1454 1405 consummastis.
1523 1347 1864 1415 Quapropter

275 1447 550 1506 continuis
583 1445 838 1515 precibus
887 1441 1098 1498 Domini
1143 1439 1314 1495 nostri
1350 1428 1477 1494 Iesu
1506 1437 1706 1493 Christi
1749 1435 1860 1491 cle-

277 1539 540 1596 mentiam
567 1537 851 1605 deprecor,
886 1547 1154 1602 quatenus
1169 1530 1261 1600 qui
1288 1529 1385 1583 tibi
1408 1528 1613 1597 optima
1635 1539 1862 1595 qumque

279 1634 334 1688 in
364 1641 581 1686 terrena
606 1628 866 1684 felicitate
892 1624 1180 1687 concessit,
1220 1622 1377 1689 longe
1404 1620 1626 1674 meliora
1648 1627 1862 1674 aeternm

276 1719 632 1778 beatitudinis
663 1732 829 1788 regna
854 1715 953 1771 tibi
983 1713 1317 1769 teternaliter
1352 1711 1649 1765 concedere
1671 1709 1860 1780 digne-

279 1821 389 1866 tur.

348 1900 590 1956 Plurima
618 1905 816 1954 vestrae
836 1893 1158 1951 venerandae
1180 1891 1428 1964 dignitati
1456 1903 1695 1963 praesens
1743 1906 1864 1946 sua-

279 1993 486 2055 derem,
529 1989 576 2044 si
601 1989 687 2044 vel
715 1988 870 2043 vobis
895 1986 1271 2057 opportunitas
1299 1992 1445 2040 esset
1469 1984 1742 2050 audiendi,
1779 1983 1865 2039 vel

277 2083 412 2138 mihi
461 2080 770 2150 eloquentia
812 2078 1064 2142 dicendi;
1117 2077 1245 2146 quia
1286 2076 1526 2132 calamus
1581 2075 1865 2131 charitatis

277 2175 458 2231 cordis
483 2174 589 2229 mei
636 2187 835 2227 arcana
884 2171 1142 2241 instigare
1169 2169 1366 2239 stepios
1392 2169 1552 2233 solet,
1579 2168 1645 2223 de
1670 2175 1865 2222 vestra:

277 2258 611 2319 excellentiae
630 2260 992 2331 prosperitate
1023 2266 1276 2322 tractare,
1303 2266 1358 2312 et
1377 2258 1443 2312 de
1465 2257 1758 2311 stabilitate
1781 2270 1866 2309 re-

281 2355 370 2426 gni
396 2353 557 2409 vobis
582 2369 613 2407 a
639 2352 748 2406 Deo
777 2351 907 2416 dati,
932 2357 986 2405 et
1010 2353 1076 2406 de
1109 2348 1356 2419 profectu
1377 2355 1579 2403 sancta:
1609 2344 1866 2400 Ecclesiae

281 2447 510 2511 Christi,
543 2460 665 2514 qua:
693 2442 1010 2498 multimoda
1035 2442 1404 2511 improborum
1432 2439 1749 2508 perturbata
1783 2445 1866 2492 est

282 2538 546 2608 nequitia,
578 2545 635 2592 et
659 2535 904 2591 scelestis
926 2535 1283 2604 pessimorum
1308 2532 1530 2586 ausibus
1554 2529 1822 2585 maculata
1847 2569 1862 2593 ,

285 2645 390 2685 non
435 2630 489 2683 in
540 2628 789 2699 personis
823 2635 1034 2682 tantum
1085 2624 1425 2696 ignobilibus,
1474 2624 1566 2678 sed
1604 2623 1768 2678 etiam
1811 2623 1865 2675 in

285 2719 538 2774 maximis
581 2727 638 2773 et
671 2717 987 2772 altissimis:
1015 2715 1159 2786 quod
1185 2713 1531 2768 metuendum
1560 2722 1645 2766 est
1686 2711 1861 2765 valde.

286 2802 418 2866 Nam
451 2820 562 2865 tres
587 2823 831 2880 personte
859 2809 910 2862 in
928 2807 1128 2862 mundo
1151 2805 1425 2860 altissimae
1448 2804 1726 2872 hucusque
1750 2801 1866 2855 lue-

286 2911 449 2958 runt:
479 2902 562 2974 [id
592 2897 720 2974 est],
762 2901 1056 2971 apostolica
1093 2899 1417 2963 sublimitas,
1445 2912 1565 2967 qua:
1589 2896 1734 2951 beati
1765 2894 1867 2950 Pe-

288 2999 358 3053 tri
392 2996 654 3067 principis
686 2994 1050 3065 apostolorum
1078 2994 1261 3048 sedem
1289 2990 1494 3045 vicario
1521 3003 1746 3043 munere
1786 3002 1868 3041 re-

287 3104 413 3161 gere
431 3088 588 3143 solet.
618 3085 756 3152 Quid
786 3100 914 3139 vero
940 3085 994 3137 in
1041 3099 1106 3138 eo
1154 3091 1334 3137 actum
1375 3081 1464 3144 sit,
1495 3079 1588 3150 qui
1623 3090 1648 3119 ⁸
1686 3085 1868 3133 rector

1967 553 1989 578 π
2020 542 2346 610 gubernator
2370 534 2580 604 imperii
2605 533 2748 588 illius
2766 532 3041 602 depositus
3064 531 3155 596 sit,
3179 543 3287 585 non
3309 529 3378 583 ab
3409 528 3537 582 alie-

1962 632 2068 696 nis,
2097 629 2192 685 sed
2216 644 2246 682 a
2276 626 2510 697 propriis
2532 633 2587 680 et
2612 624 2946 688 concivibus,
2974 622 3175 690 ubique
3224 619 3371 674 fama
3413 633 3540 673 nar-

1967 733 2118 777 rante
2142 718 2456 776 crebrescit.
2483 717 2667 771 Tertia
2711 726 2795 771 est
2816 715 3013 785 regalis
3057 714 3310 783 dignitas,
3340 711 3398 766 in
3431 725 3537 781 qua

1965 826 2060 866 vos
2083 809 2295 864 Domini
2316 807 2488 862 nostri
2513 803 2640 859 Jesu
2672 803 2873 859 Christi
2908 803 3237 871 dispensatio
3270 808 3540 856 rectorem

1963 902 2144 974 populi
2188 897 2478 955 Christiani
2521 895 2788 965 disposuit
2817 913 2828 948 :
2867 894 3078 949 caeteris
3099 891 3340 962 praefatis
3368 890 3541 962 digni-

1965 993 2166 1046 tatibus
2187 988 2428 1059 potentia
2450 985 2906 1049 excellentiorem,
2932 983 3197 1054 sapientia
3221 982 3542 1049 clariorem,

1964 1085 2114 1156 regni
2138 1082 2398 1152 dignitate
2423 1078 2815 1136 sublimiorem.

2034 1175 2174 1229 Ecce
2224 1173 2277 1226 in
2330 1181 2380 1226 te
2421 1171 2536 1226 solo
2573 1178 2686 1224 tota
2734 1167 2880 1222 salus
2927 1166 3296 1221 Ecclesiarum
3341 1163 3545 1218 Christi

1964 1266 2222 1320 inclinata
2269 1262 2552 1318 recumbit.
2587 1261 2668 1314 Tu
2703 1260 2900 1314 vindex
2948 1257 3235 1320 scelerum,
3263 1261 3320 1308 tu
3366 1263 3549 1308 rector

1963 1356 2280 1420 errantium,
2338 1362 2397 1408 tu
2441 1352 2748 1407 consolator
2792 1349 3239 1410 mmrentium,tu
3289 1345 3549 1401 exaltatio

1962 1448 2248 1502 bonorum.
2276 1443 2463 1498 Nonne
2487 1443 2730 1496 Romana
2755 1441 2810 1494 in
2841 1439 2987 1500 sede,
3030 1437 3122 1493 ubi
3150 1436 3337 1505 religio
3372 1435 3547 1489 maxi-

1963 1553 2065 1593 ma:
2084 1536 2312 1608 [σαώθη
2337 1532 2592 1604 maxime]
2610 1533 2826 1603 pietatis
2845 1533 3115 1600 quondam
3143 1530 3435 1593 claruerat,
3465 1528 3542 1583 ibi

1962 1636 2206 1684 extrema
2222 1625 2514 1694 impietatis
2527 1623 2772 1693 exempla
2786 1629 3126 1677 emerserunt
3137 1621 3160 1673 ?
3173 1619 3190 1673 1
3197 1620 3278 1689 psi
3289 1619 3548 1674 cordibus

1963 1718 2078 1772 suis
2096 1715 2368 1778 excaecati,
2408 1714 2434 1752 ἀ
2465 1719 2877 1768 excaecaverunt
2907 1717 3070 1780 caput
3096 1709 3396 1779 proprium.
3440 1707 3552 1764 Nec

1891 1819 1940 1878 Β
1970 1807 2043 1862 ibi
2068 1807 2228 1861 timor
2255 1805 2371 1870 Dei,
2411 1818 2511 1858 nec
2533 1802 2821 1870 sapientia,
2852 1816 2954 1856 nec
2973 1801 3214 1855 charitas
3233 1815 3356 1855 esse
3399 1798 3548 1853 vide-

1969 1909 2076 1954 tur.
2120 1898 2263 1966 Quid
2318 1896 2447 1953 boni
2489 1895 2563 1951 ibi
2607 1909 2726 1950 esse
2772 1895 2989 1964 poterit,
3037 1895 3129 1950 ubi
3174 1894 3308 1948 nihil
3351 1894 3546 1949 horum

1967 1991 2131 2045 trium
2161 1989 2460 2044 invenitur?
2489 1986 2548 2041 Si
2571 1987 2732 2042 timor
2758 1986 2853 2041 Dei
2879 1986 3090 2041 essetin
3114 1986 3217 2046 eis,
3245 2000 3354 2042 non
3381 1987 3547 2041 aude-

1969 2090 2119 2147 rent;
2144 2081 2190 2135 si
2216 2079 2498 2148 sapientia,
2533 2092 2808 2146 nunquam
2831 2077 3156 2143 voluissent;
3194 2077 3239 2133 si
3281 2076 3544 2141 charitas,

1966 2185 2304 2241 nequaquam
2328 2167 2601 2222 fecissent.
2632 2166 2899 2236 Tempora
2923 2176 3049 2222 sunt
3069 2167 3389 2237 periculosa,
3419 2168 3550 2222 olim

1965 2261 2034 2315 ab
2056 2262 2170 2328 ipsa
2196 2257 2441 2314 Veritate
2484 2255 2775 2325 prmdicta,
2823 2257 2948 2326 quia
2990 2256 3278 2326 refrigescit
3319 2257 3556 2326 charitas

1966 2349 2252 2404 multorum
2298 2345 2514 2418 (Matth.
2565 2360 2724 2407 xxrv,
2767 2345 2878 2416 19).
2913 2357 2936 2385 ο
2988 2344 3308 2400 Nullateuus
3360 2345 3556 2414 capitis

1967 2457 2099 2496 cura
2145 2437 2441 2494 omittenda
2490 2445 2594 2492 est.
2635 2435 2831 2490 Levius
2862 2443 2944 2490 est
2968 2435 3135 2506 pedes
3176 2435 3361 2491 dolere
3402 2434 3551 2508 [Mu-

1969 2539 2156 2594 rator.,
2189 2525 2396 2597 tollere]
2426 2539 2589 2594 quam
2636 2532 2816 2593 caput.
2865 2523 3231 2593 Componatur
3272 2539 3376 2594 pax
3425 2539 3549 2579 cum

1967 2620 2164 2698 populo
2189 2617 2439 2680 nefando,
2462 2615 2508 2669 si
2529 2615 2646 2668 ﬁeri
2666 2622 2861 2683 potest.
2891 2613 3287 2682 Relinquantur
3310 2614 3556 2684 aliquan-

1971 2712 2139 2766 tulum
2181 2709 2360 2771 minue,
2391 2721 2459 2760 ne
2492 2704 2743 2760 obdurati
2766 2703 2976 2773 fugiant
3004 2722 3016 2757 :
3049 2706 3143 2760 sed
3190 2705 3247 2760 in
3295 2721 3390 2775 spe
3419 2707 3553 2761 reti-

1971 2810 2219 2865 neantur,
2251 2800 2421 2854 donec
2467 2796 2670 2852 salubri
2691 2795 2916 2851 consilio
2952 2796 3020 2850 ad
3065 2810 3256 2866 pacem
3301 2812 3556 2852 revocen-

1973 2901 2076 2947 tur.
2106 2890 2418 2946 Tenendum
2439 2897 2524 2943 est
2554 2887 2697 2956 quod
2723 2888 2972 2953 habetur,
3012 2901 3080 2940 ne
3108 2897 3331 2958 propter
3369 2888 3558 2956 acqui-

1969 2983 2221 3040 sitionem
2249 2981 2491 3046 minoris,
2519 2979 2662 3050 quod
2695 2977 2870 3047 majus
2907 2986 2992 3034 est
3017 2981 3316 3034 amittatur.
3366 2979 3560 3035 Serve-

1970 3084 2060 3130 tur
2085 3075 2226 3130 ovile
2266 3072 2577 3144 proprium,
2628 3086 2698 3127 ne
2724 3071 2882 3141 lupus
2919 3087 3088 3142 rapax
3133 3073 3377 3128 devastet
3405 3071 3556 3126 illud.

287 3178 528 3251 praefata
550 3176 695 3232 sedis
719 3174 914 3238 funerat,
943 3172 1074 3226 mihi
1115 3171 1424 3226 veneranda
1451 3171 1664 3225 bonitas
1684 3177 1863 3225 vestra
1891 3163 1938 3228 C
1966 3167 2044 3222 Ita
2070 3167 2123 3220 in
2145 3165 2335 3220 alienis
2353 3164 2594 3227 sudetur,
2627 3170 2686 3216 ut
2710 3161 2762 3217 in
2789 3162 3022 3234 propriis
3047 3163 3300 3218 damnum
3331 3178 3437 3218 non
3468 3178 3563 3234 pa-

288 3272 630 3327 innotescere
649 3278 880 3320 curavit.
911 3263 1028 3317 Alia
1063 3273 1147 3316 est
1175 3257 1474 3331 imperialis
1521 3260 1780 3330 dignitas,
1823 3268 1877 3314 et

367 3425 394 3452 ι
423 3412 504 3466 De
529 3405 836 3463 crudelitate
866 3403 1234 3459 Romanorum
1269 3403 1324 3457 in
1354 3402 1588 3460 Leonem
1621 3403 1686 3458 Ill
1721 3411 1873 3474 pont.

291 3484 457 3538 Rom.
488 3486 695 3548 patrata
722 3476 974 3548 loquitur.

366 3554 396 3593 ιι
425 3544 683 3606 Secunda.-
729 3544 930 3600 Roma}.
972 3544 1482 3615 Constantinopolis,
1519 3559 1638 3614 quae
1675 3544 1878 3614 passim

287 3623 454 3677 etiam
486 3621 555 3673 ab
582 3618 867 3678 historicis,
911 3616 1136 3670 Socrate
1178 3614 1316 3669 Hist.
1358 3615 1502 3669 Eccl.
1535 3615 1628 3669 lib.
1661 3630 1722 3684 v,_
1756 3630 1874 3684 cap.

289 3692 346 3753 Β,
373 3699 505 3756 etc.,
539 3700 701 3758 atque
722 3688 788 3758 in,
813 3687 944 3755 ipsis
971 3699 1185 3758 quoque
1215 3685 1688 3758 constitutionibus
1712 3679 1875 3753 im'pp.

293 3761 461 3816 Roma
493 3755 710 3821 dicitur,
745 3757 814 3811 ab
851 3758 968 3824 ipso
994 3756 1272 3810 conditore
1294 3755 1646 3810 Constantino
1683 3766 1878 3810 nomen

295 3831 460 3885 Noote
493 3829 677 3883 Roma:
698 3828 912 3884 sortita.
945 3827 1013 3880 Et
1043 3824 1297 3881 Sidonius
1331 3826 1384 3878 in
1411 3825 1676 3896 Panegyr.

478 3949 628 4003 Salve
652 3955 958 4011 sceptrorum
981 3946 1227 4009 columen,
1247 3947 1419 4009 regina
1445 3944 1664 3995 Orientis

572 4013 713 4064 Orbis
736 4012 884 4061 Roma
908 4014 1000 4060 tui.

421 4105 755 4163 Gubernator
781 4104 1004 4167 imperii.
1039 4121 1058 4154 ι
1092 4102 1310 4158 Scilicet
1333 4099 1717 4156 Constantinus
1746 4098 1876 4167 imp.

293 4193 434 4232 anno
457 4177 563 4231 797
594 4192 626 4230 a
652 4183 824 4230 matre
849 4171 1000 4229 [rene
1037 4181 1092 4240 et
1119 4171 1442 4227 consiliariis
1467 4179 1675 4239 captus,
1703 4177 1760 4240 et
1784 4183 1880 4223 ex-

295 4256 526 4302 caecatus
577 4255 821 4300 mortuus
857 4252 959 4306 est,
1006 4237 1328 4312 Theophane
1371 4236 1610 4295 auctore.
1647 4259 1666 4290 ›
1717 4236 1880 4292 CANI-

295 4333 834 4456 sutisfgcwcaoerunt
857 4393 1010 4456 caput
1033 4383 1320 4456 proprium.
1355 4399 1373 4431 ‹
1407 4380 1464 4456 In
1491 4377 1756 4456 populum
1775 4377 1885 4432 Ro-

297 4454 515 4512 manum
540 4465 728 4510 severe
752 4463 807 4509 et
835 4449 962 4508 vere
987 4449 1101 4508 haec
1128 4449 1270 4506 dicta
1295 4493 1311 4516 ,
1355 4451 1448 4521 qui
1488 4449 1541 4504 in
1571 4449 1884 4521 pontiﬁcem

1979 3257 2161 3313 tiatur.

1977 3401 2212 3476 potiatur
2240 3401 2316 3476 (in
2364 3397 2471 3458 illis
2503 3397 2708 3476 scﬂicet
2737 3416 2858 3476 qua:
2896 3400 2964 3457 ad
2995 3415 3219 3476 regnum
3245 3401 3563 3476 Longobar-

1979 3469 2156 3530 dicum
2184 3469 2470 3544 pertinent.
2508 3493 2525 3525 ι
2564 3469 2638 3544 En
2671 3469 2770 3544 hac
2797 3469 3238 3544 interpretatione
3275 3469 3567 3544 celeberri-

1979 3559 2099 3599 mus
2124 3542 2354 3614 scriptor
2377 3546 2452 3614 ita
2476 3542 2745 3614 concludit
2768 3561 2781 3596 :
2802 3561 2838 3614 _t
2865 3542 2942 3596 Ex
2970 3544 3166 3614 quibus
3194 3543 3565 3614 intelligimus,

1980 3611 2332 3683 imperatores
2381 3611 3000 3683 Constantinopolitanos
3052 3613 3186 3683 urbe
3238 3611 3406 3683 Roma
3460 3611 3569 3670 hoc

1979 3680 2220 3754 tempore
2247 3683 2457 3754 potitos
2480 3680 2830 3754 non_l‘uiss:;
2883 3694 3058 3754 neque
3105 3681 3267 3735 etiam
3311 3682 3566 3743 Carolum

1978 3749 2106 3824 ejus"
2123 3749 2416 3824 dominium
2440 3751 2697 3824 habuisse
2722 3766 2736 3815 ;
2762 3757 2853 3824 aut
2876 3749 3134 3824 collegam
3165 3754 3360 3808 summi
3386 3755 3564 3824 ponti-

1981 3823 2098 3878 ﬁcis
2130 3824 2195 3894 in
2253 3820 2719 3894 administratione
2771 3821 2922 3876 urbis
2969 3820 3278 3894 cistitisse:
3329 3820 3566 3894 alioquin

1978 3907 2085 3946 non
2113 3892 2316 3970 diceret
2339 3889 2615 3970 Alcuinus.
2660 3901 2772 3970 tres
2812 3905 2932 3946 esse
2975 3891 3252 3970 i_n_mu_n_do
3284 3889 3568 3965 supremas

1978 3969 2292 4032 potestates,
2320 3959 2686 4032 maioremque
2713 3959 2833 4032 fore,
2854 3962 3002 4032 regni
3030 3963 3197 4017 Italici
3219 3959 3566 4022 amissionem

1979 4027 2139 4101 quam
2165 4027 2422 4102 Romanae
2441 4027 2730 4102 agiteturque
2750 4031 2893 4084 urbis
2916 4027 3348 4102 acquisitionem.
3387 4036 3568 4101 Quare

1978 4100 2063 4156 vel
2088 4117 2152 4155 ex
2176 4103 2277 4156 hac
2299 4100 2411 4156 sola
2425 4100 2878 4170 Alcuini’epislola
2900 4101 3164 4156 evertitur
3182 4103 3361 4171 opinio
3377 4100 3570 4159 Μαι-(δίε

1979 4181 2036 4226 et
2062 4171 2296 4233 Cointii,
2331 4172 2422 4241 qui
2451 4171 2636 4225 volunt
2679 4171 2974 4241 dominium
3017 4173 3170 4226 urbis
3198 4181 3252 4226 ct
3297 4172 3570 4229 Exarcha-

1985 4249 2070 4297 tus
2099 4239 2526 4312 Ravenna—tensis
2548 4242 2615 4296 ab
2643 4257 2784 4296 anno
2814 4239 2919 4299 796
2963 4257 3130 4311 penes
3170 4243 3478 4312 pontiﬁcem
3513 4255 3570 4298 et

1984 4311 2423 4394 Carolum‘fuisse
2442 4329 2471 4394 ς·
2488 4319 2543 4364 et
2569 4319 2858 4394 utrumque
2902 4313 3017 4393 pari
3039 4311 3409 4394 jure’eisdem‘
3425 4329 3569 4384 prte-

1987 4382 2170 4438 fuisse.
2205 4380 2261 4436 Si
2289 4383 2436 4438 enim
2457 4383 2558 4438 hoc
2583 4382 2655 4436 ita
2680 4396 2737 4437 se
2758 4380 3058 4448 habuisset,
3084 4385 3345 4442 Alcuinus
3370 4380 3570 4439 Roma-

1987 4464 2087 4508 nos
2112 4451 2310 4506 alienos
2339 4469 2444 4508 non
2473 4453 2810 4522 appellasset,
2841 4468 2940 4507 nec
2961 4452 3213 4509 Carolum
3251 4455 3568 4518 monuisset,

293 4542 564 4582 summum
584 4525 820 4581 Leonem
840 4523 914 4578 -ΙΙΙ
948 4519 1390 4595 insurrexerunt,
1420 4520 1689 4595 pulsatum
1713 4519 1879 4595 inuti-
1909 4524 1955 4582 ι)
1981 4530 2042 4595 ut
2074 4532 2288 4576 caveret
2316 4536 2383 4576 ne
2403 4519 2616 4595 propter
2641 4521 3299 4595 acquisitionem_minoris,
3344 4540 3568 4595 regnum

294 4597 477 4651 larunt
501 4596 676 4652 oculis
713 4609 855 4649 anno
895 4595 1017 4657 799,
1049 4601 1185 4648 teste
1201 4588 1489 4647 Anastasio
1514 4588 1876 4645 Bibliotheca-

296 4668 395 4721 rio.
427 4687 445 4718 ι
477 4667 744 4721 Camsws.
772 4694 842 4704 -—
863 4665 997 4718 Vide
1024 4665 1189 4718 etiam
1229 4662 1593 4717 Mabillonium
1625 4661 1715 4714 lib.
1755 4665 1878 4712 xm

293 4738 490 4791 Annal.
522 4751 645 4806 pag.
674 4736 778 4791 337
801 4733 1307 4806 seq.;Muratorium
1338 4733 1474 4788 Hist.
1498 4730 1614 4785 Ital.
1639 4738 1776 4800 part.
1805 4743 1879 4794 tv,

296 4807 362 4862 ad
396 4805 542 4861 hunc
563 4805 799 4870 annum;
828 4813 884 4859 et
911 4805 1065 4860 alios.

371 4889 393 4917 ε
426 4874 744 4944 Nullatenm
765 4875 947 4944 capitis
973 4889 1102 4929 cura
1131 4873 1413 4944 omittenda
1435 4881 1531 4926 est.
1559 4869 1747 4944 Operm
1763 4883 1884 4938 pre—

297 4947 430 5001 tium
460 4959 580 5000 esse
600 4943 784 5011 judico
812 4941 917 4999 huc
959 4945 1323 4999 transcribere
1365 4941 1880 5010 interpretationem,

335 5031 458 5070 nam
487 5013 647 5081 hujus
669 5014 906 5084 epistola:
927 5017 1094 5070 textui
1125 5014 1352 5069 inseruit
1375 5011 1656 5084 Pagiusad
1682 5025 1884 5065 annum

332 5086 422 5150 99,
455 5101 605 5140 num.
636 5081 798 5139 ὅπερ
831 5098 960 5140 vero
985 5087 1184 5140 habet:
1221 5102 1242 5134 ε
1274 5124 1288 5151 ,
1316 5123 1328 5136 .
1359 5123 1371 5136 .
1400 5123 1414 5136 .
1455 5081 1771 5136 Nullatenus
1799 5096 1886 5134 ca-

293 5156 418 5226 pitis
445 5155 675 5223 (scilicet
702 5155 928 5209 Romani
950 5154 1243 5226 pontiﬁcis)
1274 5152 1712 5226 ettra_omittenda
1740 5161 1883 5226 est...

295 5221 656 5296 Componatur
676 5241 782 5296 pag:
803 5241 921 5278 cum
932 5221 1123 5296 populo
1143 5221 1371 5296 nefando
1387 5224 1654 5296 (Romano
1671 5221 1886 5291 nempe)

299 5295 343 5347 si
364 5293 480 5364 ﬁeri
505 5293 691 5363 potest.
723 5293 1024 5364 Tenendum
1047 5304 1144 5358 est,
1167 5294 1308 5364 quod
1328 5293 1566 5356 habetur,
1597 5310 1658 5347 ne
1679 5303 1889 5364 propter

297 5365 694 5434 accubitionem
707 5363 924 5418 minoris
948 5364 1087 5434 quod
1115 5363 1289 5418 mn'us
1310 5375 1384 5418 est
1415 5364 1646 5435 (scilicet
1665 5363 1888 5434 regnum

298 5433 790 5504 Longobardicum)
827 5436 1119 5488 amittatur.
1176 5382 1421 5490 gerretur
1453 5434 1584 5489 ovile
1621 5435 1890 5504 praprium

299 5451 790 5505 Longonarotcum)
827 5451 1119 5488 ammamr.
1176 5451 1421 5490 Servetur
1453 5451 1584 5489 ovue
1660 5451 1888 5504 roprmm

299 5504 555 5588 (ideoque
591 5504 817 5588 Romani
847 5519 955 5588 non
981 5513 1138 5588 erant
1155 5505 1585 5588 proprii‘subditl
1613 5452 1888 5588 (Carolin,

301 5572 368 5627 ne
393 5572 550 5643 lupus
587 5590 755 5648 ταρᾳπ
779 5574 1007 5648 devastet
1035 5572 1658 5648 illud_(id_estrinsurgat
1700 5572 1894 5644 aliquis

301 5653 592 5717 tyrannus,
639 5643 706 5698 ad
723 5660 911 5717 _quem
955 5643 1212 5717 Romani,
1253 5645 1298 5717 si
1347 5647 1508 5702 nimis
1555 5643 1890 5717 premantur,

301 5712 662 5786 confugiant).
692 5712 800 5786 ῨΙεὶι
825 5716 894 5786 in
938 5713 1124 5786 alienis
1163 5714 1380 5768 sttdetur
1421 5717 1496 5783 (in
1525 5712 1892 5786 componenda

304 5797 499 5853 nempe
523 5785 792 5854 republica
823 5784 1106 5856 Romana),
1123 5796 1176 5840 ut
1198 5786 1251 5838 in
1276 5787 1498 5857 propriis
1519 5784 1766 5840 damnum
1788 5804 1892 5844 non

1984 4591 2252 4666 integrum
2289 4591 2556 4666 perderet.
2586 4591 2994 4666 Beneventanus
3019 4591 3126 4648 dux
3155 4593 3258 4650 hoc
3288 4591 3571 4666 ipso’tcnk

1981 4661 2116 4733 pore
2156 4661 2208 4715 in
2240 4662 2407 4733 armis
2437 4670 2559 4733 erat
2593 4661 3066 4733 contraFraucos,
3116 4672 3169 4717 et
3211 4661 3347 4719 nov'a
3386 4681 3568 4722 rerum

1984 4729 2264 4786 conversio
2290 4732 2343 4786 in
2369 4731 2500 4786 urbe
2521 4729 3110 4800 Constantieitipolitana
3144 4733 3365 4790 timendi
3392 4735 3571 4793 locum

1985 4801 2164 4865 dabat,
2207 4817 2272 4856 ne
2301 4800 2472 4856 Graeci
2511 4816 2541 4854 a
2563 4800 2784 4856 Francis
2805 4801 2964 4858 alieni
2993 4802 3272 4867 tumultus,
3297 4807 3341 4861 si
3381 4806 3436 4860 in
3461 4807 3571 4863 lla-

1986 4872 2054 4926 lla
2079 4872 2371 4938 orirentur,
2401 4870 2664 4927 foverent.
2714 4872 2865 4928 Unde
2891 4872 3153 4932 Alcuinus
3180 4873 3373 4931 Carolo
3403 4875 3575 4931 suasit

1987 4952 2044 4996 ut
2064 4943 2132 4997 ab
2170 4942 2532 5015 illisseopulis
2557 4954 2791 5015 caveret.
2833 4967 2851 4995 »
2896 4944 3185 5015 llucusque
3211 4944 3428 5015 Pagius.
3469 4946 3574 5000 Ve-

1988 4962 2044 4996 υι
2064 4962 2132 4997 3.0
2170 4962 2273 4998 llllS
2299 4962 2532 5012 SCOpUllS
2557 4962 2791 5000 caveret.
2833 4967 2851 4995 ι
2896 4962 3185 5015 uucusquo
3211 4962 3284 5000 ra
3325 4962 3428 5002 ius.
3479 4962 3574 5000 ve-

1988 5026 2126 5085 reor_
2150 5029 2218 5070 ne
2242 5014 2326 5068 vir
2346 5013 2726 5085 celeberrimus
2753 5013 2964 5085 longius
2985 5031 3013 5068 a
3036 5025 3216 5072 mente
3234 4962 3446 5072 Algcuini
3469 5015 3574 5071 hac

1987 5097 2083 5167 sua
2115 5083 2555 5167 interpretatione
2590 5083 2944 5165 aberrat-erit.
2991 5085 3071 5140 En
3110 5086 3274 5167 igitur
3304 5085 3572 5167 interpre-

1987 5155 2440 5232 tationem’aliam
2463 5194 2477 5218 ,
2524 5168 2685 5232 quam
2727 5155 2969 5232 virorum
2996 5155 3576 5232 eruditorum__judicio

1988 5223 2225 5300 subjicio
2257 5224 2668 5300 gestimandaiu:
2716 5223 3040 5300 nullatenus
3090 5226 3275 5296 capitis
3323 5223 3574 5300 (Romani

1989 5292 2300 5369 ponti_llcis)_
2324 5309 2452 5369 cura
2473 5295 2762 5369 _o_mittenda
2801 5303 2895 5348 est.
2943 5292 3300 5369 Componatur
3323 5292 3430 5369 pax
3457 5315 3576 5352 cum

1988 5362 2179 5432 populo
2207 5362 2801 5434 nefando_(Saxonum,
2842 5378 2979 5433 quos
3023 5362 3212 5420 eadem
3257 5362 3474 5423 nomine
3522 5369 3575 5422 in

1990 5431 2482 5516 sequemiepi‘sntola
2507 5431 2818 5516 vituperat;
2848 5431 2969 5516 cum
3002 5435 3385 5516 qu_ibus_]_19
3409 5437 3575 5494 etiam

1991 5503 2264 5583 hocaan
2293 5500 2514 5583 799p“
2545 5500 2898 5583 li‘li_um__suum
2916 5500 3173 5583 Carolum
3197 5500 3268 5564 az
3281 5500 3420 5578 pa'ce
3443 5508 3574 5583 egit,

1991 5581 2045 5628 et
2073 5571 2140 5625 ab
2167 5569 2455 5642 ipsisrtulit
2477 5571 2874 5630 multitudinem
2916 5576 3194 5632 hominum
3224 5569 3347 5634 cum
3383 5569 3579 5638 mulio;

1993 5643 2140 5719 ribus
2159 5641 2640 5719 e’t‘ini‘antibustet
2653 5644 2935 5719 collocavit
2952 5662 3046 5702 eos
3073 5664 3172 5719 per
3199 5649 3448 5719 diversas
3468 5659 3579 5702 ter-

1993 5730 2083 5786 ras
2105 5713 2158 5786 i_n
2193 5712 2398 5786 ﬁnibus
2421 5713 2532 5786 suis
2555 5711 2773 5786 [Claram
2803 5711 3093 5773 Maissiacf
3115 5728 3161 5774 et
3189 5718 3381 5774 Annal.
3419 5718 3576 5772 Lam-

1995 5781 2146 5857 bec.].
2181 5782 2316 5839 Cum
2347 5781 2700 5858 pepulo'vero
2724 5786 2966 5844 Romano
2992 5789 3218 5846 Carolus
3243 5804 3308 5842 eo
3337 5795 3574 5857 tempore
