4054 6182
477 286 579 343 303

1339 280 1397 337 Β.
1440 284 1501 338 F.
1543 284 1765 338 ALBINI
1806 280 1935 339 SEU
1974 272 2246 339 ALCUN‘
2284 278 2565 338 OPERUM
2605 273 2782 334 PARS
2820 268 2863 331 ἶ.

3622 270 3735 329 30.!

544 406 568 434 ι
605 392 744 448 Olim
763 398 957 445 vestrm
979 388 1329 444 sanctissimae
1356 390 1543 458 pietati
1570 389 1637 444 de
1659 392 1941 447 exactione
1970 392 2054 446 de-
2084 399 2126 453 Α
2158 399 2282 444 runt
2316 390 2448 444 mihi
2495 388 2735 443 visitanti
2778 384 3239 455 reiigiosissimam
3282 383 3307 422 δ
3349 398 3594 438 sororem
3644 400 3742 439 ve-

474 486 734 540 cimarum
769 482 898 545 dixi,
946 481 1071 550 quia
1115 479 1254 534 forte
1286 480 1479 535 melius
1513 489 1615 547 est,
1651 481 1735 536 vel
1778 484 2051 552 aliquanto

474 573 645 644 spatio
680 579 741 625 ut
758 570 1072 625 remittatur
1092 569 1306 638 publica
1348 569 1664 636 necessitas,
1709 571 1878 626 donec
1920 570 2054 626 ﬁdes

472 660 725 715 cordibus
754 658 1014 713 radicitus
1040 659 1318 722 inolescat,
1368 658 1413 712 si
1443 665 1623 712 tamen
1648 658 1736 712 illa
1762 659 1936 728 patria
1960 660 2053 713 Dei

470 748 736 803 electione
796 748 955 818 digna
1014 748 1264 801 habetur.
1334 746 1435 812 Qui
1495 745 1639 800 foras
1692 754 2049 811 recesserunt,

471 841 661 909 optimi
707 840 924 894 fuemnt
948 838 1261 905 Christiani,
1316 840 1455 894 sicut
1498 839 1553 893 in
1584 838 1832 909 plurimis
1868 847 2054 893 notum

473 937 576 985 est.
612 930 682 987 Et
722 932 815 999 qui
852 938 1227 985 remanserunt
1274 931 1449 1000 patria
1490 929 1671 1002 [Can.,
1716 930 1947 1002 patriai],
1999 931 2052 984 in

473 1018 682 1075 fecibus
712 1019 929 1075 malitia:
953 1028 1384 1090 permanserunt.
1413 1019 1547 1073 Nam
1575 1019 1811 1090 Babylon
1837 1027 2057 1089 prepter

471 1119 694 1180 peccata
719 1109 924 1179 populi,
966 1109 1354 1164 daemoniorum
1379 1108 1636 1178 deputata
1670 1117 1755 1163 est
1795 1108 2056 1162 habitatio

473 1199 656 1271 (Apoc.
683 1215 839 1265 xvm,
866 1198 943 1270 2),
974 1206 1032 1252 ut
1059 1199 1110 1253 in
1140 1199 1417 1269 prophetis
1438 1198 1653 1268 legitur.
1690 1197 1835 1252 Nihil
1862 1199 2056 1252 horum

472 1297 623 1343 tuam
669 1288 836 1343 latere
878 1290 1078 1357 poterit
1118 1289 1455 1358 sapientiam.
1512 1288 1583 1343 Ut
1606 1296 1730 1358 pote
1771 1289 1827 1343 in
1857 1289 2059 1344 sanctis

475 1376 786 1447 Scripturis,
825 1379 908 1433 vel
931 1378 1277 1433 saecularibus
1302 1378 1542 1433 historiis
1578 1387 1633 1433 te
1653 1379 1896 1449 apprime
1927 1393 2055 1433 eru-

474 1466 645 1521 ditum
687 1481 809 1522 esse
860 1468 1021 1538 118
1064 1468 1330 1522 novimus.
1385 1467 1465 1522 Ex
1497 1468 1584 1522 his
1610 1469 1861 1523 omnibus
1902 1467 2058 1537 plena

476 1560 572 1616 tibi
603 1560 826 1615 scientia
866 1561 988 1614 data
1022 1567 1105 1613 est
1130 1575 1160 1614 a
1184 1559 1318 1624 Deo,
1340 1566 1402 1613 ut
1426 1573 1522 1628 per
1545 1566 1600 1614 te
1627 1566 1813 1613 saneta
1838 1559 1933 1613 Dei
1962 1558 2062 1613 Ec-

473 1651 638 1705 clesia
687 1652 740 1705 in
788 1652 985 1722 populo
1028 1650 1337 1706 Christiano
1380 1657 1598 1719 regatur
1623 1689 1637 1714 ,
1694 1649 1962 1704 exaltetur
2005 1658 2062 1703 et

2153 489 2339 545 stram,
2364 478 2693 536 excellentiae
2714 485 2907 532 vestra:
2928 475 3223 531 dulcissimi
3247 475 3445 544 apices,
3470 474 3524 528 in
3556 484 3740 532 vestra

2152 571 2508 638 prosperitate
2532 567 2811 631 amabiles,
2847 575 2903 621 et
2928 567 2982 620 in
3006 564 3190 619 divina
3224 565 3594 620 misericordia
3623 566 3744 620 lau-

2153 663 2381 727 dabiles,
2426 664 2515 733 qui
2560 676 2833 732 nunquam
2880 662 2932 715 in
2987 671 3046 714 se
3088 667 3368 728 sperantes
3411 658 3635 723 deserit,
3665 660 3746 714 si-

2154 762 2246 809 cut
2275 765 2299 792 ε
2322 755 2387 809 de
2415 755 2609 809 domno
2639 752 2932 821 apostolico
2976 765 3147 819 nuper
3173 757 3373 808 actum.
3400 763 3502 818 per
3529 756 3746 803 vestras

2155 843 2504 899 suavissimas
2557 842 2764 896 litteras
2812 840 3143 905 audivimus;
3195 841 3286 908 qui
3337 838 3497 893 etiam
3546 847 3745 893 vestrae

2154 932 2479 988 beatissima:
2505 931 2802 1001 praesertim
2827 930 3022 1000 gauiet
3054 929 3073 967 ί
3097 929 3382 993 advenire,
3412 938 3472 981 ut
3502 927 3743 982 innotuit

2155 1023 2310 1078 nobis
2347 1021 2592 1078 chartula
2640 1020 2987 1090 benignitatis
3029 1025 3244 1083 vestrae,
3289 1019 3358 1073 de
3392 1033 3494 1087 qua
3540 1017 3744 1072 multas

2156 1112 2386 1167 bonitati
2427 1120 2624 1166 vestra:
2655 1111 2858 1179 gratias
2897 1110 3124 1175 agimus,
3166 1109 3308 1177 quod
3343 1108 3499 1164 solita
3535 1109 3745 1179 pietate

2159 1197 2329 1252 nostri
2360 1196 2594 1250 nominis
2625 1195 2941 1250 memoriam
2971 1193 3172 1249 habere
3204 1193 3409 1263 dignati
3436 1193 3586 1248 estis.
3618 1191 3742 1247 Non

2157 1287 2329 1343 solum
2379 1286 2447 1341 de
2486 1287 2590 1341 hac
2641 1287 2889 1356 praesenti
2938 1282 3216 1349 memoria,
3273 1292 3465 1339 vestrae
3511 1283 3745 1354 egregim

2158 1384 2342 1453 pietati
2372 1384 2575 1456 gratias
2600 1384 2810 1453 agimus
2837 1382 3140 1446 continuas,
3168 1381 3263 1435 sed
3306 1381 3471 1435 etiam
3498 1381 3565 1435 de
3592 1382 3742 1434 omni

2158 1473 2396 1526 bonitate
2426 1479 2626 1537 vestra,
2666 1486 2829 1541 quam
2872 1471 2927 1525 in
2966 1478 3208 1524 nostram
3251 1469 3742 1538 peregrinationem

2159 1562 2339 1617 verbis
2376 1561 2459 1615 vel
2497 1560 2654 1616 factis
2699 1576 2914 1630 semper
2955 1560 3304 1616 ostendistis:
3337 1559 3509 1615 ﬁdelis
3535 1561 3588 1614 in
3619 1576 3746 1630 pro-

2161 1652 2361 1716 missis,
2402 1667 2562 1707 verus
2611 1652 2666 1708 in
2706 1651 3032 1721 perﬁciendo
3074 1651 3358 1720 promissa.
3405 1650 3746 1720 Quapropter

475 1750 845 1797 conservetur.
894 1740 1106 1807 Quanta
1136 1749 1239 1794 tua:
1281 1739 1499 1809 optimae
1540 1739 1810 1794 devotioni
1854 1754 2063 1794 merces
2097 1730 2137 1788 Β
2166 1742 2298 1799 ﬁdes
2322 1751 2520 1807 vestra,
2544 1749 2598 1797 et
2621 1742 2858 1797 charitas
2884 1758 2990 1796 non
3017 1741 3160 1807 ﬁcta,
3187 1749 3241 1795 et
3270 1740 3583 1796 intercessio
3610 1757 3745 1797 con-

473 1833 792 1888 exbibeatur
814 1848 846 1887 a
880 1831 1005 1895 Deo,
1035 1832 1158 1901 quis
1182 1829 1366 1886 dicere
1390 1830 1625 1900 poterit?
1652 1828 1791 1894 Quia
1820 1846 1912 1885 nec
1936 1846 2060 1883 ocu-

474 1922 558 1977 lus
587 1922 729 1987 vidit,
759 1938 852 1976 nec
896 1922 1041 1976 auris
1067 1920 1286 1984 audivit,
1324 1935 1416 1973 nec
1445 1920 1500 1973 in
1521 1935 1609 1973 cur
1631 1919 1856 1973 hominis
1880 1934 2060 1972 ascen-

475 2013 590 2078 dit,
642 2028 759 2084 quae
802 2012 1116 2082 pra-paravit
1165 2010 1306 2091 Dens
1352 2007 1688 2077 diligentibus
1725 2023 1780 2061 se
1832 2005 1886 2077 (Ι
1933 2008 2055 2062 Cor.

476 2116 540 2162 ιι,
572 2097 648 2170 9).

548 2188 693 2242 Mitis
718 2189 786 2242 ab
809 2186 1035 2241 aetherio
1059 2185 1607 2240 clementerChr'stus
1621 2184 1844 2256 Olympo

606 2276 680 2332 Te
718 2283 889 2347 regat,
913 2275 1138 2340 exaltet,
1168 2283 1437 2345 protegat,
1477 2283 1657 2339 ornet,
1689 2281 1854 2329 amet.

546 2366 697 2421 Mens
726 2379 843 2421 mea
869 2366 1189 2433 congaudet,
1216 2364 1557 2433 bonitasjam
1584 2373 1765 2420 vestra
1794 2365 1967 2421 ﬁdelis

540 2498 543 2501 λ
617 2456 831 2526 Optime
855 2455 998 2524 quod
1031 2469 1210 2525 regem
1233 2454 1457 2523 suscipit
1485 2454 1599 2523 ipsa
1625 2469 1828 2511 senem.

546 2548 672 2603 Hac
694 2560 888 2616 precor
911 2545 1137 2615 aspiciat
1170 2545 1423 2599 clementi
1452 2544 1656 2599 lumine
1679 2552 1896 2599 nostras

620 2635 929 2699 Litterulas,
955 2635 1172 2704 scripsit
1191 2650 1311 2703 quae
1334 2635 1552 2703 pietatis
1571 2649 1743 2689 amor.

550 2730 741 2786 Sidera
763 2738 949 2785 sancta
974 2727 1103 2797 poli,
1143 2727 1331 2783 viridis
1359 2727 1443 2782 vel
1466 2728 1710 2798 gramina
1737 2733 1916 2793 terraz,

618 2817 809 2874 Omnia
839 2817 1177 2872 conclament
1204 2834 1216 2867 :
1242 2816 1412 2871 David
1437 2816 1640 2886 ubique
1665 2816 1785 2871 vale
1811 2817 1824 2870 l

549 2909 738 2975 Terra,
769 2908 947 2978 polus,
961 2907 1206 2976 pelagus,
1239 2906 1501 2971 homines,
1526 2906 1878 2977 volucresque
1901 2906 2059 2962 ferae-

1922 3013 1989 3053 ue

621 3086 885 3142 Concordi
918 3086 1153 3141 clament
1183 3101 1350 3142 voce:
1376 3086 1562 3141 Valeto
1590 3088 1777 3155 pater!
1860 2996 1918 3070 [η

960 3198 986 3237 ι’
1024 3196 1356 3254 EPISTOLA
1393 3197 1556 3252 XCVI

991 3283 1056 3321 Δῐὶ
1090 3283 1307 3321 υοιιιηωι
1350 3283 1546 3321 ΒΕΩΕἊ.

1098 3355 1275 3427 (Auno
1313 3354 1461 3426 799.)

482 3444 691 3501 Gratias
721 3445 825 3518 agit
853 3461 959 3518 pro‘
977 3446 1059 3518 sui
1104 3446 1354 3518 memoria
1382 3445 1439 3500 in
1471 3445 1723 3518 epistolis,
1748 3456 1798 3500 et
1821 3446 2063 3518 plurimis

549 3513 769 3595 acceptis
798 3513 1077 3637 ὁδἠφεὶὶκ.
1103 3513 1308 3595 Laudat
1337 3513 1599 3596 et_excitot
1625 3532 1793 3587 regem
1815 3513 1884 3570 ad
1899 3518 2063 3637 {usti-

549 3593 676 3637 ttam
703 3583 892 3637 redden
932 3600 1017 3637 am
1037 3584 1147 3637 sed:
1175 3584 1492 3637 apostolum.
1523 3584 1757 3637 Excusat
1784 3603 1839 3637 se
1866 3605 1898 3637 a
1972 3588 2061 3637 iti—

549 3583 676 3637 tiam
703 3583 1017 3653 reddendam
1037 3584 1148 3637 sedi
1175 3584 1492 3653 apostolicae.
1523 3583 1757 3640 Excutiat
1784 3603 1839 3640 se
1866 3583 1930 3641 ali
1972 3588 2061 3641 iti-

550 3668 671 3774 nege
702 3651 921 3706 Romam
952 3651 1301 3724 suscipiendo.
1328 3651 1486 3725 Optat
1515 3671 1696 3726 pacem
1731 3673 1849 3711 cum
1892 3655 2064 3712 Saxo-

554 3737 607 3774 nt
645 3737 724 3774 us.

554 3737 724 3775 ηιυιιε.

553 3809 781 3866 Domino
805 3809 859 3864 in
895 3811 1122 3866 Domino
1147 3812 1495 3869 Dominorum
1519 3814 1866 3872 dilectissimo
1896 3817 2065 3872 David

481 3901 616 3972 regi,
655 3898 881 3955 Flaccus
910 3900 1082 3957 ﬁdelis
1126 3911 1312 3960 orator
1345 3904 1688 3974 sempiterna:
1714 3905 2065 3963 beatitudinis

484 3991 537 4045 in
566 3990 782 4046 Christo
809 3991 1059 4046 salutem.

557 4080 876 4137 Revertente
904 4097 990 4137 me
1024 4082 1090 4137 de
1120 4094 1142 4122 ο
1179 4082 1367 4139 Wicus
1399 4093 1620 4155 propter
1655 4101 1849 4142 causas
1879 4104 2065 4144 neces-

484 4172 654 4229 sarius
697 4186 832 4242 quas
865 4171 1064 4228 ibidem
1121 4172 1408 4228 habuimus
1453 4175 1738 4245 disponere
1757 4216 1772 4242 ,
1817 4191 2068 4233 occurre-

482 4340 684 4420 uullnm
709 4338 911 4420 bellum
944 4344 1146 4420 gessit:
1192 4359 1293 4420 nec
1334 4344 1657 4420 iutegerille
1680 4348 1931 4420 populus,
1971 4353 2066 4408 sed

480 4410 793 4496 aliquot-es
828 4410 1157 4496 primoribus
1200 4416 1254 4471 in
1289 4410 1517 4496 morteVm
1547 4410 2064 4496 _Leonis'_(_:onsiliat_i
2089 4413 2144 4475 D
2166 4456 2237 4496 an

483 4482 648 4568 sunt).
676 4482 1060 4568 ξζεςὶηἱίκαῃεατ
1082 4487 1463 4568 aliquantulum
1489 4489 1665 4555 minae,
1691 4507 1760 4568 ne
1774 4490 2062 4568 (Saxones)

481 4551 730 4640 obdurat}.
748 4551 971 4640 fugiant.
999 4594 1014 4609 .
1043 4594 1056 4609 .
1084 4594 1097 4608 .
1146 4551 1424 4640 tenendum
1454 4568 1551 4640 est,
1574 4551 1713 4640 quod
1738 4551 1960 4640 habetur
1985 4551 2062 4640 (in

483 4620 659 4702 terris.
696 4620 963 4696 Saxonica)
1028 4641 1116 4702 ne_
1145 4636 1354 4702 propter
1375 4620 1789 4702 _acqui_sizione_m
1845 4620 2063 4702 mino‘ris

646 4694 663 4744 i
693 4705 896 4769 nempe
923 4694 1120 4749 terreni
1147 4694 1572 4769 ampliationem)
1608 4699 1748 4768 quod
1784 4700 1959 4769 majus
1988 4712 2064 4756 est

693 4758 1029 4836 Ecclesizegt
1061 4758 1255 4836 capitis
1302 4765 1466 4836 illius)
1496 4758 1788 4823 amittatur.
1819 4758 2065 4825 SErvelur

483 4828 914 4917 ξιξὲζςηριςορνίξξηξ
945 4828 1224 4900 (Ecclesia,
1271 4849 1391 4904 quae
1422 4828 1641 4917 proprie
1665 4837 1805 4917 ovile
1830 4836 2066 4910 cujusvis

486 4898 659 4979 ﬁdelis
670 4898 889 4979 appella
899 4898 985 4956 tur
1006 4919 1023 4968 ;
1070 4918 1171 4979 nec
1207 4917 1273 4979 e_o
1288 4898 1542 4979 'nomine'
1555 4904 1688 4979 Alco
1697 4908 1827 4979 inus
1840 4898 2066 4979 regnum

483 4967 967 5090 Lonpobardicum,
994 4967 1055 5028 ut
1081 4973 1194 5027 vult
1219 4973 1432 5043 Pagius,
1466 4974 1723 5044 insignire
1746 4967 2022 5051 voluisset)
2050 4997 2063 5033 :

485 5052 546 5090 ne
614 5057 743 5090 unus
773 5057 940 5090 mnam
978 5042 1204 5090 dmvastet
1247 5042 1379 5090 illud
1413 5045 1690 5090 intermisso
1730 5061 1921 5090 nomne.
1969 5065 2063 5090 nn...

485 5052 546 5119 ne
593 5042 743 5119 lupus
773 5042 1213 5119 νιψααξ-ιιιῃιαδιιει⁸
1247 5042 1383 5119 illud
1396 5042 1690 5119 (percusso
1730 5061 1921 5119 nempe
1969 5042 2064 5119 pa-

486 5110 655 5185 stare)
686 5111 764 5185 ita
805 5110 864 5185 in
894 5111 1079 5167 alienis
1114 5110 1450 5185 sudaturlin'
1489 5114 1684 5183 populo
1712 5110 1944 5171 nondum
1970 5110 2069 5174 31c-

484 5178 727 5251 quisito),
763 5181 901 5234 utin
948 5184 1171 5254 propriis
1204 5181 1285 5307 Sin
1325 5178 1390 5239 iis
1438 5178 1628 5253 nempe
1666 5200 1784 5255 quas
1813 5186 2063 5243 Ecclesim

485 5248 683 5302 bonum
715 5263 1064 5307 concernunt.
1094 5268 1200 5307 nuo
1265 5252 1457 5307 cuiuue
1482 5253 1737 5307 ﬁdelium.
1763 5257 2063 5307 nmnrimis

485 5248 694 5302 bonum
715 5248 1064 5327 concern'unt',
1094 5248 1236 5327 quod
1265 5252 1457 5323 cuique
1482 5248 1737 5327 ﬁdelium,
1763 5257 2067 5327 prteprimis

484 5330 613 5406 ver?
624 5333 890 5406 Jsupremo
911 5320 1053 5377 illius
1074 5320 1334 5404 advocato
1355 5320 1507 5406 quasi
1532 5320 1809 5406 proprium
1831 5320 1949 5381 esse
1974 5327 2063 5381 de-

486 5384 866 5467 bet)‘datit_num
892 5407 994 5445 non
1016 5394 1268 5467 patiatur,
1297 5384 1400 5467 etc;
1435 5384 1649 5467 Eru'diti
1666 5403 1917 5467 statuent,
1945 5410 2067 5467 qua}

487 5459 711 5538 istarum
732 5459 1229 5538 interpretationum
1253 5463 1492 5532 praeferri
1527 5472 1620 5517 aut
1660 5464 1872 5519 Alcuini
1902 5459 2066 5519 menti

464 5523 813 5580 'coul‘ormior
831 5523 1037 5584 censeri
1058 5523 1349 5587 mereatur.

555 5604 607 5675 In
624 5591 828 5675 θέρη-..
856 5634 953 5675 ._._
967 5598 1032 5675 de
1055 5601 1324 5675 «tinctione
1350 5601 1666 5675 decimarum
1696 5603 1826 5675 dixi.
1867 5601 1927 5658 In
1954 5600 2067 5675 epi-

487 5661 639 5719 stolis
656 5660 746 5728 28.
769 5663 828 5719 3!
843 5703 859 5731 ,
885 5665 953 5721 57
983 5674 1038 5721 et
1067 5666 1133 5724 72
1162 5668 1325 5742 (nunc
1352 5670 1440 5736 55,
1467 5671 1554 5735 36,
1580 5670 1649 5724 42
1671 5680 1723 5727 ct
1745 5671 1855 5745 87).

2160 1832 2331 1897 tinua,
2362 1831 2417 1886 in
2444 1845 2643 1886 arcano
2674 1831 2855 1886 cordis
2879 1832 2984 1886 mei
3013 1831 3284 1893 thesauro,
3319 1839 3553 1886 vestram
3597 1831 3745 1901 jugi-

2160 1933 2244 1979 ter
2288 1924 2632 1993 amplectitur
2680 1923 3089 1978 beatitudinem.
3137 1923 3181 1979 Ο
3222 1923 3531 1978 dulcissime
3566 1922 3744 1978 decus

2158 2014 2336 2084 populi
2385 2013 2704 2069 Christiani!
2746 2029 2779 2068 ο
2815 2012 3054 2070 defensio
3100 2015 3452 2070 ecclesiarum
3500 2013 3739 2069 Christi!

2159 2103 2454 2160 consolatio
2480 2104 2603 2157 vita:
2624 2101 2930 2172 praesentis!
2959 2103 3164 2170 Quibus
3187 2112 3332 2159 tuam
3352 2104 3742 2159 beatitudinem

2160 2193 2412 2249 omnibus
2439 2192 2803 2247 necessarium
2831 2201 2915 2248 cst
2942 2193 3080 2247 votis
3109 2193 3361 2256 exaltare,
3394 2193 3745 2247 intercessio-

2161 2285 2318 2340 nibus
2343 2282 2614 2352 adjuvare,
2643 2292 2910 2353 quatenus
2935 2299 3032 2353 per
3058 2292 3292 2340 vestram
3320 2286 3737 2353 prosperitatem

2160 2374 2527 2430 Christianum
2568 2382 2785 2429 tueatur
2826 2376 3128 2445 imperium,
3178 2375 3308 2434 ﬁdes
3356 2377 3624 2431 catholica
3649 2377 3745 2431 de-

2162 2464 2430 2531 tendatur,
2453 2464 2675 2534 iustitiae
2699 2466 2883 2536 regula
2910 2467 3163 2522 omnibus
3189 2467 3507 2523 innotescat.

2231 2576 2370 2632 Ecce
2394 2577 2522 2646 quid
2548 2584 2724 2632 actum
2756 2584 2839 2631 est
2864 2577 2929 2631 de
2961 2577 3252 2646 apostolica
3282 2579 3407 2633 sede
3433 2579 3486 2633 in
3516 2579 3737 2636 civitate

2160 2670 2451 2740 praecipua,
2481 2670 2534 2724 in
2582 2669 2842 2740 dignitate
2881 2670 3350 2737 excellentissima,
3396 2687 3514 2742 qua:
3562 2674 3743 2728 omnia

2162 2770 2342 2815 vestro
2391 2760 2763 2814 tantummodo
2807 2769 3093 2815 servantur
3124 2758 3361 2828 judicio;
3408 2771 3467 2816 ut
3501 2762 3743 2833 pruden-

2162 2850 2372 2905 tissimo
2416 2849 2641 2906 consilio
2669 2850 2945 2919 sapientia:
2984 2850 3138 2905 vobis
3174 2865 3204 2903 a
3234 2850 3344 2905 Deo
3371 2850 3508 2907 data:
3538 2859 3745 2923 tempe-

2162 2948 2279 2993 rata
2305 2938 2736 2993 consideratione
2758 2938 3095 3009 corrigantur
3116 2954 3235 3008 qua:
3260 2940 3569 3011 corrigenda
3591 2950 3740 3008 sunt,

2163 3036 2218 3082 et
2243 3036 2630 3083 conserventur
2653 3043 2773 3096 quae
2812 3028 3177 3083 conservanda
3221 3039 3377 3095 sunt;
3408 3039 3461 3085 et
3488 3045 3596 3100 qua
3633 3030 3744 3085 cle-

2165 3128 2378 3172 menter
2406 3117 2584 3171 divina
2632 3117 2797 3187 gessit
2839 3118 3030 3187 pietas,
3066 3118 3393 3174 extollantur
3429 3122 3481 3174 in
3530 3120 3742 3175 laudem

2160 3208 2395 3263 nominis
2423 3208 2585 3272 illius,
2617 3207 2707 3277 qui
2753 3207 2959 3262 salvum
3006 3206 3133 3263 fecit
3177 3225 3390 3265 servum
3419 3226 3570 3265 suum
3595 3219 3649 3265 et
3678 3211 3743 3265 li-

2161 3298 2369 3354 beravit
2390 3313 2417 3351 a
2438 3297 2812 3367 persecutione
2824 3295 3522 3357 exsecrandieiuﬁdelitatis.
3550 3301 3743 3356 Vestra

2159 3400 2289 3440 vero
2324 3385 2723 3455 sapientissimo
2754 3386 2920 3440 animi
2954 3388 3252 3455 prudentia,
3284 3390 3412 3445 dum
3453 3391 3633 3447 omnia
3661 3392 3745 3446 in—

2161 3475 2382 3544 telligat,
2412 3474 2541 3543 quid
2570 3490 2633 3529 cu
2697 3475 2984 3530 conveniat
3029 3491 3287 3545 personae,
3320 3478 3375 3530 in
3401 3478 3745 3534 benefacien-

2163 3570 2250 3634 do,
2279 3571 2392 3625 sive
2417 3569 2471 3624 in
2505 3570 2827 3626 vindicando
2855 3570 3041 3644 [faciat
3067 3580 3121 3626 et
3143 3570 3428 3644 perﬁciat],
3456 3574 3599 3642 quod
3630 3573 3744 3629 Deo

2161 3659 2389 3731 placeat,
2426 3668 2481 3715 et
2503 3660 2754 3714 omnibus
2784 3661 2925 3716 bona
2962 3661 3016 3715 in
3044 3659 3198 3715 vobis
3222 3659 3467 3715 voluntas
3488 3661 3745 3717 ostenda-

2163 3758 2269 3815 tur,
2293 3750 2538 3806 laudetur
2558 3758 2613 3806 et
2634 3760 2863 3806 ametur.
2892 3751 3005 3807 Hoc
3040 3752 3340 3807 certissime
3369 3752 3541 3821 pietas
3561 3762 3745 3808 vestra

2161 3849 2436 3909 agnoscat,
2481 3841 2626 3911 quod
2670 3841 2868 3897 nullius
2913 3843 3193 3898 hominum
3238 3842 3358 3897 auri
3409 3841 3493 3898 vel
3533 3845 3741 3914 argenti

2164 3928 2481 3984 munuscula
2520 3938 2731 3984 tantum
2769 3931 3041 3986 laetiﬁcant
3076 3931 3252 3987 Flacci
3280 3933 3439 3986 vestri
3467 3932 3738 3996 animum;

2163 4030 2423 4088 quantum
2454 4022 2800 4078 beatitudinis
2826 4031 3024 4078 vestrae
3051 4024 3233 4093 apices
3259 4024 3403 4079 omni
3430 4023 3624 4094 gaudio
3654 4039 3745 4079 re-

2162 4108 2373 4165 ﬁciunt.
2399 4111 2525 4166 Ideo
2551 4112 2776 4183 supplici
2798 4121 2926 4167 voto
2953 4113 3232 4182 deprecor,
3257 4121 3314 4168 ut
3340 4113 3533 4182 saepius
3552 4110 3746 4183 jubea-

2164 4200 2234 4258 tis
2260 4199 2395 4268 ﬁeri,
2424 4202 2567 4274 quod
2596 4218 2683 4260 me
2708 4217 2920 4274 semper
2942 4218 3124 4260 amare
3150 4203 3463 4276 agnoscitis.

2236 4372 2267 4413 δ
2300 4370 2443 4427 Edit.
2464 4372 2713 4438 Quercet.
2740 4370 2808 4425 12
2823 4386 2885 4453 es
2907 4386 3008 4427 ms.
3025 4369 3280 4443 (Froben.
3302 4369 3418 4493 8i
3435 4368 3643 4440 Scripta
3658 4379 3743 4425 est

2236 4450 2456 4493 .teuuam
2478 4442 2590 4493 Leo
2610 4456 2747 4493 nam
2766 4450 2975 4493 veniret
2997 4442 3064 4493 ad
3084 4439 3334 4493 Carolina
3413 4478 3426 4493 .
3451 4456 3593 4493 anno
3616 4438 3738 4493 799.

2239 4450 2456 4511 mquam
2478 4442 2590 4511 Leo
2610 4456 2747 4511 papa
2766 4442 2975 4496 veniret
2997 4438 3064 4511 ad
3084 4439 3334 4511 Carolum
3358 4438 3426 4493 Il.
3442 4438 3738 4511 auno799.

2233 4522 2256 4551 θ
2296 4510 2499 4566 Wicus.
2537 4508 2698 4567 Cella
2712 4511 2980 4566 maritima
3007 4508 3066 4566 S.
3096 4509 3284 4566 Jodoci
3314 4509 3459 4578 apud
3484 4508 3740 4573 Morinos.

2161 4580 2324 4636 hodie
2348 4581 2409 4635 S.
2434 4580 2869 4636 locse—sur-Ner.
2905 4578 3059 4647 Quod
3096 4580 3480 4635 monasterium
3517 4579 3746 4635 Carolus

2159 4646 2392 4704 Alcuiuo
2419 4651 2641 4706 tradidit
2680 4646 2993 4720 regendum,
3021 4649 3158 4720 dum,
3189 4662 3257 4704 ex
3278 4648 3470 4720 Anglia
3498 4648 3555 4707 iu
3570 4648 3746 4704 Fraa-

2164 4720 2305 4788 ciam
2324 4720 2496 4788 rediit
2515 4735 2655 4774 anno
2691 4719 2793 4774 792
2816 4720 2900 4774 vel
2921 4719 3186 4788 sequenti.

2231 4787 2263 4828 δ
2301 4787 2553 4859 Sororem
2589 4798 2830 4859 uestram.
2858 4786 3082 4859 Nempe
3122 4786 3378 4859 Gisalau,
3422 4786 3632 4859 fortun
3686 4786 3743 4840 in

2164 4856 2506 4914 Parthenonc
2526 4858 2763 4922 Calensi,
2783 4857 2940 4927 cujus
2955 4856 3228 4927 abbatissa
3254 4865 3395 4913 erat.
3420 4856 3647 4913 Mum.
3773 4897 3781 4904 .

2240 4938 2264 4967 ο
2301 4927 2384 4998 De
2415 4927 2607 4983 domno
2631 4926 2937 4998 apostolico,
2961 4926 3139 4998 leone
3160 4927 3432 4998 pontiﬁce,
3465 4940 3626 4998 quem
3662 4926 3748 4998 di-

2166 4996 2291 5051 vina
2317 4995 2681 5055 misericordia
2718 5013 2824 5052 nou
2851 4997 3123 5063 deseruit;
3160 4995 3253 5051 sed
3278 4996 3584 5065 prodigiose
3605 5011 3638 5051 e
3664 4995 3746 5050 la—

2168 5074 2383 5121 tronum
2416 5067 2667 5122 manibus
2690 5066 2960 5133 liberavit,
2980 5066 3139 5134 eique
3166 5064 3453 5122 oculorum
3470 5072 3534 5136 et
3548 5064 3749 5136 linqu

2163 5151 2325 5190 usum
2350 5136 2658 5206 ademptum
2687 5136 2951 5202 restituit;
2987 5144 3147 5206 prout
3173 5137 3291 5206 ejus
3309 5135 3574 5206 temporis
3604 5134 3746 5206 ﬁeri:

2167 5214 2350 5274 ptores
2379 5204 2665 5268 testantur,
2688 5213 2744 5274 et
2765 5206 2989 5274 ipsemet
3021 5204 3283 5262 Alcuitius
3306 5205 3409 5261 hoc
3449 5205 3570 5262 loco
3614 5204 3748 5259 insi—

2169 5272 2298 5328 nuat
2343 5274 2412 5330 iis
2457 5274 2637 5331 verbis
2668 5290 2682 5327 :
2710 5272 2840 5338 Quo:
2887 5272 3159 5330 clementer
3197 5274 3378 5330 diuina
3433 5275 3591 5345 gessit
3628 5274 3746 5344 pie?

2170 5352 2269 5405 tas,
2297 5353 2402 5398 etc.

2244 5411 2263 5451 ι
2292 5411 2576 5483 _A_dvcnire.
2606 5410 2835 5483 Advenit
2866 5412 2977 5483 Leo
3024 5427 3162 5483 papa
3190 5412 3258 5468 ad
3304 5411 3579 5483 Catulum,
3612 5412 3748 5466 dum

2169 5479 2216 5534 is
2242 5479 2310 5534 ad
2335 5479 2938 5553 Padresbrunnalnunc
2960 5479 3337 5552 Paderbomze)
3359 5481 3621 5538 resideret
3649 5497 3750 5553 an,-
3814 5540 3817 5549 ,

2168 5565 2239 5604 no
2267 5548 2516 5623 prasenti
2558 5564 2651 5605 seu
2680 5548 2799 5616 799,
2845 5552 3026 5622 ibique
3066 5553 3213 5623 regia
3241 5548 3462 5623 prorsus
3497 5551 3747 5622 magniﬁ-

2167 5619 2344 5675 centia
2377 5629 2656 5689 susceptus
2686 5630 2789 5687 est,
2813 5631 2871 5677 ut
2899 5619 3493 5678 testatur'Anastasius.
