4054 6182
459 350 560 408 607

1330 335 1393 394 Β.
1431 332 1495 391 ῐ·“.
1535 326 1760 388 ΑιΒιΝι
1796 325 1927 384 SEU
1966 319 2239 379 ALCUINI
2275 317 2558 377 OPERUM
2593 314 2772 373 r‘ARS
2806 310 2848 370 I.

3607 302 3713 369 508

459 453 917 534 superhumeralis
961 445 1304 507 sanctitatem
1356 449 1578 516 portare
1616 438 1816 505 audivi,
1866 446 1925 534 et
1972 436 2029 490 in
2058 433 2111 496 Δ
2393 440 2448 488 te
2469 432 2674 534 habere
2703 429 2906 493 Deum,
2956 425 3104 534 quia.
3127 422 3389 534 beneﬁcia
3424 438 3723 496 pauperum

462 528 685 608 honoris
720 540 1070 602 ecclesiastici
1115 535 1498 595 sublimissima
1537 540 1685 590 stare
1722 528 2036 587 stabilitate.

461 643 533 698 Et
558 640 763 700 utinam
806 634 912 690 hoc
935 630 1119 689 multis
1144 627 1421 700 proﬁciat,
1458 633 1513 680 et
1539 625 1638 681 tibi
1660 623 1897 679 maxime
1916 635 2044 692 pro-

463 732 568 796 sit;
597 734 660 783 ut
676 725 776 782 Dei
802 731 858 780 et
889 720 1100 780 Domini
1124 718 1297 777 nostri
1321 716 1449 772 Jesu
1472 713 1673 771 Christi
1705 726 1902 768 nomen
1929 709 2044 766 cla-

464 817 711 875 riﬁcetur
738 814 793 870 in
817 822 869 870 te
894 831 907 867 :
941 819 995 868 et
1022 817 1294 867 memento
1318 806 1626 865 ministrum
1652 813 1707 860 te
1730 818 1851 859 esse
1875 801 2046 873 magis

464 923 630 981 quam
675 905 951 963 dominum
996 910 1214 974 propter
1256 916 1402 966 eum,
1450 898 1541 970 qui
1580 895 1688 964 ait;
1717 894 1831 965 Ego
1854 909 1969 948 sum
1990 893 2047 949 in

464 1001 635 1060 medio
656 999 811 1055 vestri
836 1038 852 1064 ,
893 998 1028 1051 sicut
1065 995 1155 1066 qui
1180 994 1445 1048 ministrat
1472 991 1623 1065 (Luc.
1650 1004 1788 1053 nu,
1813 984 1927 1057 27).
1988 983 2049 1041 Si

466 1089 557 1145 ille
577 1088 724 1144 Deus
744 1095 800 1143 et
825 1085 1086 1141 Dominus
1105 1084 1347 1140 omnium
1364 1122 1379 1148 ,
1406 1082 1714 1150 redemptor
1736 1090 1792 1136 et
1815 1077 2051 1133 salvator

467 1179 693 1237 humani
721 1178 934 1249 generis
958 1192 1066 1231 non
1096 1175 1417 1245 dedignatus
1444 1181 1528 1228 est
1564 1172 1752 1227 venire
1777 1170 2053 1228 ministra-

468 1285 548 1333 re,
579 1283 689 1324 non
730 1277 792 1323 ut
827 1267 1230 1322 ministraretur
1272 1264 1324 1319 ei
1365 1262 1558 1335 (Marc.
1598 1278 1654 1328 x,
1677 1260 1802 1331 45);
1852 1268 2054 1331 quanto

470 1361 647 1432 magis
672 1367 728 1415 et
756 1374 854 1415 nos
880 1358 1140 1415 debemus
1158 1351 1433 1412 modulum
1458 1361 1657 1410 nostrae
1675 1366 1904 1423 pensare
1926 1366 2056 1421 pau-

468 1448 702 1521 pertatis
727 1489 743 1515 ,
786 1457 840 1504 et
883 1448 1134 1503 omnibus
1174 1446 1243 1503 ad
1290 1461 1387 1501 nos
1427 1444 1824 1515 pertinentibus
1869 1440 2058 1497 salutis

473 1541 784 1600 ministrare
825 1540 1000 1598 oﬁicia
1024 1581 1038 1608 ,
1083 1549 1136 1597 et
1184 1539 1466 1598 charitatis
1511 1539 1716 1594 servire
1751 1535 2056 1600 devotione,

471 1633 600 1704 quia
629 1632 952 1688 humilitatis
994 1631 1244 1702 passibus
1287 1630 1356 1685 ad
1401 1628 1637 1685 caelestis
1662 1626 1815 1696 regni
1842 1624 2060 1681 celsitu-

474 1724 655 1778 dinem
698 1723 1030 1794 pervenitur.
1083 1720 1207 1778 Ideo
1246 1720 1516 1793 Propheta
1555 1719 1739 1774 divino
1773 1716 2060 1773 instinctus

474 1800 660 1869 amore
715 1815 828 1872 ait:
875 1813 1000 1868 Non
1040 1814 1209 1867 veniat
1254 1812 1382 1867 mihi
1418 1828 1509 1882 pes
1543 1809 1799 1882 superbire
1830 1807 2058 1882 (Psalm.

476 1918 641 1967 xxxv,
673 1902 802 1975 12):
853 1903 957 1959 hoc
993 1909 1096 1966 est,
1145 1910 1207 1956 ut
1245 1900 1453 1956 nullum
1480 1900 1765 1973 vestigium
1794 1900 2065 1970 superbiae

475 1996 829 2052 remansisset
873 1996 931 2049 in
973 1993 1140 2050 corde.
1184 1994 1346 2049 illius.
1404 1992 1616 2061 Quanto
1662 1992 1833 2063 magis
1862 2007 1962 2048 nos
1999 1991 2068 2047 de

475 2096 720 2142 stercore
769 2085 1105 2159 paupertatis
1173 2086 1239 2140 ad
1299 2084 1483 2139 sedem
1543 2082 1727 2155 gloria:
1791 2081 2065 2137 sublimati

479 2179 709 2251 (Psalm.
734 2195 867 2245 cm,
894 2175 967 2249 7),
1000 2178 1315 2247 dignitatem
1343 2184 1583 2231 nostram
1612 2174 1931 2232 humilitatis
1951 2171 2067 2228 oili-

480 2271 568 2327 cio
594 2270 875 2325 sublevare
900 2268 1176 2323 debemus.
1210 2266 1339 2322 Haec
1366 2274 1451 2320 est
1477 2281 1597 2336 quae
1620 2264 1915 2336 ignobilem
1937 2262 2068 2319 iacit

481 2361 739 2427 nobilem,
762 2368 819 2416 ct
842 2374 963 2435 quae
990 2365 1268 2414 terrenum
1305 2356 1508 2413 animal
1546 2356 1615 2411 ad
1652 2355 1873 2413 cccleste
1892 2354 2068 2410 elevat

478 2452 734 2515 tribunal.
775 2450 965 2523 Cogita
1010 2464 1224 2520 semper
1265 2449 1392 2504 dum
1434 2446 1597 2518 pallio
1645 2446 1946 2503 sanctitatis
1970 2459 2064 2500 ve-

478 2543 663 2605 stieris
688 2583 703 2609 ,
752 2549 807 2597 et
851 2541 1038 2597 videas
1081 2547 1284 2595 sancte
1314 2539 1489 2594 crucis
1531 2539 1743 2611 signum
1777 2537 1890 2593 sive
1919 2543 2065 2602 ante,

481 2636 595 2693 sive
628 2643 772 2690 retro
814 2633 871 2690 in
919 2647 985 2688 eo
1034 2630 1237 2697 ﬁxum,
1281 2639 1334 2686 te
1378 2630 1533 2700 sequi
1576 2630 1770 2685 debere
1795 2629 1943 2684 illum
1973 2620 2066 2700 qui

482 2738 702 2783 crucem
729 2737 884 2779 suam
905 2721 1181 2793 portavit,
1214 2713 1268 2776 in
1316 2735 1422 2791 qua
1462 2719 1844 2790 redemptionis
1868 2728 2068 2775 nostrae

480 2814 781 2885 trophazum
820 2813 1049 2885 paravit.
1098 2812 1236 2867 Dum
1286 2811 1491 2878 videas,
1543 2809 1790 2867 osculare
1836 2808 1965 2864 illud
2014 2818 2070 2865 et

483 2919 777 2973 venerare;
816 2904 957 2959 sicut
981 2902 1136 2959 decet
1161 2901 1323 2972 hujus
1349 2901 1489 2972 signi
1511 2900 1879 2966 sanctitatem,
1930 2908 1986 2955 et
2015 2909 2069 2956 te

483 2996 638 3066 sequi
663 2995 861 3052 debere
900 3000 1172 3048 memento
1200 2992 1382 3059 illum,
1429 2992 1522 3062 qui
1546 2992 1659 3046 ait:
1696 2990 1800 3058 Qui
1825 2989 1931 3045 vult
1952 3000 2068 3062 post

482 3102 566 3140 me
589 3085 777 3149 venire,
802 3080 953 3136 tollat
978 3098 1183 3137 crucem
1208 3099 1360 3137 suam
1385 3094 1433 3138 et
1458 3094 1706 3153 sequatur
1732 3098 1814 3136 me
1850 3079 2065 3154 (Matth.

484 3174 746 3248 xvrﬂi).
794 3174 920 3230 Ideo
962 3173 1212 3231 Christus
1261 3176 1500 3247 portavit
1549 3174 1805 3244 primum,
1855 3181 1911 3228 et
1951 3179 2074 3243 post

485 3267 634 3324 illum
664 3266 915 3321 inventus
939 3262 1125 3322 Simon
1145 3308 1160 3332 ,
1203 3268 1292 3338 qui
1321 3282 1485 3337 super
1504 3281 1563 3321 se
1594 3265 1825 3335 positam
1853 3280 2072 3321 crucem

484 3359 688 3415 Christi
734 3358 1008 3430 portavit,
1048 3374 1280 3428 sequens
1308 3358 1535 3428 vestigia
1571 3358 1731 3412 illius.
1798 3357 1867 3412 Et
1886 3358 1988 3412 hoc
2016 3358 2071 3412 in

485 3452 697 3523 signum
724 3458 922 3511 nostra;
956 3449 1187 3507 actionis
1215 3458 1423 3520 gestum
1445 3464 1565 3504 esse
1586 3450 1953 3519 dignoscitur;
1989 3450 2073 3504 Si-

488 3554 615 3599 mon
644 3541 789 3598 enim
813 3541 1072 3601 obediens
1100 3541 1505 3611 interpretatur.
1554 3539 1743 3596 Omnis
1763 3539 1908 3594 enim
1933 3580 1948 3604 ,
1980 3539 2072 3610 qui

486 3648 586 3709 per
607 3631 970 3688 obedientiam
997 3631 1061 3685 ad
1088 3631 1245 3708 122
1270 3629 1599 3700 triumphum
1647 3628 1831 3699 gloria:
1853 3627 2074 3703 [Supple

490 3725 675 3780 venire
698 3725 863 3798 cupit,
895 3724 972 3779 vel
1001 3724 1224 3797 simile],
1263 3723 1465 3783 Christi
1497 3738 1713 3779 crucem
1746 3729 1964 3794 portare
1984 3736 2076 3777 co-

485 3817 642 3888 gitat.
702 3816 818 3876 Hoc
860 3817 1007 3872 enim
1050 3817 1372 3879 humilitatis
1417 3818 1666 3889 passibus
1705 3827 1761 3874 et
1802 3818 2077 3890 patientiae

486 3910 766 3985 gressibus
788 3951 804 3977 ,
839 3910 924 3973 vel
952 3918 1172 3982 paratus
1195 3927 1295 3984 pro
1333 3913 1563 3967 veritate
1604 3911 1765 3979 mori,
1813 3911 1895 3966 vel
1920 3926 2077 3966 scan-

488 4004 611 4065 dala
636 4004 891 4061 fraterna:
911 4005 1282 4076 perversitatis
1308 4006 1419 4077 pati
1437 4047 1455 4073 ,
1489 4006 1575 4062 vel
1611 4005 1805 4063 aﬁ‘ectu
1832 4021 2077 4076 compas-

488 4094 658 4155 sionis
681 4093 934 4155 fraternis
964 4094 1318 4155 incommodis
1346 4094 1678 4165 condolere].

560 4184 792 4247 Excitati
828 4184 994 4245 animi
1018 4192 1196 4241 motus
1230 4184 1285 4244 in
1332 4192 1388 4241 te
1437 4184 1726 4254 tranquilla
1754 4199 1887 4255 pace
1929 4200 2077 4240 com-

492 4285 788 4346 ponantur,
815 4284 876 4330 ut
904 4275 1037 4331 nihil
1066 4291 1163 4347 per
1187 4278 1323 4332 iram
1341 4276 1454 4343 ﬁat,
1471 4276 1567 4333 sed
1589 4276 1772 4333 omnia
1792 4293 1914 4333 cum
1947 4293 2078 4334 conv

489 4366 651 4431 silio:
682 4374 896 4439 tempus
930 4366 1275 4435 redimentes,
1317 4369 1489 4425 donec
1517 4375 1758 4425 transeat
1778 4368 1860 4428 ira
1884 4368 2073 4440 (Eccli.

2140 521 2344 580 Christi
2365 520 2654 578 retributio
2681 524 3024 589 compensat,
3054 515 3277 585 etquod
3302 515 3469 570 miser
3495 530 3607 572 non
3630 530 3729 570 va-

2141 613 2217 669 let
2261 625 2611 670 remunerare
2632 652 2648 678 ,
2691 611 2797 667 hoc
2833 609 3076 664 omnium
3112 606 3374 663 Dominus
3414 607 3731 679 dignabitur

2144 718 2575 774 recompensare.
2611 701 2881 774 Cogitatio
2909 700 3128 757 assidua
3158 698 3258 756 tibi
3296 697 3367 756 sit
3399 700 3453 755 in
3482 699 3735 772 Scriptu-

2145 797 2224 853 ris
2245 797 2468 861 sanctis,
2496 803 2553 851 et
2574 794 2760 851 laetitia
2783 793 3013 850 convivii
3038 792 3157 848 laus
3178 792 3556 861 redemptoris.
3586 791 3732 850 Dum

2147 903 2345 958 corpus
2365 888 2489 943 cibo
2518 886 2778 957 pascitur,
2805 899 2959 957 mens
2988 884 3168 940 divina
3191 883 3425 939 lectione
3449 882 3729 951 foveatur;

2148 992 2218 1033 ne
2259 976 2438 1032 anima
2465 976 2712 1032 esuriens
2747 974 3012 1030 inebriato
3050 989 3276 1045 corpore
3300 974 3500 1045 lugeat.
3534 975 3740 1031 Pasca-

2149 1078 2239 1125 tur
2258 1067 2402 1139 quod
2423 1077 2684 1124 aeternum
2711 1073 2795 1122 est
2822 1066 3025 1136 magis,
3074 1081 3235 1136 quam
3265 1066 3408 1135 quod
3430 1066 3741 1136 periturum

2151 1162 2275 1218 erit.
2317 1160 2468 1217 Mens
2492 1160 2731 1217 coelestia
2757 1160 3006 1223 rimetur,
3037 1165 3093 1212 et
3114 1158 3348 1213 futuram
3372 1157 3576 1228 iugiter
3599 1171 3726 1228 pm

2152 1251 2332 1309 videat
2355 1252 2721 1316 mansionem,
2762 1259 2824 1306 ut
2858 1248 3011 1319 parvi
3041 1248 3299 1317 temporis
3332 1246 3517 1303 labore
3540 1261 3741 1317 perpe-

2156 1352 2244 1398 tua
2281 1350 2558 1397 mereatur
2584 1340 2842 1416 requies.
2872 1339 3035 1393 Plura
3074 1338 3172 1393 tibi
3213 1337 3548 1407 scripsissem
3577 1378 3594 1403 ,
3635 1335 3744 1391 nisi

2154 1445 2327 1501 pauca
2366 1431 2564 1485 scirem
2613 1427 2859 1484 sufﬁcere
2904 1426 3155 1497 sapienti.
3216 1425 3394 1482 Unum
3433 1425 3659 1482 verbum
3685 1424 3745 1480 in

2158 1523 2320 1579 corde
2350 1522 2551 1577 sensati
2597 1520 2794 1576 melius
2845 1518 3079 1589 proﬁcit,
3131 1533 3294 1588 quam
3350 1517 3523 1573 multa
3574 1516 3746 1572 millia

2159 1615 2570 1686 contemptoris.
2626 1613 2746 1669 Non
2790 1627 2972 1668 cesses
3005 1625 3192 1666 semen
3240 1611 3430 1666 salutis
3474 1610 3748 1665 seminare

2162 1705 2218 1760 in
2241 1706 2403 1761 corda
2429 1705 2725 1760 multorum
2747 1745 2761 1768 ,
2796 1710 2858 1757 ut
2884 1718 2952 1759 ex
2998 1701 3169 1758 salute
3198 1701 3489 1758 multorum
3515 1700 3749 1757 multam

2092 1775 2138 1836 Β
2165 1800 2306 1870 apud
2328 1800 2421 1854 Dei
2447 1799 2702 1870 pietatem
2729 1796 2991 1851 merearis
3007 1796 3209 1851 habere
3231 1793 3743 1850 remunerationem.

2165 1894 2299 1949 Vive
2313 1891 2544 1947 feliciter
2566 1887 2764 1945 ﬂorens
2786 1896 2841 1942 et
2866 1887 3154 1957 proﬁciens
3175 1886 3233 1941 in
3257 1885 3523 1941 cbaritate
3542 1883 3750 1941 Christi

2164 1991 2219 2038 et
2244 1980 2548 2053 praeceptis,
2582 1994 2703 2050 qua:
2732 1995 2762 2032 a
2789 1979 2902 2034 Deo
2926 1977 3053 2032 data
3087 1984 3213 2032 sunt
3241 1976 3307 2033 ad
3331 1984 3587 2032 aeternam
3614 1974 3751 2031 bea-

2164 2072 2451 2127 titudinem
2480 2069 2696 2140 generis
2719 2067 2963 2133 humani,
2986 2068 3200 2137 meique
3224 2080 3456 2132 memor,
3484 2064 3749 2121 charissi-

2165 2178 2254 2219 me
2273 2162 2436 2217 Pater
2481 2159 2669 2218 frater.
2715 2158 2811 2219 ﬁli.
2843 2158 3025 2215 valeas
3071 2157 3288 2214 aeternis
3332 2156 3664 2226 temporibus
3692 2155 3752 2211 in

2166 2255 2402 2313 Christo.

2631 2356 2657 2386 ι
2689 2340 3027 2399 EPISTOLA
3061 2340 3267 2398 XCVIII

2769 2451 2838 2489 ΔΙ)
2875 2447 3144 2489 ABNONEI.

2778 2524 2957 2593 (Anno
2997 2522 3148 2596 799.)

2167 2640 2211 2696 Α
2240 2640 2422 2695 mundi
2452 2636 2698 2710 periculis
2721 2637 2821 2691 sibi
2850 2635 3277 2710 capergsuadet,
3303 2651 3457 2691 suum
3493 2635 3573 2693 illi
3596 2651 3750 2692 amo-

2753 2723 2861 2761 rem
2883 2706 3165 2777 signiﬁcat.

2241 2820 2562 2893 Evangelico
2583 2819 2794 2890 Aquilae
2819 2817 3045 2874 Albinus
3065 2818 3319 2874 salutem.

2242 2914 2492 2969 Plurima:
2517 2919 2646 2966 sunt
2686 2907 2847 2977 huius
2874 2908 3057 2965 saeculi
3088 2908 3415 2964 tentationes
3438 2948 3456 2975 ,
3505 2915 3561 2965 et
3591 2906 3761 2963 multa

2167 3003 2410 3075 pericula
2456 3001 2709 3058 saeculum
2748 3000 3073 3056 amantibus.
3115 2999 3257 3056 Ecce
3283 2999 3553 3070 quomodo
3582 3013 3752 3057 reces-

2096 3115 2147 3179 c
2174 3081 2361 3149 serunt
2386 3092 2567 3147 subito
2594 3091 2622 3131 ιι
2665 3090 2769 3145 viri
2811 3087 3130 3155 fortissimi,
3180 3089 3272 3158 qui
3297 3089 3558 3147 terminos
3579 3098 3756 3146 custo-

2179 3185 2417 3250 dierunt,
2470 3182 2634 3238 etiam
2678 3190 2733 3237 et
2769 3181 3158 3247 dilataverunt,
3210 3179 3505 3238 Christiani
3524 3181 3761 3252 imperii.

2178 3275 2296 3332 Non
2320 3276 2494 3332 solum
2519 3276 2624 3331 hoc
2652 3275 2904 3331 damnum
2927 3273 3231 3344 plangimus
3247 3313 3262 3338 ,
3302 3274 3399 3329 sed
3422 3272 3639 3342 majoris
3666 3289 3761 3344 pe-

2178 3367 2337 3423 riculi
2363 3367 2577 3438 signum
2601 3366 2876 3421 timemus.
2916 3362 3090 3428 Unde,
3121 3363 3441 3419 charissime
3473 3362 3629 3434 123
3658 3362 3762 3417 Pa-

2178 3465 2284 3521 ter,
2305 3458 2453 3514 omni
2479 3456 2724 3512 custodia
2749 3470 2904 3510 serva
2926 3463 2979 3509 te
3005 3453 3201 3524 ipsum,
3228 3462 3282 3509 et
3301 3452 3486 3508 labora
3516 3454 3571 3507 in
3599 3453 3764 3508 domo

2177 3549 2298 3615 Dei,
2327 3558 2387 3604 ut
2416 3547 2667 3618 proﬁciat
2693 3546 2790 3601 tibi
2819 3545 2970 3602 labor
2998 3553 3121 3599 tuus
3141 3544 3195 3598 in
3218 3542 3445 3598 salutem
3471 3550 3761 3597 aeternam.

2179 3638 2323 3694 Nihil
2352 3638 2496 3694 enim
2523 3635 2716 3692 stabile
2738 3635 2793 3689 in
2811 3635 2913 3690 hoc
2927 3633 3128 3689 mundo
3143 3631 3255 3687 ﬁeri
3268 3630 3486 3702 poterit,
3503 3631 3610 3685 nisi
3633 3631 3765 3685 cha-

2179 3730 2316 3785 ritas
2343 3727 2547 3785 Christi
2575 3734 2630 3782 et
2657 3725 2936 3782 servitium
2961 3723 3124 3778 illius.
3157 3722 3394 3778 Prwterit
3413 3721 3554 3776 enim
3572 3761 3587 3785 ,
3618 3720 3769 3790 Apo-

2179 3818 2319 3876 stolo
2366 3818 2599 3882 dicente,
2644 3816 2819 3886 ﬁgura
2862 3814 3021 3885 hujus
3043 3812 3227 3868 mundi
3265 3810 3318 3884 (I
3354 3809 3478 3866 Cor.
3515 3827 3616 3877 vn,
3646 3812 3767 3884 3i).

2180 3908 2314 3966 Illud
2343 3908 2515 3964 solum
2546 3912 2808 3969 remanet,
2843 3903 2987 3974 quod
3027 3918 3126 3974 pro
3150 3902 3246 3957 Dei
3271 3901 3578 3966 dilectione,
3627 3901 3768 3957 etin

2178 3999 2464 4069 praeceptis
2488 3996 2630 4052 illius
2657 3996 2987 4068 peragimus.
3030 3994 3172 4048 Erue
3193 4001 3245 4047 te
3272 3992 3468 4062 ipsum,
3502 4000 3768 4062 quantum

2177 4089 2378 4155 valeas,
2415 4091 2480 4145 de
2502 4088 2755 4160 periculis
2779 4086 2937 4156 hujus
2963 4088 3107 4141 vitaz.
3135 4085 3218 4142 Sit
3245 4093 3429 4157 guttur
3455 4092 3605 4139 tuum
3632 4086 3766 4140 tuba

2180 4197 2343 4253 super
2361 4181 2579 4237 domum
2601 4180 2717 4235 Dei.
2734 4178 3008 4249 Spiritalis
3032 4176 3160 4233 belli
3180 4176 3403 4246 signifer
3415 4183 3554 4240 esto,
3579 4182 3636 4231 et
3657 4174 3769 4229 dux

2180 4276 2235 4331 in
2264 4273 2382 4328 acie
2414 4271 2646 4336 Christi,
2694 4278 2755 4325 ut
2781 4269 3139 4340 ampliﬁcetur
3165 4268 3261 4323 tibi
3293 4282 3519 4338 regnum
3543 4266 3598 4321 in
3626 4274 3768 4321 terra

2178 4366 2493 4429 viventium,
2528 4372 2583 4419 et
2606 4378 2710 4418 non
2745 4361 2949 4417 habeas
2974 4374 3125 4431 spem
3147 4359 3202 4414 in
3228 4359 3332 4414 hac
3354 4367 3499 4414 terra
3522 4358 3767 4413 morien-

491 4475 667 4524 xxxn,
692 4457 806 4529 2i),
840 4466 896 4514 et
925 4466 1053 4513 tunc
1074 4459 1289 4515 dicatur
1316 4459 1399 4514 vel
1429 4468 1638 4530 agatur,
1670 4458 1931 4530 quidquid
1953 4474 2078 4529 pro-
2101 4472 2153 4535 υ
2181 4456 2314 4510 tium
2345 4474 2358 4509 :
2414 4454 2509 4510 sed
2535 4453 2627 4509 ubi
2652 4453 2761 4508 vita
2811 4459 2895 4507 est
2936 4458 3138 4505 aeterna
3163 4490 3177 4515 ,
3226 4448 3336 4504 illic
3379 4448 3474 4502 ﬁat
3515 4448 3772 4503 omnibus

491 4549 615 4605 vida
641 4549 849 4606 consilii
887 4549 1148 4618 sapientia
1182 4560 1435 4622 suggerat
1461 4550 1725 4622 agendum
1752 4564 1892 4609 esse.
1949 4548 2073 4606 Cla-

495 4652 676 4693 mores
725 4654 1022 4711 pauperum
1080 4641 1258 4695 cordis
1307 4641 1488 4699 audiat
1536 4640 1794 4707 allectus,
1836 4649 1891 4697 et
1931 4640 2078 4713 larga

492 4745 688 4786 manus
723 4728 996 4788 miseriam
1039 4730 1254 4789 illorum
1291 4729 1551 4789 refoveat.
1592 4731 1843 4803 Magnum
1870 4741 1954 4787 est
1979 4733 2076 4787 de-

494 4851 835 4913 blabillonius
857 4893 872 4914 ,
915 4851 1219 4907 adhortatio
1266 4866 1387 4920 qua;
1409 4851 1478 4906 ab
1511 4851 1598 4907 his
1634 4851 1813 4906 verbis
1841 4851 2027 4920 incipit
2060 4870 2074 4906 :

493 4923 729 4977 Excitati
768 4922 930 4975 animi
977 4930 1201 4977 motus:
1242 4922 1310 4975 ad
1361 4921 1501 4975 hanc
1548 4936 1743 4975 novam
1794 4920 2076 4989 epistolam

492 4989 1313 5062 pertinensalteriasqteretur;
1331 4997 1397 5062 et
1425 4990 1569 5059 quod
1596 4989 1770 5062 eidem
1800 5005 1936 5062 nova
1959 4990 2078 5062 iure

494 5058 723 5130 epistola
772 5060 826 5114 in
876 5060 997 5117 cod.
1045 5058 1241 5130 Salisb.
1275 5060 1500 5130 absque
1545 5074 1681 5117 nova
1726 5059 2077 5130 inscriptione

494 5129 929 5194 connecteretnr,
983 5130 1126 5200 quod
1172 5129 1311 5200 nihil
1349 5130 1479 5200 novi
1528 5144 1649 5185 esse
1677 5130 1728 5187 in
1768 5145 1828 5185 re
1854 5130 2073 5189 libraria

494 5210 739 5256 veterum
766 5200 921 5271 periti
946 5198 1231 5259 noverunt.
1267 5198 1623 5271 Noluitamen
1649 5200 1752 5258 hoc
1772 5201 1890 5256 loco
1914 5218 2075 5259 unam

494 5270 777 5343 epistolam
802 5273 870 5343 ab
897 5272 1090 5335 altera.
1124 5271 1227 5343 etsi
1269 5285 1390 5326 meo
1416 5270 1897 5343 judicio_diversre.
1921 5282 1975 5343 et
2001 5275 2078 5328 di-

494 5339 670 5414 versis
692 5342 850 5414 annis
885 5344 1100 5414 scripta:
1133 5342 1267 5414 sint,
1310 5339 1564 5414 separare
1601 5339 1670 5397 ob
1693 5343 1832 5414 _cod.
1863 5341 2072 5414 rSalisb.

495 5410 817 5490 fidem,_cui,
845 5410 1072 5490 an_mea2
1099 5411 1421 5490 conjectura:
1445 5412 1923 5490 insistendunrsit,
1952 5428 2076 5490 cru.

496 5477 595 5533 diti
612 5477 876 5545 judicent.
915 5481 972 5538 Si
995 5497 1127 5539 mere
1148 5477 1472 5552 conjectum
1499 5481 1702 5552 aliquid
1731 5483 2075 5539 tribuendum

499 5558 821 5621 censeatur,
873 5559 1004 5607 tunc
1044 5551 1324 5621 epistolam
1380 5553 1520 5609 hanc
1544 5551 1738 5608 novam
1769 5552 1837 5606 ad
1876 5568 2074 5607 annum

497 5615 602 5671 798
623 5632 730 5686 quo
752 5628 934 5693 vetera
964 5615 1337 5693 monumenta,
1365 5622 1584 5693 pallium
1619 5621 2076 5693 Arnoniconccs-

500 5702 614 5766 sum
640 5703 780 5766 esse,
803 5688 959 5766 plane
980 5692 1343 5766 consentiunt,
1366 5688 1637 5761 pertinere
1656 5692 1941 5766 dicendum
1957 5699 2070 5757 est;

500 5759 545 5822 fil
575 5773 700 5820 vero
746 5758 879 5819 ﬁdes
934 5758 1134 5815 codicis
1180 5758 1520 5832 praeferatur,
1571 5769 1625 5817 ct
1669 5764 1855 5819 aiubas
1891 5769 2075 5834 partes

2135 4983 2141 4989 ,
2178 4924 2282 4978 hoc
2321 4929 2507 4978 contra
2554 4920 2624 4976 cl.

2180 4549 2332 4605 horis
2374 4546 2602 4602 intentio
2644 4553 2734 4599 tua
2761 4585 2775 4609 ,
2830 4558 2956 4613 spes
3002 4550 3059 4597 et
3100 4540 3427 4598 desiderium
3455 4547 3626 4595 tuum.
3667 4538 3769 4593 Dic

2179 4641 2290 4696 Deo
2318 4639 2534 4695 Christo
2565 4656 2578 4692 :
2631 4638 2822 4692 Anima
2867 4652 2984 4690 mea
3022 4633 3331 4689 desideravit
3356 4642 3407 4686 te
3431 4633 3486 4685 in
3511 4640 3680 4694 nocte,
3716 4639 3770 4685 et

2178 4732 2393 4802 spiritus
2408 4746 2551 4783 meus
2564 4714 2618 4782 in
2637 4727 2942 4798 prmeordiis
2954 4724 3184 4796 vigilavit
3198 4724 3266 4779 ad
3278 4733 3326 4779 te
3342 4722 3499 4796 (Isai.
3515 4738 3666 4799 xxvi,
3683 4720 3766 4795 9).

2179 4868 2340 4907 unam
2359 4853 2621 4907 duntaxat
2635 4848 2918 4910 epistolam
2942 4862 3062 4903 esse
3086 4855 3389 4910 statuatur;
3428 4845 3555 4902 inde
3578 4851 3767 4901 tamen

2716 4919 2980 4975 ansizium
3017 4924 3227 4973 certum
3260 4932 3383 4972 esse
3410 4916 3591 4980 debet,
3620 4917 3774 4985 quod

2179 5002 2232 5048 et
2253 4993 2399 5046 Arno
2426 5000 2552 5047 ante
2573 5005 2773 5046 annum
2802 4988 2908 5044 800
2927 4996 2981 5043 et
3001 4997 3126 5042 ante
3146 5002 3387 5041 mensem
3404 4985 3644 5056 Aprilem
3668 5000 3774 5041 an-

2178 5064 2231 5118 ni
2277 5062 2380 5119 799
2400 5077 2506 5132 quo
2556 5061 2644 5115 illa
2683 5061 2738 5114 in
2759 5059 3013 5132 _Leo_nem
3042 5072 3233 5132 papam
3263 5056 3521 5132 atrocitas
3551 5064 3770 5127 patrata

2178 5132 2297 5200 fuit,
2322 5126 2638 5203 dignitatem
2664 5126 3175 5203 archiepiscopalem
3211 5126 3425 5203 publice
3446 5141 3770 5203 assumpse-

2177 5196 2355 5269 rit,'et
2381 5196 2654 5257 'Alcuinus
2697 5205 2823 5253 ante
2854 5196 3253 5269 illum’annum
3277 5196 3403 5261 800,
3443 5196 3772 5269 [destitute

2177 5264 2415 5331 medium
2443 5271 2568 5326 anni
2593 5269 2696 5324 799
2737 5267 3143 5331 gratulatoriam
3185 5266 3411 5323 miserit.
3454 5266 3576 5323 Vid.
3621 5264 3773 5321 lian-

2176 5346 2274 5401 siz.
2299 5353 2430 5398 tom.
2459 5340 2501 5395 ll
2521 5339 2717 5409 Germ:
2748 5336 2919 5409 Sacr.
2943 5355 2998 5409 p.
3027 5336 3152 5409 illi.

2247 5427 2272 5454 ει
2297 5412 2396 5481 Ed.
2415 5411 2559 5481 Mab.
2574 5408 2641 5481 ili
2657 5406 2842 5481 (Frob.
2857 5404 3155 5481 85)'col_l_ata
3168 5423 3293 5481 cum
3305 5408 3426 5464 cod.
3445 5423 3548 5481 ms.
3564 5404 3771 5481 Salisb.

2245 5482 2275 5523 ιι
2307 5478 2417 5550 Viri
2437 5477 2731 5550 fortissimi.
2756 5477 3020 5550 Nimirum
3036 5478 3300 5550 Henricus
3323 5494 3419 5550 seu
3445 5477 3636 5550 Ericus
3658 5478 3770 5532 dux

2174 5548 2561 5617 Forojuliensis
2602 5548 2759 5619 juxta
2790 5548 3127 5605 Tarsaticam
3174 5549 3448 5619 Liburnia!
3490 5549 3774 5619 civitatem

2174 5620 2385 5677 insidiis
2416 5618 2615 5674 civium
2632 5634 2953 5690 oppressus;
2988 5618 3600 5690 etGeroldnsﬁBaioariae
3624 5632 3775 5690 pra:-

2177 5690 2647 5749 fcctuscommisso
2667 5687 2806 5746 cum
2846 5688 3112 5745 Avaribus
3143 5689 3281 5745 bello
3304 5687 3424 5746 Kal.
3455 5687 3775 5759 Septembr.

2172 5762 2386 5819 occisus
2416 5777 2556 5818 mino
2577 5760 2697 5818 799.
2722 5761 2838 5817 Vid.
2866 5760 3059 5815 Annal.
3078 5759 3273 5816 Franc.
3291 5760 3516 5817 adhunc
3544 5768 3776 5816 annum.
