4070 6182
285 294 395 354 309

1746 293 2121 356 EPISTOLE.

3453 306 3558 362 510

282 409 392 477 Qui
430 416 614 463 castra
663 407 865 464 Christi
915 408 1255 473 custodiunt,
1313 408 1533 478 vigilare
1566 410 1784 475 debent,
1834 426 1890 474 et
1917 418 1966 475 Α
1994 419 2165 472 tarius
2191 432 2378 487 passer
2414 419 2578 474 sciret
2606 419 2660 474 in
2705 427 2880 487 tecto,
2917 435 3038 492 quae
3070 430 3212 478 esset
3239 425 3552 480 eumenien-

282 516 395 556 non
424 497 684 554 dormire.
741 497 879 565 Quia
918 499 1267 570 vigilantibus
1305 507 1361 554 et
1392 516 1500 554 non
1538 499 1740 555 desidia
1772 508 1879 555 tor-

280 589 540 659 pentibus
561 590 804 658 perpetui
839 588 990 657 regni
1018 589 1353 658 promittitur
1376 589 1566 661 gloria.

356 678 568 747 Saepius
597 678 694 732 tibi
721 677 1080 747 scripsissem,
1113 677 1160 732 si
1189 677 1271 731 vel
1300 676 1444 732 fama
1473 686 1750 733 narrasset
1779 677 1878 732 mi-

281 769 340 824 bi
366 808 381 832 ,
419 767 512 822 ubi
552 774 605 822 te
642 767 892 822 chartula
926 782 1046 822 mea
1082 767 1325 823 invenire
1359 768 1634 823 valuisset.
1676 768 1876 823 Tamen

279 859 486 929 scripta
515 866 599 912 est
628 858 682 911 in
711 857 875 912 corde
905 873 1026 912 meo
1068 858 1326 912 memoria
1367 858 1602 912 nominis
1638 858 1714 913 tui
1753 873 1878 912 cum

279 948 424 1019 stylo
453 946 757 1012 charitatis,
783 962 892 1001 non
923 962 1098 1016 penna
1125 947 1388 1018 peritura,
1414 947 1509 1002 sed
1529 955 1879 1016 permanente

280 1039 550 1094 suavitate
572 1037 769 1106 saepius
790 1037 1129 1108 ingeminans
1150 1052 1216 1091 ex
1239 1036 1430 1092 intimo
1450 1037 1629 1092 cordis
1647 1036 1873 1092 affectu:

278 1129 513 1196 Quando
536 1129 643 1183 erit
666 1128 756 1183 illa
777 1128 916 1193 dies,
942 1137 1003 1183 ut
1024 1129 1188 1183 liceat
1206 1127 1337 1183 mihi
1360 1126 1654 1200 [Aquilam]
1678 1129 1878 1198 ample-

281 1221 422 1274 ctari
461 1234 662 1283 meum,
709 1227 766 1274 et
801 1218 1047 1274 dulcibus
1076 1218 1414 1288 amplexibus
1442 1218 1579 1272 colla
1609 1219 1880 1273 constrin-

281 1327 412 1383 gere
439 1311 617 1366 Patris
651 1309 983 1366 venerandi!
1032 1310 1264 1365 Videsne
1303 1309 1480 1380 qualis
1517 1321 1602 1364 est
1637 1310 1877 1366 charitas

233 1449 237 1452 .
280 1417 433 1466 vera,
458 1417 579 1471 quae
599 1399 742 1454 nulla
763 1400 1152 1470 longinquitate
1173 1408 1443 1455 terrarum
1467 1400 1630 1456 dividi
1653 1400 1873 1472 poterit,

279 1491 430 1544 nulla
457 1490 726 1545 oblivione
753 1490 940 1555 deleri,
965 1490 1062 1546 sed
1090 1491 1261 1561 magis
1286 1492 1565 1562 magisque
1591 1494 1870 1548 accrescit.

355 1579 505 1633 Felix
542 1579 722 1632 anima
748 1595 868 1648 quae
894 1580 1063 1634 Deum
1090 1580 1266 1652 diligit
1289 1583 1466 1636 soluta
1495 1583 1563 1636 ab
1591 1581 1750 1650 hujus
1777 1599 1875 1638 saa-

279 1667 391 1721 culi
436 1668 687 1733 nexibus,
735 1678 795 1722 ut
832 1669 1081 1738 proficiat
1124 1669 1178 1724 iu
1214 1671 1462 1727 veritatis
1497 1673 1787 1740 soliditate,
1819 1685 1874 1730 et

1983 511 2057 565 tia
2084 510 2226 564 inter
2252 507 2490 564 Leonem
2521 519 2576 565 et
2599 509 2850 580 Aquilam
2879 529 2891 565 :
2917 519 2972 566 et
3006 512 3050 568 si
3072 513 3330 583 juventus
3349 514 3560 586 Aquila:

1979 597 2274 653 secundum
2323 598 2659 667 prophetiam
2685 599 3074 672 Psalmigraphi
3103 601 3328 675 (Psalm.
3359 620 3455 669 cn,
3479 605 3558 678 5),

1981 694 2238 742 renovata
2275 695 2420 742 esset
2446 687 2500 742 in
2532 688 2817 758 pristinam
2857 690 3221 759 hilaritatem;
3250 703 3306 748 et
3333 695 3377 750 si
3422 711 3557 751 nova

1979 785 2267 848 surgerent
2296 786 2438 832 tecta
2466 778 2521 832 in
2549 777 2879 848 palustribus
2909 780 3149 848 perfidiae
3174 783 3381 850 lustris,
3418 794 3475 840 et
3511 786 3556 840 si

1981 870 2088 926 Leo
2121 870 2290 926 ibices
2317 870 2472 943 [Ms.,
2500 871 2730 942 hibices]
2769 887 3000 942 sequens
3028 873 3250 944 Alpinos
3275 878 3562 933 meditaret

1979 961 2216 1016 transire
2240 961 2422 1016 colles.
2467 961 2663 1017 Passer
2687 977 2848 1017 aures
2884 965 3049 1018 habet
3075 973 3328 1035 apertas;
3358 970 3450 1024 sed
3499 980 3559 1024 ut

1978 1052 2156 1117 video,
2198 1051 2553 1122 proverbialis
2589 1052 2645 1106 in
2691 1050 2871 1107 fabula
2918 1053 3076 1124 lupus
3117 1055 3259 1126 gallo
3304 1059 3430 1113 tulit
3463 1075 3559 1114 vo-

1979 1158 2118 1210 cem,
2151 1161 2218 1200 ne
2237 1145 2373 1200 forte
2397 1152 2650 1199 cantante
2678 1144 2772 1199 illo
2791 1145 3084 1214 apostolica
3107 1146 3320 1216 negatio
3335 1162 3559 1202 renova-

1979 1242 2130 1289 retur
2157 1235 2209 1289 in
2246 1235 2387 1291 Urbe
2413 1235 2648 1305 antiqua:
2681 1236 2984 1306 potestatis,
3012 1245 3069 1291 et
3107 1237 3179 1292 sit
3205 1252 3358 1292 error
3382 1237 3562 1294 novis-

1977 1326 2147 1382 simus
2167 1327 2316 1397 pejor
2336 1328 2525 1396 priori.

2047 1417 2185 1486 Quid
2205 1420 2447 1488 peccavit
2473 1421 2623 1475 chari
2633 1429 2734 1487 tas,
2757 1439 2877 1492 quae
2899 1424 3052 1480 valen
3081 1424 3198 1497 (sic)
3241 1426 3374 1481 vidit
3392 1428 3557 1498 scrip-

1975 1515 2111 1574 tum,
2135 1509 2260 1564 dum
2285 1501 2532 1580 perdices
2557 1525 2656 1580 per
2678 1527 2902 1582 campos
2931 1523 3210 1571 currentes
3240 1517 3308 1572 ad
3337 1518 3551 1574 habita-

1978 1603 2178 1658 tionem
2227 1602 2352 1673 galli
2391 1603 2550 1658 audio
2575 1604 2808 1659 venisse.
2859 1604 3102 1674 Perfecta
3139 1605 3371 1662 charitas
3413 1608 3557 1677 foras

1975 1693 2131 1746 mittit
2153 1693 2390 1746 timorem
2416 1692 2471 1763 (l
2497 1693 2658 1746 Joan.
2692 1695 2901 1766 iv,18),
2931 1710 3051 1765 qua:
3076 1694 3403 1767 fulgentibus
3427 1712 3559 1752 ocu-

280 1760 560 1856 Ρετνθηξξξῑ
598 1760 666 1856 a_d
703 1759 896 1856 (ξίγίηεθ
939 1761 1291 1856 δθέιίιυάξξιίε
1331 1763 1613 1856 νίδίοηθῐην
1659 1765 1750 1820 “bi
1793 1775 1876 1821 σει
1904 1772 1949 1832 Β
1977 1783 2153 1837 lorum
2183 1782 2398 1852 pupillis
2417 1759 2596 1837 omnia
2623 1759 2900 1854 perspicit,
2949 1759 3008 1840 et
3033 1759 3182 1841 claro
3203 1787 3422 1856 pietatis
3468 1787 3554 1842 in-

279 1849 573 1918 tranquilla
627 1849 832 1914 laetitia,
878 1858 934 1904 et
979 1850 1096 1906 sine
1148 1851 1254 1905 ulla
1304 1855 1706 1922 perturbatione
1756 1857 1866 1911 vita

277 1945 558 2007 perpetua.
616 1936 699 1993 Ad
744 1954 906 2008 quam
950 1938 1282 2006 felicitatem,
1324 1942 1484 1998 Pater
1529 1955 1732 2011 sancte,
1781 1962 1869 2002 me

276 2032 534 2100 precibus
568 2039 746 2086 tecum
780 2033 1044 2088 deducere
1077 2042 1281 2106 satage,
1314 2045 1373 2090 ut
1401 2037 1454 2091 in
1483 2038 1700 2095 Christo
1724 2037 1871 2095 frua-

277 2137 404 2176 mur
439 2123 723 2178 dulcedine
757 2123 1042 2178 charitatis
1077 2133 1370 2196 perpetuae.
1423 2125 1610 2183 Saluta
1642 2143 1710 2184 ex
1748 2145 1870 2186 meo

278 2213 497 2267 maxine
523 2227 715 2268 omnes
743 2221 942 2269 sancta:
988 2214 1087 2270 Dei
1129 2215 1384 2272 Ecclesia:
1431 2217 1592 2282 ﬁlios,
1636 2221 1728 2292 qui
1776 2237 1871 2276 vo-

278 2302 488 2358 biscum
536 2303 648 2358 Deo
689 2303 1013 2369 deserviunt,
1058 2313 1115 2360 et
1155 2307 1332 2364 scribe
1373 2324 1566 2366 nomen
1606 2327 1783 2367 meum
1813 2314 1869 2369 in

277 2391 536 2446 cordibus
565 2392 781 2447 illorum
807 2393 909 2464 piae
945 2394 1218 2464 petitionis
1251 2395 1470 2464 aﬂ'eetu,
1507 2415 1738 2470 quorum
1775 2419 1871 2458 no-

283 2483 426 2537 mina
459 2483 603 2538 Deus
631 2483 880 2540 Christus
909 2485 963 2540 in
991 2486 1200 2542 caelesti
1228 2487 1368 2542 libro
1399 2490 1637 2546 scribere
1657 2489 1867 2559 jubeat,

281 2574 374 2641 qui
402 2574 478 2626 ait
506 2575 842 2631 charissimis
870 2578 950 2632 sui
979 2577 1182 2634 laboris
1214 2579 1378 2636 sociis
1407 2599 1420 2634 :
1448 2580 1714 2650 Gaudete,
1743 2585 1870 2658 quia

285 2667 495 2721 nomina
521 2677 690 2723 vestra
715 2671 910 2740 scripta
934 2679 1055 2724 sunt
1084 2672 1140 2726 in
1165 2671 1306 2728 celi:
1333 2673 1484 2745 (Luc.
1515 2691 1572 2741 χ,
1598 2675 1712 2747 20).
1766 2679 1870 2733 Va-

286 2754 388 2809 lete
421 2771 612 2813 omnes
637 2756 868 2815 feliciter
891 2759 946 2816 in
974 2758 1178 2821 Christi
1206 2763 1603 2833 benedictione,
1633 2766 1869 2826 dilectis-

285 2846 403 2902 simi
429 2847 648 2909 fratres.

795 2947 1128 3006 EPISTOLA
1160 2951 1343 3007 XCIX-

958 3056 1027 3094 AD
1059 3043 1098 3062 “
1126 3053 1174 3095 α.

887 3131 1065 3202 (Anno
1095 3131 1242 3205 799).

283 3237 519 3308 Epistola
541 3243 695 3297 initio
719 3245 1072 3314 wnigmatica.
1117 3244 1272 3300 Illius
1302 3247 1612 3302 cltaritatem
1654 3251 1863 3320 expetit.

351 3353 532 3406 Prima
580 3355 760 3410 littera
783 3373 785 3375 ·
805 3356 991 3428 prima:
1029 3367 1086 3413 et
1115 3359 1306 3428 quinta
1336 3359 1544 3414 decima
1573 3368 1740 3416 sexta:
1783 3377 1868 3416 sa-

281 3452 471 3496 oratus
523 3442 577 3496 in
631 3445 881 3514 gradibus
925 3463 1184 3504 numerus
1225 3449 1466 3519 perfecto
1510 3450 1567 3506 in
1612 3452 1872 3522 operibus

281 3532 378 3586 Dei
407 3532 658 3590 salutem.

349 3623 530 3688 Quare
559 3623 726 3678 frater
749 3625 836 3680 ille
875 3627 1058 3683 vacuis
1090 3629 1238 3682 venit
1268 3629 1637 3685 manibuan
1687 3630 1867 3702 lingua

280 3713 513 3782 portavit
554 3715 781 3770 auribus
816 3715 949 3784 Ave,
984 3718 1038 3772 in
1074 3720 1325 3774 manibus
1376 3721 1615 3787 coculos,
1673 3722 1748 3777 nil
1786 3732 1868 3777 at-

279 3809 416 3864 tulit.
475 3808 555 3863 Tu
597 3825 725 3866 vero
773 3812 867 3881 qui
915 3813 1072 3868 sedes
1114 3813 1170 3868 in
1209 3813 1372 3877 bivio,
1418 3829 1589 3884 quare
1629 3816 1703 3870 nil
1747 3832 1865 3871 cer-

281 3911 393 3953 tum
417 3900 759 3956 demandasti
809 3903 883 3958 illi
929 3903 1022 3973 qui
1075 3903 1281 3958 habitat
1301 3903 1356 3957 in
1388 3903 1641 3960 Maresa?
1704 3905 1863 3960 Corvi

275 3991 562 4048 volitantes
587 4010 685 4062 per
726 3995 1005 4050 cacumina
1054 4002 1322 4050 tectorum
1366 3995 1604 4052 clamant
1630 4013 1644 4062 ;
1669 4004 1725 4052 et
1766 4013 1860 4053 co-

275 4083 458 4138 lumba
505 4085 557 4139 iu
586 4085 912 4155 pavimentis
937 4086 1142 4140 nutrita
1167 4084 1421 4142 Ecclesiae
1446 4095 1611 4153 tacet,
1637 4089 1721 4143 cui
1745 4104 1864 4144 cre-

274 4177 481 4242 derem,
509 4179 553 4232 si
569 4178 697 4247 quid
721 4178 944 4234 dixisset
964 4179 1030 4234 de
1052 4177 1266 4248 Aquila,
1291 4179 1384 4248 qui
1411 4196 1583 4250 nuper
1605 4180 1862 4237 Romanae

273 4268 419 4322 arcis
462 4267 721 4323 deserens
748 4269 1048 4335 cacumina,
1077 4277 1138 4324 ut
1175 4271 1389 4325 biberet
1429 4269 1680 4327 Saxonici
1719 4274 1861 4330 ruris

272 4357 473 4422 fontes,
512 4367 567 4413 et
587 4360 796 4414 videret
827 4359 1053 4415 Leonem
1092 4362 1304 4416 cunctis
1331 4361 1694 4419 dominantem
1744 4366 1858 4419 ani-

1976 1875 2114 1928 tuitu
2125 1882 2330 1930 certam
2343 1873 2577 1929 salubris
2591 1875 2800 1929 consilii
2816 1889 3027 1946 semper
3043 1876 3280 1932 inveniet
3292 1878 3530 1950 regulam
3539 1919 3552 1933 .

1977 1964 2048 2021 Ut
2080 1964 2291 2020 videtur
2317 1964 2491 2034 gallus
2521 1979 2712 2020 versus
2738 1971 2822 2019 est
2854 1965 2908 2019 in
2941 1966 3211 2033 cuculum,
3243 1968 3333 2037 qui
3366 1968 3555 2024 mstivo

1973 2055 2153 2112 cancri
2174 2055 2350 2110 sidere
2363 2054 2474 2110 sole
2499 2055 2820 2110 ascendente
2845 2055 3004 2110 silere
3023 2056 3179 2123 solet,
3206 2059 3334 2114 dum
3359 2059 3556 2115 nidifer

1972 2159 2159 2216 passer
2203 2145 2349 2200 omni
2385 2143 2668 2215 aaqualiter
2700 2145 2880 2201 sidere
2915 2147 2971 2200 in
3001 2147 3158 2204 tectis
3186 2148 3349 2204 tinnit
3376 2147 3553 2218 fuligi-

1974 2238 2141 2303 nosis,
2191 2239 2284 2309 qui
2326 2238 2486 2295 modo
2522 2254 2708 2296 mense
2743 2239 3274 2312 Septembrionidum
3317 2243 3553 2300 revisere

1971 2329 2118 2386 volat
2153 2338 2411 2396 amatum,
2437 2338 2498 2386 ut
2521 2331 2713 2404 pullos,
2747 2333 2920 2390 avidis
2960 2335 3174 2392 hiantes
3218 2336 3408 2392 rostris
3435 2337 3551 2409 pie-

1973 2421 2102 2478 tatis
2144 2432 2332 2492 pascat
2364 2422 2641 2494 granulis;
2675 2432 2869 2495 optans
2916 2435 2977 2482 ut
3023 2427 3350 2498 quandoque
3391 2443 3554 2500 super

1973 2513 2119 2585 ripas
2147 2515 2175 2554 b
2201 2515 2400 2586 piscosi
2444 2514 2679 2572 fluminis
2721 2517 2847 2586 galli
2891 2532 3080 2572 vocem
3113 2518 3294 2574 valere
3338 2517 3553 2592 [Forte,

1972 2606 2169 2680 valide]
2207 2622 2404 2664 sonare
2428 2608 2652 2674 audiat;
2683 2615 2742 2664 et
2762 2608 2854 2678 qui
2882 2623 2941 2664 se
2973 2611 3166 2680 pennis
3193 2611 3431 2666 excitare
3467 2627 3556 2667 so-

1971 2696 2046 2753 let
2091 2698 2326 2770 propriis
2365 2696 2429 2752 ad
2468 2697 2813 2752 matutinales
2862 2698 3140 2764 melodias,
3189 2713 3462 2771 passerem
3501 2700 3555 2755 in

1970 2787 2240 2860 pullorum
2276 2788 2454 2842 medio
2481 2787 2759 2842 exhortari
2785 2787 2988 2844 veniat.

2039 2877 2085 2935 0
2119 2879 2281 2948 quam
2307 2877 2478 2934 dulcis
2500 2878 2785 2935 charitatis
2807 2893 2909 2934 vox
2935 2881 2948 2934 ι
2976 2895 3136 2950 quam
3159 2880 3408 2938 amabilia
3433 2898 3555 2955 ger-

1972 2980 2146 3025 mana:
2189 2970 2493 3025 dilectionis
2527 2970 2870 3025 hortamenta
2908 2971 2961 3025 in
2989 2972 3214 3028 auribus
3239 2971 3419 3029 cordis
3461 2989 3552 3029 so-

1976 3078 2105 3121 nare
2128 3063 2339 3121 solent!
2371 3061 2491 3120 Noli
2528 3078 2719 3118 manus
2747 3063 2998 3119 claudere
3017 3064 3312 3120 seminibus
3346 3066 3553 3136 plenas,

1898 3131 1944 3192 C
1976 3157 2104 3228 quia
2149 3157 2238 3228 qui
2280 3154 2598 3220 frumentum
2643 3154 2932 3218 abscondit,
2984 3154 3292 3211 maledictus
3329 3131 3466 3222 erit;
3503 3131 3554 3212 et

1968 3259 2059 3328 qui
2083 3253 2413 3326 multiplicat,
2441 3253 2849 3308 benedictionem
2877 3254 3084 3324 recipiet
3117 3252 3300 3322 (Prov.
3331 3269 3405 3317 ιι,
3429 3253 3545 3324 26).

1968 3349 2139 3418 Quale
2165 3348 2270 3405 erit
2293 3347 2580 3418 judicium,
2611 3347 2702 3418 qui
2737 3346 2938 3417 petenti
2974 3353 3153 3418 negat,
3178 3347 3320 3416 quod
3350 3346 3553 3403 nolenti

1969 3443 2218 3513 ingerere
2252 3439 2480 3496 debuit?
2507 3437 2787 3506 Quomodo
2813 3437 3011 3494 crescit
3049 3438 3142 3508 qui
3179 3453 3284 3493 non
3313 3439 3550 3494 semina—

1969 3537 2100 3592 tur?
2122 3534 2253 3604 Quae
2281 3548 2490 3590 merces
2517 3533 2778 3603 speranda
2807 3540 2891 3586 est
2913 3530 3146 3586 fructum
3168 3546 3274 3584 non
3298 3529 3554 3586 facienti?

1967 3625 2066 3682 Vel
2112 3626 2382 3697 quomodo
2423 3623 2631 3678 fructus
2653 3621 2871 3685 crescit,
2921 3621 2966 3674 si
3003 3620 3208 3676 semina
3243 3634 3347 3674 non
3394 3633 3549 3688 spar-

1965 3719 2206 3790 guntur?
2253 3715 2403 3772 Beati
2443 3714 2536 3784 qui
2584 3715 2852 3770 seminant
2907 3728 3070 3782 super
3113 3727 3302 3768 omnes
3357 3728 3546 3782 aquas.

1967 3810 2323 3866 immittentes
2378 3804 2570 3875 pedem
2616 3803 2770 3859 bovis
2827 3804 3180 3860 ecclesiastici
3235 3805 3442 3860 ordinis
3492 3816 3549 3861 et

1965 3903 2100 3959 asini
2125 3898 2369 3971 plebialis
2394 3897 2559 3952 curia:
2583 3911 2598 3962 ;
2626 3904 2682 3950 et
2705 3895 2750 3949 si
2790 3910 2947 3949 mane
2983 3896 3172 3965 prima:
3215 3897 3392 3951 tetatis
3436 3913 3545 3952 non

1962 3993 2158 4058 fecisti,
2188 3990 2278 4045 vel
2301 3990 2459 4044 modo
2489 4001 2714 4057 vespere
2743 3983 2946 4039 ultimte
2967 3984 3182 4039 canitiei
3211 3985 3399 4042 facias.
3437 3986 3546 4040 Me-

1963 4085 2068 4139 lius
2107 4091 2193 4138 est
2233 4081 2658 4151 dispensatorem
2700 4088 2821 4129 esse
2858 4073 3016 4144 panis
3059 4073 3326 4142 perpetui,
3379 4088 3541 4141 Quam

1962 4175 2174 4232 rustica:
2219 4168 2596 4243 negotiationis
2631 4166 2935 4229 divisorem,
2987 4163 3113 4235 quia
3162 4179 3280 4235 quo:
3323 4164 3543 4217 seminat

1959 4266 2133 4329 homo,
2164 4263 2275 4317 lucc
2294 4270 2342 4314 et
2371 4267 2522 4313 metet
2547 4255 2689 4328 (Cal.
2715 4271 2792 4321 γι,
2820 4255 2896 4325 8).

2031 4365 2170 4420 Ecce
2211 4377 2320 4432 quo
2347 4376 2434 4416 me
2456 4358 2706 4432 perduxit
2735 4357 3010 4412 cbaritas!
3038 4356 3142 4411 mei
3181 4356 3399 4420 oblitus,
3431 4355 3543 4426 pel-

272 4449 548 4504 mantibus
581 4458 636 4504 et
671 4450 949 4515 feris;ch
987 4453 1114 4521 quid
1153 4452 1360 4509 merula
1407 4462 1590 4509 nostra
1624 4454 1858 4510 volitans
1890 4477 1938 4536 ι)
1961 4457 2037 4511 les
2063 4469 2349 4524 caprarum
2393 4452 2458 4506 ad
2494 4449 2792 4504 sacrarium
2837 4446 3085 4502 deferens
3131 4446 3352 4502 Christi.
3407 4445 3542 4500 Nam

271 4541 418 4593 inter
452 4539 570 4594 illos
591 4539 732 4611 gallo
759 4541 1135 4597 dcmandasset
1159 4544 1476 4607 monastico,
1507 4543 1598 4613 qui
1619 4545 1861 4600 excitare

271 4629 411 4684 solet
439 4628 640 4685 fratres
664 4631 733 4685 ad
759 4630 973 4700 vigilias
1007 4633 1336 4697 matutinas;
1365 4641 1426 4686 ut
1455 4648 1552 4702 per
1587 4648 1708 4687 eum
1734 4635 1860 4689 soli-

341 4779 368 4807 ι
399 4764 632 4820 Froben.
655 4764 776 4819 l72.
795 4763 919 4819 Haec
941 4763 1169 4834 epistola
1192 4763 1347 4819 initio
1361 4778 1587 4834 prorsus
1599 4764 1857 4832 tenigma-

341 4779 368 4807 ι
401 4778 632 4820 r‘ronen.
655 4778 776 4819 172.
795 4778 919 4819 meo
941 4778 1169 4834 epistola
1192 4778 1347 4819 InlllO
1361 4778 1587 4885 prorsus
1599 4779 1856 4832 aenigma-

273 4837 379 4915 tica
421 4845 528 4900 est,
565 4851 669 4915 nec
689 4835 1128 4915 divinaripotest
1141 4834 1357 4915 quisga
1380 4835 1438 4915 li,
1463 4849 1584 4915 quis
1608 4835 1856 4915 passeris,

271 4908 394 4975 quis
406 4906 641 4971 merulw,
656 4914 762 4960 etc.
772 4945 786 4969 ,
797 4903 1012 4960 nomine
1020 4903 1374 4975 intelligatur.
1390 4903 1578 4975 Aquila
1591 4905 1686 4959 abs
1696 4903 1860 4975 dubio

271 4972 356 5031 est
380 4977 530 5032 Arno
554 4975 993 5044 archiepiscopus
1010 4972 1454 5044 Salisbtirgensis,
1478 4974 1544 5027 ad
1567 4989 1725 5042 quem
1752 4972 1860 5044 for-

272 5048 434 5102 tassis
453 5047 568 5102 haec
590 5041 810 5114 epistola
834 5041 1035 5099 directa
1059 5053 1172 5106 est;
1206 5041 1308 5114 lico
1333 5057 1459 5097 vero
1487 5041 1726 5112 pontifex
1754 5043 1861 5114 Bo-

268 5133 488 5180 nianus,
513 5117 602 5186 qui
623 5111 767 5186 anno
783 5113 892 5186 799
913 5114 1194 5186 atrocibus
1223 5111 1584 5186 Romanorum
1613 5113 1859 5167 manibus

266 5189 358 5242 vix
396 5182 721 5257 ereptusan
767 5184 1024 5257 Carolum
1062 5197 1242 5253 regem
1283 5183 1337 5236 in
1389 5182 1857 5257 Saxoniam_pro-_-

267 5257 445 5312 fectus
473 5250 573 5311 est.
613 5253 942 5324 Eo"quidem
980 5250 1365 5324 Arno'quoque
1392 5252 1569 5317 venit,
1606 5258 1660 5306 et
1691 5250 1858 5324 Leoni

265 5327 510 5398 pontifici
567 5341 663 5398 sua
714 5321 1487 5398 o’llicia_impendit,_eumque
1523 5321 1861 5398 postca_Ro-

268 5390 412 5452 inarn
437 5438 452 5461 ,
506 5397 764 5451 mandato
808 5394 983 5465 regis,
1011 5390 1296 5465 _rleduxit._
1335 5393 1658 5465 Qu_od_vero
1711 5390 1860 5445 Arno

267 5469 457 5524 eodem
502 5482 645 5522 anno
688 5465 793 5520 799
827 5461 958 5518 dum
998 5473 1152 5517 atrox
1190 5462 1366 5517 scelus
1407 5463 1461 5516 in
1500 5461 1732 5517 Leonem
1766 5477 1858 5531 pa~

269 5545 473 5593 tratum
530 5538 670 5599 fuit,
730 5536 914 5590 Romm
960 5535 1134 5587 adhuc
1184 5541 1546 5587 commoratus
1601 5541 1655 5587 ct
1709 5533 1856 5586 illum

271 5610 326 5663 iu
358 5607 653 5664 Saxoniam
690 5607 982 5660 comitatus
1011 5604 1100 5664 sit,
1129 5601 1269 5670 quod
1307 5603 1394 5654 hic
1436 5601 1694 5656 Alcuinus
1729 5602 1857 5655 insi-

271 5694 444 5734 nuare
471 5679 703 5751 Videtur.
745 5678 870 5731 dum
917 5675 1027 5728 ait:
1062 5672 1135 5750 fle
1176 5670 1381 5751 Aquila,
1423 5672 1510 5739 qui
1543 5688 1707 5751 nuper
1753 5671 1856 5751 lio-

276 5765 448 5805 momr
473 5751 610 5804 arcis
633 5748 869 5804 deserens
889 5743 1184 5808 cacumina,
1209 5747 1336 5807 ctc.,
1362 5756 1515 5796 nemo
1536 5742 1669 5798 alius
1690 5742 1856 5811 scrip-

1959 4561 2058 4603 eor
2090 4555 2241 4600 tuum
2270 4543 2475 4599 Christi
2513 4538 2861 4611 cognoscitur
2896 4538 3185 4614 thesaurus
3217 4536 3377 4610 [Bls.,
3419 4537 3540 4593 the-

1959 4633 2231 4706 saurum],
2303 4631 2446 4687 unde
2498 4630 2721 4701 [Iuntina
2765 4645 2915 4700 aqua?
2975 4629 3101 4685 viva
3149 4627 3318 4684 ﬂuere
3366 4627 3543 4685 solent

1960 4773 2137 4820 torum
2171 4761 2394 4817 notavit.
2432 4759 2588 4814 Anno
2613 4773 2848 4829 namque
2877 4756 3034 4829 797a
3071 4755 3272 4811 Carolo
3304 4771 3430 4828 rege
3465 4757 3541 4829 lee

1994 4844 2114 4908 atus
2158 4833 2385 4908 Romam
2420 4831 2615 4908 missus
2642 4827 2776 4908 est,‘
2800 4828 2892 4908 sed
2943 4827 3256 4908 intlenanno
3293 4827 3540 4908 sequenti

1994 4851 2114 4890 atus
2161 4851 2385 4888 nontam
2420 4851 2615 4886 missus
2651 4851 2754 4892 εει,
2800 4851 2892 4883 seu
2943 4851 3068 4882 mue
3113 4851 3256 4882 illul!)
3293 4851 3538 4896 sequetur

1959 4851 2107 4962 ﬁlum
2146 4902 2370 4959 rediisse
2396 4900 2465 4956 cl.
2495 4899 2795 4962 Hansizius,
2829 4907 2960 4953 tom.
2990 4896 3032 4952 ll
3061 4894 3245 4952 Germ.
3279 4911 3447 4951 sacrae
3483 4897 3538 4952 in

1958 4977 2192 5037 Arnone,
2233 4989 2289 5028 n.
2318 4972 2390 5027 20
2434 4979 2490 5025 et
2524 4970 2614 5033 22,
2648 4970 2831 5024 multis
2872 4968 3167 5037 probat,_et
3203 4981 3268 5021 ex
3297 4965 3540 5037 epistolis

1958 5035 2329 5119 superioribus
2379 5041 2554 5119 colligi
2599 5055 2756 5119 posse
2803 5035 3034 5093 videtur.
3075 5035 3346 5119 Fortassis

1958 5105 2100 5168 anno
2144 5114 2249 5169 799
2274 5113 2399 5165 dum
2444 5105 2568 5166 odia
2599 5105 2665 5165 'in
2685 5111 2920 5165 Leonem
2952 5107 3125 5177 magis
3150 5105 3538 5177 ferverenttilv

1958 5185 2047 5258 lue
2074 5198 2171 5254 pro
2212 5180 2454 5258 dissidiis
2492 5181 2772 5258 sopiendis
2814 5180 3010 5258 iterato
3044 5174 3251 5258 :missus
3279 5174 3536 5258 est._.Se«l

1958 5246 2091 5324 quis'
2123 5267 2190 5306 ex
2235 5252 2320 5306 his
2355 5246 2703 5331 aenigmatum
2760 5247 3020 5330 tenebris
3043 5246 3216 5302 lucem
3255 5246 3537 5301 excutiat?

2031 5323 2057 5362 δ
2088 5321 2287 5375 Piscosi
2326 5322 2580 5389 ﬂuminis.
2625 5316 3144 5389 Ligerimlluvium,
3187 5315 3429 5389 Turones
3455 5315 3536 5389 al:-

1959 5352 2580 5464 iuénie‘ﬁi,"’iu'§"lilii}§3
2607 5352 3144 5464 τςόὶῖᾖ’ξ¹’¹‹ιὲ’“ιίιῖὀξῖιῖ
3188 5352 3429 5464 ἕὲίὲῖἑξῐέῗ
3455 5352 3534 5464 iis

1960 5467 2124 5530 (nunc
2151 5459 2241 5530 54)
2279 5459 2390 5513 ait:
2440 5456 2674 5530 «Nescio
2701 5457 2764 5510 de
2809 5454 2994 5530 nostro
3020 5455 3246 5518 itinere,
3272 5454 3401 5524 quid
3429 5455 3538 5510 erit

1960 5525 2310 5587 futurum..."
2349 5544 2417 5584 an
2460 5527 2823 5595 Aligercnsem
2875 5525 3090 5579 fluvium
3132 5534 3426 5595 revertere,
3479 5531 3538 5595 et

1961 5602 2034 5658 ibi
2081 5601 2352 5656 salmoues
2398 5592 2631 5652 natando
2664 5595 2930 5666 colligere.
2968 5615 2985 5646 ι
3023 5595 3090 5648 Et
3116 5595 3179 5666 iu
3208 5592 3434 5666 cpistola
3463 5593 3533 5650 87

1960 5675 2123 5747 (nunc
2155 5671 2276 5747 10.3)
2302 5676 2471 5747 optat,
2511 5677 2575 5747 ut
2615 5665 2848 5747 1Aqtiilu
2876 5664 3064 5739 (Arno)
3097 5664 3327 5723 volasSet
3362 5677 3532 5737 usque

1961 5737 2023 5798 ad
2049 5737 2374 5814 piso-alienos
2403 5737 2581 5811 Ligeri
2611 5737 2860 5794 fluminis.
2897 5755 2918 5790 ι
