4070 6182
468 292 564 351 Sil

1329 298 1389 353 Β.
1429 298 1490 352 F.
1534 298 1757 352 ALBlNl
1796 298 1925 354 εει)
1964 296 2238 353 ALCUINI
2274 296 2557 355 OPERUM
2595 297 2773 355 PARS
2801 297 2843 353 1.

3609 292 3716 353 ειν

468 408 650 477 (Iona.
691 426 788 475 vn,
840 408 951 478 58).
1005 407 1059 461 Si
1109 408 1326 462 modum
1370 405 1602 471 excessi,
1642 406 1884 478 ignoscat
1924 406 2026 476 qui
2056 409 2101 465 Α
2128 403 2292 474 Cujus
2310 406 2510 461 solium
2538 405 2764 475 dissipat
2783 403 3153 475 iniquitatem;
3184 402 3339 472 cuqu
3358 402 3538 458 vultus
3568 418 3720 464 rem.

470 502 656 577 [Forte
692 504 793 575 leg.
840 502 963 573 quia
1001 499 1261 573 charitas]
1295 501 1513 556 modum
1563 512 1668 555 non
1713 501 1896 565 habet,
1945 499 2039 569 qui

471 594 650 651 omnia
690 593 937 649 sustinet.
968 588 1146 645 Trahe
1179 602 1264 644 me
1290 597 1409 661 post
1436 597 1490 643 te
1521 587 1794 658 precibus,
1821 595 1881 642 ut
1918 603 2040 642 cur-

473 699 655 739 ramus
678 683 839 738 simul
866 683 933 737 ad
958 682 1203 737 bravium
1228 693 1473 750 supernae
1499 678 1837 734 vocationis:
1864 679 2040 733 virtus

473 772 687 832 defecit.
722 773 827 827 nisi
858 771 1095 825 fraterna
1126 768 1421 825 consolatio
1451 767 1693 823 sublevet
1727 767 1951 832 lassum,
1984 772 2040 821 et

471 863 645 933 erigat
665 860 955 932 jacentcm.
989 859 1127 925 Quid
1153 867 1236 913 est
1271 856 1412 927 quod
1449 858 1685 911 cbaritas
1715 870 1820 910 non
1846 855 2033 925 possit,

473 954 598 1008 dum
635 955 689 1006 in
715 965 781 1006 eo
806 950 994 1019 estqui
1032 949 1210 1003 omnia
1245 946 1463 1017 potest?
1487 945 1605 999 Noli
1644 943 1911 1015 negligere
1940 942 2044 998 fra-

2137 498 2367 552 rentiam
2400 504 2682 551 conservat
2717 508 2889 564 usque
2922 494 2991 548 ad
3033 493 3362 562 aequitatem.
3407 492 3545 549 Nam
3577 504 3721 565 quod

2135 588 2263 643 olim
2284 587 2562 658 apostolici
2581 585 2772 641 Patres
2789 586 2899 640 suis
2923 585 3140 654 scriptis
3167 585 3223 639 in
3250 584 3721 643 conlirmatibnell

2137 675 2261 731 ﬁdei
2299 675 2575 731 catholicae
2606 675 2836 730 diversis
2874 674 3060 728 mundi
3096 673 3340 743 partibus
3370 684 3719 747 peregerunt.

2138 763 2242 818 hoc
2261 771 2441 818 vestra
2461 763 2801 818 sanctissima
2824 762 3125 817 sollicitudo
3147 762 3369 832 implere
3389 778 3495 819 non
3518 774 3718 821 cessat.

2209 852 2321 908 Hoc
2357 854 2602 909 mirabile
2629 861 2685 908 et
2712 854 2946 924 speciale
2973 855 3028 907 in
3062 860 3116 908 te
3146 854 3361 922 pietatis
3391 854 3489 909 Dei
3517 855 3720 912 donum

2136 941 2508 1012 prmdicamus,
2536 942 2678 1012 quod
2715 949 2861 995 tanta
2900 941 3183 995 devotione
3210 942 3483 998 Ecelesias
3516 942 3719 1002 Christi

2140 1047 2169 1085 a
2207 1030 2531 1100 perﬁdorum
2566 1031 2825 1085 doctrinis
2855 1031 3177 1085 intrinsecus
3212 1046 3442 1102 purgare
3471 1035 3720 1106 tuerique

2138 1121 2359 1182 niteris,
2409 1127 2611 1189 quanta
2644 1120 2944 1176 forinseCus
2975 1133 3005 1173 a
3043 1121 3347 1176 vastatione
3383 1138 3719 1194 paganorum

473 1054 679 1098 tertiam
708 1042 953 1095 salutem.
984 1038 1230 1094 Christus
1266 1038 1500 1108 seipsum
1533 1051 1631 1106 pro
1668 1035 2043 1104 peccatoribus

476 1131 735 1196 tradidit;
789 1129 914 1199 quid
967 1137 1024 1182 tu
1076 1129 1238 1183 verba
1302 1124 1576 1181 subtrahis
1627 1124 2039 1187 exhortationis,

476 1223 563 1276 cui
596 1220 685 1277 ille
714 1225 1030 1292 sanguinem
1057 1234 1212 1275 suum
1240 1232 1347 1271 non
1373 1216 1630 1283 negavit?
1660 1214 1909 1284 Nunquid
1940 1213 2041 1267 ali-
2141 1208 2426 1263 defendere
2449 1209 2531 1263 vel
2561 1223 2863 1279 propagare
2906 1208 3139 1263 conaris.
3185 1208 3281 1263 His
3298 1210 3504 1266 duobus
3522 1212 3719 1282 gladiis

470 1330 629 1384 quem
672 1313 1013 1383 peregrinum
1051 1312 1319 1366 aestimare
1358 1310 1542 1374 debes,
1577 1308 1704 1362 dum
1750 1321 1938 1363 omnes
1988 1306 2041 1361 in
2142 1296 2423 1368 [vestram]
2448 1298 2811 1352 venerandam
2841 1297 3216 1352 excellentiam
3253 1299 3440 1354 dextra
3480 1300 3723 1373 laevaque

471 1404 689 1461 Christo
711 1410 833 1457 sunt
865 1402 1049 1457 cives?
1073 1400 1321 1456 Charitas
1344 1412 1604 1468 personas
1640 1412 1745 1452 non
1775 1397 2041 1460 miratur;
2142 1388 2318 1443 divina
2344 1389 2573 1442 armavit
2593 1396 2849 1457 potestas,
2873 1389 2929 1441 in
2948 1389 3145 1458 quibus
3167 1390 3342 1443 victor
3362 1390 3646 1448 laudabilis
3664 1403 3721 1453 et

468 1510 652 1551 saccos
694 1504 943 1565 ρρτιηεοε
976 1508 1081 1546 non
1112 1492 1292 1554 habet,
1329 1503 1427 1544 nec
1475 1495 1765 1558 congregat
1816 1487 2044 1541 densum
2141 1477 2499 1548 triumphator
2528 1478 2795 1549 gloriosus
2821 1478 3029 1533 existis.
3079 1478 3232 1533 Unde
3260 1487 3318 1533 et
3345 1480 3413 1533 ad
3444 1481 3721 1539 interioris

466 1586 639 1640 lutum
680 1599 843 1653 super
881 1598 975 1648 se;
1008 1582 1100 1637 sed
1129 1589 1210 1635 est
1244 1580 1505 1643 modesta,
1542 1577 1795 1645 benigna,
1833 1575 2046 1630 miseri-
2143 1581 2336 1637 pugnte
2360 1581 2532 1637 genus
2556 1581 2688 1622 mea
2728 1568 3011 1637 parvitatis
3045 1567 3389 1622 devotionem
3426 1584 3722 1638 provocare

468 1691 589 1731 cors
620 1683 671 1730 et
700 1675 937 1729 clemens
962 1690 977 1735 ;
1000 1673 1053 1726 in
1091 1687 1195 1740 qua
1219 1678 1270 1724 te
1295 1670 1581 1731 custodiat,
1613 1667 1704 1736 qui
1730 1675 1783 1720 te
1826 1666 1880 1719 in
1903 1664 2044 1719 ovile
2144 1656 2425 1711 voluistis:
2451 1656 2604 1725 cujus
2635 1657 2947 1711 certaminis
2973 1656 3155 1710 sudori
3183 1656 3416 1713 libenter
3438 1661 3717 1727 succubui,

466 1765 811 1837 congregavit
845 1763 1008 1826 illius,
1037 1760 1368 1815 transferens
1397 1760 1462 1813 de
1493 1757 1746 1812 ﬂuctibus
1791 1754 1891 1810 feri
1925 1770 2040 1810 ma-
2071 1741 2120 1801 Β
2148 1752 2208 1798 ιιι
2230 1756 2251 1783 °
2278 1745 2330 1799 in
2357 1744 2555 1808 “bello,
2588 1759 2748 1837 φξθω
2771 1754 2966 1800 νθειιτω
2992 1760 3162 1815 nuper
3185 1745 3488 1801 direxerat“
3509 1747 3718 1817 pietati,

465 1856 561 1919 ris,
591 1864 650 1908 ut
673 1869 821 1908 esses
852 1853 1008 1916 aries,
1048 1852 1133 1905 cui
1175 1850 1318 1905 nulla
1358 1848 1656 1919 iniquitatis
1682 1855 1925 1917 potestas
1952 1862 2039 1902 re-

468 1946 659 2000 sistere
686 1943 957 1997 valuisset.
996 1939 1197 2010 Adjuva
1219 1947 1549 2011 precantem.
1579 1946 1641 1992 ut
1665 1939 1846 1993 vincat
1872 1938 1925 1991 in
1950 1950 2038 2005 eo,

471 2036 561 2105 qui
584 2035 717 2089 vicit
740 2035 793 2087 in
826 2042 877 2087 te
902 2030 1061 2099 hujus
1088 2031 1266 2086 sarculi
1298 2030 1564 2083 vanitates
1588 2045 1602 2092 ;
1630 2028 1720 2097 qui
1750 2043 1882 2083 voce
1906 2043 2038 2083 con—

468 2125 722 2179 solatoria
760 2123 873 2177 suis
896 2123 1033 2175 dixit
1070 2120 1381 2190 discipulis:
1412 2116 1540 2172 Htec
1564 2116 1768 2170 loeutus
1792 2133 1908 2170 sum
1948 2134 2040 2171 vo-

466 2214 561 2279 bis,
602 2226 658 2268 at
696 2215 751 2267 in
795 2230 877 2266 me
906 2228 1085 2283 pacem
1124 2211 1395 2273 habeatis;
1426 2211 1482 2262 in
1514 2207 1710 2261 mundo
1743 2222 2042 2277 pressuram

471 2304 747 2367 habebitis,
790 2302 879 2356 sed
911 2300 1173 2368 conﬁdite,
1196 2300 1319 2369 quia
1348 2314 1442 2368 ego
1462 2298 1558 2351 vici
1579 2296 1833 2350 mundum
1856 2294 2036 2365 (Joan.

475 2408 585 2457 xvr,
616 2391 729 2462 53).
759 2391 1009 2446 Christus
1040 2388 1132 2442 Dei
1176 2387 1343 2441 Filius
1385 2394 1437 2441 te
1483 2387 1746 2440 victorem
1784 2383 1946 2438 faciat
1987 2392 2045 2438 et

470 2483 719 2539 exaudiat
744 2483 798 2538 in
821 2482 965 2536 omni
989 2494 1169 2550 prece,
1205 2477 1522 2532 charissime
1550 2474 1736 2528 frater.

1009 2604 1033 2633 ³
1075 2589 1407 2646 EPISTOLA
1437 2589 1497 2644 C.

972 2679 1038 2717 AD
1076 2676 1178 2717 DOII
1186 2676 1289 2715 Νυιι
1328 2675 1502 2715 κεῖθεν
1511 2700 1524 2713 .

1065 2754 1243 2826 (Αηηο
1280 2752 1430 2823 800.)

464 2846 654 2904 Carolo
681 2851 882 2904 iteratis
907 2848 1089 2901 litteris
1113 2845 1402 2913 respondet.
1434 2845 1637 2899 Laudat
1666 2844 1929 2915 religionis
1957 2862 2042 2899 ze-

490 2960 495 2965 .
532 2921 664 2984 tum,
684 2922 947 2989 pietatem,
981 2914 1205 2989 regalem
1229 2915 1547 2989 potentiam;
1576 2914 1881 2971 memoriam
1911 2916 2041 2986 facit

530 2994 596 3044 de
621 2985 935 3061 quibusdam
959 2986 1152 3040 chartis
1192 2985 1438 3055 computi.

533 3079 820 3135 Benedicto
846 3086 1006 3147 atque
1031 3076 1175 3132 omni
1206 3078 1480 3147 sapientiae
1504 3074 1699 3132 decore
1729 3070 2041 3146 praefulgido
2065 3089 2112 3153 ο

464 3167 631 3222 David
656 3167 787 3239 regi,
818 3167 1043 3223 Flaccus
1072 3167 1294 3221 Albinus
1321 3169 1371 3222 in
1401 3168 1620 3223 Christo
1647 3166 1894 3221 salutem.

535 3258 687 3317 Licet
736 3258 981 3329 proxime
1030 3259 1098 3312 ad
1157 3257 1494 3313 clementiam
1542 3264 1778 3313 vestram
1824 3256 2039 3326 gemina

465 3346 661 3416 scripta
692 3348 997 3411 direxerim,
1029 3361 1258 3415 quorum
1288 3361 1449 3401 unum
1484 3347 1721 3403 debitum
1761 3346 2040 3401 salutatio-

464 3440 549 3493 nis
571 3437 816 3510 impleret
847 3434 1143 3509 [ollicium],
1185 3434 1330 3490 aliud
1367 3433 1642 3503 cujusdam
1680 3434 2040 3503 responsionis

458 3532 581 3602 jura
627 3538 873 3585 teneret:
909 3539 1085 3583 tamen
1134 3527 1417 3583 occasione
1461 3535 1654 3581 vestrae.
1694 3524 2041 3581 beatitudinis

464 3622 763 3678 litterarum
792 3628 1030 3690 accepta,
1061 3619 1382 3688 respondere
1408 3625 1693 3686 utrumque
1718 3613 1851 3687 [Αιη
1872 3616 2037 3670 utris-

463 3729 566 3783 que
584 3756 597 3780 ,
623 3716 756 3784 forte
783 3710 1077 3783 utcunque]
1101 3710 1371 3775 convenit,
1394 3724 1529 3779 quas
1554 3709 1755 3764 lumine
1784 3717 1839 3763 et
1866 3709 2041 3764 scien-

466 3803 553 3856 tia:
571 3812 625 3857 et
647 3802 890 3855 veritatis
910 3800 1246 3869 indagatione
1265 3799 1451 3869 plenas
1472 3806 1793 3854 veneranter
1810 3798 1991 3866 accepi
2021 3813 2036 3862 ;

463 3902 517 3946 et
547 3907 739 3961 magno
764 3889 1056 3961 gratiarum
1085 3888 1313 3945 actionis
1346 3889 1523 3943 studio
1562 3887 1728 3943 Deum
1765 3887 2034 3951 benedixi,

462 3982 554 4052 qui
581 3982 779 4036 virtute
805 3979 925 4035 lidei
954 3991 1011 4035 et
1047 3979 1271 4035 rationis
1295 3978 1624 4048 experientia
1651 3985 1843 4031 vestra:
1867 3976 2039 4045 pieta-

463 4075 533 4127 tis
557 4082 744 4144 pectus
772 4070 1107 4126 abundanter
1133 4069 1337 4141 implet.
1373 4069 1449 4122 lta
1471 4075 1531 4121 ut
1556 4068 1608 4121 in
1639 4082 1703 4121 eo
1728 4066 2040 4136 prarogati-

465 4180 527 4218 va
552 4162 899 4219 sacerdotalis
922 4162 1196 4223 doctrinae,
1227 4160 1513 4215 voluntatis
1541 4158 1731 4228 pietas,
1763 4166 1817 4212 et
1843 4156 2040 4227 regalis

461 4254 701 4329 potentia
722 4252 1092 4320 splendescere
1116 4247 1493 4318 comprobetur
1522 4247 1754 4300 maxime
1779 4264 1792 4300 :
1819 4246 1942 4315 quia
1980 4245 2039 4299 li-

459 4343 556 4398 des
580 4340 866 4403 catholica,
898 4354 1016 4409 qua:
1042 4338 1242 4409 ubique
1271 4337 1428 4392 debet
1455 4351 1574 4392 esse
1598 4350 1704 4390 una
1730 4344 1785 4391 et
1806 4335 1860 4389 in
1888 4334 2033 4390 nullo

460 4432 753 4497 dissimilis,
784 4446 883 4502 per
915 4438 1146 4486 vestram
1178 4429 1572 4485 sanctissimam
1599 4426 2030 4489 sollicitudinem,
2064 4435 2114 4499 υ

462 4523 490 4561 b
520 4523 706 4591 sopitis
733 4521 1081 4576 schismatum
1116 4520 1410 4584 erroribus,
1447 4517 1727 4588 praedicari
1756 4524 1811 4573 et
1833 4515 2036 4586 pollere

462 4612 809 4682 dignoscitur.
856 4612 923 4665 Et
964 4620 1222 4681 quantum
1270 4611 1419 4680 regni
1462 4610 1702 4679 potentia
1744 4607 2033 4679 praelatus,

463 4707 671 4754 tantum
696 4700 970 4770 sapientia:
997 4698 1189 4753 decore
1215 4708 1270 4752 et
1296 4705 1494 4753 sancta:
1524 4698 1798 4768 religionis
1827 4695 2036 4750 fervore

461 4792 711 4849 omnibus
745 4791 1026 4863 praecellis.
1066 4790 1213 4845 Felix
1259 4790 1487 4859 populus
1533 4790 1623 4859 qui
1665 4788 1754 4843 tali
1796 4785 2036 4856 principe

460 4882 658 4953 gaudet
682 4901 694 4936 :
723 4880 881 4955 124
902 4882 953 4934 in
981 4881 1133 4949 cujus
1154 4880 1512 4950 prosperitate
1538 4879 1684 4933 salus
1719 4887 2033 4934 cunctorum

457 4971 734 5038 consistit;
755 4971 807 5025 in
822 4970 1252 5039 cujushilaritate
1271 4970 1509 5024 omnium
1533 4971 1742 5023 animus
1761 4971 2030 5041 gaudebit,

458 5070 517 5115 ut
543 5061 745 5117 dictum
766 5068 850 5116 est
873 5078 886 5114 :
910 5058 975 5114 In
993 5058 1256 5115 hilaritate
1279 5061 1411 5129 regis
1438 5059 1539 5114 vita
1565 5057 1745 5129 (Prov.
1778 5075 1890 5127 va,
1921 5061 2032 5132 15).

527 5228 554 5257 ι
584 5214 726 5289 Edit.
755 5215 1003 5289 Quercet.
1035 5216 1119 5279 Η,
1148 5217 1328 5272 Canis.
1362 5216 1395 5267 5
1424 5216 1674 5287 (Froben.
1713 5218 1804 5289 84)
1840 5218 2031 5275 collata

460 5301 583 5343 cum
606 5287 726 5357 cod.
756 5286 886 5357 Reg.
921 5287 1040 5357 Vat.

528 5355 785 5429 b_Sopitis
825 5353 1159 5429 seltismatum
1205 5355 1485 5429 erroribus.
1538 5353 1662 5429 llaec
1706 5357 2032 5429 i‘ntelligode

457 5426 630 5494 sopita
655 5424 844 5480 bteresi
869 5425 1134 5480 Feliciana
1164 5442 1261 5497 per
1286 5424 1571 5480 concilium
1595 5424 2031 5497 Aquisgranense

463 5494 606 5550 circa
632 5494 794 5549 linem
822 5496 947 5549 anni
976 5496 1097 5551 799.

532 5511 1097 5634 ᾕὲῗιῖῗῖιὲἽὶιίξξ.
1115 5578 1303 5634 nempe
1328 5564 1584 5619 adversus
1609 5564 1865 5628 Felicem,

462 5632 883 5714 »φξβ-,ειεξωίῃί
939 5639 994 5687 et
1038 5632 1409 5714 approbationi
1448 5634 1704 5714 submisit
1731 5632 2031 5714 _ii_ni_to'illo

462 5700 686 5761 concilio
719 5700 1153 5770 Aquisgranen'si.
1188 5703 1304 5756 Vid.
1326 5702 1606 5770 epistolam
1638 5703 1703 5759 iis
1731 5703 1883 5760 libris
1899 5720 2030 5775 prie

2139 1837 2357 1905 agnosci
2385 1834 2618 1903 poterit:
2642 1832 2768 1888 licet
2798 1834 3027 1889 necdum
3055 1843 3248 1889 vestrae
3274 1836 3613 1892 auctoritatis
3639 1838 3718 1892 si-

2139 1923 2264 1993 gillo
2284 1924 2530 1979 eumdem
2555 1922 2715 1978 libelli
2752 1932 2993 1979 tenorem
3034 1924 3409 1979 conﬁrmatum
3450 1941 3721 1997 cognove-

2140 2012 2263 2065 rim.
2308 2012 2378 2066 Et
2409 2012 2527 2074 hoc,
2562 2027 2705 2076 reor,
2732 2012 2814 2067 vel
2837 2013 3092 2067 tarditate
3112 2013 3412 2083 portitoris,
3436 2015 3520 2070 vel
3542 2031 3717 2085 angu-

2139 2100 2243 2155 stia
2263 2102 2522 2170 temporis
2541 2109 2751 2170 gestum
2771 2116 2908 2157 esse.
2948 2100 3263 2158 Nullatenus
3282 2103 3439 2159 solita
3462 2105 3721 2163 bonitatis

2139 2199 2332 2246 vestrm
2358 2193 2691 2247 consuetudo
2730 2192 2785 2246 in
2828 2192 3069 2261 pluribus
3116 2193 3219 2248 hoc
3263 2209 3425 2267 agere
3467 2195 3722 2254 litterulis

2143 2291 2373 2343 recusat,
2420 2282 2561 2351 quod
2610 2282 2663 2336 in
2710 2282 3007 2338 rarioribus
3039 2282 3235 2353 saepius
3263 2282 3456 2340 fecisse
3483 2301 3723 2356 comper-

2144 2382 2255 2427 tum
2280 2382 2381 2428 est.

2207 2485 2490 2542 Cbsrtulas
2515 2502 2644 2542 vero
2668 2486 3036 2544 calculationis
3051 2504 3243 2545 cursus
3257 2488 3480 2558 lunaris,
3500 2498 3581 2547 vel
3604 2493 3715 2548 bis-

2143 2579 2347 2635 sextilis
2368 2580 2793 2650 pmparationis,
2819 2596 2955 2650 quas
2979 2589 3178 2637 nostra:
3203 2584 3469 2639 devotioni
3496 2586 3723 2641 tradidi-

2141 2669 2241 2725 stis
2263 2668 2642 2738 explorandas,
2672 2668 2974 2724 invenimus
2996 2685 3122 2741 erga
3142 2672 3570 2728 mensurationes
3597 2673 3719 2728 dili-

2141 2760 2456 2831 gentissime
2497 2761 2812 2830 exquisitas,
2855 2762 3166 2819 acutissime
3200 2764 3464 2832 inventas,
3494 2767 3719 2822 nobilis-

2142 2851 2277 2905 sime
2299 2850 2554 2919 prolatas.
2600 2850 2666 2903 Et
2686 2850 2827 2919 quod
2852 2865 2971 2905 mea
2998 2850 3126 2905 olim
3153 2853 3456 2909 devotiode
3477 2856 3716 2911 bisseon

2141 2943 2325 3011 paucis
2352 2941 2625 2996 inchoavit
2644 2941 2980 3009 ratiunculis,
3005 2952 3183 2998 vestra
3205 2946 3546 3017 sagacissima
3566 2948 3717 3004 inda-

2143 3031 2289 3101 gatio
2314 3030 2530 3099 copiose
2551 3030 2853 3100 complevit.
2896 3029 3152 3097 Quamvis
3173 3034 3617 3089 considerandum
3645 3037 3721 3091 sit

2143 3137 2240 3175 cur
2266 3121 2318 3175 in
2344 3119 2665 3189 quibusdam
2694 3120 2989 3185 mensibus,
3019 3121 3087 3175 ad
3114 3124 3327 3178 eosdem
3359 3124 3471 3179 dies
3495 3126 3547 3178 in
3575 3142 3719 3181 anno

2138 3211 2394 3274 secundo,
2433 3210 2593 3267 tertio
2621 3209 2704 3264 vel
2739 3218 2933 3278 quarto
2968 3218 3253 3280 computus
3295 3228 3483 3268 cursus
3525 3214 3721 3270 solaris

2143 3318 2247 3358 non
2288 3301 2640 3373 pervenisset.
2681 3300 2811 3355 Item
2845 3300 3055 3357 facilior
3088 3309 3143 3358 et
3179 3305 3474 3373 expeditior
3513 3305 3722 3361 lunaris

2140 3408 2330 3448 cursus
2367 3392 2673 3462 supputatio
2709 3406 2867 3460 posse
2902 3392 3125 3447 inveniri
3155 3394 3384 3450 videtur.
3428 3394 3576 3450 Licet
3603 3396 3719 3451 haec

2139 3484 2338 3551 optima
2371 3492 2425 3536 et
2450 3482 2759 3537 acutissima
2796 3497 2966 3552 usque
2996 3486 3063 3538 ad
3097 3500 3260 3537 unum
3291 3487 3599 3555 scrupulum
3635 3488 3719 3542 vel

2137 3572 2350 3629 silicum
2384 3570 2492 3644 [ΑΙ.
2522 3572 2813 3644 siliculum]
2846 3573 3091 3628 distincte
3126 3582 3180 3627 et
3205 3583 3361 3628 caute
3389 3592 3608 3631 currere
3638 3579 3722 3632 in-

2140 3662 2422 3732 telligatur.
2465 3661 2643 3715 Direxi
2673 3647 3000 3716 excellentim
3021 3670 3209 3716 vestra:
3231 3670 3720 3733 stamen-quarum-

2139 3755 2262 3809 dam
2285 3752 2721 3823 supputationum
2761 3750 2787 3790 ἀ
2821 3751 2887 3807 de
2925 3751 3051 3807 solis
3084 3751 3326 3821 lunaque
3363 3767 3461 3822 per
3497 3754 3721 3824 signife-

2139 3859 2256 3898 rum
2306 3841 2614 3898 cursu:cui
2662 3841 2708 3894 si
2754 3842 2921 3896 vestri
2969 3842 3261 3897 acutissimi
3305 3858 3495 3898 sensus
3537 3845 3720 3901 subte-

2136 3948 2294 4003 gmen
2320 3932 2515 3987 addere
2540 3930 2821 4000 placuerit,
2865 3930 3003 3985 forte
3037 3932 3216 4001 pueris
3244 3932 3490 4003 palatinis
3529 3943 3718 3992 contra

2137 4022 2309 4093 frigus
2330 4021 2611 4089 imperitia).
2636 4019 2848 4090 aliquod
2873 4021 3177 4075 vestimenti
3208 4038 3375 4092 genus
3419 4022 3523 4078 texi
3566 4033 3718 4093 pote-

2139 4115 2242 4179 rit;
2274 4116 2413 4168 sicut
2438 4112 2490 4166 in
2515 4113 2711 4182 prioris
2739 4121 2963 4167 texturae
2983 4127 3067 4167 me
3093 4111 3223 4183 [Al.,
3254 4112 3405 4186 mem]
3429 4116 3589 4169 etiam
3622 4132 3716 4170 or—

2137 4205 2408 4259 dinatione
2448 4205 2648 4273 optime
2694 4202 2887 4259 fecisse
2930 4206 3265 4274 protestaris.
3309 4205 3481 4259 Meum
3521 4218 3606 4262 est
3650 4209 3716 4264 de

2136 4303 2293 4350 terrm
2317 4296 2538 4367 gremio,
2578 4295 2662 4350 vel
2695 4295 2864 4366 glebis
2893 4295 3295 4365 pulverulentis,
3330 4298 3447 4351 auri
3482 4298 3713 4356 cﬂ'oderc

2137 4395 2367 4440 atomos.
2410 4385 2663 4439 Vestrum
2711 4394 2795 4439 est
2819 4386 2999 4457 regale
3043 4387 3313 4451 diadema,
3358 4388 3584 4456 gemmis
3628 4406 3713 4443 sa-

2137 4477 2352 4547 pientiae
2386 4474 2775 4545 praefulgidum,
2815 4475 3121 4532 venerando
3146 4485 3359 4547 gestare
3389 4479 3440 4531 in
3471 4480 3670 4534 vertice
3696 4500 3708 4534 :

2136 4574 2403 4637 quatenus
2440 4565 2717 4620 laudabilis
2754 4567 2990 4636 potentia
3028 4576 3206 4622 vestra
3245 4569 3480 4623 omnium
3527 4568 3714 4627 ﬂoreat

2135 4672 2329 4725 genere
2374 4659 2650 4722 virtutum,
2692 4665 2747 4712 et
2787 4658 3065 4727 multiplici
3110 4662 3423 4714 meritorum
3463 4660 3617 4716 laude
3644 4663 3715 4717 ad

2135 4748 2368 4803 caelestis
2390 4748 2541 4818 regni
2568 4748 2813 4819 gloriam,
2845 4748 3061 4805 Christo
3091 4759 3309 4821 regente
3336 4761 3496 4824 atque
3515 4755 3715 4809 donau-

2135 4845 2211 4904 te,
2240 4839 2522 4908 pervenire
2548 4847 2836 4894 mereatur.

2204 4970 2395 5025 Vivere
2415 4986 2501 5026 me
2522 4972 2681 5026 terris
2700 4972 2791 5026 vix
2813 4972 2903 5027 vix
2926 4973 3054 5028 sinit
3077 4975 3320 5045 improba
3348 4978 3536 5047 febris,

2275 5059 2341 5114 Et
2368 5076 2452 5115 me
2482 5061 2700 5118 cmleste
2726 5063 2986 5117 scandere
3010 5063 3173 5120 vultis
3200 5067 3323 5127 iter,

2133 5217 2297 5290 lixam
2323 5225 2378 5271 et
2407 5226 2647 5290 nostram
2676 5217 2902 5273 Dissert.
2941 5219 3234 5290 deilltcresi
3261 5218 3709 5290 Adoptianorum.

2199 5286 2227 5325 ἀ
2258 5285 2335 5358 De
2384 5286 2510 5358 solis
2558 5284 2945 5358 lquuegper
2977 5288 3283 5358 signiferum
3327 5284 3504 5345 circa.
3556 5291 3712 5358 Quod

2129 5355 2386 5430 gicuinus
2413 5356 2478 5408 de
2508 5354 2638 5408 solis
2658 5354 2756 5430 per
2780 5354 3095 5430 signiferum
3117 5354 3283 5430 cursu
3312 5354 3711 5430 scripsit,illud

2130 5369 2386 5436 Alcumus
2413 5369 2478 5408 ue
2508 5369 2756 5478 SOIISJMBI‘
2781 5369 3095 5425 signiferum
3123 5373 3283 5413 cursu
3312 5369 3548 5430 scripsit,
3578 5369 3711 5418 illud

2130 5422 2377 5505 fortassis
2404 5431 2507 5505 est,
2533 5438 2640 5505 quo
2710 5424 2939 5480 hibetur
2964 5443 3126 5505 supra
3153 5428 3203 5482 in
3234 5434 3394 5505 epist.
3420 5429 3508 5485 85.
3537 5429 3712 5487 Char—

2130 5500 2242 5546 tam
2269 5506 2397 5572 vero
2421 5490 2579 5572 illam
2608 5492 2662 5547 in
2695 5490 3363 5572 quasupputationes'de
3381 5498 3709 5572 luntecursu

2127 5575 2227 5643 per
2262 5560 2472 5630 singula
2488 5562 2649 5643 signa
2678 5560 3148 5643 continentur,_ad
3176 5567 3558 5643 epistolam_85
3584 5585 3713 5643 per-

2130 5635 2301 5701 tinere
2344 5645 2408 5686 ex
2447 5635 2726 5701 utriusque
2768 5635 3174 5701 comparatione
3210 5635 3407 5701 liquet.
3446 5635 3707 5696 Eamdem

2131 5700 2373 5756 chartam
2420 5701 2561 5757 inter
2594 5700 2857 5773 opuscula
2888 5700 3259 5774 Philosophica
3277 5700 3348 5762 Ὺ.
3375 5705 3417 5763 ll
3442 5706 3696 5777 reperies.
