4054 6182
452 303 560 361 515

1330 284 1390 339 Β.
1433 283 1493 338 F.
1535 277 1762 335 ALBlNl
1801 275 1932 333 SEU
1972 271 2252 330 ALCUlNl
2287 269 2571 326 OPERUM
2610 266 2790 323 PARS
2823 263 2862 319 l.

3618 253 3725 312 516

454 421 741 474 noraretur
766 407 981 472 litteris,
1003 419 1124 474 qure
1141 408 1322 456 vestro
1346 397 1522 468 sigillo
1543 395 1612 452 ad
1638 409 1738 450 nos
1759 391 2039 449 nobilitata
2065 394 2114 450 Α
2142 385 2370 456 placeat,
2406 383 2642 453 impleat.
2673 379 2814 447 Quid
2834 383 2918 432 est
2941 372 3214 437 sacculum,
3256 371 3360 427 nisi
3390 369 3632 438 miseria,
3672 383 3732 427 et

455 507 720 582 pervenit.
745 503 812 557 Et
834 500 880 554 si
905 498 1086 552 minus
1105 494 1234 563 quid
1253 488 1625 559 exemplorum
1645 479 2039 553 debeantICod.

467 573 608 662 i’at.,
661 587 918 660 habeant]
967 586 1239 659 praedictae.
1281 580 1514 651 species,
1543 590 1568 618 ι
1598 573 1838 630 Beseleel
1866 580 2047 626 vester

459 692 568 745 imo
595 696 648 742 et
672 691 854 739 noster
881 678 1163 735 familiaris
1190 675 1420 744 adiutor,
1455 672 1520 726 de
1540 667 1780 740 paternis
1801 664 2046 718 versibus

459 791 728 851 apponere
755 773 994 846 poterit:
1034 785 1132 824 nec
1164 783 1273 822 non
1310 775 1366 819 et
1394 765 1690 834 ﬁgurarum
1716 757 1954 812 rationes
1993 754 2046 808 in

459 843 639 925 ιὼὲιιο
702 843 1060 922 arithmeticae
1123 857 1418 928 disciplinae
1476 850 1823 908 considerare
1883 843 2044 898 valet.

461 961 490 1001 ιι
511 959 837 1014 Punctorum
866 969 995 1008 vero
1024 949 1396 1005 distinctiones
1426 943 1512 998 vel
1549 937 2046 1000 subdistinctiones,

461 1051 588 1106 licet
623 1057 878 1103 ornatum
926 1043 1127 1098 faciant
1173 1036 1595 1110 pulcherrimum
1641 1031 1698 1086 in
1745 1027 2048 1090 sententiis,

463 1153 644 1198 tamen
672 1157 803 1210 usus
833 1139 1044 1192 illorum
1074 1140 1295 1203 propter
1324 1127 1682 1184 rusticitatem
1707 1135 1846 1191 pene
1871 1133 2052 1174 reces-

462 1236 534 1289 sit
560 1250 587 1287 a
625 1229 997 1301 scriptoribus.
1027 1224 1134 1280 Sed
1160 1223 1301 1277 sicut
1321 1219 1489 1273 totius
1514 1213 1798 1285 sapientia:
1817 1211 1981 1266 decus
1999 1215 2056 1262 et

465 1322 720 1378 salutaris
748 1318 904 1392 [Cod.
958 1314 1099 1379 Vat.,
1143 1308 1442 1380 surcularis]
1471 1303 1791 1362 eruditionis
1829 1307 2055 1356 ornatus

463 1433 560 1488 per
609 1390 801 1470 vestrae
849 1406 1143 1465 nobilitatis
1191 1402 1510 1459 industriam
1547 1394 1798 1452 renovari
1844 1390 2050 1462 incipit,

466 1483 539 1562 ita
568 1516 623 1561 et
670 1506 864 1560 horum
907 1517 1036 1556 usus
1073 1499 1127 1552 in
1154 1495 1401 1550 manibus
1438 1487 1791 1546 scribentium
1821 1483 2058 1539 redinte-

465 1601 702 1673 grandus
745 1611 866 1652 esse
904 1594 1105 1666 optime
1149 1589 1383 1645 videtur.
1430 1585 1545 1654 Ego
1576 1583 1778 1651 itaque,
1808 1577 1936 1632 licet
1965 1591 2060 1646 pa-

467 1709 586 1747 rum
615 1689 901 1762 proficiens
925 1727 939 1750 ,
991 1699 1114 1740 cum
1145 1679 1415 1736 Turonica
1459 1674 1703 1744 quotidie
1745 1682 1925 1739 pugno
1968 1682 2059 1719 ru-

2141 476 2286 531 velut
2322 476 2513 529 umbra
2561 473 2741 542 fugax,
2765 477 2821 524 et
2842 467 3100 523 seducens
3125 461 3452 518 delectatio?
3487 460 3737 519 Festine-

2143 581 2264 621 mus
2305 573 2417 620 tota
2443 563 2638 618 mentis
2663 559 2962 615 intentione
2989 555 3057 611 ad
3101 555 3246 610 illam
3277 553 3540 625 requiem,
3570 568 3735 623 quam

2144 657 2324 711 nullus
2354 655 2506 708 dolor
2536 651 2837 722 perturbat.
2859 645 3230 701 Ascendamus
3252 658 3352 714 per
3378 645 3580 714 gradus
3604 643 3740 700 cha-

2145 747 2326 804 ritatis
2346 747 2412 801 ad
2449 717 2594 800 illam
2622 743 2918 804 civitatem,
2945 741 3000 794 in
3031 753 3138 808 qua
3180 738 3323 793 Deus
3352 737 3501 794 solus
3526 753 3622 793 rex
3652 753 3741 793 re-
3763 717 3778 732 ’

2147 847 2276 910 gnat
2298 837 2352 892 in
2378 844 2659 891 aeternum.
2688 834 2743 888 ln
2765 847 2872 901 qua
2898 836 3012 884 tota
3041 828 3319 884 beatitudo
3348 828 3468 883 sine
3503 826 3614 882 ulla
3635 825 3742 881 mi-

2149 930 2290 985 seria
2316 928 2462 999 viget
2483 934 2538 981 et
2562 926 2722 980 valet.
2752 923 2825 979 Ut
2848 922 2916 977 ad
2938 920 3085 975 illam
3107 919 3394 990 pervenire
3408 934 3738 983 mereamur,

2149 1024 2338 1079 eodem
2361 1022 2655 1077 auxiliante
2684 1035 2833 1091 rege,
2881 1032 2980 1072 nos
3018 1016 3250 1071 invicem
3283 1012 3658 1073 exhortemur,
3683 1015 3744 1064 et

2150 1117 2388 1172 velocior
2445 1113 2732 1171 charitatis
2781 1127 2946 1166 cursu
3007 1109 3303 1164 tardiorem
3355 1101 3744 1158 admonitionis

2153 1208 2439 1264 sedulitate
2467 1207 2666 1260 trahat.
2707 1205 2788 1258 Tu
2809 1216 2984 1257 meam
3002 1199 3243 1255 fraterna
3259 1195 3535 1267 diligentia
3560 1209 3745 1250 socor-

2153 1298 2296 1354 diam
2333 1297 2570 1374 castiga;
2604 1295 2688 1349 vel
2728 1302 2832 1348 tua:
2860 1289 3164 1347 sanctitatis
3190 1287 3444 1359 precibus
3469 1283 3743 1352 iacentem

2155 1391 2352 1454 releva,
2382 1399 2442 1444 ut
2465 1388 2716 1442 fraterna:
2745 1386 2982 1440 dextera:
3015 1384 3212 1437 ducatu
3253 1393 3359 1434 non
3401 1377 3661 1430 lassescat
3689 1374 3745 1428 in

2159 1482 2243 1535 via
2273 1478 2535 1542 veritatis,
2567 1476 2661 1548 qui
2708 1476 2988 1530 hucusoue
3031 1471 3087 1526 in
3129 1469 3310 1525 saeculi
3351 1481 3410 1523 se
3435 1465 3749 1521 revolvebat

2159 1586 2336 1626 (KBDO.

2228 1665 2257 1704 ἀ
2299 1663 2532 1720 Veniens
2559 1661 2840 1716 veniebam
2873 1657 2942 1713 ad
2964 1655 3136 1712 sancti
3173 1651 3403 1708 Amandi
3425 1647 3750 1720 protectoris

468 1729 586 1747 ω...
655 1729 939 1750 Nam"...
993 1729 1114 1740 π.--
1156 1729 1414 1736 ---μη-η
1477 1729 1495 1744 .
1748 1729 1763 1739 .
1820 1729 1850 1738 _

466 1729 720 1839 sticitgte.
776 1780 965 1831 Vestra
1011 1788 1144 1827 vero
1173 1769 1472 1825 auctoritas
1520 1762 1790 1835 palatinos
1844 1756 2057 1812 erudiat
2087 1729 2135 1788 Β
2163 1753 2333 1810 nostri
2381 1751 2723 1808 dulcissimas
2757 1747 3104 1810 mansiones,
3146 1757 3396 1814 quarens
3450 1747 3749 1794 amatorem

469 1888 699 1945 pueros,
744 1879 805 1925 ut
842 1863 1241 1936 elegantissime
1285 1858 1564 1931 proferant
1603 1850 1863 1924 quidquid
1892 1847 2058 1903 vestri

467 1939 660 2017 sensus
683 1957 1019 2013 lucidissima
1058 1950 1341 2009 dictaverit
1373 1945 1682 2017 eloquentia
1713 1957 1729 1997 :
1775 1949 1835 1995 ut
1862 1939 2060 2008 ubique

469 2052 664 2123 regalis
709 2048 904 2122 [Edit.,
956 2043 1179 2117 regulis]
1229 2041 1463 2098 nominis
1508 2039 1701 2093 charta
1741 2036 2062 2095 decurrens,

469 2143 663 2213 regalis
693 2139 972 2211 sapientia:
1004 2135 1340 2190 nobilitatem
1359 2129 1630 2186 ostendat.

541 2257 756 2312 Floreat
776 2249 993 2308 internis
1033 2257 1210 2301 tecum
1240 2243 1504 2316 sapientia
1540 2241 1714 2303 donis,

617 2347 684 2403 Ut
717 2346 810 2401 tibi
836 2347 1156 2416 permaneat.-
1180 2339 1317 2402 laus,
1351 2338 1544 2400 honor,
1575 2331 1882 2403 imperium.

543 2438 685 2505 Quot
705 2437 909 2491 habeas
938 2434 1139 2504 apices,
1169 2437 1404 2494 sanctas,
1448 2440 1568 2480 mea
1598 2424 1808 2488 charta,
1837 2421 2038 2476 salutes

620 2527 794 2582 Dicito
819 2533 894 2579 tot
923 2523 1066 2578 dulci
1093 2520 1262 2576 David
1287 2533 1474 2574 amore
1498 2529 1639 2571 meo.

996 2667 1018 2695 ο
1058 2651 1391 2709 EPISTOLA
1431 2650 1538 2706 Cll.

1079 2763 1148 2800 AD
1186 2757 1457 2798 ARNONEI.

1107 2859 1284 2931 (Anno
1302 2855 1451 2927 800.)

483 2976 750 3034 Saeculum
771 2971 1233 3035 contemnendum,
1263 2970 1331 3024 ad
1350 2980 1547 3025 (eterna
1568 2967 1881 3023 tendendum
1896 2965 2065 3018 docet.

563 3046 774 3101 Venisse
795 3062 848 3098 se
874 3043 942 3096 ad
983 3043 1279 3095 mansiones
1311 3040 1372 3096 S.
1405 3040 1652 3103 Amandi,
1681 3039 1775 3101 ait,
1807 3037 2068 3090 Arnoncm

553 3118 816 3170 invisurus
833 3130 852 3177 ,'
882 3129 1033 3182 quem
1063 3122 1238 3165 tamen
1267 3109 1405 3164 dolet
1433 3111 1505 3164 ibi
1536 3127 1640 3163 non
1672 3108 1939 3178 reperisse.

554 3224 887 3279 Charissimo
921 3238 1176 3294 germano
1206 3237 1328 3277 meo
1360 3220 1568 3291 Aquila:
1596 3218 1824 3274 antistiti
1849 3217 2076 3272 Albinus

485 3318 736 3374 salutem.

561 3410 619 3464 Si
671 3409 804 3464 mihi
856 3409 1073 3480 gerulus
1109 3417 1293 3478 gratus
1335 3406 1696 3469 occurrisset,
1745 3404 1940 3472 smpius
1971 3412 2077 3456 tute

485 3500 823 3570 scripsissem
875 3499 1190 3564 dilectioni,
1247 3506 1307 3551 ut
1360 3497 1556 3552 litteris
1609 3494 1886 3564 implerem
1935 3492 2077 3560 quod

488 3591 667 3647 verbis
693 3607 800 3645 non
824 3591 991 3661 potui,
1049 3599 1105 3645 et
1159 3589 1442 3644 charitatis
1493 3586 1865 3650 dulcedinem,
1895 3583 2079 3654 lingua

487 3691 727 3750 tacente,
752 3684 932 3752 apices
957 3690 1340 3738 monstrarent.
1372 3681 1485 3737 [loc
1508 3680 1653 3736 dedit
1673 3680 1817 3732 Deus
1845 3675 2080 3732 absenti-

489 3774 592 3828 bus
619 3773 672 3826 in
699 3773 970 3836 solatium,
1000 3780 1059 3826 ut
1087 3787 1183 3841 per
1219 3771 1434 3826 chartas
1472 3770 1615 3839 loqui
1663 3767 1980 3839 potuissent,
2026 3772 2082 3820 et

491 3865 801 3918 necessaria
853 3863 1099 3933 proferre
1137 3863 1190 3918 in
1244 3879 1340 3919 cor
1389 3863 1661 3917 alterius:
1709 3861 1835 3915 dum
1867 3858 2082 3914 animus

494 3954 647 4024 gravi
682 3969 901 4009 carcere
947 3955 1190 4025 corporis
1245 3954 1669 4022 circumseptus,
1722 3967 1834 4006 sua:
1876 3958 2083 4004 naturae

492 4046 833 4102 velocitatem
857 4047 1128 4116 explicare
1153 4063 1260 4101 non
1287 4045 1463 4111 valet;
1496 4043 1701 4100 indices
1735 4051 1914 4096 tamen
1942 4041 2084 4095 litte-

497 4155 589 4194 ras
616 4138 888 4193 fraternus
927 4155 1081 4193 amor
1128 4138 1230 4193 sibi
1285 4145 1471 4191 mutuo
1517 4135 1795 4204 dirigeret.
1841 4133 1981 4199 Quid
2018 4132 2084 4186 de

496 4230 667 4300 gloria
691 4236 1002 4283 sanctorum
1026 4228 1311 4282 dicendum
1352 4225 1544 4294 putas?
1569 4224 1657 4278 ubi
1684 4222 1828 4276 nulla
1857 4222 2086 4276 tarditas

495 4320 727 4374 sarcina:
755 4317 1050 4387 corporalis
1078 4317 1179 4386 pia:
1207 4315 1468 4372 voluntati
1495 4314 1728 4378 obsistit,
1756 4313 1906 4382 quin,
1942 4313 2085 4383 quod

580 4475 736 4545 127
765 4487 790 4514 ι
818 4470 1067 4545 Beseleel.
1093 4471 1211 4545 lloc
1238 4485 1430 4545 nomen
1458 4467 1787 4545 adsciti'tium
1813 4474 1957 4545 οδε-ει
1985 4464 2085 4522 Be-

504 4536 720 4600 sel'EEI-e'
749 4542 1185 4599 architectonice
1238 4538 1590 4610 peritissimo,
1637 4537 1810 4610 quem,
1882 4536 2090 4610 ngses

505 4615 866 4669 construendo
928 4607 1272 4666 tabernaculo
1327 4609 1546 4665 foederis
1600 4607 1842 4678 praefecit
1879 4607 2086 4679 (Exod.

508 4699 662 4746 nu,
692 4685 783 4748 36,
807 4685 892 4745 57,
919 4683 1072 4752 etc.).
1106 4681 1205 4735 Hic
1231 4696 1358 4735 vero
1397 4677 1676 4752 indigitari
1688 4677 1938 4752 "videtur
1967 4677 2093 4746 Egi-

507 4753 749 4833 ultardus
770 4753 946 4833 (ἷξεςᾏί
972 4749 1144 4833 Magni
1164 4752 1408 4833 notarius
1437 4751 1638 4832 etViL'e
1667 4749 1808 4833 illius
1837 4749 2090 4833 scriptor,

506 4823 604 4894 qui
633 4822 710 4876 rei
739 4817 1089 4894 tedilitﬁigein',
1113 4822 1260 4894 regio
1298 4821 1498 4894 palatio
1551 4819 1840 4894 praefectus
1886 4817 2009 4894 fuit,
2039 4827 2096 4872 ct

508 4889 793 5016 propterea
816 4908 849 4973 a
871 4889 1470 4974 Walafrido'Strabone
1520 4891 1684 4945 etiam
1716 4903 1910 4970 nomen
1938 4889 2097 4942 Bese-

530 4961 660 5016 eehs
689 4963 810 5016 tulit
837 4978 890 5015 In
919 4977 1177 5016 carmine.
1222 4962 1367 5016 quod
1401 4962 1467 5016 de
1491 4959 1681 5015 eodem
1714 4957 1976 5013 binharto
1998 4973 2095 5013 seu

530 4957 660 5017 eelis
689 4963 810 5016 tulit
837 4963 890 5015 in
919 4963 1177 5023 carmine,
1222 4962 1367 5032 quod
1401 4962 1467 5016 de
1491 4959 1681 5015 eodem
1714 4957 1976 5013 Einharto
1998 4973 2095 5013 seu

511 5032 818 5105 Eginhardo
843 5032 1080 5102 scripsit,
1114 5033 1183 5088 ibi
1213 5047 1227 5085 :

623 5148 740 5200 Nec
763 5150 920 5198 minor
940 5154 1015 5197 est
1040 5149 1200 5209 magni
1226 5146 1510 5195 reverentia
1538 5143 1697 5192 Patris
1721 5142 1941 5194 habenda

636 5211 869 5260 Beseleel
894 5210 1030 5258 fabre
1053 5208 1258 5270 primum
1285 5210 1368 5269 qui
1389 5208 1594 5270 percipit
1613 5219 1758 5256 omne

639 5274 889 5323 Artiticum
917 5281 1190 5336 pra-cautus
1207 5284 1345 5334 opus.

584 5378 613 5416 ιι
661 5377 985 5433 Punctorum
1012 5379 1392 5432 distinctiones.
1427 5375 1716 5431 Alcttinum
1759 5374 1981 5444 quidam
2005 5389 2100 5428 au-

517 5455 720 5501 ctorem
745 5447 932 5503 dicunt
953 5457 1297 5518 punctorum,
1331 5456 1622 5518 comatum
1637 5445 1978 5518 aliarumque
2004 5461 2102 5498 no-

517 5525 693 5587 tarum
715 5533 814 5585 pro
853 5515 1243 5587 distinguendis
1283 5518 1334 5572 in
1371 5516 1660 5571 scribendo
1683 5516 1987 5587 sententiis.
2021 5515 2099 5568 Ex

520 5586 621 5640 hut.
655 5584 770 5640 loCo
809 5596 956 5656 patet
995 5584 1118 5640 eum
1165 5589 1283 5641 illas
1311 5598 1467 5641 notas
1521 5588 1608 5640 diu
1647 5585 1918 5656 neglectas
1949 5599 2101 5656 revo-

517 5669 647 5733 care
676 5655 933 5734 tentasse,~
969 5665 1026 5708 et
1053 5667 1336 5734 propterea
1361 5657 1463 5734 sibi
1495 5672 1612 5706 cum.
1643 5655 1902 5708 Turonira
1936 5655 2098 5706 rusti-

522 5725 679 5780 citate
731 5724 968 5793 quotidie
991 5723 1331 5792 pugnandum
1363 5723 1547 5777 fuisse.

2095 3080 2143 3143 C

2115 4432 2166 4492 1)

2157 1861 2364 1910 meum,
2403 1852 2463 1899 ut
2488 1841 2605 1911 ejus
2628 1839 2940 1896 dulcissimo
2967 1836 3204 1906 alloquio
3235 1833 3611 1903 refrigerarem
3633 1829 3752 1884 ani—

2159 1953 2304 1994 mam
2361 1951 2560 1992 meam.
2592 1934 2701 1989 Sed
2734 1931 2862 2003 quia
2919 1928 3149 1986 necdum
3179 1927 3245 1982 de
3290 1925 3417 1979 nido
3460 1919 3752 1976 Juvavensi

2160 2027 2315 2101 [Cod.
2351 2025 2494 2090 Sal.,
2551 2019 2880 2093 Juuovense]
2933 2020 3049 2074 avis
3091 2025 3277 2087 optata
3307 2013 3575 2077 evolavit,
3626 2011 3753 2066 misi

2159 2119 2301 2172 hanc
2320 2113 2690 2169 invitatoriam
2713 2111 2789 2166 illi
2805 2108 3128 2171 chartulam,
3153 2112 3213 2159 ut
3232 2111 3478 2158 nostram
3495 2115 3758 2172 agnosce-

2161 2215 2245 2263 ret
2287 2204 2726 2277 prosperitatem,
2779 2199 2862 2256 vel
2890 2213 3040 2254 suam
3075 2196 3229 2252 nobis
3267 2192 3615 2264 praesentiam
3662 2191 3758 2247 de-

2162 2303 2496 2352 monstraret
2545 2293 2740 2366 [Edit.,
2767 2287 3120 2360 designaret].
3175 2285 3376 2340 Fidelis
3429 2283 3636 2339 amicus
3666 2283 3757 2338 diu

2163 2388 2445 2458 quaeritur,
2475 2385 2566 2440 vix
2591 2383 2882 2444 invenitur,
2910 2376 3128 2434 difﬁcile
3159 2382 3435 2438 servatur;
3462 2371 3616 2442 cujus
3643 2370 3761 2428 dul-

2164 2480 2297 2535 cedo
2313 2491 2504 2534 omnes
2532 2473 2711 2530 saeculi
2739 2467 3361 2542 superatjucunditates.
3392 2462 3534 2532 Quid
3555 2461 3761 2518 divitia:

2165 2573 2283 2630 sine
2306 2569 2533 2628 amicis?
2565 2568 2776 2624 Avarus
2807 2579 3000 2621 aurum
3021 2561 3211 2635 quaerit
3240 2574 3255 2615 :
3286 2558 3355 2614 Et
3374 2555 3506 2628 quid
3529 2555 3583 2611 in
3603 2570 3756 2617 auro,

2165 2665 2272 2721 nisi
2299 2663 2508 2734 species
2536 2661 2706 2716 vana?
2728 2661 2918 2716 Nonne
2937 2672 3076 2712 unus
3104 2654 3262 2725 panis
3277 2649 3537 2708 esurienti
3566 2645 3761 2703 melior

2169 2766 2272 2822 est,
2297 2771 2460 2826 quam
2488 2770 2645 2810 mons
2670 2752 2899 2808 aureus?
2926 2750 3132 2804 Aurum
3158 2746 3415 2818 prodesse
3437 2749 3617 2815 potest
3637 2741 3766 2796 dan-

2171 2849 2247 2915 ti,
2277 2864 2385 2902 non
2414 2845 2732 2916 possidenti.
2770 2843 2894 2899 ideo
2943 2842 3134 2896 demus
3159 2837 3376 2893 divitias
3405 2835 3460 2890 in
3474 2831 3761 2904 .prtesenti,

2169 2949 2226 2995 ut
2266 2941 2319 2995 in
2361 2938 2544 2994 futuro
2600 2935 2972 3006 possideamus
3023 2930 3163 2985 illas.
3205 2927 3344 2982 Nam
3369 2923 3621 2996 pauperis
3651 2936 3767 2976 ma-

2172 3051 2274 3089 nus
2303 3029 2746 3102 gazophylacium
2777 3034 2862 3082 est
2885 3023 3111 3081 Christi.
3143 3020 3332 3076 Nullus
3353 3017 3547 3073 melior
3578 3023 3770 3071 custos

2173 3125 2485 3180 divitiarum
2551 3129 2638 3176 est
2701 3135 2863 3190 quam
2924 3117 3194 3172 Christus.
3252 3111 3630 3167 Prolicientem
3669 3116 3769 3171 te,

2174 3217 2492 3274 charissime
2514 3214 2700 3277 frater,
2719 3211 2900 3266 divina
2914 3208 3206 3264 auxilietur
3220 3204 3393 3278 gratia
3411 3203 3465 3258 in
3479 3209 3765 3267 :etemum.

2589 3326 2752 3397 128
2789 3336 2812 3363 ε
2853 3319 3188 3378 EPISTOLA
3225 3316 3355 3373 Clll.

2793 3409 2859 3449 AD
2899 3405 3168 3447 ARNONEI.

2812 3464 2990 3537 (Anno
3009 3461 3160 3531 800.)

2178 3560 2265 3615 Ea;
2281 3559 2466 3614 litteris
2489 3559 2553 3612 ab
2579 3558 2791 3625 Arnone
2813 3554 3034 3625 acceptis
3058 3551 3203 3625 illius
3223 3548 3478 3625 reditum;
3501 3545 3637 3600 nihil
3653 3564 3776 3601 vero

2247 3630 2312 3684 de
2335 3629 2451 3684 novi
2478 3627 2656 3699 populi
2681 3618 3102 3699 Christianitate,
3129 3619 3257 3699 nihil
3273 3618 3516 3699 deipsius
3537 3633 3779 3699 commo—

2250 3687 2488 3763 ratione,
2518 3687 2649 3752 nihil
2691 3696 2756 3750 de
2791 3713 2880 3767 spe
2924 3687 3095 3749 mutui
3127 3687 3389 3762 colloquii,
3423 3687 3561 3759 quod
3591 3696 3779 3740 tamen

2250 3770 2400 3826 valde
2423 3777 2653 3840 exoptat,
2680 3766 2920 3838 percipit.

2257 3859 2613 3916 Sanctissimo
2633 3855 2874 3929 pontiﬁci
2898 3864 2954 3912 et
2978 3854 3291 3911 dulcissimo
3315 3852 3426 3907 lilio
3445 3849 3654 3920 Aquila:
3678 3848 3778 3901 Al-

2183 3953 2344 4008 binus
2369 3950 2620 4006 salutem.

2257 4039 2620 4096 Suavissimas
2647 4037 2954 4094 dilectionis
2989 4044 3184 4091 vestra:
3221 4033 3405 4104 accepi
3453 4033 3682 4094 litteras,
3724 4038 3782 4085 et

2185 4132 2340 4188 laetus
2365 4132 2430 4186 de
2450 4131 2725 4202 agnitione
2749 4129 3128 4200 prosperitatis
3156 4137 3211 4182 et
3232 4124 3558 4182 reversionis
3583 4131 3781 4178 vestrae

2187 4223 2429 4293 legebam
2455 4236 2585 4285 eas;
2638 4230 2960 4291 exspectans
2986 4220 3115 4290 quid
3145 4217 3249 4274 illa;
3280 4217 3411 4272 mihi
3467 4215 3782 4270 nuntiarent

2193 4313 2211 4353 ί
2240 4315 2306 4370 de
2328 4313 2519 4370 novelli
2542 4313 2721 4384 populi
2752 4312 3174 4369 Christianitate.
3209 4319 3264 4365 et
3293 4310 3358 4365 de
3387 4324 3567 4363 rerum
3589 4307 3660 4362 ibi
3688 4321 3781 4376 ge-

2263 4474 2284 4501 ε
2328 4462 2470 4516 Edit.
2502 4462 2754 4528 Quot-cet.
2780 4461 2875 4527 66,
2928 4461 3122 4517 collata
3178 4476 3301 4516 cum
3355 4458 3565 4513 duobus
3615 4454 3778 4510 codd.

2193 4548 2323 4613 mss.
2341 4532 2556 4613 Salisb.
2580 4531 2836 4613 (Froben.
2866 4533 3026 4613 epist.
3064 4531 3208 4613 ille).

2260 4601 2289 4642 (ι
2341 4600 2560 4656 Veniens
2589 4598 2871 4656 ueniebam.
2900 4598 3206 4658 'llansiziu's
3249 4606 3435 4656 censet
3479 4598 3781 4660 Arnonem,

2193 4687 2336 4754 anno
2363 4672 2466 4726 799
2484 4687 2524 4754 ‘e
2554 4673 2832 4754 Pannonia
2870 4689 3187 4754 reversum,
3229 4671 3518 4754 consilium
3551 4667 3788 4754 etepisse

2194 4742 2262 4797 ad
2287 4743 2677 4798 monasterium
2707 4743 3012 4799 Elnonense
3040 4743 3098 4798 S.
3129 4742 3359 4797 Amandi
3392 4737 3678 4802 invisendi,
3704 4737 3789 4793 id-

2194 4829 2300 4895 que
2323 4820 2479 4866 antea
2509 4829 2606 4895 per
2634 4813 2846 4895 litteras
2865 4814 3092 4895 Alcuino
3114 4812 3467 4895 signiﬁcasse,
3493 4808 3636 4878 quod
3674 4807 3790 4890 eol-

2196 4879 2287 5005 ligi
2311 4898 2469 4964 posse
2502 4879 2654 4952 putat
2689 4886 2772 4938 vir
2800 4884 3136 4940 clarissimus
3161 4879 3227 4938 ἑκ
3255 4881 3484 4952 epistola
3510 4879 3786 4949 sequenti.

2197 4954 2238 5005 Α
2265 4969 2456 5005 eumus
2477 4954 2680 5005 itaque.
2706 4955 2804 5005 ait.
2837 4971 2893 5005 se
2922 4955 3124 5005 interea
3143 4955 3210 5005 ad
3238 4950 3620 5005 monasterium
3653 4947 3786 5003 illud

2197 4947 2456 5037 Alei-linus
2477 4947 2680 5037 itaque,
2706 4955 2809 5037 ait,
2837 4955 3125 5037 seAinterea
3143 4955 3210 5009 ad
3238 4947 3620 5037 monasterium
3653 4947 3792 5003 illud

2197 5023 2464 5089 contulit;
2504 5023 2722 5094 etquod
2777 5026 2850 5080 ibi
2882 5025 3156 5082 Arnouem
3197 5024 3432 5078 nondum
3485 5027 3787 5094 repererat.

2196 5088 2458 5166 eumdem
2489 5088 2775 5166 per—hanc
2829 5097 3110 5164 epistolam
3175 5110 3365 5149 rursus
3422 5088 3789 5166 compellavit.

2199 5165 2314 5235 Ego
2343 5181 2471 5221 vero
2491 5160 2786 5234 utramque
2827 5160 3110 5234 epistolam
3142 5167 3207 5219 ad
3236 5179 3436 5218 annum
3486 5160 3591 5235 899
3620 5161 3795 5229 perti-

2199 5231 2352 5301 nere,
2386 5244 2440 5290 et
2469 5237 2628 5298 hanc,
2683 5231 2974 5303 antequam
3001 5238 3149 5291 Arno
3179 5235 3496 5302 Salisburgo
3525 5231 3796 5303 discesse-

2204 5315 2286 5390 rat
2316 5321 2330 5370 ;
2381 5314 2694 5390 sequentem
2751 5301 2911 5390 vero,_
2938 5307 3066 5360 dum
3104 5308 3151 5362 is
3202 5306 3314 5374 jam
3346 5306 3400 5360 in
3436 5301 3795 5390 imoqasterio

2201 5371 2491 5430 Elnonensi
2530 5376 2838 5438 advenerat,
2879 5377 3062 5431 datam
3088 5371 3445 5433 esse'censeo.
3473 5371 3606 5427 Vide
3632 5379 3797 5425 notas

2201 5445 2442 5496 cpistola:
2476 5445 2767 5496 sentientis.

2200 5453 2801 5596 ῗρζὸιὲἳίῗιῗ
2829 5516 2952 5596 Pe_z_.
2980 5519 3034 5573 5.
3085 5516 3339 5596 (Froben.
3367 5515 3480 5586 87).
3522 5514 3795 5568 Emenda-

2201 5585 2309 5656 tior
2334 5600 2476 5656 nunc
2499 5585 2680 5656 prodit
2708 5602 2774 5641 ex
2810 5588 2965 5643 codd.
2999 5585 3130 5643 mss.
3158 5588 3354 5644 Salisb.

2280 5653 2298 5692 τ
2347 5653 2633 5737 penovelli
2665 5657 2850 5737 populi
2897 5657 3426 5737 .ChristianitateL‘llc
3467 5655 3798 5737 lipunorunt

2204 5725 2397 5794 populo
2435 5726 2534 5782 ista
2565 5725 2785 5797 accipio,
2819 5727 2909 5798 qui
2936 5744 3076 5783 anno
3105 5729 3272 5799 priori
3306 5728 3409 5784 799
3439 5746 3469 5782 α
3497 5727 3605 5798 [ide
3629 5740 3796 5790 σκαηι
