4070 6182
303 290 406 357 3ιῖ

1746 289 2126 351 ΕΡΙΒΤΟΒᾸΞ.

3470 298 3576 354 318

304 427 516 473 starum
540 407 808 482 profectu.
838 409 943 464 Sed
959 407 1093 462 nihil
1124 407 1189 463 de
1212 407 1298 463 his
1325 406 1524 460 inveni.
1552 404 1776 470 Tamen,
1800 421 1896 460 vo-
1921 413 1971 468 Α
1999 415 2102 462 tas.
2128 407 2234 463 Sed
2256 409 2382 477 quia
2413 423 2572 479 spero
2597 411 2704 467 cito
2732 427 2848 477 vos,
2886 413 3178 470 miserante
3206 415 3338 481 Deo,
3369 415 3572 474 videre.

306 511 454 564 lente
473 506 603 569 Deo,
629 504 846 558 visurus
869 515 986 564 vos,
1017 499 1102 555 vel
1135 499 1458 554 necessitate
1483 506 1702 553 coactus
1723 498 1892 553 habes
1934 495 1936 497 ’

305 599 490 673 [Pez.,
517 593 763 668 habebis]
785 596 986 660 dicere,
1009 593 1152 664 quod
1167 591 1408 649 chartula
1431 591 1690 648 conticuit
1713 590 1889 663 [Pez.,

305 687 594 761 continet].
623 688 754 742 Item
776 701 1026 756 quaerens
1044 685 1098 739 in
1125 684 1252 750 illis,
1278 690 1478 754 quanto
1504 690 1745 752 tempore
1766 681 1896 736 bea-

307 779 527 837 titudini
560 787 668 834 tua:
697 778 753 833 in
810 776 895 832 bis
921 776 1163 846 partibus
1209 783 1352 830 esset
1400 770 1758 827 manendum?
1788 769 1892 824 Sed

304 887 487 944 neque
512 871 616 926 hoc
655 868 854 923 inveni.
875 868 1002 923 ideo
1042 865 1298 921 incertior
1329 865 1395 920 de
1419 863 1683 934 colloquio
1707 870 1894 916 nostro

307 961 508 1025 factus,
531 960 660 1028 quid
680 959 1060 1014 demandarem
1078 958 1102 1010 ?
1118 957 1319 1011 Tamen
1333 956 1378 1011 si
1400 970 1571 1025 usque
1587 953 1654 1008 ad
1684 953 1893 1008 Pascha

305 1051 469 1107 liceat
501 1049 597 1105 tibi
628 1049 681 1103 in
703 1048 1032 1103 monasterio
1059 1046 1370 1118 (Elnnnensi
1399 1045 1456 1101 S.
1482 1045 1710 1100 Amandi
1733 1054 1793 1099 ut
1813 1045 1896 1098 in-

306 1141 414 1212 fra)
444 1154 781 1210 permanere,
828 1138 1052 1193 forsitan
1085 1139 1225 1192 intra
1255 1136 1732 1207 Quadragesimam
1758 1135 1893 1190 visi-

307 1244 488 1287 temus
529 1241 583 1286 te
626 1232 680 1285 in
726 1230 922 1284 lectulo
949 1229 1260 1284 deliciarum
1308 1226 1566 1301 [tuarum]
1595 1229 1887 1282 sedentem.

304 1323 423 1394 Ego
440 1337 569 1377 vero
589 1323 806 1392 ignarus
828 1321 1004 1375 adhuc
1021 1334 1140 1374 sum
1162 1319 1229 1374 de
1252 1319 1445 1374 itinere
1460 1334 1581 1374 meo
1602 1317 1776 1390 [Pez.,
1803 1319 1893 1372 de-

305 1417 485 1471 tinere
512 1413 620 1486 me]
649 1421 869 1483 propter
896 1410 1113 1475 famam,
1142 1425 1260 1480 quae
1285 1410 1475 1465 volitat
1502 1425 1600 1480 per
1622 1424 1716 1464 ora
1764 1409 1896 1462 mul-

305 1515 509 1569 torum,
538 1515 563 1543 ι
597 1518 780 1574 regem
825 1501 1087 1556 orationis
1119 1501 1294 1570 gratia
1319 1501 1492 1556 sancti
1521 1499 1736 1554 Martini
1767 1499 1896 1554 visi-

305 1605 426 1649 tare
448 1593 771 1664 patrocinia,
798 1601 852 1647 et
881 1592 1013 1647 mihi
1051 1592 1345 1647 necessitas
1383 1591 1684 1656 incumbit,
1745 1591 1895 1645 illum

303 1696 554 1759 spectare
578 1684 693 1758 [F.,
721 1681 1118 1755 exspectarei],
1154 1683 1557 1753 hospitiumque
1587 1697 1896 1752 praeparare

303 1776 524 1832 domino
552 1790 674 1829 meo
695 1774 1066 1830 dilectissimo.
1108 1773 1176 1828 Et
1198 1775 1404 1828 utinam
1436 1775 1672 1830 volasset
1698 1775 1892 1844 Aquila

303 1868 448 1922 inter
477 1875 700 1920 caeteros
726 1873 1037 1920 sanctarum
1060 1865 1339 1919 volucrum
1370 1873 1542 1920 cattus
1583 1863 1800 1936 [usque]
1828 1865 1894 1920 ad

301 1956 636 2026 piscationes
663 1955 842 2024 Ligeri
883 1953 1149 2009 fluminis!

374 2048 649 2102 Mandavit
672 2047 802 2102 mihi
817 2063 1030 2117 quoque
1046 2047 1275 2104 domnus
1287 2064 1379 2104 rex
1403 2050 1590 2105 venire
1613 2050 1680 2104 ad
1693 2049 1890 2122 Gyslaz,

301 2139 660 2196 sanctissimae
683 2139 887 2194 sororis
914 2155 1024 2194 sua:
1044 2140 1348 2195 ccenobium
1371 2139 1524 2212 [Cod.
1553 2139 1693 2206 Sul.,
1733 2141 1894 2211 Gysla

444 2233 623 2289 sorori
749 2233 817 2288 ad
838 2232 1164 2305 ccenobium]
1193 2231 1365 2288 bGale
1389 2231 1542 2307 [ϐοά.
1579 2232 1718 2298 Sal.,
1743 2231 1893 2306 Cale]

301 2326 514 2381 obviam
543 2323 889 2394 Angilberto;
919 2323 1014 2379 sed
1056 2323 1244 2394 ignoro
1275 2324 1450 2378 adhuc
1475 2325 1689 2393 quando
1716 2324 1892 2396 [Pez.,

303 2416 595 2489 quomodo]
619 2418 723 2472 hoc
745 2417 862 2472 fieri
893 2417 1107 2472 debeat.
1152 2416 1208 2472 Si
1255 2425 1380 2472 ante
1407 2419 1551 2488 regis
1581 2417 1894 2490 [adventum

303 2512 405 2566 hoc
432 2509 560 2581 erit]
613 2509 946 2574 condictum,
980 2517 1108 2563 tunc
1150 2510 1336 2564 venies
1367 2510 1525 2565 nobis
1557 2511 1769 2566 obviam
1827 2511 1895 2564 ad

305 2613 327 2640 ο
347 2602 625 2656 Coisacam
652 2600 828 2655 sancti
856 2599 1114 2670 Stephani
1144 2599 1339 2655 cellam
1377 2610 1432 2656 et
1474 2599 1625 2674 [Pez.
1648 2641 1662 2666 ,
1688 2599 1793 2671 vel]
1826 2599 1895 2655 ad

302 2691 354 2764 [ε1
377 2692 700 2747 Noviantum
727 2689 1032 2762 Curtulum]
1057 2700 1321 2746 nostrum.
1353 2689 1459 2745 Sed
1489 2689 1683 2746 festina
1701 2691 1897 2746 rescri-

300 2785 430 2840 bere
455 2784 610 2847 mihi,
639 2790 900 2852 quantum
929 2781 1045 2836 fieri
1091 2790 1268 2851 potest
1302 2780 1456 2854 [Cod.
1488 2781 1631 2847 Sal.,
1659 2781 1892 2854 posses],

303 2880 514 2941 tempus
543 2870 842 2924 mansionis
890 2878 996 2924 tua:
1041 2868 1182 2938 apud
1215 2875 1461 2923 sanctum
1489 2867 1811 2934 Amandum,
1843 2877 1896 2924 et

301 2963 430 3033 quid
458 2974 481 3002 ε
513 2962 782 3017 Leidrado
819 2960 973 3034 [Cod.
1024 2960 1171 3026 Sal.,
1223 2960 1511 3034 Laidrado]
1569 2963 1895 3017 demandare
1925 3020 1931 3024 _

301 3055 456 3108 velis.
485 3055 590 3108 Vix
620 3054 773 3118 vivit,
804 3053 848 3107 si
871 3051 1036 3107 facies
1062 3059 1276 3106 nostras
1301 3067 1408 3106 non
1431 3051 1633 3107 videbit
1667 3053 1889 3123 pariter.

302 3144 432 3202 Fuit
463 3145 607 3199 enim
657 3151 774 3199 toto
827 3159 970 3199 anno
1023 3142 1270 3197 infirmus
1299 3142 1492 3207 valde,
1543 3150 1599 3197 et
1634 3143 1893 3197 dissoluta

303 3235 486 3289 anima
514 3251 610 3290 sua
643 3233 796 3306 [Cod.
827 3233 943 3289 Sal.
964 3275 979 3298 ,
1014 3235 1204 3288 animm
1227 3232 1362 3306 sum]
1403 3233 1690 3288 consiliare
1714 3234 1897 3289 nobis-

302 3344 433 3382 cum
488 3328 655 3395 cupit.
710 3326 871 3380 Multa
906 3327 1064 3390 bona,
1100 3327 1270 3398 gloria
1319 3327 1460 3382 Deo!
1495 3327 1658 3382 habet
1690 3327 1744 3381 in
1793 3327 1897 3382 illis

303 3417 560 3487 partibus
582 3415 740 3471 facta.
761 3417 981 3472 Dubitat
1006 3432 1133 3471 vero
1153 3434 1220 3471 an
1254 3418 1444 3472 melius
1471 3418 1541 3473 sit
1569 3419 1816 3474 laborare
1840 3419 1896 3472 in

301 3509 709 3580 praedicationis
736 3509 1055 3573 ministerio,
1099 3509 1183 3564 vel
1209 3510 1449 3579 quietam
1470 3511 1669 3566 ducere
1695 3512 1897 3567 vitam?

305 3600 413 3656 Sed
442 3602 644 3657 certius
672 3603 739 3656 ab
762 3601 853 3657 illo
883 3602 1021 3673 ipso,
1049 3603 1396 3673 permittente
1427 3604 1557 3669 Deo,
1605 3605 1719 3660 haec
1745 3605 1898 3659 audi-

305 3695 411 3746 turi
441 3693 670 3748 erimus.
702 3692 948 3748 Mandavi
981 3709 1077 3763 per
1110 3694 1322 3750 litteras
1345 3696 1510 3749 ctiam
1532 3736 1546 3759 ,
1601 3705 1656 3750 ct
1702 3697 1898 3765 saepius

304 3785 425 3838 viva
463 3797 598 3839 voce
621 3825 636 3849 ,
696 3782 956 3839 fratribus
988 3783 1007 3822 τ
1043 3785 1216 3839 sancti
1262 3784 1502 3840 Servazii
1556 3785 1712 3858 [Cod.
1745 3785 1891 3851 Sal.,

308 3873 567 3945 Servasii]
600 3883 706 3928 tua:
728 3875 933 3929 servire
959 3875 1291 3940 auctoritati,
1336 3876 1477 3930 sicut
1513 3886 1568 3932 et
1595 3877 1748 3931 mihi.

373 3967 538 4020 Plura
576 3966 676 4020 tibi
730 3965 1024 4021 scriberem
1072 3965 1139 4020 de
1183 3975 1368 4022 saneta
1395 3967 1795 4036 praedicationis
1822 3969 1898 4023 in-

309 4061 526 4122 stantia,
555 4067 612 4113 et
637 4059 702 4112 de
726 4059 1010 4112 honestate
1036 4074 1247 4113 morum
1287 4059 1430 4115 inter
1459 4075 1698 4130 paganos
1723 4077 1737 4125 ;
1769 4061 1896 4130 quia

309 4149 736 4205 conversationis
763 4149 998 4220 dignitas
1025 4149 1160 4204 solet
1181 4163 1276 4204 eos
1304 4149 1521 4204 erudire
1557 4153 1611 4205 in
1637 4151 1898 4218 praedica-

308 4241 519 4297 toribus
548 4239 682 4314 [Αι.,
711 4239 1228 4312 pmdicationibus],
1269 4241 1410 4296 sicut
1437 4242 1728 4296 verborum
1755 4243 1898 4298 veri-

309 4419 417 4488 regi
445 4417 760 4488 promiserat
797 4414 1012 4488 defecit,
1049 4423 1110 4470 ut
1133 4414 1415 4488 annalista:
1442 4423 1753 4488 test-untur.
1790 4416 1892 4470 Ar-

310 4485 466 4542 nonis
495 4489 754 4541 intererat
774 4486 1076 4556 providere,
1115 4502 1183 4540 ne
1219 4485 1380 4541 simul
1431 4485 1586 4541 fidem
1627 4486 1738 4540 Deo
1763 4502 1891 4556 pro-

309 4557 835 4682 missalmbdesereret
860 4573 874 4622 ;
912 4572 1033 4626 qua:
1064 4571 1151 4611 res
1179 4558 1341 4612 etiam
1381 4556 1665 4611 Alcuinum
1688 4557 1891 4612 sollici-

309 4639 420 4682 tum
493 4643 524 4681 a
565 4636 664 4682 mt.

309 4639 420 4682 tum
454 4628 664 4682 habuit.

377 4713 402 4738 ι
447 4697 640 4766 Regem
665 4698 918 4752 orationis
944 4697 1114 4766 gratia
1144 4695 1202 4751 S.
1237 4695 1456 4750 Martini
1487 4697 1696 4750 visitare
1719 4708 1892 4766 patro-

377 4715 402 4738 ι
447 4715 526 4752 ne
561 4715 640 4752 em
665 4715 918 4752 orationis
944 4715 1114 4766 grana
1144 4715 1202 4751 ι).
1237 4715 1454 4750 marum
1487 4715 1696 4750 visitare
1719 4715 1888 4766 parro-

308 4770 466 4822 n’m’a.
501 4715 633 4823 [Huc
660 4785 758 4823 rex
811 4768 975 4822 etiam
1007 4767 1153 4820 venit
1183 4782 1326 4819 anno
1373 4767 1478 4820 800
1509 4775 1635 4836 post
1662 4766 1888 4822 Pascha.

308 4838 782 4921 lndepmsentem
819 4837 1098 4907 epistolam
1124 4837 1190 4891 ad
1222 4837 1364 4890 hunc
1411 4853 1613 4892 annum
1651 4849 1896 4907 spectare

309 4924 600 5033 ωῗμὲιῗίε.
639 4979 846 5034 Gallice
871 4975 1046 5031 Chelle
1066 4975 1132 5030 ad
1174 4992 1388 5031 amnem
1423 4977 1608 5032 Marne
1660 4991 1896 5034 quatuor

308 5048 631 5120 milliaribus
651 5051 857 5120 distans
873 5047 1115 5102 Parisiis.
1145 5047 1266 5102 Vid.
1290 5047 1449 5118 epist.
1475 5050 1542 5104 ad
1564 5047 1782 5120 Gyslam
1811 5068 1898 5106 so-

309 5135 489 5173 rorem
520 5119 698 5191 Caroli
729 5119 925 5191 Magni.

379 5201 408 5264 εξ
445 5187 840 5264 Αάᾐϐοἰε-ᾳςηνηί
863 5192 922 5246 S.
952 5192 1206 5264 Stephani
1219 5188 1424 5244 cellam.
1463 5187 1668 5244 Gallice
1682 5189 1892 5262 Cltoisy.

307 5259 429 5312 Vid.
447 5261 736 5333 _cpis_t.__5‘2
764 5263 929 5330 (nunc
948 5259 1060 5333 65),
1085 5263 1150 5333 ad
1182 5261 1478 5333 Arnonem.

382 5330 928 5401 1294Noviamum
950 5330 1249 5388 Curtulum.
1282 5332 1337 5386 ln
1365 5331 1484 5387 cod.
1512 5331 1898 5401 Benedictohu-

304 5399 558 5455 ranovox
581 5400 901 5472 Noniantum
930 5404 1098 5467 deest,
1128 5417 1287 5472 quam
1305 5401 1668 5456 Hansiziusex
1686 5399 1898 5469 conjec-

306 5477 429 5543 tura
453 5471 707 5543 supplere
735 5474 923 5528 volens
952 5471 1230 5528 substituit
1259 5472 1494 5526 Baralla.
1513 5472 1618 5527 Sed
1642 5475 1764 5526 cod.
1793 5487 1892 5525 ms.

302 5538 908 5614 Salisbfe—onjecturam
935 5545 1149 5599 evertit.
1169 5544 1261 5597 Est
1283 5559 1410 5598 vero
1434 5543 1779 5614 Noviautum,
1802 5559 1894 5597 seu

301 5619 362 5664 ut
388 5613 440 5666 in
468 5613 657 5668 charta
684 5614 862 5669 Caroli
896 5614 1092 5685 Magni,
1125 5629 1222 5685 pro
1245 5614 1570 5685 monasterio
1594 5613 1894 5668 Turonensi

301 5699 449 5737 anno
483 5685 588 5736 770
612 5686 760 5747 data,
789 5683 1102 5740 nominatur
1127 5683 1426 5736 Norieutus
1454 5683 1576 5737 villa
1603 5699 1770 5752 prope
1798 5685 1896 5738 Pa-

300 5754 468 5810 risios
497 5755 565 5810 ad
589 5771 801 5810 amnem
845 5755 1048 5810 .llamc.
1081 5755 1196 5811 V'id.
1249 5752 1484 5810 Martcue
1526 5755 1746 5811 Collect.
1782 5771 1892 5808 aut-

1923 4458 1972 4518 D

1995 497 2188 552 melius
2216 498 2332 552 haec
2355 499 2706 569 colloquendo
2726 503 2909 570 putavi
2939 503 3202 568 conferre,
3249 519 3410 574 quam
3438 507 3575 561 scri-

1993 588 2170 642 bendo
2189 589 2546 644 innotescere.
2574 589 2683 645 Nec
2711 591 2971 661 maiorem
3000 593 3250 648 ardorem
3280 595 3444 649 habet
3469 596 3578 649 ani-

1996 692 2115 731 mus
2143 687 2350 742 vester,
2379 694 2540 748 quam
2572 695 2724 736 meus
2745 682 2995 752 colloquii
3019 683 3208 738 nostri.
3257 684 3382 739 Ideo
3424 699 3578 755 roge-

1996 779 2117 817 mus
2144 765 2236 817 Dei
2260 765 2622 832 elementiam,
2657 777 2716 822 ut
2746 771 3007 824 concedat
3034 773 3190 827 nobis
3214 773 3268 827 in
3290 788 3386 828 sua
3413 775 3580 828 mise-

1996 854 2249 920 ricordia,
2302 866 2358 910 et
2385 857 2439 910 in
2480 867 2664 913 nostra
2699 862 3058 929 prosperitate
3087 863 3271 918 videre
3324 880 3422 919 nos
3469 864 3580 919 cito

1996 946 2134 1003 facie
2157 949 2222 1001 ad
2250 947 2462 1004 faciem.
2497 949 2682 1005 Gratia
2720 953 2931 1007 Domini
2957 956 3126 1009 nostri
3146 953 3272 1009 Jesu
3303 954 3502 1010 Christi
3525 963 3582 1010 te

1996 1040 2210 1094 inomni
2231 1040 2472 1094 bonitate
2493 1041 2758 1110 prolicere
2780 1041 2962 1107 faciat,
2985 1043 3058 1096 fili
3077 1044 3394 1098 charissime
3422 1042 3576 1112 (Cod.

1997 1130 2170 1196 llab.,
2203 1131 2640 1186 reverentissime
2666 1132 2872 1204 pater)!
2917 1132 3158 1205 [Amcn.]

2499 1272 2524 1309 ε
2555 1267 2891 1325 EPISTOLA
2927 1268 3058 1325 CIV.

2599 1398 2667 1436 AD
2703 1396 2974 1437 ARNONEI.

2551 1471 2728 1540 (Anno
2764 1470 3017 1543 incerto.)

1996 1591 2154 1664 Dolet
2189 1593 2251 1646 ob
2297 1592 2495 1662 [rustra
2541 1602 2889 1662 exspectatam
2935 1593 3162 1664 Arnom's
3207 1594 3580 1664 prmerttiam;

2066 1661 2299 1743 dolorem
2324 1679 2439 1743 vero
2462 1661 2666 1743 mitigat
2691 1663 2932 1743 suspiriis
2958 1663 3027 1716 ad
3048 1661 3274 1743 patrium
3305 1661 3578 1718 cwlestem.

1923 1756 1973 1817 Β
2070 1732 2295 1786 Munera
2322 1733 2390 1785 ad
2418 1750 2472 1786 se
2499 1733 2660 1786 missa
2686 1732 2805 1786 ιωιο
2843 1735 3019 1786 animo
3049 1732 3258 1804 accipit.

2069 1843 2402 1898 Dulcissimae
2467 1842 2774 1897 dilectionis
2829 1843 2980 1898 Patri
3039 1843 3269 1915 [Aquilae
3327 1843 3580 1914 antistiti]

1998 1936 2398 1990 transmarinus
2447 1934 2667 2006 Cygnus
2711 1936 2765 1990 in
2814 1944 3016 1990 sancta:
3068 1936 3350 1991 cbaritatis
3391 1937 3582 2005 pennis

1996 2037 2308 2098 perpetuam
2336 2027 2590 2082 salutem.

2069 2143 2317 2214 Spectavi
2369 2142 2516 2215 [Leg.
2565 2141 2922 2213 exspectavi],
2951 2139 3180 2211 speravi.
3212 2137 3460 2210 optabam
3490 2155 3502 2190 :
3529 2145 3582 2191 et

1996 2235 2154 2290 ecce!
2193 2249 2352 2304 quem
2393 2233 2649 2304 spectavi,
2694 2247 2800 2286 non
2833 2231 3013 2286 venit:
3038 2239 3093 2284 et
3137 2245 3297 2299 quem
3346 2227 3580 2297 speravi,

1997 2342 2105 2380 non
2148 2325 2488 2380 eonsideravi
2518 2342 2530 2377 :
2560 2339 2721 2393 quem
2769 2321 3042 2392 optabam,
3085 2336 3190 2375 non
3229 2318 3580 2390 accipiebam.

1997 2419 2278 2473 Frustrata
2310 2425 2394 2472 est
2423 2415 2776 2485 exspectatio,
2809 2421 3068 2468 evacuata
3094 2421 3178 2466 est
3206 2427 3348 2481 spes.
3387 2410 3453 2464 Et
3481 2410 3584 2464 uti-

1998 2526 2122 2565 nam
2165 2524 2266 2582 pro
2305 2523 2400 2578 spe
2446 2515 2591 2562 esset
2637 2505 2953 2576 prresentia!
2993 2520 3136 2559 nunc
3182 2514 3325 2559 esset
3368 2504 3583 2573 plenum

1997 2601 2272 2672 gaudium.
2323 2599 2449 2664 Sed,
2500 2600 2636 2669 proh
2679 2597 2859 2653 dolor!
2891 2612 2990 2666 pro
3026 2605 3337 2666 exspectata
3378 2596 3580 2658 laetitia,

1999 2694 2218 2749 tristitia
2259 2693 2538 2762 inopinata
2587 2690 2876 2761 subrepsit.
2931 2689 3222 2744 lnfclicitas
3267 2694 3386 2744 mea
3430 2690 3586 2745 vobis

2000 2783 2154 2856 [Cod.
2185 2781 2327 2847 Sal.,
2363 2781 2540 2854 nobis]
2581 2782 2723 2835 viam
2765 2779 3035 2835 obstruxit
3063 2779 3329 2842 veniendi,
3369 2789 3423 2834 et
3448 2778 3582 2834 mihi

1998 2877 2326 2932 hilaritatem
2393 2875 2613 2930 abstulit
2667 2873 2955 2943 gaudendi.
3010 2873 3149 2940 Quid
3202 2871 3367 2927 facies
3423 2873 3584 2926 modo

1998 2983 2151 3023 meus
2192 2967 2458 3022 eharitate
2511 2965 2835 3020 vulnerata?
2875 2974 3028 3019 estne
3072 2963 3289 3033 aliquod
3333 2963 3583 3018 solatium

1999 3059 2142 3129 quod
2165 3066 2375 3112 tantum
2404 3057 2598 3111 vulnus
2637 3055 2721 3110 vel
2766 3055 2982 3125 aliquod
3023 3053 3324 3109 rcfocillare
3369 3055 3586 3109 valeat?

1998 3154 2080 3208 An
2112 3168 2262 3223 spem
2289 3150 2442 3221 quasi
2471 3149 2664 3206 falsum
2702 3148 2922 3202 omnino
2961 3163 2990 3200 a
3035 3155 3086 3200 te
3135 3145 3348 3216 repellis
3393 3160 3586 3201 conso-

1999 3244 2269 3301 latorem?
2325 3242 2408 3297 An
2462 3243 2604 3296 inter
2670 3241 2921 3296 tenebras
2970 3247 3074 3294 tua:
3117 3239 3381 3303 miseria),
3431 3239 3586 3308 quasi

1998 3335 2288 3392 scintillam
2331 3332 2609 3402 cujusdam
2659 3333 2901 3388 ardentis
2951 3331 3198 3394 ﬂammae,
3251 3331 3445 3385 iterum
3487 3331 3587 3386 tibi

1998 3428 2142 3482 illam
2175 3427 2445 3482 assumis?
2472 3426 2640 3482 Ecce!
2673 3423 2888 3479 flamma
2921 3424 3204 3478 charitatis
3233 3431 3404 3478 totum
3432 3425 3583 3477 iuar-

1998 3518 2171 3573 descit
2211 3527 2418 3588 pectus,
2468 3517 2552 3570 eui
2580 3517 2624 3571 si
2651 3531 2772 3584 spes
2814 3513 3015 3582 collega
3062 3514 3311 3577 accessit,
3360 3513 3588 3567 feliciter

1998 3610 2174 3674 ardet,
2210 3608 2255 3663 si
2282 3608 2549 3662 veraciter
2577 3605 2648 3659 illi
2690 3603 2871 3658 evenit
2914 3602 3058 3672 quod
3103 3611 3272 3672 Optat.
3317 3602 3461 3657 Bona
3504 3611 3588 3657 est

1997 3702 2141 3756 enim
2184 3714 2306 3768 spes
2348 3699 2402 3751 in
2445 3695 2709 3759 absentia,
2740 3695 2834 3749 sed
2863 3694 3056 3748 melius
3082 3704 3164 3750 est
3192 3709 3346 3749 amor
3371 3695 3424 3748 in
3451 3711 3588 3764 pra}-

1998 3789 2194 3845 sentia.
2227 3786 2359 3840 Nam
2384 3800 2506 3855 spes
2538 3793 2722 3839 nostra
2768 3783 2922 3854 quasi
2966 3786 3202 3840 anchora
3241 3785 3308 3840 ad
3351 3785 3586 3841 cmlestis

1997 3897 2098 3936 nos
2127 3881 2295 3935 trahit
2316 3877 2505 3947 patria:
2533 3875 2860 3930 soliditatem
2890 3874 3078 3946 (Hebr.
3110 3892 3184 3941 γι,
3217 3877 3300 3939 l8,
3335 3875 3423 3944 l9)
3451 3894 3463 3928 :
3491 3875 3586 3930 sed

1999 3981 2127 4028 tunc
2150 3971 2256 4027 erit
2280 3967 2520 4040 perfecta
2547 3966 2797 4032 felicitas,
2826 3983 2947 4020 cum
2971 3965 3126 4035 plena
3152 3965 3256 4019 erit
3282 3966 3419 4020 visio
3444 3981 3588 4019 amo-

2000 4065 2097 4130 ris,
2126 4071 2181 4119 et
2203 4062 2472 4117 videbitur
2496 4061 2640 4114 Deus
2667 4060 2720 4113 in
2747 4058 2919 4129 gloria
2941 4073 3059 4121 sua,
3087 4057 3179 4125 qui
3210 4073 3354 4112 nunc
3375 4065 3586 4111 amatur

2001 4157 2054 4211 in
2083 4163 2304 4227 pectore
2346 4160 2534 4208 nostro
2561 4151 2614 4223 (I
2642 4149 2765 4206 Cor.
2792 4166 2910 4214 xm,
2941 4148 3052 4222 12).
3093 4148 3200 4204 Sed
3241 4147 3399 4217 hujus
3437 4147 3583 4202 exilii

1997 4246 2361 4317 peregrinatio
2385 4244 2655 4314 patienter
2695 4241 2922 4308 feratur,
2963 4242 3137 4296 donec
3169 4248 3352 4309 optata
3382 4238 3582 4294 beatis-

1997 4425 2151 4495 pliss.
2180 4433 2312 4478 tom.
2341 4423 2384 4487 l,
2411 4421 2629 4487 col.53;
2660 4420 2990 4483 Martiuiére,
3016 4416 3199 4474 Gram!
3223 4416 3583 4472 Dictionnaire

1996 4495 2397 4566 geograpltique.

2070 4557 2405 4618 e'Le'idrado.
2436 4561 2537 4630 Qui
2569 4577 2710 4616 anno
2745 4559 2908 4631 priori
2942 4573 3009 4613 ex
3043 4557 3314 4631 Hispania:
3339 4559 3586 4631 partibus

1996 4635 2227 4690 Felicem
2275 4629 2673 4703 Aquisgranum
2691 4629 3019 4703 deduxerat,
3051 4629 3211 4703 paulo
3238 4638 3359 4696 post
3386 4629 3584 4683 iterum

1996 4707 2122 4762 illuc
2161 4699 2733 4767 abiturus;'sanitatis
2770 4711 2946 4755 tamen
2975 4699 3230 4753 curanda:
3255 4715 3416 4754 causa
3441 4715 3586 4754 nunc

1997 4775 2228 4831 Turonis
2281 4774 2594 4828 morabatur
2641 4789 2761 4826 cum
2807 4771 2994 4825 eodem
3022 4768 3201 4824 Felice
3243 4784 3413 4839 nuper
3457 4786 3587 4824 eou-

1995 4862 2174 4903 verso.
2215 4843 2336 4901 Vid.
2364 4845 2520 4914 epist.
2546 4843 2615 4914 9'2
2643 4842 2808 4914 [nime
2841 4839 2983 4914 [98].

2074 4916 2091 4955 ῐ
2128 4909 2408 4970 Fratribus
2437 4914 2496 4969 S.
2540 4909 2795 4968 Serimzii.
2846 4909 3226 4965 Monastcrann
3273 4911 3375 4964 hoc
3418 4909 3584 4965 situm

1997 4987 2321 5053 estTrajecti
2347 4985 2412 5040 ad
2443 4985 2642 5039 Mosam
2668 4981 3157 5052 (Maestricltt).0|im
3175 4981 3582 5044 monachorum,

1997 5075 2139 5112 nunc
2156 5058 2560 5112 cauouicorum.
2597 5053 2823 5107 MABILL.

2072 5127 2227 5196 130
2255 5129 2280 5165 ε
2300 5127 2441 5179 Edit.
2467 5124 2666 5196 Mabill.
2705 5123 2768 5176 l7
2796 5122 3027 5196 (Froben
3057 5122 3212 5196 epist.
3244 5120 3355 5190 88).
3381 5120 3587 5196 Qua:_i_n

1996 5188 2352 5252 edi—L'M'abill.
2377 5195 2735 5264 praetermissa
2757 5188 2900 5254 sunt,
2914 5192 3004 5264 hic
3019 5188 3406 5264 δυριιιθιιιιιέθι
3425 5188 3582 5246 codd.

1998 5284 2129 5322 mss.
2165 5262 2463 5321 Salisbfrt
2507 5265 2564 5318 S.
2602 5263 2944 5317 Emmerami.
2974 5262 3055 5316 Ad
3086 5277 3245 5331 quem
3269 5276 3468 5316 annum
3496 5275 3584 5314 re-

1998 5337 2216 5392 ferenda
2267 5337 2338 5390 sit
2380 5336 2495 5390 haec
2541 5333 2789 5404 epistola,
2842 5333 3140 5404 incertum;
3194 5331 3397 5404 smpius
3440 5331 3585 5404 enin;

1997 5407 2258 5462 Alcuiuus
2285 5421 2435 5476 spem
2470 5421 2534 5476 ac
2555 5400 2878 5476 desiderium
2908 5402 3096 5476 habuit
3109 5401 3352 5476 _Arnouis
3372 5400 3587 5476 fruendi

1996 5471 2449 5558 prmseutiaiqu
2477 5475 2623 5558 illam
2646 5474 2972 5558 prrecedenti
2989 5471 3282 5558 .subjunxi,
3310 5471 3396 5558 cui
3422 5471 3586 5526 etiam

1998 5543 2266 5619 congruit.
2292 5543 2566 5619 Desiderio
2589 5543 2765 5619 tamen
2790 5544 2933 5619 illius
2953 5544 3021 5597 ab
3041 5543 3277 5606 Arnone,
3299 5551 3589 5619 antequam

1999 5636 2029 5674 c
2053 5611 2223 5674 Gallia
2239 5618 2430 5682 abiret,
2454 5615 2789 5672 satisfactum
2810 5615 2990 5679 fuisse,
3009 5630 3073 5670 ex
3095 5612 3342 5686 sequenti
3361 5611 3586 5684 cpistola

1999 5691 2176 5763 colligi
2214 5705 2370 5761 posse
2398 5689 2629 5744 videtur.
