4054 6182
440 308 551 367 519

1317 302 1379 357 Β.
1420 302 1482 357 F.
1513 299 1739 357 ALBlNl
1779 300 1910 356 εει]
1947 298 2227 357 Αωυικι
2260 295 2545 356 OPERUM
2580 294 2761 351 PARS
2791 293 2833 349 1.

3602 290 3715 346 εἱΞο

438 426 594 480 simae
610 420 803 494 patria
824 417 1009 475 veniat
1028 398 1338 488 praesentia.
1368 416 1636 471 Patientia
1661 414 1819 471 nobis
1841 426 2031 469 neces-
2053 419 2103 476 Α
2132 411 2381 469 lectionis
2403 410 2638 467 adventu
2683 407 2889 465 habere
2929 404 3176 494 viderer.
3218 401 3330 460 Sed
3374 403 3538 459 breve
3582 417 3725 475 prte-

439 516 585 573 saria
622 522 705 571 est
737 509 923 583 (Hebr.
951 524 1008 573 x,
1040 506 1153 577 36),
1202 506 1317 561 sive
1362 506 1419 561 in
1459 505 1868 577 exspectatione
1904 518 2026 573 spe-

442 618 577 665 ratze
597 602 966 666 beatitudinis,
994 599 1110 656 sive
1145 599 1198 654 in
1229 598 1475 654 absentia
1501 598 1801 654 amicorum
1821 596 2027 652 charis-

440 699 723 752 simorum.
768 690 1077 746 Habeamus
1115 703 1330 758 semper
1369 686 1528 745 hodie
1552 686 1606 740 in
1635 686 1935 751 charitate;
1971 685 2026 739 in

443 802 540 853 spe
562 798 695 839 vero
719 781 1015 837 crastinum
1037 779 1383 842 desiderium,
1411 786 1472 832 ut
1501 777 1682 833 veniat
1701 777 1846 846 quod
1869 776 2028 831 hodie

443 883 675 930 amatur.

515 968 691 1023 Ecce!
751 981 903 1022 mens
953 964 1121 1019 variis
1172 962 1395 1017 ﬂuctuat
1454 958 1871 1030 cogitationibus
1896 998 1911 1023 ,
1978 967 2033 1014 te

448 1058 853 1116 consiliatorem
898 1054 1055 1124 quasi
1095 1061 1312 1123 portum
1354 1051 1526 1105 ﬁrmae
1559 1049 1868 1105 stabilitatis
1912 1064 2035 1118 spe-

450 1165 580 1204 rans
619 1148 846 1203 venire:
879 1145 973 1201 sed
1024 1153 1083 1200 ut
1125 1145 1283 1198 video
1326 1142 1538 1210 longius
1565 1156 1597 1194 a
1626 1140 1807 1209 quiete
1849 1145 2033 1208 optata

449 1237 704 1296 ﬂuctibus
745 1236 974 1305 rapitur,
1018 1235 1072 1288 in
1114 1234 1229 1288 salo
1259 1232 1515 1303 agitatur,
1546 1229 1613 1283 ad
1638 1245 1796 1300 quem
1820 1238 2033 1298 portum

449 1326 731 1396 perveniet
776 1324 1050 1394 ignorans.
1097 1320 1346 1376 Assiduis
1385 1327 1564 1374 tamen
1613 1319 1916 1373 sanctitatis
1944 1333 2037 1373 ve—

452 1426 579 1472 strae
608 1416 860 1487 precibus
885 1414 1220 1469 dubitantem
1262 1412 1318 1466 in
1349 1411 1738 1483 cogitationum
1766 1411 2038 1480 discepta-

455 1507 692 1561 tionibus
745 1505 1013 1569 amicum,
1062 1503 1131 1558 ad
1177 1502 1423 1567 ﬁrmum,
1480 1502 1661 1556 divina
1711 1502 2041 1556 concedente

450 1600 648 1669 gratia,
676 1598 866 1654 salutis
894 1595 1180 1652 consilium
1207 1596 1473 1651 deducere
1497 1591 1811 1665 dignemini.
1837 1592 2043 1648 Praesto

451 1699 534 1744 est
563 1690 762 1759 ubique
782 1689 904 1759 pius
932 1695 1245 1742 sanctarum
1270 1684 1557 1747 exauditor
1587 1684 1914 1747 orationum,
1950 1682 2044 1752 qui

2125 501 2316 556 sentiat
2361 499 2454 554 diu
2483 506 2684 568 optatae
2707 505 2921 568 tempus
2972 493 3330 565 plangebam;
3379 501 3436 549 et
3458 501 3728 564 quantum

2129 592 2286 648 laetus
2312 590 2389 647 fui
2417 592 2474 647 in
2498 598 2719 662 aspectu
2766 587 2926 643 faciei
2959 594 3171 649 vestrm,
3205 592 3413 640 tantum
3456 586 3631 640 tristis
3670 586 3733 642 in

2127 683 2382 738 abscessu
2410 681 2720 751 torquebar.
2752 677 2860 734 Sed
2878 675 3009 749 quid
3026 676 3096 731 ad
3125 675 3275 733 haec?
3301 675 3430 731 Tale
3456 686 3541 732 est
3567 675 3735 745 hujus

2129 771 2311 827 smculi
2337 770 2614 842 gaudium,
2647 782 2747 823 nos
2774 768 2842 823 ad
2875 765 3116 825 futurum
3145 763 3341 837 [Mab.,
3370 763 3613 820 futuram
3639 764 3738 821 la:-

2131 859 2328 931 titiam]
2378 858 2599 914 tendere
2647 858 2965 922 admonens,
2994 870 3115 924 quae
3142 870 3419 925 nunquam
3446 855 3609 910 ﬁnem
3632 854 3739 910 ha-

2131 951 2313 1006 bitura
2341 957 2463 1015 est;
2507 948 2605 1003 sed
2645 944 2814 1001 semel
2860 946 3053 1000 hausta
3097 943 3326 1000 dulcedo
3358 959 3571 1015 semper
3595 961 3737 1016 pne—

2133 1057 2261 1099 sens
2288 1055 2411 1097 esse
2435 1055 2544 1094 non
2578 1037 2794 1100 desinit,
2834 1036 2899 1090 ad
2929 1048 3092 1104 quam
3132 1043 3246 1089 tota
3294 1035 3494 1090 mentis
3534 1034 3737 1092 alacri-

2136 1138 2249 1185 tate
2297 1127 2662 1184 festinandum
2715 1133 2821 1180 est.
2876 1124 3063 1191 Qualis
3101 1132 3187 1179 est
3231 1124 3323 1180 illa
3366 1124 3572 1191 latitia,
3613 1141 3741 1196 quae

2138 1220 2275 1276 nihil
2301 1217 2730 1290 perturbationis
2752 1215 2995 1281 habebit,
3027 1232 3302 1288 nunquam
3339 1216 3503 1272 ﬁnem
3534 1217 3743 1275 habere

2143 1313 2392 1369 timebit?
2440 1311 2567 1367 Haec
2593 1311 2764 1374 estin
2795 1325 2891 1380 spe
2914 1310 3072 1364 modo
3103 1309 3350 1365 habenda
3366 1326 3391 1383 ης
3428 1318 3551 1380 post
3575 1311 3745 1379 hujus

2139 1419 2270 1460 vero
2298 1404 2426 1458 vita:
2449 1403 2611 1457 linem
2638 1400 3024 1473 perpetualiter
3048 1400 3393 1471 possidenda.
3409 1399 3584 1466 Quam
3608 1402 3739 1459 felix

2143 1502 2227 1550 est
2255 1493 2345 1548 illa
2366 1493 2585 1548 dilectio
2610 1493 2750 1548 inter
2778 1489 2999 1553 fratres,
3025 1507 3145 1563 quat
3173 1492 3292 1547 sine
3314 1491 3423 1549 fine
3444 1494 3599 1559 vivit,
3622 1495 3747 1551 sine

2146 1584 2366 1640 fastidio
2390 1592 2635 1654 augetur.

2222 1674 2471 1740 Hortare,
2519 1673 2679 1730 Pater
2726 1683 2934 1738 sancte,
2978 1675 3118 1729 ﬁlios
3164 1682 3381 1729 nostros
3425 1689 3747 1732 communes

452 1790 508 1834 et
534 1779 786 1835 fraternae
812 1777 1119 1833 dilectionis
1144 1790 1337 1845 preces
1361 1775 1640 1839 exaudire,
1672 1782 1728 1829 et
1752 1774 1807 1828 in
1836 1788 1894 1829 se
1922 1789 2039 1846 spe-
2071 1765 2114 1828 Β
2139 1764 2190 1838 [δ
2204 1764 2553 1821 Adhclricum
2578 1765 2815 1829 leVitam.
2840 1765 3190 1821 Adalbertum
3231 1766 3468 1838 Magum,
3496 1776 3551 1822 et
3591 1767 3749 1823 Gun.

457 1877 642 1925 rantes
690 1869 883 1939 spiritu
932 1867 1325 1923 consolationis
1374 1876 1564 1921 sancto
1614 1864 1871 1935 adjuvare
1912 1867 2050 1923 solet

457 1960 630 2029 (Psal.
664 1975 798 2025 xvn,
831 1958 945 2030 51).
990 1957 1070 2013 Ad
1107 1958 1250 2013 illius
1290 1957 1657 2013 dulcissimam
1704 1958 2048 2015 clementiam

455 2053 730 2124 erigamus
767 2067 918 2122 spem
960 2060 1224 2114 nostram,
1272 2050 1540 2119 simulque
1568 2050 1634 2105 de
1662 2049 1780 2119 ejus
1820 2050 2053 2121 opitula-

462 2145 609 2198 tione
656 2143 1044 2205 indubitantes,
1095 2141 1187 2210 qui
1231 2140 1499 2195 illuminat
1534 2155 1750 2195 omnem
1775 2140 2051 2195 hominem

460 2236 764 2291 venientem
803 2235 858 2288 in
903 2234 1046 2288 hunc
1086 2234 1345 2288 mundum
1373 2234 1553 2306 (Joan.
1578 2252 1619 2298 ι,
1647 2234 1725 2305 9).
1757 2234 1910 2290 illum
1940 2243 2050 2290 tota

461 2326 643 2380 cordis
686 2325 1008 2389 intentione,
1053 2332 1164 2379 tota
1209 2325 1376 2380 animi
1404 2325 1690 2381 affectione
1718 2326 2055 2381 incessanter

464 2417 839 2487 deprecemur,
888 2425 947 2471 ut
994 2415 1260 2470 illuminet
1305 2416 1462 2472 nobis
1505 2415 1690 2471 oculos
1744 2417 2053 2484 interiores,

463 2524 533 2563 ne
555 2525 793 2579 unquam
818 2509 870 2563 in
902 2517 1071 2562 morte
1104 2508 1421 2579 ignorantia:
1446 2509 1852 2564 obdormiamus
1877 2507 2053 2580 (Ρδαι.

467 2617 571 2667 xu,
599 2601 676 2673 4).

538 2692 785 2766 [Munera
810 2694 1114 2749 dilectionis
1135 2702 1328 2749 vestrm
1356 2701 1467 2748 tam
1495 2694 1618 2749 laeto
1639 2694 1823 2765 accepi
1850 2695 2057 2760 animo,

468 2801 634 2855 quam
654 2784 813 2857 plena
837 2800 936 2840 vos
958 2785 1225 2840 charitate
1245 2785 1479 2856 dirigere
1497 2785 1742 2856 cognovi.
1767 2784 1873 2840 Sed
1895 2801 2059 2855 quam

468 2876 589 2931 tete
612 2891 678 2930 ex
712 2875 1029 2930 muneribus
1077 2890 1230 2929 mens
1275 2874 1569 2939 hilarescit,
1625 2884 1735 2929 tam
1782 2876 1958 2932 tristis
1992 2890 2060 2931 ex

469 2968 715 3024 absentia
749 2976 947 3023 vestra:
968 2967 1322 3023 beatitudinis
1345 2968 1670 3039 ingemiscit.
1703 2968 1811 3023 Sed
1835 2968 1965 3038 quid
1991 2968 2061 3023 ad

471 3060 625 3114 lucc?
650 3059 809 3113 Vivat
842 3059 1083 3113 Charitas
1124 3059 1177 3112 in
1214 3057 1459 3113 Christo!
1507 3059 1579 3113 sit
1604 3074 1843 3129 prmsens
1868 3060 1922 3115 in
1946 3060 2059 3129 spi-

473 3150 604 3213 ritu,
632 3148 721 3216 qui
753 3148 948 3202 absens
981 3157 1065 3203 est
1094 3149 1148 3203 in
1185 3148 1360 3204 facie!
1412 3150 1606 3213 donec,
1649 3150 1759 3204 Deo
1804 3150 2057 3215 donante,

472 3239 633 3293 beata
657 3238 840 3293 veniat
883 3240 1195 3309 prmsentia,
1235 3256 1356 3310 quae
1382 3254 1658 3310 nunquam
1694 3240 1838 3294 ﬁniri
1866 3241 2061 3296 valeat.

478 3329 740 3384 Dominus
782 3329 929 3385 Deus
973 3331 1026 3385 in
1071 3346 1168 3385 sua
1215 3330 1589 3385 misericordia
1644 3330 1699 3384 in
1754 3344 1852 3386 sua
1898 3330 2067 3400 proﬁ-

475 3421 685 3477 cientes
702 3421 982 3478 voluntate
1008 3422 1277 3477 custodiat
1302 3437 1398 3477 vos
1426 3422 1646 3493 ubique,
1675 3420 1846 3478 frater
1872 3423 2071 3479 dulcis-

511 3509 643 3540 ῖιηον

477 3525 614 3565 sum
631 3509 671 3582 ε]
1020 3593 1044 3621 ιι
1061 3578 1395 3635 EPISTOLA
1424 3580 1534 3636 CV.

833 3691 901 3729 AD
940 3688 1188 3729 ARNONEM
1240 3689 1713 3728 ARCHIEPISCOPUM.

1092 3769 1270 3841 (Anno
1305 3768 1456 3840 800.)

481 3858 661 3918 La'tus
688 3860 752 3914 de
780 3860 1358 3933 Arnonisivisitatione,
1387 3860 1541 3933 dolet
1567 3861 1631 3915 de
1658 3861 1908 3916 brevitate
1936 3879 2072 3933 prte-

552 3932 769 4002 sent’ag;
801 3929 1119 4002 desiderium
1143 3947 1259 4002 vero
1285 3931 1354 3984 ad
1377 3930 1615 3986 laetitiam
1636 3948 1837 4002 semper
1854 3929 2074 3987 manen-

555 4010 656 4054 tem
679 3998 864 4073 eievat.
898 3999 1104 4073 (Incitat
1131 3999 1200 4073 ad
1234 4002 1350 4071 pias
1391 4002 1711 4056 hortationes
1742 3998 1997 4073 fratribus
2021 4011 2071 4059 et

556 4070 796 4125 omnibus
824 4071 1003 4126 ovibus
1034 4070 1264 4127 dandas.

555 4159 924 4215 Desiderando
962 4161 1264 4228 meritoque
1308 4162 1538 4216 amando
1570 4160 1779 4230 Aquilae
1806 4164 2068 4234 archiepi-

485 4267 668 4323 scopo,
698 4250 917 4307 humilis
947 4249 1111 4304 levita
1139 4250 1401 4305 Alcuinus
1430 4251 1679 4307 salutem.

558 4340 720 4395 Multa
746 4340 878 4395 mihi
909 4339 1134 4394 dulcedo
1156 4338 1257 4393 fuit
1280 4340 1308 4378 ιι
1333 4353 1399 4393 ex
1426 4340 1735 4396 visitationc
1756 4346 2076 4400 venerandae

2152 1857 2353 1911 tarium
2382 1857 2733 1926 pedisequnm
2758 1857 2976 1928 pietatis
2999 1856 3240 1930 vestrae],
3289 1859 3417 1914 huic
3450 1875 3511 1915 se
3552 1860 3749 1930 dignos

2151 1963 2458 2018 praeparare
2484 1949 2759 2003 charitati.
2787 1947 2966 2005 Suade
2986 1951 3229 2020 paternis
3249 1965 3343 2007 eos
3362 1952 3582 2008 obedire
3606 1968 3749 2024 prac-

2153 2039 2361 2110 ceptis;
2393 2053 2521 2093 vere
2548 2039 2746 2095 fratres
2772 2055 2892 2096 esse
2922 2041 2978 2095 in
3018 2041 3249 2096 Domino
3289 2049 3346 2096 et
3388 2041 3526 2098 ﬁlios
3552 2043 3748 2099 mter-ni

2154 2129 2349 2194 Patris,
2400 2128 2712 2186 cohaeredes
2758 2129 2961 2186 Christi
2999 2131 3095 2186 Dei
3128 2130 3306 2204 (Rom.
3334 2148 3454 2200 vtu,
3486 2132 3597 2204 i7).
3628 2133 3750 2190 Non

2155 2221 2331 2278 solum
2357 2221 2617 2292 pastorali
2644 2222 3007 2278 sollicitudine
3042 2224 3194 2279 vobis
3220 2223 3307 2278 his
3330 2224 3445 2280 hinc
3471 2225 3751 2281 suadenda

2155 2322 2299 2378 sunt,
2341 2312 2436 2368 sed
2461 2314 2714 2369 omnibus
2747 2313 2927 2384 gregis
2956 2315 3054 2368 tibi
3080 2314 3355 2370 commissi
3382 2315 3575 2370 ovibus
3601 2316 3753 2387 inge-

2156 2403 2322 2458 renda
2339 2411 2482 2469 sunt,
2509 2404 2561 2458 in
2584 2412 2767 2482 sancta
2787 2403 3055 2460 charitate
3068 2405 3387 2460 etcastitate
3407 2419 3749 2475 permanere.

2158 2494 2392 2549 Mundus
2433 2497 2488 2550 in
2534 2495 2764 2567 maligno
2808 2496 3008 2567 positus
3054 2506 3129 2550 est
3171 2495 3223 2569 (Ι
3243 2496 3406 2551 Joan.
3433 2497 3647 2570 v.19);
3698 2507 3757 2554 et

2157 2585 2311 2639 multi
2339 2586 2405 2641 de
2429 2585 2674 2640 veritatis
2706 2585 2793 2639 via
2829 2592 2885 2640 et
2923 2584 3045 2639 ﬁdei
3076 2586 3361 2656 praeceptis
3385 2602 3443 2642 se
3477 2596 3751 2653 avertunt,

2159 2675 2357 2731 saeculo
2383 2676 2615 2746 amplius
2644 2677 2943 2733 servientes
2964 2692 3127 2747 quam
3154 2676 3266 2733 Deo
3292 2695 3305 2731 :
3353 2693 3460 2733 non
3498 2678 3755 2735 conside-

2159 2776 2345 2823 rantes
2376 2767 2594 2823 oculum
2639 2768 2834 2823 divinae
2883 2768 3186 2838 majestatis
3226 2784 3388 2838 super
3424 2784 3520 2824 eos
3553 2768 3757 2840 ubique

2159 2857 2401 2929 vigilare,
2431 2858 2525 2927 qui
2546 2858 2825 2929 unicuique
2856 2856 3157 2912 redditurus
3185 2867 3258 2913 est
3281 2860 3568 2913 secundum
3598 2876 3757 2931 opera

2162 2971 2260 3009 sua
2293 2951 2511 3024 (Matth.
2544 2969 2656 3018 xvi,
2678 2952 2793 3025 2'1).
2837 2952 3123 3018 Quocirca,
3154 2952 3452 3008 clarissime
3479 2953 3631 3007 verbi
3660 2953 3758 3010 Dei

2164 3047 2517 3117 przedicator,
2571 3046 2710 3100 insta
2757 3054 3073 3117 opportune,
3125 3045 3421 3116 importune
3469 3044 3565 3117 (II
3615 3044 3756 3099 Tim.

2169 3154 2244 3204 tv,
2289 3137 2366 3209 2),
2423 3136 2551 3208 quia
2607 3135 2826 3206 plurimi
2873 3150 3021 3190 sana:
3069 3135 3332 3190 resistunt
3379 3135 3661 3200 doctrinm,
3701 3152 3763 3192 se

2169 3237 2436 3293 amantes,
2493 3243 2601 3283 non
2649 3226 2978 3298 sempiterna
3024 3235 3332 3296 quaerentes
3385 3245 3399 3280 :
3448 3242 3513 3282 ex
3561 3228 3761 3299 quibus

2169 3328 2404 3392 quantos
2437 3320 2639 3385 valeas,
2670 3318 2850 3374 divina
2879 3317 3179 3387 opitulante
3207 3318 3405 3389 gratia,
3434 3318 3499 3373 de
3526 3317 3762 3373 flammis

2169 3427 2298 3467 erue
2339 3421 2613 3483 perpetua:
2658 3409 3008 3480 perditionis,
3061 3417 3117 3464 et
3166 3425 3434 3485 congrega
3474 3411 3528 3466 in
3576 3412 3764 3469 caulas

2168 3503 2374 3558 Christi
2411 3503 2615 3567 ovium,
2642 3509 2910 3572 quatenus
2929 3516 2994 3557 ex
3018 3499 3232 3557 illorum
3260 3502 3432 3556 salute
3461 3512 3550 3557 tua
3582 3503 3763 3559 multi-

2170 3595 2399 3664 plicetur
2444 3594 2615 3665 gloria
2651 3594 2706 3649 in
2746 3593 2834 3648 die
2883 3593 3099 3648 Domini
3146 3593 3313 3648 nostri
3357 3591 3485 3648 Jesu
3532 3593 3760 3649 Christi.

2240 3686 2625 3741 Paternitatem
2646 3693 2881 3741 vestram
2905 3685 3080 3754 pietas
3102 3683 3278 3739 divina
3306 3699 3493 3755 regere
3512 3695 3567 3739 et
3599 3686 3770 3755 proﬁ-

2172 3793 2298 3834 cere
2342 3776 2511 3832 faciat
2538 3776 2592 3831 in
2616 3777 2776 3832 domo
2809 3776 2906 3832 Dei
2935 3791 3108 3845 usque
3155 3776 3211 3831 in
3253 3776 3393 3832 diem
3434 3775 3767 3847 perfectum,

2172 3866 2520 3922 dilectissime
2545 3866 2723 3920 Pater.

2605 3978 2757 4049 131
2793 3989 2815 4017 ε
2844 3976 3179 4035 EPISTOLA
3203 3977 3337 4035 CVI.

2696 4086 2764 4126 AD
2792 4084 3010 4126 DOINUI
3039 4085 3237 4125 ηαειι.

2791 4160 2970 4232 (Anno
2994 4161 3145 4234 800.)

2362 4252 2704 4325 Epitaphium
2736 4250 2756 4290 ι
2788 4250 3106 4322 Liodgarda:
3132 4251 3342 4322 femina!
3372 4252 3576 4308 nobilis.

2244 4354 2472 4410 Domino
2500 4354 2743 4423 piissimo
2764 4361 2818 4408 et
2844 4354 3074 4423 paciﬁco
3102 4355 3214 4425 regi
3237 4361 3295 4410 et
3318 4355 3670 4424 prmstantissi
3681 4371 3770 4410 mo

486 4431 790 4487 dilectionis
839 4438 1051 4485 vestrm.
1102 4429 1254 4485 Licet
1304 4428 1544 4485 laborem
1586 4430 1836 4497 haberes,
1892 4440 2055 4489 tamet

2176 4446 2576 4515 triumphaturi,
2633 4455 2850 4503 aeternae
2902 4446 3254 4503 beatitudinis
3301 4448 3527 4521 gloriam
3574 4456 3629 4503 ct
3673 4463 3768 4503 sa—

485 4537 587 4591 cgo
614 4520 828 4591 pietatis
851 4528 955 4574 tua:
978 4518 1346 4574 consolatione
1371 4520 1691 4587 reﬁciebar;
1723 4522 1795 4575 ita
1819 4530 1897 4589 ut,
1917 4523 2073 4593 juxta

486 4613 630 4668 beati
677 4611 951 4667 Benedicti
992 4625 1309 4681 responsum
1338 4623 1384 4676 ο,
1425 4610 1635 4667 Pascha
1665 4628 1751 4668 me
1784 4613 1837 4667 in
1867 4621 1971 4673 tua!
1996 4616 2080 4671 di-

560 4756 587 4784 ι
625 4742 775 4821 Edit.
797 4743 996 4821 Mabill.
1024 4742 1135 4810 23;
1167 4744 1410 4813 suppleta
1435 4760 1501 4800 ex
1529 4745 1649 4800 cod.
1683 4745 1879 4803 Salisb.
1915 4747 2075 4821 (Fro-

486 4816 614 4870 ben.
646 4812 803 4882 epist.
835 4814 948 4883 89).

560 4884 590 4924 b
622 4883 707 4938 Ea:
746 4884 1061 4937 visitationc.
1113 4883 1265 4939 Hanc
1310 4885 1679 4940 visitationem
1726 4885 1964 4944 Arnonis
2008 4890 2076 4945 ad

491 4953 776 5009 Alcuinum
822 4951 1021 5007 factam
1068 4951 1235 5008 fuisse
1278 4963 1465 5010 censet
1504 4955 1572 5010 cl.
1619 4955 1907 5013 Hansizius
1934 4976 2077 5016 anno

489 5022 613 5108 800,
646 5022 946 5108 dumrAr'nIo
973 5023 1143 5077 Roma
1176 5024 1244 5079 ad
1272 5040 1456 5108 regem
1488 5024 1756 5108 rediis's‘et,
1788 5034 1843 5082 et
1868 5030 1935 5108 ad
1961 5046 2079 5086 mo-

493 5093 797 5148 nasterium
857 5093 1163 5149 Elnonense
1213 5093 1544 5151 excurrisset
1605 5099 1625 5167 (
1646 5096 1824 5152 Germ.
1894 5100 2074 5167 Sacr.,

491 5172 624 5247 tom.
649 5162 711 5225 ll,
732 5162 785 5217 in
809 5163 1041 5230 Arnone,
1071 5179 1126 5218 n.
1157 5164 1270 5239 55).
1299 5165 1468 5236 Cujus
1489 5165 1857 5236 conjecturam
1878 5171 1969 5227 hic
1993 5187 2080 5228 se-

490 5249 855 5388 Ὓιέωέἶξνίιει
881 5306 1054 5388 sancti
1085 5306 1381 5388 Bepedicti,
1423 5309 1563 5377 apud
1598 5316 1844 5364 sanctum
1870 5309 2077 5384 Grego-

495 5375 633 5430 rium
656 5375 927 5440 Magnum,
951 5377 1043 5432 lih.
1069 5393 1107 5431 Il
1133 5376 1437 5433 Moralium.

564 5444 591 5483 ἀ
652 5444 1027 5501 Adlielricum.
1075 5487 1089 5500 .
1129 5487 1145 5501 .
1191 5448 1566 5503 Adalbertum.
1617 5490 1631 5502 .
1677 5488 1690 5501 .
1733 5448 2074 5506 Guntarinm.

493 5512 811 5589 Adhelricus
851 5516 1097 5589 fortassis
1133 5526 1214 5572 est
1241 5518 1506 5583 Aldricus,
1537 5520 1706 5575 abbas
1733 5528 1918 5589 postea
1948 5522 2080 5577 Fer-

495 5583 776 5658 rariensis,
801 5586 893 5658 quji
916 5587 1081 5658 etiam
1094 5596 1216 5658 post
1236 5589 1443 5644 obitum
1458 5590 1711 5654 Amonis,
1726 5583 1869 5645 anno
1883 5590 1990 5645 822
2010 5593 2076 5647 ad

497 5652 799 5732 regularem
820 5652 1163 5732 disciplinam
1192 5659 1606 5732 inmortasterio
1633 5652 1920 5715 Elnonensi
1947 5677 2076 5717 conv

502 5722 818 5779 ﬁrmandam
857 5739 889 5777 a
930 5722 1203 5785 Ludovico
1255 5729 1382 5799 imp.
1435 5731 1639 5785 missus
1696 5740 1779 5785 cst
1823 5731 2071 5804 (Mahill.,

2178 4536 2345 4592 lutem

2249 4626 2476 4683 Domine
2496 4625 2646 4694 Jesu,
2675 4643 2801 4698 spes
2826 4637 3033 4694 nostra,
3063 4628 3209 4684 salus
3232 4636 3443 4694 nostra,
3473 4627 3778 4684 consolatio

2177 4757 2274 4830 l_ib.
2340 4774 2467 4830 x_xtx
2518 4758 2714 4813 Annal.
2766 4775 2820 4814 n.
2859 4758 3006 4830 50).
3058 4758 3390 4830 ΑάαΙὸενεαδΑ
3433 4759 3561 4815 item
3603 4762 3777 4816 abbas

2178 4827 2575 4901 Ferrariensis,
2632 4844 2794 4899 quem
2841 4827 3077 4901 Alcuini
3105 4838 3165 4901 et
3207 4828 3415 4901 Sigulﬁ
3449 4832 3775 4901 discipulum

2180 4897 2347 4953 fuisse
2368 4899 2523 4971 testis
2546 4908 2630 4955 est
2652 4897 2843 4955 auctor
2862 4900 2999 4955 Vitae
3019 4899 3229 4971 Alcuini
3259 4897 3484 4971 (Mabill.
3516 4897 3631 4971 Ac}.
3658 4900 3774 4971 SS.

2179 4985 2302 5024 stuc.
2332 4969 2634 5043 iv_Bened.,
2676 4982 2819 5043 part.
2852 4987 2891 5035 ι,
2928 4985 3051 5040 pag.
3104 4968 3346 5043 167).'ls
3372 4972 3494 5043 hoc
3533 4970 3654 5027 loco
3693 4970 3783 5043 di-

2181 5048 2325 5095 serte
2354 5039 2544 5111 Magna
2571 5037 3021 5111 cognominaturi
3059 5049 3119 5095 nt
3144 5037 3273 5111 jam,
3294 5042 3514 5096 dubium
3543 5057 3652 5097 non
3681 5042 3779 5106 sit,

2180 5110 2390 5182 eodem,
2424 5110 2659 5182 nomine
2688 5112 2740 5166 in
2785 5110 3031 5181 epistolis
3076 5110 3146 5182 7Q
3172 5121 3227 5166 et
3261 5110 3326 5166 ’Π
3374 5112 3541 5180 (nunc
3563 5112 3654 5173 9i,
3682 5111 3781 5182 92)

2180 5181 2325 5253 hunc
2368 5181 2721 5238 Adalbertum
2768 5182 3064 5253 indigitari.
3110 5180 3407 5237 Guntarius
3442 5180 3783 5253 pedisequus

2179 5250 2437 5317 Arnonis,
2469 5252 2590 5321 quis
2614 5253 2705 5315 sit.
2734 5251 3074 5321 exploratum
3100 5267 3208 5307 non
3235 5253 3428 5308 habeo.

2256 5323 2438 5445 μῗβά
2457 5320 2648 5376 εΕιιίι.
2677 5320 2928 5404 Quercet.
2959 5321 3117 5421 ﬁlex
3145 5338 3245 5419 ms.
3280 5320 3342 5404 (ξ’
3348 5323 3543 5406 roben.
3560 5322 3679 5395 90.)

2349 5409 2400 5445 ιο
2440 5391 2637 5445 σανάω.
2685 5393 2791 5445 Seu
2818 5390 3121 5445 Lmtaaidts
3164 5409 3350 5445 uxoris
3368 5392 3544 5445 Caroli
3575 5391 3679 5445 Mat

2349 5390 2637 5465 igidgarda'.
2685 5393 2791 5447 Seu
2818 5390 3121 5465 Liutgardis
3164 5390 3350 5449 uxoris
3368 5392 3544 5465 Caroli
3575 5390 3786 5465 Magni.

2182 5476 2301 5530 quae
2345 5460 2598 5533 Turonis,
2626 5479 2733 5532 quo
2778 5478 2903 5517 cum
2945 5460 3275 5533 imperatore
3315 5464 3577 5519 orationis
3611 5460 3785 5519 causa

2179 5537 2433 5606 venerat,
2477 5531 2702 5606 adversa
2760 5531 3068 5606 valetudine
3114 5544 3370 5606 (correpta
3418 5534 3551 5606 obiit
3599 5534 3790 5606 pridie

2180 5600 2361 5725 «Nitiiitzas
2407 5598 2550 5656 Junii
2597 5620 2737 5660 anno
2780 5604 2903 5659 800.
2948 5603 3049 5674 (Ex
3097 5598 3294 5660 Annth
3343 5598 3665 5661 Loisclianis
3725 5611 3793 5660 et

2179 5688 2345 5744 atus;
