4070 6182
301 347 412 418 Βέἱ

1766 367 2146 433 ΕΡΙΞΤΟῙιᾸΞ.

3470 397 3578 451 522

296 482 519 532 metra.
549 470 644 542 qui
670 472 1088 531 clementissima
1114 490 1247 533 voce
1267 471 1517 536 omnibus
1543 472 1642 536 sub
1661 476 1899 552 pondere
1924 490 1973 544 Α
2002 483 2256 539 misertus
2295 482 2480 552 fueris,
2513 487 2797 557 miserere,
2816 488 3064 556 Domine,
3086 506 3346 553 creatura:
3374 508 3490 565 tum,
3523 513 3583 558 ut

300 564 598 635 cujuslibet
661 563 866 620 laboris
918 568 1257 637 gementibus
1318 572 1607 638 mandasti,
1659 574 1843 630 dicens
1881 589 1895 629 :

2003 575 2185 631 laudet
2210 585 2262 632 te
2302 588 2549 633 creatura
2599 588 2708 646 tua,
2736 590 2792 636 et
2827 593 3006 640 cantet
3042 587 3439 649 misericordias
3466 602 3584 652 tuas

312 652 499 710 Venite
523 654 595 708 ad
622 670 727 719 me,
760 670 938 708 omnes
963 656 1054 726 qui
1094 656 1345 714 laboratis
1368 670 1417 714 et
1445 664 1644 717 onerati
1678 664 1820 728 estis,
1850 673 1899 719 et
1998 664 2051 720 in
2078 676 2339 722 aeternum
2368 687 2380 721 :
2409 669 2481 723 Et
2500 670 2699 735 anima,
2729 689 2848 742 qua:
2888 678 3257 745 supervictura
3284 682 3409 747 erit,
3433 699 3580 739 sem-

301 752 400 815 ego
444 740 680 812 reﬁciam
706 760 795 798 vos
841 744 1057 813 (Matth.
1087 763 1164 813 ιι,
1191 748 1304 819 28).
1354 751 1492 818 Quid
1539 754 1641 809 hac
1668 756 1899 824 promis~
1997 769 2092 824 per
2120 757 2261 811 dicat
2284 775 2296 810 :
2326 758 2576 812 Laudabo
2605 740 2771 815 Deum
2796 740 2971 817 meum
2986 767 3042 819 in
3067 768 3169 822 vita
3192 786 3329 835 mea,
3352 740 3577 840 psallam

300 837 458 892 sione
493 832 827 904 jucundius?
870 839 1007 906 Quid
1052 839 1154 896 hac
1181 856 1276 912 spe
1308 845 1560 899 beatius?
1602 844 1793 901 Veniat
1827 847 1896 902 ad
1994 841 2104 897 Deo
2134 860 2266 908 meo,
2294 848 2529 915 quandiu
2559 864 2647 901 ero
2679 848 2851 918 (Psal.
2882 864 3037 915 cxtv,
3074 851 3147 921 l).

300 940 433 982 eum
481 926 660 982 omnis
705 931 884 984 anima
932 946 1189 999 intercus,
1240 948 1401 990 omne
1443 950 1540 990 cor
1579 936 1891 1001 contritum,

300 1017 538 1074 fundens
565 1019 835 1090 lacrymas
860 1022 913 1076 in
958 1033 1251 1094 conspectu
1281 1024 1664 1080 misericordia:
1709 1025 1887 1091 illius;

298 1122 481 1179 neque
507 1108 805 1165 abscondat
846 1111 1070 1167 vulnera
1098 1128 1195 1168 sua
1240 1114 1468 1180 medico,
1496 1115 1587 1184 qui
1617 1116 1729 1170 ait:
1777 1115 1889 1185 Ego

297 1201 560 1265 occidam,
600 1212 648 1255 et
686 1202 850 1256 vivere
872 1203 1106 1272 faciam:
1145 1209 1451 1277 percutiam,
1481 1218 1528 1262 et
1555 1224 1650 1279 ego
1693 1210 1890 1263 sonabo

296 1286 481 1350 (Deut.
512 1304 686 1347 nm.
709 1290 823 1362 59).
875 1291 1131 1364 Flagellat
1173 1296 1327 1351 miris
1356 1296 1547 1362 modis,
1593 1306 1652 1352 ut
1678 1300 1890 1354 erudiat

296 1375 462 1443 alios,
498 1394 599 1449 pro
639 1394 869 1450 quorum
919 1384 1090 1438 salute
1135 1386 1288 1439 unico
1318 1401 1422 1440 non
1467 1389 1690 1457 pepercit
1720 1387 1883 1443 Filio.

294 1467 432 1534 Qui:
472 1480 655 1525 contra
699 1488 814 1539 nos,
856 1475 901 1529 si
941 1474 1084 1530 Deus
1128 1494 1223 1547 pro
1252 1478 1400 1532 nobis
1439 1479 1614 1548 (llam.
1645 1495 1761 1545 vm,
1793 1480 1882 1544 52,

291 1561 426 1631 51)?
459 1560 594 1627 Quis
635 1564 941 1630 contristat,
970 1566 1016 1620 si
1047 1566 1189 1622 Deus
1218 1567 1494 1623 laetificat?
1528 1567 1685 1634 Nolo,
1716 1586 1746 1623 a
1776 1571 1886 1625 Deo

284 1651 509 1706 (licam
555 1651 690 1707 tibi:
721 1651 768 1707 Ο
810 1655 1023 1709 anima!
1074 1657 1202 1726 quid
1247 1658 1458 1728 gemis?
1504 1659 1633 1729 quid
1677 1660 1886 1730 plangis

280 1740 491 1809 judicia
515 1742 675 1796 mea?
700 1742 812 1813 Ego
838 1744 980 1809 dedi,
1008 1760 1109 1816 ego
1137 1746 1331 1801 abstuli
1359 1747 1502 1816 (Job.
1535 1765 1575 1812 ι,
1605 1748 1717 1818 21).
1744 1748 1881 1816 Quid

288 1835 463 1889 babes
503 1836 706 1904 absque
755 1849 841 1889 me
870 1834 923 1907 (1
953 1835 1075 1889 Cor.
1106 1853 1180 1901 tv,
1208 1836 1298 1909 7)?
1342 1837 1454 1894 Cur
1489 1839 1584 1894 tibi
1612 1841 1874 1909 displicet,
1909 1822 1956 1883 Β

283 1925 434 1994 quod
461 1926 593 1980 mihi
621 1925 833 1996 placet?
871 1927 1084 1993 Omnia,
1116 1945 1236 1999 quae
1269 1931 1454 1994 babes,
1486 1948 1605 1987 mea
1637 1943 1764 1989 sunt
1782 1934 1878 1990 be-

284 2015 503 2081 neﬁcia,
530 2032 639 2073 non
689 2025 780 2072 tua
810 2020 1048 2087 propria.
1089 2020 1164 2075 Te
1202 2022 1375 2092 ipsam
1416 2038 1571 2093 para,
1602 2032 1663 2079 ut
1707 2028 1880 2094 possis

282 2106 560 2175 particeps
582 2120 701 2161 esse
726 2107 1074 2164 beatitudinis
1098 2125 1251 2166 meai.
1277 2111 1506 2182 Propter
1530 2124 1580 2170 te
1601 2115 1876 2181 descendi,

283 2203 341 2248 et
364 2196 629 2265 patiebar,
661 2211 781 2266 qua:
806 2197 980 2268 legisti
1009 2199 1065 2252 in
1093 2198 1288 2255 litteris
1329 2202 1482 2267 meis,
1529 2210 1589 2257 ut
1617 2204 1712 2259 tibi
1740 2221 1877 2275 prae-

280 2300 470 2353 parem
497 2289 830 2343 mansionem
856 2289 912 2342 in
941 2289 1100 2347 domo
1124 2291 1301 2347 Patris
1333 2294 1457 2349 mei.
1491 2295 1608 2350 Noli
1638 2299 1871 2365 tardare,

281 2392 439 2433 soror
480 2394 618 2441 mea,
649 2394 844 2448 sponsa
872 2396 1015 2444 mea,
1053 2397 1233 2454 surge,
1274 2400 1519 2455 propera,
1562 2398 1617 2444 et
1642 2391 1766 2444 veni
1804 2392 1873 2446 ad

280 2467 468 2536 epulas
490 2468 678 2538 gloriae
697 2484 831 2524 mea:
865 2469 883 2540 (
910 2468 1065 2525 Cant.
1096 2488 1158 2537 ιι,
1186 2473 1296 2545 10).
1327 2474 1513 2547 Magna
1541 2488 1687 2543 sunt,
1709 2481 1869 2536 beata

279 2566 428 2623 sunt,
475 2559 917 2630 incomparabilia
959 2570 1085 2616 sunt
1129 2579 1249 2633 qum
1292 2569 1592 2637 praiparavi
1638 2570 1756 2625 tibi.
1802 2572 1870 2628 Et

278 2648 525 2717 quamvis
550 2665 741 2720 magna
772 2651 899 2717 sint,
943 2653 1052 2708 noli
1080 2661 1136 2707 tu
1165 2663 1343 2710 tamen
1373 2667 1625 2723 mstuare,
1656 2660 1740 2715 vel
1770 2662 1868 2717 du-

276 2740 455 2795 bitare
476 2740 541 2795 de
567 2742 762 2811 pretio.
813 2742 1057 2815 Regnum
1086 2755 1236 2802 tuum
1269 2756 1473 2805 tantum
1501 2752 1661 2820 valet,
1691 2770 1863 2824 quan-

275 2838 394 2884 tum
425 2840 476 2884 tu
502 2847 582 2886 es.
619 2832 695 2886 Te
735 2834 908 2903 ipsam
937 2836 1025 2903 da,
1054 2845 1110 2892 et
1132 2837 1354 2895 habebis
1384 2841 1531 2895 illud.
1558 2842 1672 2898 Rex
1699 2856 1861 2901 aeter-

274 2937 382 2976 nus
402 2924 730 2994 concupiscit
754 2926 986 2995 speciem
1015 2935 1182 2983 tuam.
1216 2929 1332 2986 Non
1360 2932 1430 2986 sit
1468 2934 1521 2988 in
1551 2941 1600 2987 te
1630 2951 1759 3006 ruga
1780 2938 1862 2992 vel

270 3012 487 3066 macula
516 3013 728 3083 (Ephes.
762 3030 813 3080 ν,
843 3014 955 3086 ‘27).
1005 3016 1063 3071 Si
1108 3019 1237 3086 quid
1265 3020 1503 3089 pulveris
1528 3038 1595 3077 ex
1643 3033 1858 3081 terrena

270 3102 604 3161 habitatione
630 3108 919 3162 adlizeserit
947 3110 1062 3175 tibi,
1112 3109 1367 3183 lacrymis
1394 3114 1529 3178 lava,
1559 3124 1617 3170 ut
1646 3127 1697 3172 te
1739 3133 1859 3187 spe-

264 3196 499 3261 ciosam,
541 3199 826 3268 pulchram
869 3210 923 3255 et
949 3201 1355 3260 desiderabilem
1402 3208 1658 3276 inveniat,
1685 3212 1777 3281 qui
1805 3221 1860 3267 te

262 3288 625 3355 concupiscit.
673 3288 791 3344 Noli
832 3292 896 3345 de
924 3292 1146 3348 alterius
1192 3295 1545 3366 ingemiscere
1584 3299 1859 3367 felicitate,

266 3391 398 3446 quae
427 3376 672 3445 spinosos
712 3380 879 3435 finivit
928 3381 1161 3450 labores,
1192 3393 1247 3440 et
1274 3388 1471 3442 volavit
1518 3391 1584 3444 ad
1613 3407 1736 3446 eum
1766 3394 1858 3463 qui

258 3463 407 3520 fecit
428 3465 592 3520 illam.
622 3467 762 3524 Talis
787 3481 887 3537 est,
917 3481 1038 3541 post
1081 3478 1399 3532 sententiam
1427 3481 1612 3550 prima:
1640 3483 1861 3539 damna-

262 3557 458 3622 tionis,
515 3559 747 3617 conditio
797 3562 1105 3635 fragilitatis
1157 3576 1374 3625 nostra).
1436 3570 1739 3638 Nascimur,
1800 3587 1858 3632 ut

264 3652 604 3718 moriamur;
634 3657 916 3724 morimur,
943 3667 1005 3714 ut
1030 3660 1293 3716 vivamus.
1323 3662 1573 3735 Nunquid
1602 3683 1707 3721 non
1734 3667 1856 3723 feli-

258 3742 384 3796 cior
408 3750 494 3797 est
520 3744 642 3799 vitae
667 3745 941 3816 ingressus
968 3766 1130 3820 quam
1177 3754 1411 3808 mortis?
1453 3755 1647 3809 Fertur
1669 3771 1857 3828 quem-

266 3831 388 3886 dam
409 3833 769 3902 respondisse,
793 3838 917 3892 dum
941 3842 1007 3895 de
1030 3841 1121 3896 lilii
1146 3842 1228 3896 sui
1250 3844 1629 3900 consolabatur
1650 3857 1845 3908 morte:

264 3920 507 3977 Sciebam
548 3941 651 3991 me,
683 3927 876 3997 inquit,
902 3932 1175 3985 mortalem
1209 3934 1465 4003 genuisse.
1513 3936 1623 3991 Cur
1646 3938 1855 4009 plangis

258 4012 406 4081 quod
449 4013 624 4071 vitare
669 4031 776 4071 non
832 4021 1167 4087 possumus?
1212 4022 1365 4091 Saepe
1406 4024 1562 4080 dolor
1611 4034 1854 4097 tempore

260 4102 560 4169 sanabitur,
587 4106 681 4177 qui
711 4109 922 4164 ratione
951 4126 1055 4165 non
1084 4112 1302 4181 poterit.
1350 4112 1625 4171 Mittamus
1653 4132 1849 4173 munu-

256 4192 409 4248 scula
431 4193 716 4250 charitatis
741 4204 869 4266 post
896 4198 1091 4255 charos
1121 4209 1354 4256 nostros.
1398 4202 1700 4262 Oll'eramus
1729 4222 1850 4261 mu-

257 4295 364 4336 nus
387 4281 580 4339 salutis
608 4292 809 4340 nostrae
832 4301 931 4355 pro
968 4286 1093 4343 illis.
1140 4288 1494 4346 Misereamur
1525 4294 1758 4360 miseris,
1789 4304 1851 4349 ut

253 4373 582 4429 misereatur
608 4374 715 4431 illis
741 4375 902 4432 Deus.
931 4376 1084 4445 Quod
1110 4393 1209 4450 pro
1237 4381 1342 4437 illis
1381 4383 1436 4438 in
1463 4381 1568 4439 ilde
1595 4383 1847 4452 facimus,

250 4462 474 4531 prolicit
498 4474 555 4520 et
580 4466 756 4523 nobis.

324 4555 556 4613 Domine
588 4557 749 4623 Deus,
783 4558 910 4617 Iesu
939 4563 1084 4617 mitis
1109 4572 1164 4618 et
1205 4565 1535 4629 misericors,
1585 4568 1851 4624 miserere

255 4644 399 4703 illius
428 4664 595 4718 quam
624 4651 890 4707 abstulisti
916 4667 947 4707 a
979 4654 1149 4709 nobis.
1183 4657 1389 4712 Exaudi
1417 4674 1515 4713 nos
1536 4674 1635 4729 per
1675 4661 1849 4717 medi-

250 4738 433 4794 cinam
478 4740 762 4798 vulnerum
810 4755 1123 4802 nostrorum
1172 4747 1376 4820 [Forre,
1424 4753 1686 4826 tuorum],
1729 4769 1851 4824 quae

249 4831 509 4900 pependit
550 4832 606 4886 in
643 4832 808 4906 ligno,
853 4838 1133 4893 etsedens
1158 4838 1227 4892 ad
1268 4840 1548 4896 dexteram
1588 4851 1738 4898 tuam
1765 4845 1849 4898 in—

248 4919 487 4989 terpellat
509 4937 607 4993 pro
632 4924 785 4980 nobis
804 4924 983 4997 (Rom.
1014 4942 1130 4992 vni,
1154 4927 1270 4999 54).
1302 4928 1429 4984 Scio
1451 4932 1667 5001 quidem
1692 4934 1847 4989 mise-

250 5009 546 5067 ricordiam
591 5021 762 5080 tuam,
805 5018 895 5087 qui
926 5020 1010 5075 vis
1052 5036 1230 5076 omnes
1258 5021 1494 5077 homines
1531 5024 1703 5080 salvos
1729 5021 1840 5096 ﬁeri

245 5100 306 5171 (Ι
332 5101 468 5156 Tim.
499 5121 561 5171 tt,
582 5105 660 5177 ι).
688 5107 910 5165 Dimitte
937 5111 1014 5166 illi
1042 5113 1223 5169 debila
1265 5129 1363 5169 sua
1387 5113 1606 5187 (Matth.
1630 5134 1705 5182 vn,
1732 5119 1843 5191 12),

244 5207 588 5264 quacunque
626 5201 899 5255 contraxit
942 5212 1065 5272 post
1114 5219 1309 5276 aquam
1355 5207 1567 5263 salutis.
1601 5209 1843 5275 Dimitte,

244 5280 478 5341 nomine
504 5288 519 5341 l
550 5287 801 5346 dimitte!
834 5291 1205 5362 deprecamur.
1236 5295 1315 5353 Ne
1348 5297 1519 5353 intres
1550 5314 1674 5354 cum
1704 5314 1768 5355 ea
1791 5301 1847 5355 in

238 5370 546 5465 iudicium!
598 5378 960 5450 Superexaltet
1000 5386 1358 5443 misericordia
1385 5390 1440 5443 in
1479 5390 1688 5460 judicio
1728 5390 1849 5465 (Ja-

245 5463 362 5519 cob.
410 5482 474 5531 it,
523 5468 635 5540 l5).
688 5468 822 5526 Nam
874 5473 1086 5546 eloquia
1136 5484 1227 5531 tua
1274 5494 1401 5534 vera
1456 5490 1603 5547 sunt,
1651 5463 1847 5554 quibus

240 5556 545 5624 promisisti
566 5559 1007 5619 misericordibus
1020 5566 1444 5624 misericordiam
1460 5569 1678 5642 (Matth.
1698 5590 1745 5636 v,
1766 5573 1841 5646 7);

242 5645 390 5714 φωά
418 5654 483 5701 ιιι
523 5658 731 5716 essent,
779 5654 1003 5710 dedistis
1045 5656 1145 5711 eis.
1194 5655 1297 5722 Qui
1346 5659 1711 5727 misereberis,
1757 5645 1844 5720 cui

318 5771 345 5800 ι
376 5759 519 5815 Edit.
555 5760 806 5829 Quereet.
839 5765 932 5831 22,
963 5782 1156 5822 exims.
1193 5765 1450 5837 (Froben.
1481 5768 1598 5842 9i.)

2065 956 2292 1027 Semper
2323 960 2375 1013 in
2401 969 2663 1016 aeternum
2695 962 2860 1028 vivat,
2888 963 3118 1020 feliciter
3143 976 3290 1037 opto,

2133 1045 2267 1101 Filia
2298 1048 2459 1103 chara
2487 1050 2639 1114 mibi,
2672 1051 2760 1114 sit,
2795 1068 2943 1122 rogo,
2975 1054 3139 1110 chara
3162 1055 3290 1112 Deo.

2478 1175 2502 1202 ι
2545 1161 2879 1218 EPISTOLA
2925 1165 3078 1220 CVII.

2506 1246 2570 1285 AD
2608 1249 2823 1288 DOMNUI
2865 1250 3059 1289 ηεσειι.

2258 1316 2624 1373 Consolatoria
2651 1339 2744 1392 pro
2768 1333 2935 1376 morte
2960 1324 3303 1396 Litulgarda'.

2059 1408 2284 1464 Domino
2310 1411 2647 1467 desiderabili
2675 1422 2729 1468 et
2756 1430 2882 1469 vere
2910 1415 3221 1472 beatissimo
3262 1420 3430 1477 David
3454 1423 3576 1495 regi

1986 1492 2212 1553 Flaccus
2241 1499 2465 1555 Albinus
2490 1501 2737 1556 salutem.

2056 1585 2191 1640 Dum
2218 1597 2411 1643 vestra:
2437 1590 2692 1657 potentia:
2720 1590 3006 1661 gloriosam
3035 1593 3435 1662 sublimitatem,
3460 1615 3569 1654 non

1984 1678 2239 1747 periturae
2265 1678 2530 1736 Chaldaeis
2552 1681 2780 1736 ﬂaminis
2800 1682 3117 1751 Jerusalem,
3144 1687 3414 1756 imperare
3435 1691 3571 1754 scio,

1986 1769 2079 1823 sed
2108 1780 2382 1838 perpetuae
2410 1772 2559 1840 pacis
2584 1773 2856 1827 civitatem
2879 1777 3114 1843 pretioso
3139 1780 3401 1847 sanguine
3421 1779 3572 1836 Chri-

1985 1860 2052 1915 sti
2082 1870 2444 1915 constructam
2474 1878 2662 1933 regere
2704 1874 2866 1935 atque
2894 1867 3217 1933 gubernare,
3250 1869 3404 1938 cujus
3432 1870 3571 1940 lapi-

1980 1950 2074 2005 des
2104 1951 2209 2004 vivi
2237 1953 2302 2005 de
2328 1951 2605 2007 charitatis
2633 1954 2835 2024 glutine
2878 1955 3227 2026 colliguntur,
3251 1965 3308 2011 et
3330 1959 3570 2016 ccclestis

1976 2042 2190 2096 atdilicii
2245 2042 2584 2097 altitudinem
2639 2059 2706 2098 ex
2758 2044 2987 2100 diversis
3033 2047 3290 2101 virtutum
3339 2052 3568 2118 gemmis

1976 2133 2116 2186 muri
2143 2145 2491 2204 consurgunt.
2520 2136 2594 2189 De
2624 2150 2726 2203 qua
2757 2135 3038 2191 Psalmista
3063 2139 3177 2191 ait:
3227 2138 3409 2210 Diligit
3450 2142 3561 2195 Do-

1974 2225 2147 2277 minus
2177 2233 2355 2294 portas
2401 2223 2551 2289 Sion,
2588 2242 2744 2295 super
2789 2227 2965 2280 omnia
3012 2227 3352 2283 tabernacula
3397 2230 3562 2285 Iacob

1974 2313 2199 2384 (Psalm.
2226 2330 2442 2379 Lxxxw,
2474 2314 2551 2383 ἓ).
2584 2315 2649 2369 Et
2679 2315 2805 2370 alibi
2834 2335 2847 2368 :
2879 2315 3032 2369 Mons
3060 2315 3191 2370 Sion
3212 2316 3378 2372 latera
3403 2321 3564 2389 Aqui-

1968 2402 2124 2468 lonia,
2151 2405 2333 2458 civitas
2374 2405 2508 2474 regis
2552 2390 2728 2474 magni
2778 2403 3003 2475 (Psalm.
3056 2421 3220 2469 vau,
3275 2409 3354 2477 5).
3409 2408 3558 2466 Unde

1969 2509 2091 2565 ego,
2141 2495 2363 2549 minima
2417 2496 2663 2564 quaedam
2717 2493 2877 2565 hujus
2925 2498 3162 2553 civitatis
3211 2501 3407 2567 portio,
3462 2503 3562 2557 sub

1971 2587 2204 2656 tegmine
2228 2587 2445 2655 pietatis
2484 2594 2671 2640 vestrae
2698 2588 3048 2651 constitutus,
3074 2587 3140 2639 ad
3169 2588 3558 2657 jucunditatem

1967 2676 2133 2731 animi
2161 2677 2327 2731 vestri
2370 2677 2547 2730 debita
2592 2677 2853 2730 servitute
2879 2678 3078 2745 saepius
3125 2677 3392 2736 litterulas
3424 2683 3559 2738 diri-

1966 2783 2093 2838 gere
2117 2769 2307 2823 studeo
2331 2785 2346 2835 ;
2388 2767 2614 2823 olliciale
2640 2769 2941 2823 devotionis
2965 2777 3165 2825 nostrae
3193 2787 3407 2838 munus,
3450 2790 3561 2830 non

1965 2860 2332 2914 necessarium
2380 2857 2720 2913 abundantia
2757 2867 2992 2926 vestrae;
3042 2861 3265 2929 cupiens
3293 2864 3559 2920 vulnerati

1963 2952 2129 3005 animi
2152 2951 2394 3015 maerori,
2416 2964 2516 3019 per
2536 2960 2726 3004 vestr-te
2745 2950 3129 3006 consolationis
3147 2953 3555 3024 benignitatem,

1961 3043 2201 3098 mederi:
2236 3044 2358 3111 quia
2389 3043 2582 3112 saepius
2609 3044 2833 3113 probavi
2876 3043 3196 3099 familiarem
3244 3054 3556 3101 mansuetu-

1887 3165 1934 3229 ο
1961 3132 2142 3189 dinem
2168 3133 2511 3189 sublimitatis
2538 3142 2752 3200 vestris,
2783 3133 3065 3189 humilium
3102 3134 3378 3191 doloribus
3406 3152 3554 3191 com-

1959 3225 2090 3295 pati.
2114 3224 2250 3280 Nam
2273 3233 2328 3279 et
2356 3225 2470 3296 ipse
2516 3224 2794 3289 Dominus,
2827 3225 2991 3281 totius
3018 3225 3139 3282 fons
3167 3228 3555 3283 consolationis

1958 3325 2014 3371 et
2046 3317 2238 3371 salutis
2266 3333 2389 3372 cum
2420 3316 2672 3372 ﬂentibus
2698 3317 2849 3372 flevit
2878 3318 3134 3383 amicum,
3176 3334 3334 3387 quem
3381 3320 3557 3377 sumi-4

1958 3415 2172 3464 taturus
2224 3410 2372 3465 venit
2423 3409 2603 3481 (Joan.
2655 3425 2730 3476 tu,
2783 3410 2875 3477 55,
2918 3408 3028 3483 55).
3081 3410 3309 3467 aliorum
3353 3412 3555 3479 dolori,

1949 3497 2101 3567 juxta
2131 3501 2483 3572 humanitatis
2513 3502 2784 3568 allectum,
2813 3519 3127 3573 compassus
3166 3505 3359 3572 magis,
3387 3520 3548 3574 quam

1956 3592 2116 3647 amici
2143 3601 2368 3648 mortem
2405 3594 2613 3662 lugens,
2659 3594 2916 3655 maxime,
2960 3594 3084 3659 quia
3130 3592 3375 3647 eumdem
3413 3593 3545 3647 liora

1955 3682 2220 3735 victurum
2252 3684 2587 3752 prmsciebat.
2637 3681 2757 3735 Filii
2807 3681 2972 3735 Israel
3008 3681 3225 3751 Moysen
3269 3683 3545 3752 lugebant,

1954 3771 2049 3827 sed
2079 3771 2131 3824 in
2159 3771 2320 3840 Lege,
2344 3771 2527 3825 nonin
2552 3770 2843 3839 Evangelia
2867 3770 3045 3843 (Deut.
3083 3787 3268 3837 xxxrv,
3298 3773 3374 3843 8).
3413 3772 3547 3831 Ideo

1953 3859 2129 3925 Jesus,
2175 3867 2395 3930 propter
2443 3869 2840 3916 sacramentum
2884 3863 3142 3927 nominis,
3189 3878 3296 3919 non
3348 3864 3549 3936 legitur

1953 3953 2205 4024 lacrymis
2225 3953 2408 4023 populi
2444 3964 2762 4024 prosecutus
2786 3967 2907 4008 esse
2935 3970 2949 4018 ;
2981 3956 3075 4009 sed
3116 3957 3270 4024 quasi
3301 3958 3545 4013 victurus

1953 4042 2149 4096 iterum
2172 4049 2297 4111 post
2332 4051 2579 4097 mortem.
2619 4042 2678 4096 ln
2705 4042 2927 4097 exordio
2975 4041 3221 4097 Judicum
3263 4045 3417 4114 juxta
3456 4048 3543 4102 hi-

1951 4131 2134 4187 storia:
2162 4132 2425 4197 ordinem,
2454 4141 2868 4203 repraesentatus
2892 4133 3070 4189 luctus
3096 4135 3355 4204 sapientis
3381 4137 3543 4193 unius

1950 4232 2034 4277 est
2059 4222 2206 4291 diei;
2257 4224 2406 4294 impii
2441 4233 2618 4279 autem
2662 4241 2852 4281 omnes
2894 4226 3008 4282 dies
3032 4226 3158 4281 vitae
3192 4241 3321 4281 suae.
3370 4225 3539 4295 Sepa-

1949 4315 2088 4369 ratio
2116 4315 2363 4384 quaedam
2407 4314 2790 4372 familiaritatis
2841 4317 3108 4384 humanae,
3162 4333 3268 4373 non
3314 4318 3543 4388 perditio

1947 4403 2222 4474 plangitur
2251 4406 2304 4459 in
2337 4405 2597 4476 sapiente.
2629 4404 2689 4460 In
2714 4405 2880 4475 impio
2912 4415 3111 4460 aeterna
3140 4407 3373 4475 perditio
3395 4407 3541 4461 luctu

1879 4511 1926 4570 υ
1948 4496 2322 4564 prosequenda
2349 4503 2432 4549 est
2459 4501 2734 4564 perpetuo.
2769 4495 2927 4549 Venit
2973 4509 3101 4549 vero
3127 4505 3282 4566 pater
3305 4496 3358 4550 in
3408 4495 3540 4561 lilio,

1951 4584 2207 4654 magister
2246 4586 2300 4639 in
2344 4585 2630 4654 discipulo,
2660 4585 2865 4640 amicus
2910 4585 2964 4640 in
2994 4586 3191 4652 amico,
3236 4586 3281 4641 si
3329 4601 3539 4641 morum

1950 4672 2184 4744 dignitas
2229 4683 2285 4729 et
2329 4675 2611 4746 sapientiai
2668 4676 2923 4732 nobilitas
2972 4685 3256 4747 permanet
3321 4678 3378 4732 iu
3445 4692 3544 4748 po-

1949 4765 2129 4820 steris.

2018 4854 2159 4922 Quid
2207 4857 2253 4912 si
2302 4857 2357 4912 in
2412 4856 2688 4913 miseriam
2736 4858 2985 4914 humanae
3038 4856 3365 4914 conditionis
3407 4873 3543 4915 mea

1949 4946 2092 5002 illius
2122 4949 2386 5004 moriatur
2410 4958 2535 5004 ante
2564 4955 2770 5018 patrem
2808 4948 2862 5003 in
2903 4947 3035 5004 llore
3070 4947 3371 5017 juventutis
3389 4948 3415 5001 ἳ
3439 4947 3542 5004 tol-

1949 5036 2076 5092 litur
2097 5038 2296 5109 justus,
2327 5055 2394 5095 ne
2421 5040 2623 5094 malitia
2663 5040 2979 5094 immutetur
3003 5055 3100 5095 cor
3133 5038 3252 5107 ejus
3277 5038 3430 5112 (δαν.
3459 5054 3537 5105 tv,

1948 5126 2059 5198 ll).
2082 5127 2297 5181 Iudicia
2319 5129 2530 5183 Domini
2552 5129 2771 5199 abyssus
2792 5139 2913 5184 sunt
2930 5130 3094 5183 multa
3117 5128 3342 5201 (Psalm.
3367 5144 3535 5194 xxxv,

1947 5220 2023 5291 7).
2056 5220 2140 5276 Nil
2180 5221 2297 5277 sine
2326 5235 2494 5276 causa
2536 5222 2645 5276 erit
2690 5222 2746 5276 in
2776 5221 2993 5287 mundo,
3025 5236 3126 5277 nec
3166 5237 3308 5277 unus
3351 5235 3539 5286 passer

1947 5315 2105 5371 cadet
2130 5314 2185 5368 in
2216 5313 2464 5384 laqueum
2507 5314 2731 5383 aucupis
2770 5315 2889 5368 sine
2914 5312 3077 5368 Patre
3111 5322 3317 5379 nostra,
3346 5314 3437 5383 qui
3474 5313 3533 5370 in

1946 5404 2098 5461 cmlis
2120 5412 2204 5460 est
2227 5420 2242 5470 ;
2272 5420 2375 5458 non
2405 5403 2625 5475 capillus
2645 5403 2710 5456 de
2733 5405 2902 5475 capite
2927 5405 3060 5476 perit
3087 5402 3302 5476 (Manli.
3342 5420 3399 5470 κ,
3422 5404 3493 5460 29
3517 5421 3533 5471 ;

1944 5499 2061 5552 Act.
2103 5511 2277 5560 xxvii,
2314 5494 2427 5567 54).
2477 5494 2594 5551 Non
2637 5496 2783 5551 enim
2842 5495 2996 5553 nobis
3039 5495 3242 5551 luctum
3293 5496 3538 5553 incutere

1945 5586 2125 5650 debet,
2159 5599 2281 5640 cum
2318 5583 2574 5654 quislibet
2609 5586 2807 5642 chartis
2829 5594 3014 5641 noster
3039 5600 3068 5640 a
3106 5586 3537 5657 peregrinatione

1943 5675 2122 5747 pergit
2167 5674 2235 5731 ad
2280 5675 2528 5744 patriam,
2579 5691 2608 5730 a
2655 5677 3008 5732 morientibus
3055 5676 3124 5731 ad
3172 5677 3433 5743 viventes,
3466 5676 3535 5728 ab
