4070 6182
469 364 574 420 323

1355 349 1415 410 Β.
1458 350 1520 410 F.
1562 350 1785 408 ALBINI
1827 353 1956 408 SEU
1998 349 2275 407 ALCUINI
2311 349 2591 408 OPERUM
2631 350 2808 407 PARS
2845 345 2885 408 i.

3640 340 3747 410 sai

470 473 660 529 exsilio
686 471 750 524 ad
778 460 1021 538 regnum.
1062 464 1372 521 Consolatio
1397 474 1582 520 nostra
1625 465 1758 519 ﬁant
1785 467 1948 520 verba
1973 480 2063 519 ve—
2089 470 2138 526 Λ
2169 461 2314 518 tione
2362 463 2686 518 sacriﬁcium
2715 464 2889 519 laudis
2917 460 3206 518 otii-ramus
3234 505 3247 529 ,
3290 464 3342 518 in
3387 480 3494 536 quo
3523 466 3750 524 salutem

472 562 684 619 ritalis:
719 559 824 624 Qui
854 556 1015 611 credit
1041 556 1094 610 in
1124 573 1223 619 me,
1255 557 1299 610 si
1326 566 1562 610 mortuus
1586 556 1764 626 fuerit,
1803 556 1950 609 vivet.
1995 554 2061 609 Et

472 654 659 714 omnis,
704 650 793 720 qui
846 649 963 703 vivit
1008 658 1056 701 et
1103 648 1266 701 credit
1312 649 1368 701 in
1412 664 1516 712 me,
1568 661 1672 701 non
1713 648 1966 700 morietur
2007 647 2062 700 in

470 755 721 798 teter-num
754 740 935 812 (Joan.
963 755 1038 801 xi,
1063 737 1150 801 25,
1182 737 1294 808 26).
1325 736 1556 792 Proinde
1585 737 1838 798 sciamus,
1869 737 2063 791 charos

469 841 684 888 nostros
712 832 767 886 in
794 832 1049 902 operibus
1077 830 1359 885 charitatis
1394 831 1686 884 morientes
1723 829 1833 883 Deo
1857 829 2058 890 vivere,

467 933 523 978 et
547 922 744 978 saeculo
781 922 939 976 mori.
971 921 1072 987 Qui
1099 921 1356 988 operibus
1398 918 1784 974 misericordiae
1824 917 2062 987 quotidie

468 1016 688 1072 Christo
713 1031 834 1071 cum
859 1014 1115 1084 Apostolo
1140 1014 1326 1068 dicunt
1363 1030 1374 1066 :
1405 1010 1569 1083 Cupio
1623 1011 1836 1066 dissolvi
1871 1020 1918 1064 et
1954 1027 2063 1063 esse

469 1121 587 1159 cum
614 1103 820 1159 Christo
848 1103 1013 1172 (Phil.
1048 1120 1089 1167 l,
1117 1102 1230 1171 25).
1280 1102 1511 1158 Felicius
1538 1101 1688 1156 vadit
1731 1101 1821 1170 qui
1861 1101 2064 1153 amicos

470 1196 728 1266 relinquit
770 1194 1086 1264 superstites
1125 1193 1247 1256 sibi,
1292 1207 1452 1262 quam
1498 1192 1592 1261 qui
1637 1200 1912 1260 superstes
1959 1191 2063 1244 erit

470 1289 679 1344 amicis.
715 1287 859 1342 Mors
887 1285 1012 1340 boni
1040 1285 1274 1339 hominis
1299 1283 1548 1353 migratio
1571 1289 1653 1336 est
1684 1283 1752 1336 ad
1782 1281 2060 1334 meliorem

469 1379 656 1442 vitam,
704 1392 824 1448 qua:
870 1391 976 1430 non
1011 1383 1094 1429 est
1137 1373 1454 1444 plangenda,
1501 1372 1593 1428 sed
1640 1371 2060 1443 congratulanda

470 1471 526 1544 (.1
530 1487 652 1524 οαη.
681 1485 733 1534 v,
769 1467 884 1537 24).

539 1560 810 1614 Laetamur
856 1558 910 1611 in
959 1555 1397 1612 miserationibus
1442 1555 1817 1624 Redemptoris
1863 1554 2056 1608 nostri.

464 1651 740 1707 Abraham
774 1657 901 1704 ante
946 1647 1148 1703 Christi
1181 1647 1471 1702 adventum
1503 1648 1646 1716 apud
1690 1647 1893 1701 inferos
1937 1645 2056 1699 fuit.

465 1743 595 1797 Post
639 1741 842 1796 Christi
898 1741 1204 1809 passionem
1262 1739 1401 1792 latro
1451 1738 1506 1791 in
1557 1738 1828 1806 paradiso.
1892 1736 2060 1791 Morte

2165 553 2320 608 nobis
2357 554 2740 622 sempiternam
2781 569 2880 624 per
2924 553 3252 622 Prophetam
3293 570 3451 611 suum
3479 559 3748 627 promisit,

2163 644 2349 700 dicens
2405 644 2789 714 :Sacriﬁcium
2841 645 3016 698 laudis
3065 645 3428 715 honori/icavit
3466 663 3593 714 me;
3642 649 3752 703 illis

2161 737 2260 790 iter
2287 747 2382 799 est,
2434 751 2535 806 quo
2564 736 2785 790 ostendit
2812 736 3044 792 salutare
3073 737 3168 792 Dei
3197 737 3424 809 (Psalm.
3457 754 3607 803 XLIX,
3633 739 3747 809 95).

2164 829 2290 885 Haec
2307 837 2385 884 est
2411 829 2652 899 angelica
2678 829 3005 898 iucunditas,
3035 839 3346 886 sanctorum
3376 831 3584 897 laetitia,
3623 847 3750 887 con-

2163 921 2356 977 solatio
2381 929 2584 974 nostra.
2617 917 2761 974 Nihil
2802 920 2946 973 enim
2979 921 3122 975 aliud
3147 922 3385 976 caelestis
3405 920 3705 978 Jerusalem
3734 963 3749 986 .

2163 1025 2282 1079 qua:
2308 1010 2445 1064 vivis
2479 1009 2780 1063 aadiﬁcatur
2809 1009 3076 1078 lapidibus
3102 1052 3117 1076 ,
3165 1012 3279 1080 agit
3307 1012 3362 1066 in
3388 1013 3563 1081 patria
3612 1028 3706 1067 sua
3732 1047 3747 1076 ,

2163 1102 2374 1155 dicente
2395 1109 2449 1155 et
2478 1101 2784 1168 suspirante
2807 1116 2873 1154 ex
2901 1111 3086 1156 nostra
3125 1117 3257 1157 voce
3279 1103 3702 1173 Psalmographo
3733 1115 3748 1157 :'

2165 1192 2316 1244 Beati
2355 1193 2444 1261 qui
2487 1192 2727 1246 habitant
2756 1193 2812 1245 in
2849 1192 3003 1246 domo
3037 1203 3127 1246 tua
3155 1192 3380 1264 (Psalm.
3410 1210 3641 1259 Luam,
3668 1193 3750 1264 5).-

2166 1283 2234 1336 Et
2261 1283 2414 1351 quasi
2439 1283 2560 1350 quis
2591 1283 2892 1352 quaesisset,
2942 1298 3062 1352 qua:
3102 1293 3245 1337 esset
3291 1283 3381 1338 illa
3429 1284 3708 1338 beatitudo
3733 1319 3750 1349 ,

2162 1373 2411 1428 habitare
2428 1373 2481 1426 in
2502 1374 2662 1428 domo
2677 1373 2921 1427 Domini?
2945 1374 3260 1443 respondit:
3289 1373 3357 1428 In
3383 1373 3632 1428 steculum
3652 1391 3752 1428 sar.

2165 1464 2269 1518 culi
2295 1464 2582 1518 laudabunt
2618 1474 2686 1519 te.
2729 1464 2854 1520 Haec
2889 1465 3008 1520 laus
3049 1466 3172 1521 sine
3217 1465 3460 1531 fastidio,
3505 1467 3622 1521 sine
3658 1467 3753 1522 de-

2163 1555 2306 1611 fectu
2336 1556 2441 1610 erit
2463 1571 2486 1623 δ’
2509 1557 2625 1611 sine
2651 1557 2756 1611 ﬁne
2793 1557 2965 1612 dulcis
3000 1557 3061 1611 ﬁt
3093 1557 3147 1610 in
3177 1557 3338 1612 corde
3361 1564 3418 1611 et
3440 1572 3537 1612 orc
3554 1572 3754 1618 canet).

2165 1650 2318 1703 tium.
2350 1650 2475 1705 lizec
2517 1651 2731 1720 quoties
2773 1650 2982 1720 agimus
3018 1651 3074 1704 in
3104 1651 3286 1716 terris,
3317 1650 3610 1720 angelicam
3632 1650 3755 1704 imi-

2164 1746 2344 1793 tamur
2372 1741 2558 1794 vitam.
2592 1740 2717 1794 [huc
2754 1741 2993 1795 suavitas
3038 1755 3227 1795 omnes
3277 1741 3459 1796 srazcuii
3501 1741 3752 1795 tristitias

465 1828 664 1882 Christi
711 1841 858 1880 mors
898 1834 1108 1878 mortua
1145 1833 1243 1885 est,
1293 1822 1541 1877 flammea
1583 1823 1838 1891 romphca
1878 1830 2059 1876 custos
2093 1815 2382 1900 Βεχρειιίι
2443 1833 2510 1888 ab
2563 1833 2740 1886 anima
2772 1874 2786 1898 ,
2841 1847 3030 1888 omnes
3076 1848 3337 1889 maerores
3401 1834 3628 1903 mitigat.
3681 1834 3753 1888 Et

463 1916 696 1985 paradisi
727 1915 986 1985 sanguine
1015 1913 1215 1968 Christi
1244 1913 1531 1968 exstincta.
1557 1913 1624 1966 Et
1652 1914 1842 1967 beatus
1870 1911 2060 1966 Petrus

464 2010 626 2064 homo
651 2017 898 2062 terrenus
939 2014 1126 2075 portas
1156 2006 1350 2074 aperit,
1394 2019 1532 2073 quas
1558 2005 1827 2057 aethereus
1853 2002 2060 2057 Cheru-

462 2100 573 2153 bim
599 2098 829 2152 clausit:
865 2096 932 2150 Et
958 2096 1025 2149 de
1067 2103 1179 2149 rete
1229 2094 1560 2164 piscatorum
1610 2106 1802 2145 manus
1832 2098 2058 2160 repente

462 2189 530 2242 ad
560 2188 740 2241 claves
783 2185 1057 2243 transtulit
1109 2184 1264 2254 133
1311 2183 1462 2251 regni
1498 2182 1778 2237 caalorum.
1829 2182 1886 2235 in
1923 2180 2059 2235 Che-

468 2278 624 2332 rubin
657 2276 943 2330 multitudo
973 2274 1252 2338 scientiae;
1300 2277 1392 2328 sed
1421 2273 1474 2326 in
1518 2271 1736 2326 Christo
1771 2270 2058 2324 multitudo

464 2365 848 2422 miserationis.
878 2364 1016 2420 Olim
1037 2364 1091 2417 in
1113 2361 1293 2417 Iudaea
1317 2371 1476 2416 notus
1500 2361 1870 2414 tantummodo
1893 2360 2056 2424 Deus,

464 2458 559 2512 sed
586 2471 728 2510 nunc
750 2456 1001 2510 omnibus
1024 2454 1273 2523 gentibus
1300 2468 1400 2506 vox
1433 2468 1539 2505 una
1566 2459 1650 2504 est
1675 2450 1941 2514 Christus,
1965 2450 2058 2519 qui

463 2563 563 2603 nos
602 2548 670 2602 de
699 2545 869 2602 servis
909 2543 1038 2599 fecit
1077 2543 1300 2607 amicos,
1331 2553 1386 2596 et
1421 2543 1488 2597 de
1525 2541 1765 2611 profugis
1792 2539 2059 2596 convertit

463 2639 516 2693 in
562 2637 719 2691 ﬁlios.
761 2635 1018 2689 Naturam
1053 2634 1398 2688 mortalitatis
1447 2640 1645 2687 nostra:
1676 2633 1971 2700 assumpsit
2001 2631 2054 2684 in

461 2730 687 2798 gloriam
740 2726 1040 2782 divinitatis
1083 2741 1212 2781 sua).
1263 2725 1322 2779 in
1360 2727 1463 2780 hoc
1496 2725 1706 2779 laztetur
1744 2739 1912 2794 genus
1958 2725 2059 2778 hu-

463 2837 702 2884 manum,
740 2820 918 2874 sciens
942 2817 1250 2886 fragilitatis
1284 2825 1481 2870 nostra:
1505 2824 1756 2869 naturam
1782 2829 1943 2882 super
1971 2829 2064 2866 an.

462 2914 660 2984 geiicos
684 2911 972 2966 exaltatum
1000 2909 1215 2972 choros,
1247 2906 1513 2976 majestati
1537 2915 1772 2976 paternze
1797 2906 1980 2977 gloria:
2003 2905 2058 2958 in

461 3005 772 3061 caelestibus
811 3001 1110 3056 considere.
1161 2999 1289 3065 Qum
1337 2999 1572 3052 conditio
1617 2996 1960 3050 mortalitatis
1990 2996 2057 3049 ti-

463 3107 615 3149 mens
659 3094 906 3147 humana:
956 3089 1147 3160 [Locus
1190 3088 1487 3160 corruptus]
1535 3090 1862 3142 conturbare
1892 3088 2054 3142 debes

462 3193 584 3253 post
632 3191 836 3236 tantam
889 3190 1096 3235 naturae
1148 3188 1252 3234 tute
1301 3180 1562 3249 gloriam?
1614 3178 1920 3249 quualitas
1957 3180 2052 3233 tibi

464 3273 767 3327 certissima
820 3279 943 3336 est;
999 3279 1210 3325 tantum
1265 3270 1501 3338 tegmine
1556 3269 1836 3324 charitatis
1895 3269 2056 3324 indue

463 3365 677 3435 pennis,
705 3373 765 3419 ut
789 3364 969 3418 volare
999 3363 1184 3425 facias,
1214 3378 1319 3431 quo
1353 3362 1603 3418 Christus
1629 3364 1890 3418 ascendit.
1935 3362 2054 3418 Noli

465 3456 762 3529 angustiari
789 3457 855 3511 de
882 3464 1055 3510 morte
1097 3454 1405 3513 charorum.
1439 3453 1533 3508 sed
1558 3453 1832 3523 congaude
1857 3453 2056 3508 latitia:

465 3549 700 3605 illorum.

533 3638 784 3694 Christus
817 3651 875 3692 se
913 3636 1087 3705 ipsum
1113 3649 1211 3704 pro
1235 3645 1286 3689 te
1318 3633 1537 3690 tradidit
1570 3633 1623 3687 in
1660 3641 1910 3688 mortem.
1942 3630 2050 3687 Cur

465 3731 722 3802 iacrymis
750 3730 859 3784 tuis
884 3711 1213 3784 contradicis
1242 3728 1478 3792 Christo,
1503 3743 1693 3798 rapere
1714 3723 1908 3784 charos
1933 3735 2053 3782 tuos

467 3821 532 3875 de
561 3826 734 3874 morte
757 3817 824 3873 ad
855 3818 1022 3872 vitam
1049 3856 1064 3882 ,
1111 3819 1176 3872 de
1206 3818 1390 3874 labore
1417 3819 1486 3873 ad
1517 3819 1793 3888 requiem?
1823 3818 2054 3874 Felicior

465 3916 551 3964 est
579 3909 630 3963 in
660 3910 803 3963 bono
832 3909 947 3963 dies
973 3908 1154 3962 exitus
1185 3922 1348 3976 quam
1393 3908 1710 3962 nativitatis.
1739 3907 1832 3962 ille
1861 3917 1944 3963 est
1968 3923 2051 3962 re-

466 3999 612 4070 quiei
643 3999 875 4064 initium,
906 3999 1006 4054 iste
1037 3998 1256 4053 laboris.
1289 3999 1380 4053 ille
1416 3999 1617 4054 laetitia:
1647 4000 1921 4065 introitus,
1953 4001 2050 4054 iste

469 4091 696 4146 doloris.
723 4090 1007 4144 Nascimur
1035 4097 1094 4143 ut
1121 4090 1416 4143 moriamur
1439 4129 1454 4156 ,
1487 4091 1748 4145 morimur
1774 4100 1834 4145 ut
1859 4093 2051 4148 melius

464 4184 729 4238 vivamus.
773 4183 870 4236 Via
907 4191 990 4236 est
1026 4181 1142 4236 haec
1169 4182 1278 4235 vita
1319 4182 1666 4251 pergentibus
1694 4184 1761 4237 ad
1799 4185 2047 4253 patriam.

468 4272 526 4329 Si
551 4288 739 4343 aspera
764 4281 866 4335 est,
895 4271 940 4325 si
966 4278 1116 4324 arcta
1145 4280 1246 4334 est,
1281 4271 1509 4326 viriliter
1535 4273 1822 4342 gradienda
1861 4285 1963 4330 est.
1991 4274 2048 4330 Si

465 4363 644 4432 plana,
675 4362 719 4416 si
749 4375 1032 4430 prospera,
1063 4368 1220 4416 caute
1248 4362 1516 4416 currenda
1555 4371 1657 4428 cst,
1698 4364 1824 4432 quia
1853 4365 2050 4420 multos

466 4453 631 4508 habet
655 4453 1016 4508 insidiatores.
1046 4450 1205 4507 Novit
1235 4453 1414 4522 itaque
1442 4455 1776 4524 providentia
1805 4457 1931 4522 Dei,
1957 4459 2045 4513 cui
2078 4491 2127 4550 υ

464 4545 684 4614 prodest
727 4544 880 4614 longa
907 4545 1273 4616 peregrinatio
1299 4544 1458 4614 hujus
1488 4547 1589 4605 via:
1610 4587 1625 4612 ,
1655 4548 1741 4604 cui
1787 4549 2049 4618 optimum

465 4649 550 4692 est
572 4640 682 4694 cito
706 4637 864 4708 hujus
888 4640 1333 4710 peregrinationis
1362 4639 1575 4696 labores
1595 4640 1767 4696 ﬁnire.
1797 4642 2052 4698 Placeant

467 4731 624 4786 nobis
645 4731 846 4798 judicia
870 4732 985 4786 Dei.
1013 4731 1199 4785 Justus
1218 4741 1292 4785 est
1317 4732 1574 4788 Dominus
1604 4744 1651 4788 et
1681 4745 1820 4788 recta
1840 4735 2051 4804 judicia

464 4823 582 4894 ejus
636 4822 862 4896 (Psalm.
918 4839 1107 4888 cxvm,
1158 4822 1303 4894 157).
1343 4823 1436 4877 illa
1467 4839 1618 4878 mens
1656 4825 1889 4879 maxime
1942 4824 2051 4878 Deo

463 4914 661 4984 placet,
690 4904 778 4969 cui
805 4914 987 4969 omnia
1015 4912 1109 4967 Dei
1145 4913 1429 4982 placabilia
1460 4915 1693 4982 placent.
1720 4913 2046 4982 Laudemus,

465 5022 710 5062 amemus
742 5013 797 5061 et
843 5021 1082 5068 oremus,
1110 5012 1170 5058 nt
1199 5020 1412 5074 semper
1439 5006 1533 5059 ﬁat
1560 5005 1808 5059 voluntas
1843 5005 1960 5073 eius
1995 5007 2049 5060 in

464 5095 641 5159 nobis,
672 5096 759 5150 cui
796 5108 1011 5164 semper
1052 5094 1194 5148 bona
1232 5093 1482 5163 placent;
1528 5101 1583 5149 et
1630 5094 1762 5150 nihil
1815 5097 1918 5151 nisi
1955 5112 2051 5167 per

461 5199 585 5240 eum
609 5185 734 5241 boni
759 5199 1046 5256 possumus
1069 5185 1290 5251 habere,
1321 5185 1599 5256 perﬁcere.
1625 5186 1681 5241 Si
1718 5187 1918 5243 bonum
1944 5197 2049 5256 est,

463 5277 506 5330 si
537 5277 768 5334 amabile
791 5285 872 5333 est
901 5278 1045 5347 quod
1069 5277 1359 5344 habemus,
1387 5278 1479 5333 ille
1515 5280 1792 5349 praestavit
1818 5279 2050 5353 [przesti-

464 5362 551 5435 tit]
582 5365 759 5420 nobis.
787 5365 866 5420 Illi
892 5366 1092 5435 gratias
1120 5379 1364 5437 agamus,
1396 5367 1471 5422 illi
1503 5376 1613 5422 tota
1651 5370 1849 5423 mentis
1873 5370 2049 5424 inten-

465 5552 478 5564 ο
539 5495 564 5523 ι
589 5483 952 5541 Edit.Mahill.
972 5486 1150 5557 iaubi
1175 5488 1792 5557 plusdimidiomutilata
1816 5502 1872 5548 et
1911 5495 2048 5552 alias

465 5555 780 5607 Imperfecta
803 5565 905 5607 est.
938 5557 1191 5607 (FrOben.
1224 5557 1337 5607 92-)
1367 5559 1631 5607 [ntegrum
1656 5563 1743 5607 hin
1759 5563 1952 5607 damna
1979 5582 2042 5607 ρτ

464 5557 780 5636 imperfecta
803 5565 905 5611 est.
938 5557 1191 5628 (FrOben.
1221 5557 1337 5641 92.)
1364 5559 1632 5631 integram
1655 5563 1743 5617 hic
1759 5563 1952 5644 damus
1979 5582 2046 5621 ex

462 5623 582 5678 cod.
617 5623 810 5700 Salisb.
837 5642 900 5680 ex
930 5643 1037 5700 quo
1060 5629 1330 5699 descripta
1357 5639 1482 5684 sunt
1507 5648 1626 5700 qua:
1645 5634 1848 5688 ansulis
1869 5638 2043 5690 conti-

463 5701 680 5764 nentur.
709 5694 835 5748 Inde
855 5694 979 5750 vero
999 5697 1110 5764 jam
1137 5694 1348 5754 constat
1371 5715 1489 5754 eam
1517 5694 1622 5755 non
1645 5703 1712 5755 ad
1742 5705 2046 5759 ltichbodo—

467 5779 589 5820 nem
633 5762 1012 5820 Trevirensem
1034 5769 1376 5838 episcopum,
1424 5778 1483 5823 ut
1521 5780 1642 5839 post
1678 5771 2040 5830 Mahillonium

2162 1931 2364 1992 quanto
2390 1923 2513 1992 quis
2536 1924 2799 1977 donorum
2819 1923 2914 1978 Dei
2941 1923 3131 1992 majori
3170 1925 3341 1978 utitur
3371 1924 3698 1979 abundantia
3733 1961 3749 1989 ,

2163 2023 2310 2067 tanto
2334 2013 2504 2080 magis
2525 2029 2583 2068 se
2603 2013 2901 2068 debitorem
2924 2015 3206 2070 mediatori
3225 2015 3465 2070 onmium
3482 2016 3750 2070 bonorum

2160 2118 2279 2172 qum
2309 2103 2564 2172 possidet,
2589 2113 2869 2172 agnoscat.

2233 2215 2288 2268 Si
2317 2215 2478 2283 igitur
2499 2213 2704 2282 justum
2749 2216 2964 2271 videtur
2999 2217 3200 2272 homini
3231 2215 3516 2284 cujuslibet
3540 2211 3751 2270 beneﬁ-

2161 2307 2228 2362 cii
2262 2307 2344 2360 vel
2367 2306 2528 2360 oﬁicii
2559 2307 2782 2361 reddere
2825 2316 3027 2377 grates,
3059 2316 3262 2377 quanto
3293 2307 3462 2378 magis
3490 2308 3598 2361 Deo
3625 2323 3751 2378 graa

2160 2398 2357 2452 tiarum
2383 2396 2623 2451 actiones
2658 2397 2878 2468 agendae
2903 2399 3074 2452 sunt?
3108 2398 3208 2464 Qui
3231 2399 3410 2452 omnia
3437 2398 3597 2461 dedit,
3625 2415 3750 2468 quae

2160 2488 2213 2542 in
2241 2489 2345 2542 hoc
2371 2487 2570 2542 sscculo
2598 2488 2736 2542 bona
2769 2489 3038 2554 videntur,
3071 2490 3160 2559 qui
3188 2489 3370 2544 omnia
3398 2490 3620 2544 daturus
3663 2499 3750 2546 est

2158 2583 2317 2644 bona,
2359 2595 2480 2651 qua:
2527 2581 2824 2637 desiderari
2875 2585 2957 2640 vel
2991 2585 3178 2640 haberi
3229 2586 3283 2640 in
3323 2584 3504 2640 futuro
3543 2587 3744 2641 sarculo

2158 2688 2383 2746 possunt
2422 2693 2436 2732 :
2467 2679 2557 2734 ubi
2595 2679 2708 2748 ipse
2747 2679 2888 2733 Deus
2924 2679 3028 2731 erit
3053 2673 3232 2733 omnia
3263 2679 3316 2733 in
3352 2681 3621 2745 omnibus,
3652 2681 3744 2749 qui

2159 2788 2302 2827 nunc
2352 2767 2574 2843 singulis
2623 2771 2919 2827 secundum
2960 2787 3270 2826 mensuram
3326 2788 3439 2827 sua:
3487 2774 3745 2828 bonitatis

2159 2861 2432 2917 distribuit
2464 2861 2680 2934 (Ep/tes.
2710 2877 2785 2926 tv,
2810 2859 2886 2931 7).
2935 2860 3086 2915 Tunc
3115 2859 3219 2916 erit
3265 2863 3444 2917 omnis
3480 2863 3693 2918 bonitas
3726 2901 3744 2930 ,

2156 2955 2335 3010 omnis
2371 2955 2673 3021 beatitudo,
2702 2953 2880 3008 omnis
2904 2951 3224 3008 sufﬁcientia
3256 2949 3310 3008 in
3348 2954 3616 3009 omnibus.
3662 2952 3746 3009 Ad

2158 3046 2316 3115 hujus
2343 3060 2470 3100 vero
2497 3062 2721 3100 summa:
2768 3045 3119 3099 beatitudinis
3148 3053 3202 3097 et
3237 3044 3590 3100 indeﬁcientis
3628 3046 3747 3116 glo-

2081 3149 2128 3212 c
2159 3137 2252 3190 ria:
2281 3146 2402 3205 post
2431 3136 2642 3191 labores
2682 3136 2841 3206 hujus
2884 3136 3008 3189 vitae
3054 3135 3368 3191 felicitatem
3411 3137 3551 3191 Deus
3584 3135 3744 3191 Jesus

2158 3233 2210 3279 tc
2239 3227 2520 3294 pervenire
2540 3224 2723 3289 faciat,
2751 3225 2967 3280 domine
2991 3223 3484 3282 desiderantissime
3513 3233 3566 3282 et
3592 3225 3742 3282 omni

2157 3321 2360 3375 honore
2381 3317 2718 3391 dignissime.

2262 3435 2489 3489 Tribuat
2517 3436 2732 3490 divitias
2758 3451 2914 3491 veras
2935 3436 3053 3499 tibi,
3083 3432 3251 3491 David
3279 3448 3456 3491 amate
3474 3476 3490 3500 ,

2329 3525 2464 3579 Cum
2495 3527 2699 3581 sanctis
2722 3526 2929 3595 pariter
2949 3523 3202 3582 Christus
3230 3527 3281 3580 in
3315 3543 3440 3582 arce
3466 3528 3596 3598 poli.

2554 3659 2713 3732 134
2740 3673 2766 3702 ι
2806 3658 3136 3716 EPISTOLA
3172 3659 3346 3716 CVIII.

2752 3773 2830 3827 An
2871 3789 3135 3829 snaoxsu.

2773 3890 2950 3962 (Anno
2973 3891 3124 3965 800.)

2123 4057 2131 4066 ,
2155 3999 2417 4076 Hortatur
2443 4002 2592 4076 illum
2631 4013 2685 4056 ut
2732 4003 2954 4058 Leonem
2980 4023 3168 4076 papam
3197 4017 3378 4062 contra
3407 4007 3741 4066 adversarios

2221 4073 2488 4142 defendat.
2537 4071 2758 4150 (latinos
2808 4076 2879 4150 ab_
2917 4071 3535 4150 stt'lrjeetioneaefecisse.
3566 4089 3614 4132 et
3647 4098 3744 4150 pa-

2221 4159 2385 4230 g‘amts
2435 4159 2588 4196 naves
2625 4143 3144 4230 littoraﬂAquitauite
3183 4143 3435 4230 infestare
3479 4143 3738 4230 queritur.

2227 4211 2514 4287 Novam-se
2536 4211 3381 4287 congregationem]:anachorum
3407 4211 3589 4287 fecisse
3615 4233 3741 4274 nar-

2222 4291 2327 4357 rat.
2363 4282 2836 4357 Aljmo._fiemedio
2876 4294 2923 4357 et
2959 4284 3200 4357 Paulino
3237 4282 3488 4357 episcopis
3515 4288 3740 4343 salutem

2222 4353 2370 4406 dicit.
2399 4352 2478 4406 De
2509 4352 2756 4424 Elipanto
2792 4364 2838 4408 et
2867 4353 3047 4410 Felice
3073 4352 3316 4426 quaedam
3341 4352 3568 4411 nuntiat.

2222 4462 2452 4517 Domino
2496 4463 2808 4518 beatissimo
2849 4473 2905 4519 et
2934 4467 3129 4521 merito
3155 4476 3429 4538 perpetua!
3457 4469 3741 4523 charitatis

2154 4551 2254 4606 alis
2283 4552 2656 4622 amplectenda
2702 4554 2959 4629 [Aquilm]
3007 4559 3260 4630 episcopo
3316 4561 3534 4615 humilis
3575 4560 3738 4616 levita

2153 4641 2461 4715 [Alcuinus]
2493 4645 2741 4700 salutem.

2222 4734 2541 4790 Dulcissima
2577 4737 2879 4793 litterarum
2905 4751 3204 4796 vestrarum
3257 4743 3488 4800 lectione
3528 4755 3586 4800 ct
3613 4763 3743 4801 sua-

2126 4825 2371 4880 .vissima
2408 4827 2790 4897 prosperitatis
2835 4839 3029 4886 vestrae
3077 4833 3346 4901 legatione
3395 4835 3738 4901 lmtiﬁcatus,

2150 4915 2305 4982 quasi
2343 4916 2485 4970 inter
2533 4917 2764 4974 febrium
2815 4921 3036 4977 ardores
3079 4923 3419 4995 refrigerium
3466 4925 3739 4995 quoddam

2151 5003 2282 5058 mihi
2310 5005 2638 5072 advenisset,
2669 5017 2724 5063 et
2774 5011 3175 5068 canicularihus
3220 5015 3474 5070 decoctus
3501 5013 3741 5071 ﬂammis

2151 5109 2274 5148 rore
2302 5095 2642 5152 salutationis
2668 5109 2864 5155 vestra:
2885 5099 3236 5168 refocillatns,
3266 5112 3412 5159 totus
3441 5105 3494 5158 in
3523 5119 3617 5174 spe
3643 5121 3738 5159 ro-

2149 5185 2372 5242 boratus
2421 5192 2770 5258 assurgebam
2801 5194 3026 5250 audiens
3065 5195 3207 5265 quod
3253 5211 3469 5266 semper
3514 5199 3737 5267 optavi,

2148 5276 2330 5349 legens
2353 5280 2406 5334 in
2439 5279 2636 5336 litteris
2665 5284 2809 5351 quod
2835 5300 3054 5357 semper
3079 5288 3404 5355 desideravi,
3426 5290 3741 5360 apostolica:

2147 5369 2487 5425 auctoritatis
2514 5371 2742 5428 salutem
2770 5383 2827 5429 et
2850 5380 3212 5434 constantiam
3235 5381 3510 5452 religionis
3531 5391 3739 5438 sanctae

2145 5510 2330 5596 Callia:
2349 5511 2651 5596 Litterarirc
2670 5518 2904 5596 scriptor
2921 5527 3054 5596 tom.
3081 5523 3170 5588 IV,
3192 5539 3314 5596 pag.
3339 5524 3464 5596 529,
3485 5533 3710 5582 autuma
3733 5553 3742 5559 -

2143 5583 2251 5645 vit;
2284 5583 2480 5661 11333.3(!
2505 5583 3232 5661 Paulinum'Aquileienseni,
3263 5583 3322 5648 Et
3347 5594 3414 5650 cl.
3445 5583 3740 5654 Madrisius

2143 5667 2265 5733 pag.
2295 5651 2404 5736 Δ251
2439 5657 2706 5736 “aptabat;
2763 5651 2970 5717 sed'ad
3021 5651 3270 5734 Aquilam
3315 5678 3410 5721 seu
3455 5651 3739 5726 Arnoncui

2143 5722 2399 5792 scriptam
2436 5722 2620 5782 fuisse.
