4070 6182
278 370 389 433 59ιὸ

1733 362 2110 420 ΕΡΙςΤΟΙηΕ.

3453 365 3556 419 5'26

280 500 338 555 in
366 510 452 557 eo,
476 504 639 561 quem
662 500 686 528 α
719 486 1084 542 confessorem
1132 480 1335 540 Christi
1364 478 1645 537 nominare
1692 487 1748 534 et
1788 493 1880 532 ve-
1908 472 1956 537 Α
1985 485 2041 531 et
2068 486 2127 532 ut
2152 476 2364 532 illorum
2410 476 2533 532 talis
2561 478 2666 532 vita
2718 485 2880 542 esset,
2936 488 2995 533 ut
3032 477 3339 547 potuissent
3370 489 3560 536 contra

278 583 465 643 nerari
498 577 754 636 omnibus
803 575 1006 632 Christi
1051 574 1309 631 Ecclesiis
1336 587 1550 642 aequum
1595 570 1875 635 arbitror;

280 686 443 745 cujus
469 666 818 743 praesentiam
848 681 1011 736 super
1031 679 1223 722 omnes
1246 664 1381 719 alios
1405 661 1566 732 hujus
1587 662 1710 717 vita:
1732 661 1880 715 viros

281 760 655 819 desiderarem
675 797 689 821 ,
724 757 768 811 si
806 752 912 810 mei
939 753 1239 824 corpusculi
1282 752 1534 807 valetudo
1558 766 1644 805 me
1676 751 1879 805 sineret

281 852 567 924 perﬁcere.
619 847 800 921 [Quod
826 845 1063 900 maxima
1094 842 1259 898 animi
1291 842 1586 911 cupiditate
1612 838 1703 893 diu
1739 839 1878 893 desi-

279 941 561 1003 derabam,
597 938 651 993 in
682 943 893 993 tantum
923 943 982 990 ut
1010 945 1114 990 tuae
1137 949 1264 990 vere
1296 932 1471 989 fateor
1498 932 1653 998 ﬁdei;
1688 932 1732 987 si
1756 931 1878 985 talis

283 1047 441 1087 meus
479 1028 746 1100 potuisset
785 1025 927 1096 apud
977 1024 1138 1094 hujus
1181 1024 1562 1079 auctoritatem
1602 1020 1879 1092 profectus

281 1121 405 1177 ﬁeri
435 1118 698 1175 Ecclesiis
724 1114 926 1172 Christi
967 1114 1143 1185 qualis
1182 1129 1302 1168 mea
1353 1112 1574 1182 optabat
1619 1113 1833 1168 devotio
1862 1154 1876 1178 ,

284 1229 398 1284 pra
408 1211 665 1267 omnibus
684 1206 864 1263 saeculi
883 1204 1093 1259 deliciis
1115 1212 1170 1260 et
1184 1203 1482 1259 honoribus
1498 1202 1616 1272 ejus
1636 1218 1879 1274 prmsen-

284 1302 378 1356 tia:
402 1308 587 1356 astare
608 1310 1001 1369 proponerem;
1024 1295 1070 1350 si
1095 1293 1341 1348 ﬁammas
1361 1293 1529 1348 animi
1557 1294 1640 1348 sui
1667 1294 1881 1363 mitiga-

282 1408 345 1450 re
381 1391 517 1447 mihi
554 1390 824 1445 indultum
868 1396 1040 1452 esset,
1078 1395 1133 1441 et
1163 1386 1360 1441 litteris
1395 1387 1496 1442 sub
1540 1384 1658 1454 ejus
1706 1386 1879 1440 sancti

277 1482 523 1539 nominis
550 1480 872 1536 auctoritate
896 1494 995 1549 per
1014 1478 1255 1534 diversas
1279 1477 1460 1533 mundi
1490 1477 1760 1546 regiones,
1786 1492 1879 1549 po-

280 1572 461 1647 pulos,
495 1572 806 1644 parochias,
834 1571 1081 1626 civitates
1118 1578 1174 1623 et
1200 1567 1509 1638 provincias
1534 1568 1782 1634 hortari;
1826 1575 1880 1622 et

284 1660 575 1720 catholica:
602 1660 726 1717 ﬁdei
753 1660 994 1715 rationes
1017 1657 1266 1729 pluribus
1283 1672 1555 1729 exponere
1580 1659 1828 1727 personis
1860 1675 1875 1723 ;

281 1763 343 1811 et
373 1755 682 1825 religiosam
729 1750 1152 1806 admonitionem
1184 1790 1199 1815 ,
1243 1750 1398 1821 juxta
1433 1749 1878 1805 consuetudinem

1983 567 2144 623 talem
2170 574 2542 624 auctoritatem
2578 576 2741 623 stare.
2775 568 2999 639 Insuper
3023 578 3077 625 et
3101 569 3154 624 in
3182 570 3301 625 aliis
3321 571 3562 642 legebam

1982 658 2282 713 canonibus
2305 697 2321 723 ,
2359 667 2383 697 ο
2417 658 2769 729 apostolicam
2819 659 3002 713 sedem
3045 658 3383 729 judiciariam
3419 675 3561 725 esse,

1983 764 2088 802 non
2110 748 2478 818 judicandam.
2504 748 2631 803 Hmc
2654 748 2832 802 omnia
2868 757 2923 803 et
2951 750 3121 805 multo
3147 750 3301 819 plura
3343 752 3430 808 bis
3469 767 3535 807 co

1982 841 2148 911 gitavi
2174 856 2273 910 per
2294 840 2552 910 epistolas
2574 855 2725 895 meas
2747 842 3074 897 demandare
3098 842 3175 897 illi
3203 851 3426 913 propter
3449 841 3565 912 ejus

1982 930 2298 985 catholicam
2322 931 2667 985 charitatem.
2695 929 2828 997 Quis
2869 940 3048 1001 potest
3076 932 3330 988 immunis
3354 948 3473 989 esse
3508 935 3565 988 in

1981 1021 2223 1076 Ecclesia
2252 1021 2451 1077 Christi
2482 1031 2691 1091 pastor,
2721 1022 2767 1076 si
2797 1022 2886 1076 ille
2907 1038 2936 1076 a
2965 1022 3404 1079 malefactoribus
3431 1024 3567 1095 deji-

1981 1110 2139 1174 citur,
2168 1111 2259 1180 qui
2292 1119 2454 1180 caput
2496 1119 2580 1165 est
2617 1110 2985 1165 Ecclesiarum
3036 1110 3280 1167 Christi?
3310 1111 3420 1167 Suo
3464 1113 3569 1166 Do-

1980 1203 2129 1256 mino
2152 1201 2340 1267 stabit,
2387 1208 2481 1254 aut
2512 1202 2686 1256 cadet.
2720 1201 2895 1257 Stabit
2929 1218 3067 1267 vero,
3097 1211 3282 1273 potens
3310 1212 3387 1256 est
3429 1203 3567 1256 enim

1982 1295 2239 1350 Dominus
2262 1303 2488 1348 statuere
2516 1293 2666 1348 illum
2691 1293 2871 1363 (Rom.
2896 1310 3009 1360 xw,
3038 1294 3114 1365 4).

2054 1387 2135 1442 Tu
2164 1401 2322 1449 vero,
2371 1385 2445 1440 ﬁli
2493 1386 2836 1452 charissime,
2868 1386 2943 1442 ﬁli
2982 1396 3233 1442 votorum
3279 1402 3524 1444 meorum
3553 1429 3570 1454 ,

1985 1476 2085 1550 [ﬁli
2115 1475 2372 1532 Ecclesia:
2393 1474 2596 1531 Christi
2627 1476 2682 1530 in
2709 1476 2837 1531 ovili
2865 1476 3009 1530 inter
3032 1492 3162 1532 oves
3183 1487 3400 1533 sanctas
3428 1478 3573 1534 illius

1984 1567 2275 1632 enutritus,
2302 1566 2369 1621 ad
2400 1581 2560 1636 quem
2591 1566 2830 1621 omnium
2875 1575 3155 1635 pastorum
3197 1576 3384 1637 pastor
3413 1569 3572 1623 tertio

1980 1655 2117 1710 dixit
2147 1656 2327 1728 (Jaan.
2354 1672 2469 1721 xxi,
2496 1655 2696 1722 15,16,
2735 1655 2819 1727 l7)
2854 1671 2869 1710 :
2909 1656 3078 1712 Pasce
3118 1675 3233 1713 oves
3281 1658 3470 1732 meas],
3494 1659 3574 1712 la-

1981 1750 2112 1804 bora
2138 1764 2235 1819 pro
2263 1748 2456 1818 capitis
2487 1748 2562 1802 tui
2593 1748 2785 1814 salute,
2816 1765 2915 1819 pro
2938 1751 3133 1804 summi
3163 1752 3400 1820 pastoris
3425 1753 3575 1807 inco-

279 1856 600 1905 sanctorum
648 1843 895 1909 Patrum,
928 1843 1192 1898 chartulis
1238 1843 1476 1898 indicere
1510 1841 1875 1897 currentibus.
1913 1848 1957 1905 Β
1984 1840 2248 1905 lumitate,
2275 1855 2375 1911 pro
2401 1849 2602 1894 sancta:
2627 1841 2771 1894 sedis
2796 1844 3139 1907 auctoritate,
3167 1857 3266 1911 pro
3295 1844 3574 1899 catholica:

283 1938 417 2005 Sed,
439 1948 501 1994 ut
539 1935 719 2003 video,
749 1934 886 1990 meis
921 1935 1025 1990 hoc
1050 1932 1470 2004 impedientibus
1495 1933 1732 2003 peccatis
1757 1930 1877 1987 ﬁeri

278 2031 518 2086 necdum
574 2028 773 2100 poterit
828 2034 1051 2097 propter
1103 2025 1454 2097 fragilitatem
1525 2024 1878 2094 corpusculi,

278 2122 473 2179 multis
527 2119 898 2175 molestiarum
952 2117 1241 2173 sarcinulis
1276 2115 1608 2186 subgravati.
1655 2115 1883 2186 Insuper

280 2232 387 2271 nec
410 2214 504 2270 ille
535 2212 739 2283 aliquid
782 2211 915 2267 mihi
944 2208 1138 2264 exinde
1164 2208 1461 2274 mandavit,
1509 2208 1563 2263 in
1607 2206 1761 2277 cujus
1784 2222 1881 2278 po-

280 2313 483 2361 testate
502 2303 661 2374 juxta
683 2303 866 2359 smculi
894 2296 1209 2372 dignitatem
1239 2302 1345 2355 hoc
1371 2300 1607 2355 maxime
1638 2298 1756 2354 ﬁeri
1788 2300 1883 2354 de-

278 2395 402 2453 buit
424 2413 438 2449 :
464 2411 566 2466 per
605 2393 742 2450 alios
767 2408 898 2448 vero
926 2392 1060 2447 mihi
1096 2390 1328 2445 ﬁrmiter
1351 2390 1456 2445 hoc
1487 2390 1787 2455 mandavit,
1818 2395 1881 2470 ut

282 2484 402 2541 ﬁeri
431 2485 724 2549 voluisset;
757 2482 787 2523 δ
810 2498 907 2552 per
926 2497 986 2536 se
1004 2489 1185 2536 autem
1212 2480 1348 2535 nihil
1368 2479 1495 2536 inde
1523 2480 1673 2535 dixit.

354 2572 600 2645 Intelligo
633 2589 850 2644 quoque
875 2572 1073 2627 multos
1101 2587 1222 2628 esse
1253 2572 1599 2628 zemulatores
1635 2572 1876 2642 ejusdem

282 2668 533 2739 pmiicti
570 2666 757 2722 domui
782 2665 1087 2735 apostolici,
1111 2666 1380 2735 deponere
1417 2681 1541 2722 eum
1572 2674 1881 2737 quaerentes

281 2757 514 2814 subdola
551 2758 934 2827 suggestione,
963 2767 985 2796 ο
1016 2756 1246 2811 crimina
1269 2756 1519 2812 adulterii
1548 2756 1634 2812 vel
1658 2756 1880 2828 perjurii

284 2848 365 2906 illi
396 2850 672 2920 imponere
700 2857 1006 2921 quaerentes
1032 2891 1047 2918 ,
1098 2858 1154 2905 et
1196 2860 1325 2906 tunc
1353 2849 1558 2923 [Fort.,
1583 2852 1665 2925 ut]
1693 2869 1878 2910 sacra-

284 2947 473 2997 mento
507 2942 814 3012 gravissimi
844 2939 1197 3009 jurisjurandi
1245 2942 1314 2997 ab
1373 2942 1458 2997 his
1508 2957 1568 2998 se
1621 2953 1882 3015 purgaret

284 3032 608 3089 criminibus
624 3031 940 3087 ordinantes
965 3046 980 3084 :
1006 3032 1085 3086 sic
1106 3031 1333 3086 consilio
1359 3043 1570 3089 secreto
1592 3035 1882 3091 suadentes

290 3129 356 3174 ut
401 3120 696 3192 deponeret
740 3121 859 3175 sine
893 3119 1205 3189 juramento
1230 3123 1626 3192 pontiﬁcatum,
1648 3134 1705 3180 et
1727 3127 1880 3195 quie-

1984 1931 2107 1987 ﬁdei
2128 1932 2458 2002 integritate,
2479 1946 2548 1986 ue
2572 1932 2770 2002 lupinis
2796 1934 3067 1988 morsibus
3091 1944 3365 2004 pastorum
3392 1945 3576 2007 pastor

1982 2033 2187 2095 pateat.
2213 2025 2327 2095 Ego
2353 2039 2484 2079 vero
2511 2024 2730 2095 optimae
2752 2035 2947 2080 vestrae
2974 2027 3194 2095 pietatis
3232 2026 3575 2083 devotionem

1983 2116 2240 2188 laerymis
2277 2132 2603 2188 prosequor,
2635 2119 2976 2174 orationibus
3019 2135 3281 2189 assequar
3308 2162 3324 2186 ,
3365 2121 3576 2177 littera-

1984 2224 2105 2262 rum
2133 2206 2405 2279 suﬁ’ragiis
2433 2222 2756 2277 consequor.
2774 2208 2980 2264 Cautus
2993 2217 3111 2263 esto
3125 2211 3208 2265 cui
3232 2212 3577 2268 commendes

1984 2301 2209 2356 consilia
2240 2309 2351 2365 tua,
2376 2299 2633 2371 proyidus
2661 2301 2713 2355 iu
2746 2302 3048 2370 responsis,
3081 2317 3239 2358 verax
3260 2303 3315 2358 in
3341 2301 3574 2373 iudiciis,

1985 2392 2249 2449 sollicitus
2277 2392 2585 2448 discernere
2609 2432 2625 2457 ,
2661 2393 2792 2463 quid
2835 2392 2920 2447 cui
2975 2394 3255 2448 conveniat
3283 2435 3298 2460 ,
3330 2403 3385 2449 et
3419 2393 3576 2466 135

1985 2484 2095 2539 noli
2118 2483 2362 2539 oblivisci
2392 2490 2608 2552 patrem
2634 2484 2808 2547 senio,
2836 2483 3006 2538 ﬁlium
3047 2485 3273 2546 meritis,
3307 2484 3326 2517 ί
3348 2494 3573 2540 tratrem

1985 2573 2274 2629 charitate.
2315 2572 2547 2628 Veniat!
2590 2572 2773 2627 veniat
2816 2563 2987 2642 [Statu
3026 2572 3397 2645 venietjtenim
3423 2576 3575 2640 dies,

1985 2664 2112 2719 dum
2143 2663 2191 2718 ei
2234 2662 2499 2732 placuerit
2540 2661 2632 2730 qui
2665 2675 2855 2716 omnes
2880 2660 3145 2731 disposuit
3184 2662 3326 2726 dies,
3359 2663 3574 2732 quando

1986 2757 2145 2814 liceat
2172 2765 2386 2827 aptatos
2413 2755 2692 2827 amplexus
2719 2753 2861 2824 patri
2894 2762 2950 2808 et
2985 2754 3095 2810 ﬁlio
3123 2755 3448 2826 conjungere
3471 2797 3488 2821 ,
3518 2765 3575 2811 et

1986 2849 2191 2906 mutuis
2220 2849 2429 2917 seipsos
2456 2845 2739 2902 exhortari
2768 2844 3146 2901 collationibus
3172 2844 3347 2919 [Idem
3379 2862 3574 2902 conso-

1985 2939 2323 3014 latiouibus].

2056 3034 2262 3106 [Tertia
2310 3050 2472 3090 causa
2517 3042 2575 3088 tu
2603 3036 2629 3075 ε
2669 3032 2817 3090 fuisti
2867 3035 3077 3090 itineris
3110 3034 3235 3090 mei.
3265 3034 3444 3090 Prima
3474 3035 3575 3090 fuit

1986 3127 2352 3184 Ecclesiarum
2386 3126 2618 3192 Christi;
2645 3125 2881 3183 secunda
2926 3127 3109 3181 (lomni
3138 3126 3302 3197 regis,
3351 3127 3475 3196 quia
3520 3128 3575 3182 in

284 3222 405 3268 tam
434 3212 489 3267 in
511 3214 755 3284 quolibet
781 3215 1113 3270 monasterio
1140 3191 1325 3285 ageret
1350 3216 1539 3282 vitam,
1571 3216 1715 3287 quod
1744 3191 1877 3273 iom-
1905 3191 1953 3255 θ
1983 3219 2238 3291 lacrymis
2257 3218 2287 3259 ιι
2311 3218 2617 3288 lacrymans
2637 3216 2817 3273 dimisi
2843 3232 2988 3282 eum,
3012 3191 3235 3286 cupiens
3259 3191 3576 3287 perpetuam

287 3304 420 3360 nino
442 3304 559 3360 ﬁeri
581 3321 687 3360 non
707 3306 888 3371 debet,
916 3322 1017 3362 nec
1039 3306 1128 3362 ille
1154 3307 1268 3378 ipse
1290 3309 1621 3375 consentire,
1654 3325 1714 3366 se
1739 3326 1878 3380 quo-

286 3396 430 3452 libet
449 3406 787 3453 sacramento
804 3401 1308 3468 constringere,aut
1335 3402 1518 3457 sedem
1542 3417 1695 3457 suam
1727 3402 1881 3457 amit-

285 3498 435 3543 tere.
452 3486 851 3558 Responderem
875 3507 973 3561 pro
988 3507 1078 3557 eo,
1094 3491 1140 3546 si
1167 3508 1230 3547 ex
1250 3493 1423 3548 latere
1435 3492 1552 3564 ejus
1567 3494 1838 3549 stetissem
1858 3512 1872 3549 :

285 3576 400 3644 Qui
417 3578 535 3632 sine
552 3588 761 3648 peccato
789 3589 864 3634 est
893 3592 1139 3647 vestrum,
1160 3582 1359 3652 primus
1387 3582 1441 3636 in
1470 3581 1620 3638 illum
1648 3582 1876 3655 lapidem

283 3668 462 3722 mittat
488 3664 674 3741 (lacn.
698 3684 819 3735 vm,
852 3671 929 3742 7).

356 3756 575 3815 Memini
606 3776 695 3816 me
724 3761 918 3833 legisse
938 3764 1235 3833 quondam,
1259 3764 1304 3820 si
1330 3765 1433 3820 rite
1461 3765 1738 3832 recordor,
1765 3765 1792 3807 (ι
1820 3767 1877 3822 in

285 3847 598 3905 Canonibus
648 3851 794 3907 beati
832 3850 1077 3908 Silvestri
1109 3896 1123 3919 ,
1177 3870 1283 3910 non
1322 3857 1503 3912 minus
1541 3857 1610 3912 72
1643 3858 1878 3914 testibus

287 3939 598 4007 pontiﬁcem
626 3944 988 3998 accusandum
1018 3960 1161 4010 esse,
1195 3953 1248 4000 et
1274 3947 1484 4017 judicio
1510 3949 1828 4018 prmsentari
1855 3965 1870 3979 ο

403 4095 770 4166 Coufessorem
789 4096 1003 4174 Christi.
1023 4098 1289 4174 Nimirum
1316 4101 1548 4158 Leonem
1570 4101 1639 4158 III
1659 4118 1874 4174 papam,

286 4175 347 4220 ut
369 4167 784 4235 ipsecontextus
795 4169 1037 4235 epistola:
1055 4171 1409 4227 demonstrat.
1433 4167 1878 4231 Confessor'vero

284 4237 504 4323 dicitur,
533 4238 661 4323 quia
688 4253 789 4308 pro
823 4237 1042 4323 Christo
1069 4242 1501 4323 persecutin
1532 4251 1589 4299 et
1608 4251 1879 4323 tormenta

281 4321 475 4382 passus
528 4315 645 4382 est_,
695 4310 945 4382 quamvis
1000 4310 1192 4366 deinde
1248 4312 1592 4382 tranquillam
1646 4322 1877 4370 mortem

280 4376 502 4453 abierit.
528 4396 562 4453 _¢_
594 4376 894 4453 Confessio,
926 4380 1102 4450 inquit
1152 4389 1372 4437 sanctus
1389 4376 1703 4453 'Cyprianus
1750 4383 1873 4439 libr.

280 4447 350 4525 de
374 4447 731 4518 Simplicitate
754 4449 971 4504 Praelat.
995 4447 1275 4525 exordium
1299 4460 1382 4508 est
1402 4447 1586 4525 gloriae
1602 4494 1616 4517 ,
1636 4469 1746 4525 non
1768 4470 1879 4510 me-

1984 3310 2185 3365 laetitia:
2208 3309 2351 3364 illius
2375 3309 2696 3364 memoriam
2725 3308 2919 3362 anima:
2944 3323 3078 3363 mea:
3108 3308 3439 3373 inscribere;
3468 3315 3579 3364 ter-

1984 3403 2055 3456 tia
2107 3399 2476 3456 dulcissimam
2519 3399 2806 3455 cbaritatis
2852 3406 2959 3453 tua:
3008 3398 3193 3453 videre
3228 3396 3451 3463 faciem;
3483 3397 3580 3455 sed

1978 3492 2287 3565 prohibitus
2333 3507 2453 3547 sum
2495 3507 2669 3563 usque
2698 3491 2879 3546 adhuc
2911 3498 2973 3545 ut
3002 3489 3177 3554 ﬁeret,
3229 3490 3373 3559 quod
3421 3487 3578 3544 valde

1980 3582 2162 3651 optavi
2186 3590 2247 3636 ut
2273 3581 2446 3636 ﬁeret.
2470 3580 2590 3636 Erit
2615 3580 2795 3649 itaque
2821 3594 2920 3649 per
2958 3587 3172 3634 vestras
3210 3588 3429 3633 sanctas
3453 3593 3578 3632 ora-

1981 3673 2176 3739 tiones,
2222 3674 2349 3729 dum
2390 3673 2439 3726 ei
2469 3671 2754 3741 placuerit,
2794 3670 2910 3724 sine
2964 3684 3071 3738 quo
3116 3669 3253 3725 nihil
3284 3669 3410 3726 boni
3458 3669 3578 3725 ﬁeri

1978 3762 2197 3832 poterit.
2233 3765 2248 3803 ί
2286 3760 2526 3830 Epistola
2557 3775 2687 3815 vero
2707 3759 2859 3828 prior
2891 3774 3011 3829 qua:
3037 3760 3106 3815 ad
3132 3775 3231 3816 nos
3269 3762 3371 3817 sub
3392 3768 3577 3817 vestro

1980 3856 2198 3908 nomine
2221 3853 2491 3923 pervenit,
2543 3852 2913 3922 querimonias
2957 3852 3219 3923 quasdam
3259 3852 3467 3910 habens
3510 3854 3578 3910 de

1980 3945 2222 4000 moribus
2249 3944 2546 4014 apostolici,
2574 3952 2631 4000 et
2660 3945 2727 4001 de
2746 3944 2988 4015 periculo
3015 3956 3108 4000 tuo
3127 3946 3267 4015 apud
3290 3962 3414 4002 eum
3443 3962 3573 4016 pro-

1979 4103 2060 4186 ad.
2073 4102 2356 4187 supposita
2379 4101 2448 4157 ab
2470 4100 2674 4157 Isidore
2705 4100 3007 4157 Mercatore
3053 4099 3296 4155 referunt
3332 4099 3582 4173 modernir

1984 4181 2471 4315 crg'jlpostolicam
2495 4243 2738 4299 sedem...
2768 4259 2873 4315 non
2888 4240 3261 4315 judicaudam.
3415 4254 3575 4309 syno-

1984 4315 2074 4392 do,
2099 4310 2201 4392 abs
2220 4314 2406 4379 dubio,
2452 4313 2796 4392 Sinuessana
2813 4310 3075 4392 in-causa
3100 4310 3413 4392 Marcellini
3438 4324 3576 4392 pon-

1983 4384 2145 4440 tiﬁcis
2186 4393 2376 4439 coacta
2419 4399 2562 4439 anno
2585 4383 2690 4440 503
2734 4383 2946 4438 Alcuini
2982 4379 3265 4437 consilium
3303 4379 3574 4449 archiepi-

1983 4455 2130 4526 scopi
2152 4463 2207 4510 et
2234 4454 2495 4526 episcopi,
2525 4455 2826 4526 inter_quos
2853 4452 3222 4526 Arno__fuerat,
3258 4450 3429 4506 secuti
3450 4462 3577 4519 pro-

280 4517 449 4599 ritum
474 4512 725 4586 coronas;
756 4534 865 4575 non
905 4519 1120 4591 perﬁcit
1146 4512 1385 4589 Iaudem,
1404 4512 1523 4580 ‘sed
1568 4512 1751 4581 initiat
1782 4525 1869 4581 di-
1898 4534 1955 4599 ι)
1981 4512 2301 4599 nuntiarunt
2328 4539 2399 4599 :_¢
2418 4512 2554 4599 '_N;os
2574 4512 2779 4599 _se_dém
2808 4523 3159 4599 apostolicam
3182 4512 3217 4585 ,⁷
3246 4536 3392 4599 quae
3413 4512 3577 4590 caput

279 4587 570 4654 gnitatem.
608 4609 626 4641 ι

350 4659 379 4697 1³
416 4657 526 4712 Per
547 4676 605 4713 se
631 4668 807 4714 autem
835 4659 967 4715 nihil
1000 4661 1123 4717 inde
1144 4661 1297 4717 dixit.
1327 4663 1407 4717 Ex
1446 4663 1552 4719 hoc
1576 4664 1697 4720 loco
1716 4665 1871 4722 colli-

1976 4603 2061 4676 est
2080 4595 2322 4676 omnium
2346 4593 2442 4649 Dei
2465 4590 2856 4676 Ecclesiarum,
2881 4591 3129 4676 judicare
3156 4605 3263 4672 non
3288 4590 3570 4676 audemus.

1977 4665 2113 4720 Nam
2152 4665 2222 4720 ab
2252 4664 2366 4735 ipsa
2405 4678 2507 4719 nos
2540 4679 2731 4719 omnes
2769 4671 2827 4735 et
2851 4659 3058 4720 vicario
3100 4676 3201 4718 suo
3227 4659 3570 4735 iudicamur;

278 4741 376 4815 go,
385 4728 550 4815 ~quod
570 4727 835 4815 Alcﬁuinus
852 4731 1135 4815 epistolam
1128 4733 1328 4815 "regis,
1357 4749 1464 4803 qua
1602 4754 1627 4815 ι
1673 4737 1875 4815 impro-
1976 4737 2093 4815 ipsa
2146 4727 2327 4791 autem
2368 4734 2651 4815 a-n_emine
2690 4733 2996 4815 judicatur,
3039 4727 3495 4815 quemadmodum
3520 4740 3578 4787 et

278 4807 455 4918 gerat,
482 4798 626 4867 quod
664 4798 808 4884 fumo
832 4798 1105 4857 sordentia
1128 4798 1480 4859 Turonorum
1506 4812 1649 4861 tecta
1669 4798 1876 4862 auiatis

327 4882 652 4918 manorum
676 4872 893 4918 armhns
934 4878 1292 4918 nrmnnnemt-
1337 4892 1356 4918 ι
1391 4873 1518 4918 dum
1551 4887 1873 4918 nmcpnlpm

327 4882 652 4945 emanarum
676 4871 893 4945 arcibus
933 4878 1292 4945 praeponeret,
1336 4892 1356 4926 ι
1391 4873 1519 4929 dum
1550 4887 1875 4945 praesentem

279 4937 571 5012 scriberet,
593 4940 831 5012 nondum
856 4937 1149 5012 acceperit.
1279 4937 1285 4939 ⁷
1496 4963 1505 4972 ο

329 5017 394 5094 9:
416 5007 930 5094 (Ignem-danton
966 5007 1134 5094 reiert
1162 5013 1482 5094 anastasius
1516 5014 1774 5094 Biblioth.
1821 5017 1878 5073 in

280 5075 422 5157 Vita_
452 5076 651 5134 Leonis
673 5077 741 5157 lii
768 5075 865 5136 his
911 5083 1090 5140 verbis
1119 5102 1132 5137 :
1163 5084 1304 5140 Dum
1343 5085 1399 5140 in
1448 5102 1647 5157 magno
1673 5088 1880 5144 honore

274 5146 423 5216 apud
446 5161 636 5230 seper
672 5148 1007 5230 aiiquanturu
1037 5162 1250 5230 tempus
1287 5146 1732 5230 eumA(Le‘onem)
1764 5158 1881 5228 ipse

274 5222 667 5299 saeuissimus
692 5236 787 5299 rex
806 5222 1115 5299 habuisset,
1147 5222 1272 5281 hzec
1296 5222 1508 5299 praefati
1533 5222 1736 5298 iniqui.
1757 5222 1804 5281 ,ἶ
1824 5268 1843 5299 ,ν
1859 5265 1878 5283 .

274 5285 457 5370 moliti
476 5296 719 5346 sunt.....
751 5291 883 5370 falsa
899 5363 911 5370 _
928 5285 1189 5350 adversus
1214 5285 1647 5354 sanctissimum'
1662 5298 1883 5370 pontiﬁ-

443 5363 727 5430 impouere
756 5363 1097 5440 crim_ina,_et
1124 5375 1247 5436 post
1278 5383 1403 5423 eum
1457 5370 1527 5425 ad
1558 5363 1880 5440 prae—dictum

272 5433 500 5512 mittere
528 5445 731 5512 regem,
755 5433 898 5512 quod
917 5433 1148 5512 probare
1170 5453 1512 5510 nequaquam
1541 5433 1878 5512 potuissent;

272 5503 418 5575 quia
435 5514 535 5569 per
554 5503 776 5558 insidias
780 5512 850 5575 _et
877 5503 1187 5575 iniquitates
1228 5503 1436 5575 eorum,
1481 5503 1614 5567 talia
1660 5525 1761 5566 nec
1802 5503 1880 5565 di;

273 5568 476 5692 :eelugat
502 5579 748 5676 sunctam
776 5568 1078 5630 Ecclesiam
1117 5577 1404 5635 humiliare
1424 5568 1676 5637 volentes
1701 5579 1883 5651 profe-

274 5652 496 5694 tenam.
531 5660 545 5676 '

341 5706 502 5780 I37
515 5709 543 5749 δ
558 5708 627 5765 In
643 5711 944 5791 (inmitibus
957 5715 1094 5770 beati
1109 5715 1364 5791 Silvestri.
1381 5719 1438 5774 In
1452 5718 1670 5791 Synodo
1686 5721 1885 5776 Roma-

272 5793 371 5842 na,
390 5793 548 5849 puto,
592 5782 693 5838 sub
728 5783 993 5842 Silvestro
1011 5802 1148 5859 papa
1205 5787 1372 5860 Cujus
1398 5782 1881 5864 tamen-decretum

1977 4801 2234 4877 antiquus
2253 4820 2373 4862 mos
2400 4804 2526 4877 fuit,
2551 4816 2658 4861 etc.
2691 4801 2710 4856 ἱ
2740 4804 2933 4877 _An:_ist.
2959 4805 2996 4859 I.
3023 4801 3127 4877 cit._
3152 4801 3344 4877 D_e_his
3370 4802 3571 4877 ac‘lm—

1973 4869 2209 4946 jusm'odi
2251 4869 2552 4933 cauonibUs
2576 4874 2798 4946 consule
2829 4874 3049 4946 Petrum
3096 4873 3165 4929 de
3201 4870 3382 4929 Marce
3429 4869 3573 4925 Con-

1980 4945 2130 5002 cord.
2164 4945 2388 5003 Sacerd.
2420 4947 2513 5001 lib.
2539 4963 2557 5002 i
2579 4987 2594 5014 ,
2629 4961 2748 5014 cap.
2778 4945 2838 5000 ll
2873 4953 2931 5000 et
2955 4945 3109 5000 alios.

2058 4961 2130 5002 [ια.
2164 4961 2388 5003 διιοθνα.
2420 4961 2513 5001 IID.
2539 4963 2557 5002 Ι
2579 4987 2594 5014 ,
2629 4962 2691 5001 ca
2734 4986 2748 4999 ι
2778 4961 2838 5000 ‘I‘I
2873 4961 2931 5000 et
2955 4961 3109 5000 auos.

2058 5017 2082 5097 ς
2104 5016 2661 5097 ιέξηειτςηιριιανεεριε.
2693 4961 2814 5097 ipa.
2843 5015 3098 5097 epist._76
3118 5012 3286 5097 (nunc
3305 5011 3421 5093 9|).

2057 5089 2082 5127 ε
2111 5085 2313 5164 Fuisti.
2345 5085 2667 5164 Legendum
2709 5082 2915 5151 forsan,
2947 5082 3168 5155 (uim,-
3214 5082 3473 5164 itiueris,_
3508 5082 3577 5136 ad

2022 5157 2127 5239 u_od
2179 5153 2461 5226 superius'
2480 5158 2695 5213 dixerat
2742 5172 2802 5213 se
2846 5153 3098 5212 vocatum
3144 5169 3241 5210 seu
3285 5153 3574 5208 invitatum

2006 5241 2170 5282 “1858.

2054 5297 2082 5336 ιι
2101 5296 2436 5368 Lacrymans
2450 5296 2627 5368 dimisi
2654 5312 2793 5351 eum.
2819 5296 3022 5368 Regem
3042 5294 3300 5368 nimirum
3320 5293 3572 5368 Turonis,

1985 5382 2094 5437 quo
2140 5362 2392 5421 sanctum
2419 5365 2706 5422 Martinum
2733 5362 3093 5423 veneratur-us
3135 5365 3241 5423 hoc
3286 5379 3430 5421 anno
3470 5362 3577 5419 800

1984 5436 2210 5492 venerat
2224 5476 2239 5498 ,
2282 5436 2589 5491 abeuntem.

2062 5509 2086 5578 i_
2129 5504 2367 5578 Epicteto
2394 5506 2565 5578 prior1
2602 5505 3099 5578 Hmcéﬁrnonisgad
3132 5505 3422 5578 Alcuinum
3457 5504 3546 5575 epi

1986 5576 2149 5642 stola,
2178 5574 2407 5647 crimina
2427 5574 2526 5647 illa
2543 5575 2710 5631 Leoni
2733 5576 2798 5630 III
2820 5592 2974 5646 papa:
3000 5576 3137 5633 falso
3160 5576 3412 5647 imposita
3440 5574 3545 5631 con

1987 5649 2168 5704 tinens
2202 5648 2274 5702 ab
2310 5646 2431 5718 ipso
2466 5645 2725 5710 Alcuino,
2774 5643 2845 5703 ne
2892 5643 3025 5704 inde
3071 5643 3385 5718 scandalum
3432 5643 3575 5713 apud

1988 5716 2686 5846 [gnumshggir‘i‘putuisseg
2714 5718 2825 5790 igni
2862 5718 3060 5776 tradita
3088 5727 3193 5786 est,
3220 5725 3278 5773 ut
3300 5716 3417 5788 ipse
3443 5727 3576 5769 mn-

2048 5807 2078 5845 x
2108 5803 2172 5846 us
2307 5803 2337 5844 e
2367 5828 2382 5844 .

2048 5805 2172 5846 IIIIS
2198 5805 2382 5852 ηεωβι.
