4054 6182
477 340 579 397 527

1320 324 1385 381 Β.
1425 323 1483 381 F.
1528 319 1752 378 ALBlNl
1792 316 1921 376 SEU
1963 309 2234 375 ALCUINI
2267 308 2550 372 ΟΡΕΒΙΣΜ
2586 307 2764 366 PARS
2798 309 2840 365 l.

3614 291 3729 358 328

473 459 597 523 pter
639 448 932 508 Romanos,
959 440 1192 497 clericus
1238 446 1438 505 vester,
1493 444 1553 490 ut
1599 435 1829 497 :estimo,
1876 432 2058 487 attulit
2081 434 2131 492 Δ
2159 430 2214 484 in
2263 428 2359 483 Dei
2408 427 2647 490 servitio,
2694 424 2923 523 sed-via
2980 420 3126 523 regia
3172 410 3544 523 gradientium,
3573 423 3636 470 ut
3663 417 3734 519 ad

474 558 601 598 eam
627 538 780 601 mihi,
826 534 1044 589 nomine
1069 531 1366 595 Baldricus,
1413 528 1645 584 all'erens
1668 526 1801 582 mihi
1832 539 2056 595 eappam

480 632 722 686 Romano
748 639 900 680 more
926 631 1228 685 consutam,
1254 621 1509 676 vestitum
1551 618 1771 681 lineum,
1815 617 2057 672 laneum—

476 734 602 789 qiie.
642 715 746 771 Sed
777 713 902 783 quia
924 726 1024 783 ego
1048 710 1195 766 nolui
1216 710 1345 764 utin
1382 709 1607 764 alterius
1632 721 1824 761 manus
1870 718 2061 773 perve-

480 808 649 861 nisset
697 801 947 873 epistola,
977 798 1250 855 Candidus
1300 806 1508 852 tantum
1556 795 1702 849 illam
1752 790 2062 861 perlegebat

477 916 713 963 mecum,
752 908 806 954 et
831 899 913 952 sic
941 897 1139 952 tradita
1184 902 1267 950 est
1303 893 1446 964 igni;
1473 906 1541 946 ne
1587 888 1790 959 aliquid
1822 884 2061 942 scandali

476 991 610 1046 oriri
637 989 901 1059 potuisset
927 994 1147 1056 propter
1180 983 1563 1054 negligentiam
1606 976 1882 1034 chartulas
1916 988 2065 1029 meas

479 1089 758 1136 servantes
785 1076 989 1150 [Forte,
1020 1070 1333 1145 servantis].
1362 1089 1388 1113 α
1413 1070 1730 1125 Hunnorum
1755 1080 1903 1130 vero,
1925 1064 2067 1119 sicut

479 1172 685 1235 dixisti,
716 1170 966 1239 perditio,
1000 1175 1185 1222 nostra
1217 1173 1301 1220 est
1326 1162 1669 1233 negligentia,
1704 1156 2065 1213 laborantium

482 1265 537 1319 in
559 1263 841 1318 maledicta
870 1260 1217 1330 generatione
1241 1255 1539 1318 Saxonum,
1567 1253 1785 1319 Deoque
1810 1249 2063 1315 despecta

480 1369 652 1424 usque
681 1355 803 1414 huc,
832 1359 886 1405 et
910 1365 1003 1404 eos
1034 1348 1365 1419 negligentes
1388 1359 1524 1415 quos
1569 1341 1773 1410 majore
1820 1336 2068 1393 mercede

480 1448 625 1517 apud
655 1445 820 1499 Deum
843 1450 898 1496 et
922 1442 1091 1514 gloria
1119 1440 1257 1509 apud
1280 1438 1529 1493 homines
1553 1434 1754 1489 habere
1775 1430 2066 1517 potuimus,

480 1514 543 1593 ut
573 1538 881 1592 videbatur.
910 1533 1024 1588 Non
1049 1532 1221 1586 audeo
1250 1529 1357 1584 mei
1387 1527 1555 1582 solius
1598 1538 1818 1580 causam
1856 1514 2068 1591 [causa]

485 1638 694 1684 tantum
720 1626 816 1681 tibi
847 1626 1094 1694 ingerere
1120 1621 1357 1675 laborem
1378 1634 1478 1687 per
1493 1630 1682 1686 preces
1706 1622 1760 1667 et
1780 1612 2068 1680 laerymas,

481 1737 618 1789 quas
644 1720 818 1773 habeo
843 1715 1039 1784 saepius
1071 1719 1290 1781 propter
1325 1716 1561 1764 vestram
1597 1703 1915 1758 absentiam.
1963 1698 2071 1753 Ta-

482 1823 607 1862 men
639 1822 744 1861 non
772 1815 856 1859 est
896 1803 1189 1857 secundum
1221 1795 1678 1867 Opportunitatem
1735 1792 1896 1845 inane
1940 1790 2065 1854 iter,

2156 529 2398 590 aptatum
2447 518 2737 587 aliquando
2790 515 2939 569 littus
2989 511 3167 567 divina
3215 508 3507 563 auxiliante
3562 506 3737 578 gratia

2156 610 2439 680 pervenire
2484 608 2674 679 possit.
2702 598 2995 679 [Quidquid
3023 616 3151 655 vero
3176 599 3245 655 de
3273 608 3362 653 tua
3386 597 3549 653 audio
3573 612 3741 652 cano-

2158 702 2281 755 nica
2306 698 2732 761 conversatione,
2782 695 2913 749 satis
2959 691 3090 748 mihi
3139 690 3353 760 placere
3393 687 3587 743 fateor.
3622 686 3739 742 Hoc

2158 803 2371 858 quoque
2407 787 2635 842 addatur
2664 786 2731 840 ad
2762 783 3065 839 mercedem
3102 779 3383 835 industriae
3411 787 3626 844 vestrai,
3678 787 3743 833 ut

2160 877 2358 933 fratres
2389 877 2482 945 qui
2504 877 2604 931 sub
2631 889 2793 929 manu
2821 880 2999 928 vestra
3033 878 3159 927 sunt
3196 868 3491 924 secundum
3540 868 3746 923 sancti-

2165 975 2327 1021 tatem
2354 964 2616 1036 regularis
2646 964 2769 1016 vita:
2813 962 3017 1014 vivant.
3049 957 3159 1013 Nec
3203 974 3302 1027 ego
3340 957 3497 1012 aliter
3539 956 3741 1021 audivi,

2162 1070 2264 1109 nec
2308 1067 2375 1108 eo
2406 1052 2583 1106 minus
2628 1051 2806 1105 dicere
2833 1050 3029 1112 debeo,
3061 1064 3181 1119 qua:
3222 1062 3455 1117 agnosco
3481 1047 3745 1117 proﬁcere

2162 1142 2400 1197 fraterna
2423 1138 2727 1211 charitate].
2758 1138 2959 1208 Populo
2982 1153 3213 1209 quoque,
3245 1146 3305 1192 ut
3334 1137 3527 1208 sazpius
3551 1137 3745 1207 depre-

2164 1239 2318 1285 catus
2342 1245 2479 1294 sutn,
2530 1227 2760 1297 praedica
2798 1227 3063 1280 instanter
3102 1226 3326 1280 verbum
3354 1225 3446 1279 Dei
3479 1224 3563 1294 (II
3602 1224 3743 1281 Tim.

2164 1335 2239 1384 tv,
2287 1317 2364 1389 2),
2411 1332 2477 1371 ne
2522 1316 2683 1371 ullius
2724 1315 2902 1369 anima
2939 1315 2992 1368 in
3015 1324 3104 1368 tuo
3124 1314 3356 1382 pendeat
3385 1311 3541 1389 [Cod.
3573 1312 3637 1369 S.
3671 1311 3741 1366 E.

2166 1407 2387 1479 pendat]
2433 1406 2659 1478 judicio,
2718 1406 2802 1459 vel
2843 1420 2875 1458 a
2929 1412 2983 1458 te
3010 1415 3301 1474 quaaratur.
3348 1402 3582 1460 Ostende
3637 1403 3746 1459 illis

2166 1497 2307 1550 viam
2355 1495 2563 1560 salutis,
2619 1496 2719 1550 hos
2753 1505 2961 1549 secreta
3013 1494 3321 1559 collatione,
3372 1493 3491 1548 illos
3534 1494 3745 1565 publica

2165 1587 2545 1659 prtedicatione
2586 1584 2930 1640 conﬁrmans.
2974 1584 3274 1651 Unicuique
3316 1581 3608 1638 secundum
3636 1597 3746 1636 sua:

2167 1678 2488 1733 conditionis
2534 1676 2617 1731 vel
2640 1692 2882 1746 pensi-na:
2910 1676 3128 1749 modum
3155 1677 3495 1730 hortamenta
3534 1674 3743 1745 ingere.

2098 1764 2141 1823 Β
2170 1768 2535 1825 Potestatibus
2560 1776 2612 1823 et
2636 1769 2907 1839 judicibus
2925 1767 3194 1837 justitiam
3217 1775 3270 1821 et
3292 1766 3743 1831 misericordiam,

484 1896 550 1949 ad
574 1894 873 1963 patrocinia
901 1891 1073 1946 sancti
1119 1858 1332 1942 Martini
1360 1885 1571 1944 venire,
1606 1888 1948 1948 vestramque
1979 1878 2065 1932 vi-
2161 1861 2470 1963 Ῑιιηξονξξωε
2513 1860 2874 1963 οὓθάξξξηῑὶίιω
2895 1899 2909 1922 ι
2938 1859 3314 1963 ,δυωίιὶιειςω
3342 1866 3422 1960 .ct
3473 1858 3645 1963 ﬁdem.
3691 1858 3749 1912 in

485 1994 593 2040 tam
615 1983 730 2054 ejus
760 1984 964 2038 sanctis
994 1980 1372 2037 commendare
1402 1975 1758 2032 orationibus.
1783 1973 1812 2012 ιδ
1841 1972 2068 2040 Pagantc

482 2088 612 2129 vero
642 2090 826 2139 naves,
856 2083 914 2128 ut
965 2072 1209 2135 audistis,
1267 2069 1435 2124 multa
1492 2066 1633 2121 mala
1680 2064 1923 2119 fecerunt
1972 2077 2070 2131 per

483 2162 689 2219 insulas
726 2162 925 2218 Oceani
960 2161 1206 2230 partibus
1232 2156 1576 2226 Aquitanize;
1624 2169 1751 2222 pars
1775 2160 1955 2206 tamen
2002 2165 2069 2206 ex

486 2252 591 2308 illis
624 2252 807 2321 periit,
856 2259 910 2304 et
959 2250 1123 2305 occisi
1156 2255 1281 2303 sunt
1309 2248 1362 2300 in
1408 2245 1610 2307 littore,
1650 2243 1806 2312 quasi
1854 2248 2071 2296 centum

485 2343 723 2414 quinque
767 2342 867 2396 viri
916 2357 982 2397 ex
1038 2340 1142 2394 illis
1190 2330 1599 2408 pricdatoribus'.
1651 2333 1946 2403 Castigatio
1988 2341 2074 2387 est

489 2448 684 2504 magna
722 2432 917 2485 horum
961 2430 1194 2500 eruptio,
1226 2427 1464 2497 antiquis
1508 2427 1688 2496 ignota
1742 2422 2073 2493 temporibus

487 2520 682 2591 populo
708 2519 1056 2583 Christiano;
1090 2518 1215 2586 quia
1248 2514 1387 2569 forte
1443 2530 1568 2568 vota
1604 2529 1711 2567 non
1750 2520 1967 2567 servant
1997 2509 2074 2565 fa-

491 2609 621 2665 muli
668 2607 783 2672 Dei,
831 2622 953 2677 qua:
991 2621 1187 2662 vovere
1213 2605 1406 2661 solent.
1446 2603 1589 2667 Ideo,
1627 2601 1973 2657 dilectissime
1997 2599 2073 2654 ﬁli

489 2710 545 2756 et
575 2702 767 2754 merito
798 2700 1101 2753 venerande
1129 2697 1318 2761 frater,
1366 2704 1488 2751 tuos
1514 2696 1733 2749 hortare
1765 2693 1962 2747 fratres
1992 2706 2077 2745 re-

491 2791 750 2861 gulariter
763 2791 966 2855 vivere,
1008 2797 1061 2843 et
1084 2787 1423 2843 devotionem
1457 2786 1690 2856 primam
1717 2783 1943 2837 ﬁrmiter
1962 2797 2077 2835 ser-

492 2897 641 2945 vare,
669 2883 881 2936 dicente
920 2878 1240 2947 Scriptura:
1286 2875 1471 2930 Vovete
1516 2886 1562 2929 et
1611 2874 1808 2928 reddite
1848 2872 2075 2926 Domino

492 2974 602 3027 Deo
631 2982 796 3027 vestro
827 2970 1052 3043 (Psalm.
1083 2983 1242 3033 Lxxv,
1296 2967 1405 3039 12).
1431 2966 1559 3021 Item
1592 2984 1602 3018 :
1635 2964 1824 3019 Melius
1853 2973 1928 3017 est
1972 2979 2075 3017 non

493 3078 689 3123 vovere,
725 3076 883 3130 quam
905 3067 1021 3111 vota
1044 3074 1146 3111 non
1175 3056 1387 3110 reddere
1417 3055 1588 3126 (Eccl.
1628 3072 1681 3120 v,
1849 3065 1871 3093 ο
1900 3054 2074 3121 Prope

2167 1950 2491 2013 senioribus,
2528 1948 2778 2003 omnibus
2814 1948 3122 2018 aequitatem
3149 1987 3163 2013 ,
3204 1948 3521 2003 eharitatem
3551 1948 3647 2001 Dei
3692 1955 3751 2001 et

2169 2041 2419 2111 proximi,
2473 2040 2775 2094 castitatem
2814 2038 3077 2107 corporis,
3106 2038 3491 2108 benignitatem
3545 2044 3599 2091 et
3634 2036 3750 2106 pie-

2173 2140 2335 2186 tatem
2359 2132 2412 2185 in
2452 2130 2826 2200 eleemosynis,
2859 2137 3125 2197 quatenus
3149 2145 3271 2184 cum
3296 2127 3574 2197 multiplici
3600 2126 3751 2181 Iaho-

2171 2221 2249 2276 ris
2277 2221 2352 2276 tui
2382 2221 2560 2275 fructu
2583 2220 2649 2273 ad
2683 2226 2900 2274 aeterna:
2945 2219 3290 2274 beatitudinis
3324 2220 3505 2273 sedent
3553 2230 3749 2286 perve-

2172 2312 2290 2366 nire
2315 2311 2593 2374 merearis,
2623 2326 2687 2365 eo
2713 2310 3023 2374 miserante,
3061 2311 3152 2379 qui
3179 2309 3255 2363 ait
3285 2327 3299 2362 :
3343 2307 3433 2363 Sic
3460 2305 3628 2360 luceat
3656 2304 3754 2360 tu

2173 2410 2338 2455 vestra
2360 2417 2537 2454 coram
2562 2400 2878 2463 hominibus,
2903 2408 2959 2452 ut
2996 2400 3199 2453 rideant
3223 2415 3377 2468 opera
3406 2407 3573 2452 vestra
3590 2397 3753 2463 bona,

2173 2502 2221 2546 et
2244 2491 2531 2563 gloriﬁcent
2560 2490 2770 2544 Patrem
2798 2499 3038 2554 uestrum,
3065 2491 3153 2560 qui
3176 2490 3229 2542 in
3259 2489 3397 2543 caelis
3417 2499 3493 2542 est
3535 2487 3753 2558 (Matth.

2175 2598 2231 2648 v,
2276 2579 2383 2653 l6).
2436 2580 2538 2635 Mei
2583 2595 2797 2650 quoque
2845 2589 2903 2633 ut
2950 2579 3109 2651 136
3141 2580 3381 2634 habeatis
3410 2579 3752 2646 memoriam,

2178 2673 2471 2730 secundum
2505 2686 2655 2741 spem
2681 2686 2856 2725 meam
2885 2679 2940 2725 et
2973 2670 3131 2725 ﬁdem
3182 2680 3439 2734 vestram,
3474 2669 3757 2738 deprecor,

2177 2780 2302 2821 cum
2355 2764 2557 2818 sanctis
2591 2761 2849 2816 fratribus
2875 2761 3071 2815 vestris
3103 2760 3317 2815 assidua
3350 2758 3758 2826 intercessione,

2178 2865 2239 2911 ut
2265 2870 2433 2925 prope
2462 2869 2624 2909 cursu
2652 2854 2821 2908 nostri
2847 2853 3033 2924 agonis
3066 2851 3349 2921 completo,
3386 2851 3599 2905 veniam
3627 2865 3757 2922 pee—

2180 2956 2423 3003 catorum
2468 2961 2712 3002 meorum
2741 2954 2796 3000 et
2819 2945 3051 3014 aliquam
3081 2944 3381 3014 portionem
3411 2943 3761 2998 beatitudinis

2181 3041 2323 3094 inter
2369 3040 2517 3095 cives
2563 3036 2800 3092 cmlestis
2839 3034 3188 3090 habitationis
3235 3035 3478 3102 accipere
3525 3047 3756 3088 merear.

496 3150 639 3203 enim
670 3122 803 3201 estis
828 3162 924 3200 vos
957 3145 1199 3200 terminis
1220 3122 1571 3216 paganorum.
1599 3143 1682 3198 Sil
1704 3122 1849 3199 δεξιάς
1876 3152 2076 3207 vestra,
2103 3122 2152 3184 C
2186 3129 2370 3201 [Plura
2396 3129 2691 3185 scriberem
2715 3126 3007 3181 secundum
3031 3125 3198 3179 animi
3222 3123 3391 3179 DOSll‘i
3407 3123 3756 3188 desiderium,

497 3240 781 3309 prolectio,
812 3246 867 3293 et
897 3239 1266 3293 misericordia
1297 3238 1558 3292 Dominus
1591 3237 1732 3291 Deus
1754 3246 1953 3298 noster,
1988 3237 2079 3307 qui

498 3330 577 3383 ait
608 3348 618 3382 :
655 3329 780 3385 Sine
802 3347 882 3384 me
903 3329 1033 3383 nihil
1057 3330 1270 3400 potestis
1293 3329 1465 3398 facere
1503 3329 1682 3399 (Joan.
1709 3345 1794 3391 xv,
1818 3327 1893 3399 5).
1922 3328 2083 3383 Com-

499 3422 668 3477 motio
698 3436 891 3489 magna
917 3428 1000 3474 est
1035 3419 1089 3473 in
1141 3417 1370 3482 mundo,
1400 3426 1455 3471 et
1484 3418 1535 3471 in
1566 3418 1835 3472 mentibus
1888 3418 2083 3472 multo-

499 3528 621 3567 rum
647 3513 957 3576 inlidelitas,
990 3520 1044 3565 et
1073 3511 1127 3564 in
1165 3511 1380 3565 nomine
1401 3511 1786 3564 monachorum
1813 3509 2083 3581 negligen-

501 3605 596 3658 tia.
631 3604 830 3659 Volunt
872 3601 999 3665 diei,
1047 3608 1103 3656 et
1155 3617 1262 3656 non
1320 3600 1455 3666 ﬁeri,
1508 3600 1721 3655 dicente
1763 3600 2078 3670 Scriptura:

510 3691 630 3745 Vult
678 3693 843 3761 piger,
872 3702 920 3744 et
953 3708 1055 3745 non
1080 3689 1187 3744 vult
1232 3688 1413 3761 (Prov.
1464 3704 1585 3753 xm,
1626 3687 1702 3760 4).
1745 3687 1801 3742 ld
1833 3696 1934 3753 est,
1969 3689 2086 3745 vult

500 3784 693 3839 beatus
717 3797 838 3837 esse
874 3790 928 3835 et
961 3796 1066 3835 non
1093 3781 1207 3834 vult
1232 3780 1498 3845 laborare,
1540 3779 1681 3833 unde
1727 3779 1920 3834 beatus
1969 3777 2080 3833 fiat.

505 3870 554 3945 [ει
576 3871 797 3927 Noviter
815 3872 1284 3943 congregationem
1314 3870 1603 3941 quamdam
1625 3870 1747 3935 feci,
1763 3870 1912 3939 quasi
1938 3878 2087 3925 octa-

503 3979 571 4017 vo
600 3962 847 4018 milliario
872 3977 903 4016 a
931 3961 1257 4017 monasterio
1296 3961 1466 4015 sancti
1497 3959 1731 4023 Martini,
1759 3959 2088 4014 monachicae

503 4052 632 4107 vitae
678 4059 731 4106 et
770 4052 1034 4123 regularis
1085 4050 1379 4121 religionis,
1416 4051 1594 4120 primo
1623 4066 1687 4105 ex
1738 4049 1992 4106 fratribus
2021 4050 2087 4105 de

504 4141 720 4209 Gothis,
752 4142 845 4196 ubi
897 4140 1218 4196 Benedictus
1268 4140 1404 4194 abba
1456 4139 1758 4209 regularem
1808 4141 2091 4196 constituit

505 4234 696 4288 vitam.
726 4231 798 4286 At
821 4247 984 4296 nunc,
1030 4230 1243 4284 volente
1271 4229 1401 4292 Deo,
1443 4228 1608 4297 aliqui
1638 4229 1861 4283 veniunt
1902 4238 2088 4285 sancta

507 4338 566 4379 se
610 4323 893 4380 devotione
937 4317 1356 4392 mancipantes].
1399 4317 1519 4374 Non
1547 4326 1632 4373 est
1675 4317 2089 4375 claudicandum

2184 3222 2229 3276 si
2277 3238 2385 3276 non
2434 3222 2538 3276 iste
2574 3235 2765 3275 cursor
2801 3234 2868 3274 ex
2898 3228 3079 3273 vestro
3115 3220 3367 3273 mandato
3391 3220 3647 3274 velociter
3674 3235 3762 3274 re-

2182 3319 2395 3366 vertere
2426 3310 2734 3374 habuisset;
2764 3316 2943 3362 tamen
2966 3323 3032 3363 ex
3072 3308 3156 3363 his
3195 3309 3532 3378 paucissimis
3565 3309 3763 3366 litteris

2185 3401 2466 3456 charitatis
2492 3408 2691 3454 nostra:
2736 3399 2986 3453 ardorem
3025 3398 3083 3452 in
3117 3414 3215 3453 vos
3249 3414 3541 3469 agnoscere
3561 3399 3766 3469 poteri-

2185 3491 2297 3563 tis].
2328 3491 2515 3545 Divina
2538 3505 2634 3544 vos
2658 3490 2830 3561 gratia
2858 3490 3148 3544 comitetur
3169 3490 3380 3559 ubique,
3420 3489 3635 3545 domine
3659 3488 3761 3542 Pa-

2186 3590 2269 3635 ter
2291 3588 2346 3633 et
2365 3579 2711 3633 dilectissime
2732 3578 2906 3633 amice
2937 3589 2983 3631 ο.

2258 3678 2516 3752 [Obsecro
2543 3678 2901 3731 humilitatem
2940 3686 3175 3732 vestram
3215 3685 3271 3731 ut
3303 3691 3418 3731 meo
3450 3674 3628 3732 ollicio
3658 3677 3766 3732 Pa-

2187 3777 2325 3825 trem
2355 3767 2731 3823 charissimum
2758 3767 2776 3806 ί
2808 3768 2980 3822 Aelim
3032 3770 3336 3838 episcopum
3375 3767 3597 3833 salutes,
3640 3786 3766 3825 cum

2187 3861 2398 3916 cmteris
2433 3858 2709 3923 fratribus,
2736 3870 2791 3913 et
2810 3860 3284 3915 consacerdotibus
3313 3861 3613 3917 sanctitatis
3641 3869 3762 3915 tum.

2189 3951 2449 4010 Similiter
2461 3960 2516 4006 et
2528 3950 2842 4006 Remedium
2859 3951 3076 4006 decurio
3090 3950 3179 4023 [de
3200 3951 3371 4024 curia]
3388 3952 3543 4008 nobis
3564 3952 3766 4007 charis-

2191 4041 2385 4096 simum
2416 4041 2734 4111 ﬁdelemque
2778 4043 3009 4096 amicum
3044 4042 3262 4115 saluta].
3329 4044 3398 4098 Et
3420 4044 3467 4099 si
3489 4044 3583 4100 tibi
3606 4059 3766 4101 causa

2189 4133 2405 4188 eveniat
2416 4131 2470 4204 [Β
2484 4133 2766 4188 Paulinum
2793 4133 3181 4206 patriarcbam]
3203 4135 3436 4200 videndi,
3452 4134 3625 4190 saluta
3643 4150 3767 4192 eum

2192 4223 2337 4278 mille
2349 4223 2563 4279 millies.
2592 4224 2853 4279 Libellum
2866 4239 2998 4279 vero
3012 4226 3292 4281 catholicae
3304 4224 3427 4281 ﬁdei
3440 4239 3601 4297 quem
3615 4225 3766 4280 dom-

2193 4337 2264 4377 no
2276 4322 2390 4394 regi
2402 4322 2617 4386 direxit,
2648 4321 3009 4395 perlegebam.
3023 4330 3079 4378 et
3091 4323 3224 4377 satis
3239 4322 3372 4377 mihi
3385 4320 3654 4393 placuitin
3666 4319 3787 4378 θιὼ.

579 4467 607 4496 ι
646 4454 962 4527 Hunnorum
986 4451 1232 4524 perditio.
1274 4449 1377 4517 Qui
1399 4465 1542 4505 anno
1566 4449 1734 4519 priori
1755 4444 2087 4515 defecerant,
2118 4462 2172 4527 ι)
2194 4451 2459 4527 ειηῼποιο
2484 4454 2716 4527 Turonis
2742 4462 2930 4527 agente
2977 4452 3185 4527 litteras
3212 4453 3465 4527 obtinuit,
3501 4450 3771 4527 ut_licerét

507 4534 570 4579 ut
594 4524 815 4579 annales
844 4522 1105 4578 referunt.

581 4594 610 4663 lt
643 4594 877 4663 Pagonii:
917 4607 1101 4663 nates.
1134 4590 1562 4663 Normannorum
1611 4599 1771 4663 puto,
1818 4589 1911 4663 qu_i
1956 4597 2094 4645 teste

510 4658 819 4732 Eginhardo
842 4663 896 4716 in
918 4662 1042 4715 Vita
1062 4660 1242 4732 Caroli
1279 4679 1298 4711 ι
1325 4660 1593 4732 Gallicum
1613 4658 1772 4714 littus
1791 4658 1850 4713 et
1869 4658 2095 4732 Germa-

511 4730 692 4804 nicum
725 4733 937 4786 assidua
961 4731 1267 4787 vastatione
1291 4730 1607 4804 vastabant;
1647 4737 1976 4804 quapropter
1994 4731 2095 4784 (Ja-

508 4800 781 4885 rolusper
804 4816 994 4883 omnes
1012 4812 1202 4925 ξος-ωε
1218 4807 1275 4855 et
1299 4799 1741 4881 ostiaﬁuminum
1760 4799 1776 4861 ,
1796 4813 1903 4921 quia
1929 4814 2094 4855 naves

511 4886 678 4925 recini
705 4885 866 4925 nosse
887 4872 1008 4925 vide
1048 4879 1226 4925 antur.
1250 4868 1570 4924 stationibus
1597 4877 1654 4923 et
1678 4882 1817 4922 excu
1858 4883 1923 4923 ns
1951 4871 2094 4925 nosi-

511 4872 678 4943 recipi
688 4868 866 4943 posse
887 4868 1226 4943 videbantur,
1250 4868 1570 4943 stationibus
1583 4877 1654 4943 _et
1678 4868 1923 4943 excubiis
1951 4871 2095 4939 posi-

510 4942 601 5006 tis,
628 4937 725 4998 be—
757 4956 824 4995 ua
856 4941 1024 4996 hostis
1051 4941 1201 4995 exire
1223 4938 1504 5010 potuisset,
1525 4938 1618 4993 tali
1649 4937 2093 5009 munitione’pro-

512 4958 975 5066 hibuitfillassem
1007 5024 1222 5066 quoque
1244 5009 1461 5064 molitus
1481 5016 1567 5063 est
1592 5017 1778 5063 contra
1808 5007 2093 5065 Nortman-

512 5011 707 5066 hibuit.
736 5007 975 5066 Classem
1007 5007 1567 5080 quoque'molitusest
1592 5007 2097 5080 contraglflortman-

511 5081 692 5137 nlcuin
717 5081 936 5146 bellum,
958 5077 1064 5136 etc.
1102 5077 1298 5146 {Quod
1318 5079 1552 5134 Annales
1579 5080 1646 5134 ad
1671 5079 1798 5133 anni
1815 5077 1921 5134 800
1946 5094 2099 5136 men-

508 5165 631 5207 sem
652 5152 903 5206 Martium
926 5150 1190 5207 referunt.

586 5232 609 5260 ε
646 5220 812 5293 Prope
834 5223 993 5293 enim
1008 5222 1128 5293 estis
1158 5220 1409 5293 terminis
1422 5237 1767 5291 paganorum.
1800 5219 1934 5293 Data
1965 5235 2096 5292 ergo

510 5291 619 5347 fuit
657 5289 900 5364 epistola,
930 5291 999 5364 ad
1040 5291 1312 5364 Amonern
1350 5289 1749 5364 Elnonaa,__non
1794 5289 2098 5364 Salisbur'gi

510 5360 815 5416 morantem
841 5377 856 5426 ;
888 5361 1015 5418 huic
1036 5364 1181 5418 enim
1207 5377 1239 5417 a
1261 5360 1586 5416 Normannis
1604 5360 1786 5417 littora
1810 5360 2015 5417 Gallica
2044 5360 2099 5417 et

516 5430 834 5502 Germanica
852 5431 1245 5502 infestantibus
1264 5432 1466 5502 nullum
1490 5432 1786 5502 periculum
1817 5433 2097 5487 imminere

516 5500 883 5625 Vid.
914 5500 1131 5558 Hausit.
1164 5514 1293 5558 tom.
1329 5501 1374 5556 ll
1399 5500 1583 5557 Germ.
1623 5502 1777 5558 Sacr.
1820 5516 1945 5572 pag.
1972 5502 2093 5567 H3,

588 5637 618 5712 εξ
657 5638 875 5712 Novit"
900 5642 1348 5712 congregationem
1386 5641 1684 5712 qu9_mdam_
1713 5641 1837 5711 feci.
1868 5640 2097 5712 Conua-

518 5708 621 5764 rici
646 5708 900 5763 nimirum
923 5724 938 5773 ;
980 5708 1262 5763 hoc'enim
1287 5708 1431 5765 anno
1457 5710 1636 5767 Nonas
1657 5708 1801 5767 Junii
1844 5711 2099 5767 Aleuinus

2195 4524 2298 4578 sibi
2325 4525 2616 4579 monachos
2648 4522 2847 4580 ibidem
2881 4525 3225 4580 constituere.
3262 4523 3382 4579 Vid.
3430 4537 3524 4577 eas
3565 4522 3789 4590 litteras,

2198 4602 2347 4665 tom._
2362 4591 2406 4647 ll
2435 4593 2489 4649 in
2512 4593 2757 4665 Append.

2270 4673 2295 4702 ο
2326 4661 2383 4717 lu
2426 4661 2754 4733 codfsancti
2782 4665 3108 4720 Emmeram.
3153 4662 3224 4719 ita
3257 4664 3309 4718 in
3345 4670 3600 4719 contextu
3648 4676 3774 4733 per-

2195 4733 2342 4807 gitur
2383 4750 2397 4786 :
2433 4732 2501 4807 Et
2534 4736 2580 4789 si
2609 4734 2703 4788 tibi
2747 4752 2909 4807 causa
2943 4734 3142 4807 eueniat
3166 4733 3388 4807 _vider_idi
3416 4732 3661 4787 amicum
3681 4747 3777 4807 rio-

2195 4801 2386 4870 stram,
2411 4802 2586 4859 saluta
2605 4819 2722 4859 eum
2750 4803 2893 4859 mille
2920 4802 3127 4857 millies.
3157 4801 3433 4866 Libellum,
3455 4811 3587 4867 ctc.,
3615 4811 3676 4856 ut
3695 4801 3779 4856 in-

2197 4883 2306 4929 tus.

2273 4943 2294 4983 ί
2340 4943 2507 5015 Aelim
2532 4939 2845 5015 episcopum.
2880 4943 2933 5015 Is
2963 4951 3049 5015 est
3092 4940 3204 5015 abs
3223 4939 3387 5015 dubio
3415 4940 3639 5015 ,ιὶιίιιιιιεΔ
3657 4940 3782 5015 epi-

2197 5028 2393 5083 scopus
2420 5009 2768 5097 Sabionensis
2786 5029 2878 5068 seu
2904 5011 3258 5094 Brixinensis.
3288 5012 3401 5068 Vid.
3430 5011 3585 5092 epist.
3611 5009 3715 5065 θιξ

2268 5085 2298 5125 ⁸
2347 5084 2632 5139 Paulinum
2671 5084 3024 5151 patriarcham
3052 5081 3470 5151 Aquileiensem.
3502 5080 3641 5151 Hinc
3663 5076 3780 5147 jam

2396 5098 2632 5139 ακιιιιιιιιι
2671 5098 3024 5139 natnarcnam
3052 5098 3470 5139 AGUIIClensem.
3502 5098 3567 5136 ιιι

2268 5102 2297 5125 ³
2347 5102 2632 5139 Paulinum
2671 5102 3024 5156 patrtarcnam
3052 5102 3470 5151 AQUIICICHSCHI.
3502 5102 3641 5136 nluc
3663 5102 3780 5147 la!“

2233 5162 2345 5211 atet
2371 5154 2657 5214 Alcuinum
2688 5154 2776 5210 hic
2803 5153 2947 5223 loqui
2986 5153 3052 5208 de
3076 5151 3255 5223 Libris
3282 5151 3487 5223 Paulini
3516 5150 3787 5223 adversus

2195 5170 2345 5279 ἕπει
2371 5170 2657 5214 Λιοιιιιιυιιι
2688 5170 2776 5210 DIC
2804 5170 2947 5223 loqlﬂ
2986 5170 3052 5208 αθ
3076 5170 3255 5207 LlDl‘lS
3282 5170 3487 5207 ι’ωιιιιιι
3516 5170 3786 5206 aaversus

2242 5225 2429 5281 elicem
2460 5223 2872 5291 Urgellitanum.
2904 5222 3242 5277 Mahillonius
3272 5221 3509 5277 libellum
3532 5261 3548 5285 ,
3579 5219 3644 5275 de
3670 5234 3786 5291 quo

2198 5296 2288 5351 hic
2315 5295 2517 5350 mentio
2539 5292 2620 5358 ﬁt,
2648 5308 2712 5347 ex
2740 5292 3067 5361 conjectura,
3090 5308 3211 5348 eum
3234 5293 3288 5348 in
3312 5292 3496 5348 codice
3517 5304 3625 5361 quo
3648 5302 3788 5361 usus

2198 5374 2282 5420 est
2303 5379 2496 5420 nomen
2521 5363 2726 5433 Paulini
2759 5358 3077 5433 expressum
3102 5378 3209 5433 non
3238 5358 3552 5433 haberetur,
3589 5358 3790 5433 tribuit

2200 5433 2534 5490 Richbodoni
2564 5428 2870 5504 Trevirensi
2887 5434 3158 5504 epise0po.
3184 5432 3290 5493 Sed
3307 5432 3394 5488 vir
3414 5428 3621 5504 summe
3646 5428 3792 5504 alias

2199 5512 2485 5575 accuratus
2511 5500 3242 5575 hancintegram‘opis'tolam
3265 5518 3370 5575 non
3390 5502 3553 5575 vidit;
3583 5513 3651 5555 ex
3674 5500 3794 5571 epi-

2200 5572 2337 5629 stola
2365 5588 2495 5629 vero
2524 5573 2710 5628 mutila
2749 5570 2904 5629 error
2931 5570 3103 5631 facilis
3140 5573 3260 5629 fuit.
3305 5570 3443 5628 Hinc
3470 5572 3635 5628 etiam
3661 5570 3794 5625 car-

2201 5643 2456 5770 gigengéi;
2520 5652 2711 5701 auctor
2766 5644 2904 5700 Hist.
2958 5643 3066 5699 Lit.
3142 5643 3428 5704 Francia.
3485 5651 3620 5700 tom.
3679 5638 3786 5701 IV.

2239 5729 2323 5770 a2.
2351 5729 2382 5765 τ)
2457 5752 2472 5769 .

2201 5728 2323 5785 pag.
2351 5728 2472 5770 az».
