2035 3091
147 168 201 195 329

876 163 1064 193 Εριετοωί.

1735 162 1787 190 330

147 223 258 259 quentia
265 230 314 250 sua
325 222 385 249 etiu
397 221 506 248 ﬂoribus
516 220 744 253 dictionum,etin
755 221 816 248 tldei
829 220 944 252 ratione.
958 222 982 250 Α
996 219 1122 253 subjiciat
1135 223 1229 254 gentes
1241 227 1248 251 ;
1267 222 1295 246 et
1316 216 1478 245 suavissimo
1493 224 1547 244 sua
1560 216 1712 245 dilectionis
1721 217 1787 254 lugu

146 273 177 295 et
189 268 216 294 in
232 266 450 294 testimoniorum
462 265 635 297 auctoritate,
650 265 688 291 ita
701 269 731 292 ut
742 264 809 292 nihil
824 264 866 291 his
880 264 943 291 addi

147 312 183 339 de
202 310 397 346 quaestionibus
420 316 507 344 nuper
528 309 628 336 habitis
646 309 717 336 inter
739 317 789 336 nos
802 313 830 336 ct
852 312 944 343 partes

148 357 300 385 Felicianas
310 364 379 391 opus
393 363 454 383 esse
468 354 632 382 arbitrabar.
648 355 682 382 Et
696 354 760 382 felix
773 359 815 382 est
824 354 943 382 Ecclesia

147 402 318 438 populusque
341 401 523 431 Christianus,
538 400 658 434 quandiu
682 400 754 436 [cum
770 400 868 427 domno
881 407 944 434 rege

147 446 203 483 vel]
223 454 306 473 unum
320 444 401 473 talem
415 444 526 472 habebit
538 444 708 471 defensorem
721 444 780 471 ﬁdei
793 444 942 471 catholicae.

147 492 216 527 [Sed
224 492 312 518 adhuc
328 494 449 517 remanet
461 489 562 524 aliquid
575 489 737 517 faciendum.
755 489 823 516 Nam
834 489 944 524 quidam

149 538 296 573 Elipandus
315 537 449 563 Toletanre
473 537 598 565 civitatis.
617 536 724 563 nomine
747 544 800 563 non
815 536 945 571 dignitate

148 584 302 618 cpiscopus,
320 582 345 608 in
367 581 493 607 damnata
508 581 629 615 synodali
653 581 814 608 auctoritate
834 585 862 608 et
879 588 945 616 apo—

150 628 246 656 stolica
256 635 371 654 censura
388 626 484 652 ha‘rcsi
500 630 650 660 permanet.
668 625 744 654 Sciat
769 630 859 653 tamen
877 626 945 653 dile-

148 674 204 699 ctio
218 676 319 702 vc7tra,
334 671 404 705 quod
421 671 490 696 ﬁlius
506 675 597 696 noster
611 677 622 689 ιι
640 670 789 698 Laidradus
801 671 945 705 episcopus

152 718 235 744 frater
257 721 356 746 vester,
374 724 499 750 magnum
523 715 672 749 profectum
697 716 723 742 in
739 715 791 743 illis
812 716 944 750 partibus,

150 763 205 789 Deo
220 762 347 792 donante,
370 762 424 795 egit
448 761 621 795 quotidieque
649 762 714 797 agit.
731 761 767 788 Ut
788 761 855 788 mihi
879 769 945 789 vera

151 808 323 835 dixeruntex
337 808 389 834 illis
410 807 532 841 partibus
557 808 606 833 viri
629 807 747 843 religiosi
772 811 799 834 et
823 815 944 840 veraces,

151 861 237 888 usque
254 853 349 887 viginti
372 853 456 879 millia
472 853 593 879 conversi
619 857 682 879 sunt
706 852 777 880 inter
791 853 944 888 episcopos,

995 265 1023 291 in
1033 264 1187 291 Christiana
1203 263 1255 291 ﬁde
1269 263 1451 291 ferocissimos
1471 262 1597 296 subjiciat
1618 263 1738 296 animos,
1758 269 1791 291 ut

997 308 1078 343 133
1092 308 1165 335 solus
1180 308 1252 335 Deus
1273 312 1302 335 et
1316 307 1447 335 Dominus
1466 311 1558 334 noster
1573 306 1653 335 Jesus
1665 306 1791 335 Christus

995 354 1132 387 credatur,
1151 354 1269 385 colatur,
1295 358 1376 389 atque
1389 358 1505 380 ametur.
1522 354 1620 381 Vestra
1639 353 1793 382 clarissima

996 399 1128 435 [potestas
1141 404 1170 427 et
1182 399 1365 435 sanctissima]
1380 399 1504 426 voluntas
1518 399 1544 426 in
1558 400 1611 426 hoc
1624 399 1697 426 omni
1714 398 1790 426 labi»

996 449 1038 472 ret
1056 445 1161 478 studio,
1177 450 1207 472 ut
1219 445 1319 473 Christi
1333 452 1432 472 nomen
1445 444 1620 477 clariﬁcetur,
1636 450 1664 472 et
1673 445 1732 481 ejus
1747 445 1789 473 di-

995 490 1058 517 vina
1074 494 1193 524 potestas
1205 498 1254 525 per
1266 489 1432 516 fortitudinis
1444 493 1542 516 vestra:
1556 489 1707 524 triumphos
1718 489 1788 517 mul-

996 536 1032 563 tis
1044 539 1179 563 terrarum
1195 536 1285 570 regnis
1297 535 1451 563 innotescat
1465 544 1472 561 :
1491 540 1625 570 quatenus
1638 542 1692 563 non
1703 535 1789 563 solum

997 581 1154 616 magnitudo
1175 582 1317 615 potestatis
1340 585 1365 608 te
1380 588 1471 616 regem
1492 580 1632 613 ostendat,
1648 580 1695 608 sed
1707 580 1791 608 etiam

997 626 1126 653 instantia
1147 626 1297 653 seminandi
1311 627 1386 654 verbi
1402 627 1449 654 Dei
1468 627 1495 653 in
1511 626 1591 654 laude
1604 626 1722 655 nominis
1740 626 1795 654 Do-

1000 672 1067 699 mini
1089 672 1174 699 nostri
1189 671 1252 699 Jesu
1267 672 1369 699 Christi
1388 672 1593 707 praedicatorem
1606 671 1715 700 efﬁciat.
1731 671 1794 700 Ideo

997 717 1087 744 divina
1103 720 1129 743 te
1138 717 1226 752 gratia
1241 717 1283 744 his
1297 717 1402 744 duobus
1415 717 1574 745 mirabiliter
1587 716 1683 744 ditavit
1696 724 1792 744 mune-

997 762 1082 794 ribus,
1099 762 1126 789 id
1140 766 1182 789 est
1192 782 1200 795 ,
1214 767 1329 789 terrena:
1344 761 1480 790 felicitatis
1493 762 1607 797 imperio
1620 766 1649 790 et
1661 762 1792 797 spiritalis

998 806 1136 840 sapientixr
1156 806 1307 838 latitudine,
1322 810 1352 833 ut
1365 806 1392 833 iu
1414 810 1529 840 utroque
1551 805 1690 840 proﬁcias,
1706 806 1792 834 donec

999 851 1033 877 ad
1049 854 1157 878 aeterna:
1172 851 1350 878 beatitudinis
1366 851 1509 885 pervenias
1527 850 1693 878 felicitatem.
1713 851 1797 879 Parce

151 898 314 929 sacerdotes,
341 898 496 927 monachos,
515 898 652 932 populum,
669 898 743 925 viros
768 902 795 925 et
819 897 945 931 feminas,
962 894 985 924 Β
998 895 1097 932 populo
1109 895 1178 932 [tuo]
1193 896 1357 929 Christiano,
1372 901 1400 924 et
1413 897 1549 924 Ecclesias
1559 896 1659 925 Christi
1671 897 1797 931 defende,

151 943 309 979 plangentes
322 943 465 976 pristinum
487 951 606 969 errorem
626 937 835 977 gaudentesque,
856 943 946 977 quoti-

150 988 193 1015 die
219 988 274 1014 Deo
290 991 399 1021 agentes
421 988 521 1021 gratias
537 988 562 1013 in
580 987 716 1022 agnitione
730 987 852 1014 veritatis
867 991 895 1015 et
920 987 948 1014 in

152 1033 286 1059 catholica
302 1032 360 1059 ﬁdei
388 1032 525 1058 ﬁrinime.
555 1032 590 1058 De
617 1032 675 1066 ipso
691 1031 780 1059 Felice
790 1031 847 1065 jam
873 1032 949 1067 prius

153 1087 198 1114 per
211 1079 317 1106 litteras
330 1082 446 1108 nostras,
466 1078 505 1103 vel
518 1078 603 1111 magis
618 1078 731 1105 aliorum
743 1077 884 1109 relatione,
898 1086 948 1105 au-

153 1126 214 1152 disti
230 1125 296 1159 quid
307 1129 410 1158 gestum
427 1124 485 1155 fuit,
501 1128 527 1149 et
542 1124 621 1150 modo
630 1123 680 1150 fuit
692 1124 726 1151 ad
736 1123 866 1151 Sanctum
877 1123 948 1150 Mar-

154 1170 237 1196 tinum
259 1169 329 1204 apud
350 1169 490 1203 pra-fatum
507 1169 519 1188 δ
541 1169 623 1195 ﬁlium
640 1173 777 1202 nostrum;
792 1174 819 1197 et
834 1169 948 1197 multum

155 1219 225 1242 amat
237 1222 292 1245 me,
309 1218 448 1248 totumque
464 1214 553 1240 odium
570 1214 640 1248 quod
662 1213 756 1241 habuit
780 1214 806 1241 in
832 1221 875 1241 me
889 1222 949 1242 ver-

155 1268 211 1287 sum
237 1263 280 1286 est
306 1259 332 1285 in
358 1259 500 1285 charitatis
532 1258 724 1295 duicedinem.]
753 1259 830 1293 Quod
849 1259 949 1295 rogasti

157 1304 308 1331 litterarum
322 1308 477 1331 nostrarum
502 1304 571 1330 serie
597 1305 694 1338 saapius
716 1309 789 1331 tuam
814 1304 949 1340 appellare

157 1351 337 1381 sanctitatem,
364 1350 442 1377 testis
469 1354 509 1376 est
530 1351 599 1378 Deus
626 1351 717 1378 cordis
739 1351 791 1379 mei
818 1355 949 1386 quantum

158 1396 206 1423 hoc
219 1397 354 1427 desidero,
371 1400 400 1422 ut
414 1396 510 1430 srcpius
532 1396 577 1423 ﬁat
602 1397 747 1425 secundum
764 1397 950 1432 opportunita-

159 1447 209 1469 tem
221 1442 351 1476 temporis
364 1446 392 1468 et
403 1442 549 1476 portitoris,
563 1447 659 1476 optans
668 1447 699 1469 ut
713 1449 755 1470 me
769 1442 870 1470 habeas
884 1449 952 1477 prat-

157 1492 258 1514 sentem
272 1488 299 1514 in
312 1487 409 1514 litteris
421 1487 488 1514 meis
508 1491 537 1513 ut
552 1488 617 1514 nihil
633 1488 711 1515 nobis
725 1487 797 1515 desit
816 1488 843 1515 in
857 1488 950 1516 chari»

157 1534 218 1561 tatis
229 1534 418 1562 communione
433 1537 530 1568 praeter
546 1534 686 1561 oculorum
699 1534 881 1569 przesentiam.
896 1533 951 1562 Sed

157 1579 201 1607 bis
218 1580 302 1607 multo
318 1579 403 1612 major
418 1584 459 1605 est
474 1584 500 1605 et
511 1580 605 1606 melior
620 1584 748 1614 perpetua
761 1584 862 1607 sancta:-
885 1581 950 1607 cha-

158 1625 247 1653 ritatis
260 1625 404 1660 prresentia
420 1625 446 1651 in
465 1626 573 1652 Christo
588 1625 651 1652 Jesu
671 1626 784 1653 Domino
797 1632 898 1654 nostro.

392 1687 403 1701 ε
426 1681 625 1709 EPISTOLA
650 1682 724 1709 CIX.

420 1725 452 1743 AD
474 1726 579 1743 DOMNUM
601 1726 697 1744 REGE)!-

342 1752 426 1786 (Anno
445 1753 513 1784 800,
527 1761 618 1779 menso
634 1754 777 1788 Augusto.)

160 1796 309 1831 Responde!
325 1796 413 1824 Caroli
425 1798 539 1831 epistolw
555 1799 698 1825 munientis
714 1800 849 1825 victoriam
865 1800 896 1825 de
909 1800 955 1825 ho-

195 1807 309 1831 rspauaet
325 1807 412 1824 uno”
425 1807 437 1823 ρ
456 1807 539 1824 istoito
555 1807 698 1825 nuntiantur
714 1807 849 1825 victoriam
865 1807 896 1825 ae
909 1807 954 1825 no-

195 1831 279 1858 stibul
296 1841 305 1858 .'
326 1837 349 1859 et
364 1807 507 1858 mirufilem
523 1834 661 1859 snnilrtlrm
683 1834 775 1860 Leonis
793 1843 877 1868 γηιραι.
901 1835 954 1860 Ro—

196 1875 303 1893 manum
318 1868 367 1893 iter
381 1869 500 1902 prosequi
513 1869 606 1894 renuit.

196 1911 310 1938 Domino
323 1912 497 1940 dilectissimo
509 1919 588 1947 atque
600 1915 673 1940 omni
685 1916 786 1941 honore
799 1915 956 1949 dignissimo

161 1957 243 1984 David
265 1958 321 1992 regi
345 1957 456 1984 Flaccus
481 1962 625 1985 veteranus
650 1960 726 1985 miles
746 1964 904 1994 perpetuam
929 1960 955 1987 in

160 2001 270 2030 Christo
285 2003 412 2030 salutem.

195 2048 313 2076 Litteras
334 2050 520 2084 prosperitatis
539 2054 636 2078 vestrae
648 2056 677 2078 et
694 2051 885 2080 consolationis
906 2059 955 2079 no-

162 2097 241 2126 strae,
265 2102 365 2129 magno
382 2102 474 2122 amore
495 2100 522 2122 ct
541 2096 622 2131 digno
647 2096 738 2124 favore
760 2098 928 2133 suscepimus
948 2107 954 2124 :

162 2138 208 2165 Dei
231 2140 424 2174 omnipotentis
439 2140 609 2168 clementiam
633 2142 830 2175 collaudantes,
854 2144 898 2178 qui
910 2152 958 2172 vos

162 2185 308 2221 ﬁdelesque
317 2190 425 2213 vestros
439 2188 575 2222 prosperis
587 2189 757 2216 successibus
769 2189 870 2224 pollere
881 2190 955 2224 fecit,

997 945 1028 968 ut
1047 941 1200 969 benedictio
1220 942 1329 977 superni
1345 942 1416 977 regis
1431 946 1457 970 te
1478 942 1575 970 fortem
1590 942 1690 970 eillciat
1712 950 1796 979 super

997 995 1126 1023 paganos.
1150 988 1261 1024 Legitur
1275 988 1421 1023 quemdam
1444 992 1566 1016 veterum
1580 988 1681 1016 dixisse
1699 993 1779 1024 poeta

998 1042 1070 1067 nun,
1083 1041 1146 1062 cum
1159 1034 1193 1061 de
1214 1034 1294 1062 laude
1314 1034 1508 1069 imperatorum
1528 1034 1644 1062 Romani
1658 1032 1751 1070 regni,
1772 1035 1796 1063 si

998 1080 1050 1108 rite
1073 1080 1202 1108 recordor
1214 1101 1222 1112 ,
1247 1080 1406 1113 cecinisset,
1425 1080 1521 1115 quales
1536 1087 1597 1108 esse
1619 1080 1787 1114 debuissent.

998 1125 1092 1153 dicens

1075 1187 1185 1211 Parcere
1196 1186 1325 1217 subjectis,
1334 1189 1361 1211 et
1367 1185 1495 1211 debellare
1504 1186 1635 1218 superbos.

999 1235 1084 1271 Quem
1096 1237 1259 1264 versiculum
1271 1237 1367 1264 beatus
1380 1236 1547 1272 Augustinus
1563 1237 1590 1265 in
1610 1237 1680 1265 libro
1697 1238 1735 1265 De
1750 1237 1796 1267 Ci-

998 1282 1082 1310 vitate
1095 1282 1142 1310 Dei
1158 1282 1241 1309 multa
1256 1282 1335 1310 laude
1353 1283 1488 1317 exposuit,
1504 1283 1628 1317 quamvis
1646 1283 1734 1317 magis
1747 1292 1799 1311 no-

999 1328 1042 1355 bis
1052 1327 1243 1355 attendendum
1256 1328 1292 1355 sit
1302 1326 1471 1363 Evangelicis
1480 1327 1631 1362 praeceptis,
1644 1334 1725 1363 quam
1738 1328 1800 1356 Vir-

1000 1374 1105 1410 giliacis
1117 1373 1251 1401 versibus.
1266 1372 1334 1400 Nam
1352 1376 1380 1400 et
1395 1372 1452 1408 ipsa
1467 1373 1576 1400 Veritas
1589 1372 1627 1400 ait
1641 1381 1648 1399 :
1663 1371 1739 1399 Beati
1751 1373 1802 1400 mi—

1000 1418 1159 1450 sericordes,
1172 1417 1297 1453 quoniam
1317 1417 1367 1452 ipsi
1386 1416 1595 1444 misericordiam
1610 1421 1801 1452 consequentur

1001 1463 1109 1500 (Matth.
1130 1471 1157 1496 v,
1177 1463 1215 1499 7).
1240 1463 1274 1490 Et
1296 1462 1360 1490 alibi
1374 1470 1381 1489 τ
1396 1462 1487 1490 Estote
1505 1462 1687 1489 misericordes
1699 1483 1707 1495 ,
1732 1462 1800 1489 sicut

1002 1514 1026 1537 et
1041 1509 1122 1536 Paler
1136 1514 1217 1536 vester
1231 1509 1380 1535 misericors
1392 1513 1430 1535 est
1450 1508 1526 1544 (Luc.
1549 1516 1586 1539 vt.
1600 1508 1656 1544 56).

964 1565 988 1597 ο
1038 1555 1114 1589 Quod
1127 1563 1192 1582 vero
1212 1554 1291 1583 nobis
1303 1559 1401 1582 vestra:
1413 1554 1544 1582 bonitatis
1559 1555 1586 1582 in
1600 1554 1708 1583 Christo
1730 1563 1796 1591 pro-

1005 1599 1067 1628 bata
1083 1600 1207 1628 voluntas
1225 1601 1258 1629 de
1271 1601 1411 1636 apostolici
1424 1602 1542 1637 pastoris
1559 1607 1570 1622 °
1587 1601 1703 1630 mirabili
1727 1602 1799 1630 sani-

1007 1650 1062 1673 tate
1072 1646 1235 1674 demandare
1246 1646 1362 1679 curavit,
1378 1646 1457 1674 decet
1469 1647 1542 1674 enim
1553 1654 1660 1675 omnem
1673 1646 1801 1682 populum

1006 1690 1191 1718 Christianum
1214 1690 1241 1718 in
1261 1690 1314 1718 hac
1341 1690 1485 1719 clementia
1505 1691 1603 1719 divinae
1627 1691 1803 1727 protectionis

1006 1735 1132 1770 gaudere,
1152 1740 1179 1764 et
1191 1735 1300 1764 laudare
1316 1744 1415 1764 nomen
1434 1736 1522 1764 sancti
1536 1736 1613 1772 [ϐοά.
1634 1735 1693 1763 Vat.
1707 1755 1715 1769 ,
1737 1743 1802 1763 san-

1007 1781 1091 1819 ctum]
1111 1782 1158 1809 Dei
1172 1782 1270 1814 nostri,
1286 1782 1332 1816 qui
1347 1789 1484 1816 nunquam
1499 1780 1602 1808 deserit
1612 1784 1755 1816 sperantes
1772 1781 1800 1809 in

1006 1836 1045 1860 se,
1061 1829 1107 1863 qui
1118 1828 1213 1863 impias
1232 1827 1399 1862 compescuit
1417 1834 1512 1854 manus
1526 1834 1542 1853 a
1555 1834 1639 1861 pravo
1652 1826 1801 1854 voluntatis

1006 1872 1113 1906 effectu,
1135 1872 1256 1900 volentes
1278 1872 1387 1899 ctecatis
1402 1871 1537 1899 mentibus
1552 1871 1642 1899 lumen
1661 1880 1740 1901 suum
1754 1880 1802 1900 ex-

1009 1919 1141 1953 tinguere,
1167 1921 1195 1944 ct
1218 1917 1321 1952 seipsos
1336 1917 1420 1952 impio
1441 1918 1554 1945 consilio
1566 1918 1677 1954 proprio
1695 1919 1803 1954 privare

1007 1964 1106 1999 capite.
1127 1962 1264 1998 Quidquid
1288 1970 1353 1990 vero
1374 1964 1407 1990 de
1422 1959 1474 1990 illis
1489 1964 1620 1997 agendum
1639 1964 1695 1997 sit,
1713 1969 1802 1993 vestra

1007 2008 1164 2036 cautissima
1187 2008 1365 2036 considerare
1377 2008 1459 2035 habet
1471 2008 1614 2042 sapientia,
1629 2016 1689 2043 quae
1703 2010 1804 2044 optime

1007 2054 1093 2087 novit,
1117 2054 1182 2089 quid
1206 2054 1249 2081 cui
1265 2054 1409 2081 conveniat
1423 2061 1561 2089 personte,
1584 2057 1612 2081 et
1625 2053 1689 2089 quid
1702 2055 1746 2082 cui
1767 2055 1804 2082 sit

1007 2098 1079 2127 facto
1094 2099 1312 2131 retribucndum;
1338 2098 1381 2126 vel
1401 2099 1536 2134 quomodo
1561 2099 1605 2126 ille
1626 2099 1687 2134 pius
1701 2103 1801 2135 pastor.

1008 2146 1097 2173 divina
1111 2146 1146 2173 ab
1157 2145 1328 2173 inimicorum
1343 2145 1468 2172 manibus
1478 2145 1609 2173 liberatus
1622 2146 1801 2180 protectionc,

1008 2198 1119 2219 securus
1130 2191 1159 2218 in
1170 2198 1218 2218 sua
1232 2190 1295 2218 sede
1309 2190 1365 2217 Deo
1376 2190 1484 2217 Christo
1495 2190 1634 2219 deservire
1647 2190 1746 2219 valeat.

160 2236 189 2258 at
209 2231 334 2259 inimicos
352 2233 393 2260 sui
409 2233 524 2261 nominis
545 2239 643 2262 vestrm
661 2236 788 2270 potentia:
802 2236 816 2256 ἀ
837 2237 956 2266 subdidit
970 2244 996 2274 ι)
1043 2237 1118 2271 Quod
1133 2245 1198 2265 vero
1207 2241 1304 2264 vestra:
1317 2235 1492 2271 benignitatis
1506 2237 1603 2265 litterae
1623 2237 1722 2266 Flacco
1736 2238 1801 2265 taci-

162 2277 284 2312 pedibus.
301 2277 358 2304 Hoc
369 2278 439 2304 enim
453 2278 532 2313 faciat
545 2279 626 2313 Deus,
639 2285 663 2307 et
682 2281 730 2308 hoc
744 2282 824 2309 addat
837 2281 846 2318 (
862 2282 877 2309 I
889 2282 952 2318 Reg.

162 2331 203 2356 ut,
219 2324 276 2358 l7),
294 2329 324 2351 ut
337 2325 474 2359 triumpho
489 2326 602 2354 terroris
615 2327 699 2354 vestri
714 2327 838 2355 inimicas
856 2328 956 2363 ubique

198 2395 211 2409 ι
228 2389 389 2416 Laidradus.
413 2390 573 2417 Laidradurn
594 2396 656 2425 post
670 2399 770 2419 annum
793 2392 844 2420 799
868 2392 956 2421 Felice

160 2423 216 2457 jam
232 2432 365 2452 converso
386 2432 439 2452 non
455 2426 567 2453 rediisse
585 2423 611 2453 in
626 2426 781 2460 Hispaniam
793 2448 801 2459 ,
817 2429 957 2455 contendit

163 2458 197 2486 cl.
211 2459 357 2487 Madrisius
369 2459 419 2487 On.
436 2461 520 2487 sancti
532 2461 635 2487 Paulini
647 2469 708 2487 patr.
722 2462 783 2487 222.
797 2471 870 2487 num.
883 2463 918 2487 6'2
929 2468 957 2487 et

163 2461 197 2486 cl.
211 2461 357 2487 )ladrisius
369 2461 419 2494 0p.
436 2461 520 2487 sancti
532 2461 635 2488 Paulini
647 2469 708 2495 pag.
722 2462 783 2494 222,
797 2471 870 2489 num.
883 2463 918 2490 62
929 2468 957 2490 et

164 2493 208 2521 65.
223 2494 277 2522 Sed
299 2494 410 2526 fallitur,
427 2499 456 2522 ut
471 2503 503 2522 ex
524 2496 575 2523 hoc
599 2495 658 2523 loco
673 2496 845 2524 manifestum
859 2503 911 2529 est,
929 2503 958 2525 et

163 2536 214 2590 iios
225 2528 341 2564 amplius
354 2530 563 2558 monstrabimus
575 2531 601 2557 in
616 2531 728 2558 Dissert.
745 2533 777 2559 de
792 2532 893 2560 “teres.
906 2534 957 2561 Fe—

173 2572 272 2591 tctana.

199 2610 214 2629 δ
231 2608 330 2636 Filium
342 2615 470 2642 nostrum,
484 2619 580 2646 nempe
592 2612 765 2640 Laidradum.

200 2660 211 2674 ε
231 2654 303 2681 Edit.
319 2654 445 2688 Quercct.
459 2655 501 2686 l5,
516 2656 607 2684 Canis.
623 2657 647 2684 7.
665 2657 742 2685 Nunc
755 2658 853 2686 alicubi
865 2666 957 2687 cmen-

162 2689 226 2717 data
242 2697 276 2716 ex
291 2690 351 2717 cod.
365 2697 422 2725 reg.
435 2690 522 2718 Vatic.
535 2691 569 2718 69
589 2691 677 2728 (Apud
693 2693 808 2721 Froben.
823 2694 879 2730 93).

197 2734 210 2754 ⁴¹
227 2734 353 2763 Subdidit
365 2735 494 2775 pedibus.
509 2736 621 2765 Carolus
637 2746 711 2775 _anm
734 2740 818 2774 priori
834 2740 887 2767 799
908 2748 958 2775 per

197 2744 210 2754 ιι
227 2744 353 2763 animum
365 2744 494 2796 lpatulus.
509 2744 621 2765 Larotus
640 2746 711 2765 anno
734 2744 818 2774 priori
834 2744 887 2767 799
908 2748 955 2775 per

162 2770 248 2811 filium
264 2778 344 2811 suum
373 2771 507 2811 _tppiuum
530 2776 557 2811 et
577 2772 719 2811 praefectos
740 2775 955 2811 provinciarum,

162 2806 267 2845 hSllunl
291 2805 443 2845 Huhnnicu’m
467 2805 629 2845 complevit;
646 2813 725 2845 teste
740 2805 904 2845 'Eginhardo
930 2805 956 2838 in

163 2840 223 2867 Vita
247 2840 337 2877 Caroli
355 2840 443 2875 Magni
467 2840 610 2870 Britannos
629 2840 788 2872 cisntariuos
801 2846 915 2877 domuit,
930 2850 955 2873 et

163 2877 297 2903 adversus
316 2875 466 2904 Saracenos
480 2885 536 2904 rem
550 2886 676 2913 prospere
690 2879 786 2914 gessit;
798 2885 879 2916 prout
897 2875 958 2910 nar-

363 2922 501 2955 ΡΑτκοι..
523 2924 557 2954 C.

1007 2281 1144 2309 turnitatis
1154 2281 1259 2316 culpam
1273 2282 1409 2318 ingerunt,
1421 2282 1499 2317 quem
1509 2281 1611 2319 [Forte,
1626 2281 1699 2318 eum]
1711 2282 1802 2311 fervor

1010 2328 1019 2347 ί
1037 2328 1136 2355 mensis
1150 2327 1264 2364 Augusti
1286 2328 1423 2362 desidem,
1446 2336 1499 2356 non
1519 2327 1665 2356 voluntatis
1678 2327 1800 2357 efﬁcacia

1008 2399 1069 2421 rant
1082 2394 1208 2425 Annales,
1224 2394 1304 2431 vulgo
1325 2396 1435 2431 ascripti
1450 2395 1604 2430 Eginhardo
1615 2395 1700 2431 ipsius
1712 2395 1802 2424 Caroli

1009 2429 1095 2456 Mauni
1109 2429 1225 2456 notario.

1036 2434 1095 2464 agni
1109 2434 1225 2456 notario.

1045 2464 1189 2501 {Mirabili
1204 2466 1327 2492 sanitate.
1344 2466 1472 2493 Dubitaut
1493 2466 1584 2501 aliqui,
1604 2473 1637 2493 an
1651 2465 1706 2493 Leo
1725 2471 1802 2501 pont.

1007 2499 1092 2535 oculis
1103 2504 1129 2526 et
1144 2500 1234 2535 lingua
1247 2501 1355 2535 penitus
1368 2502 1479 2528 orbatus
1494 2499 1576 2529 fuerit
1589 2509 1603 2527 a
1617 2499 1733 2528 sicariis.
1747 2501 1801 2529 Sed

1006 2534 1145 2571 oculorum
1161 2534 1194 2571 et
1210 2534 1308 2570 lingua:
1329 2544 1408 2563 usum
1422 2544 1482 2564 cum
1497 2543 1625 2571 prospera
1648 2535 1801 2563 valetudine

1007 2569 1095 2605 ipsum
1115 2569 1192 2605 haud
1221 2569 1278 2597 sine
1304 2571 1436 2598 miraculo
1468 2569 1617 2605 recepisse,
1637 2571 1802 2599 conveniunt

1027 2604 1086 2630 lane
1104 2603 1175 2630 illius
1192 2609 1244 2631 tem
1264 2605 1320 2632 oris
1335 2606 1491 2641 scriptores.
1508 2603 1567 2633 Vid.
1583 2605 1742 2633 Anastasius
1756 2606 1802 2634 Βῖ-

1007 2611 1102 2665 Eliotlt.
1117 2638 1143 2665 in
1170 2639 1231 2665 Vita
1247 2613 1367 2665 Leonis:
1392 2641 1510 2665 Annales
1536 2640 1797 2665 Laureshnmenm:

1024 2637 1143 2675 liotli.in
1170 2639 1231 2675 Vita
1247 2637 1368 2673 Leonis;
1390 2637 1510 2669 Annales
1536 2640 1798 2675 Laureshamenses;

1006 2673 1089 2710 Poeta
1112 2672 1277 2710 Saxonicus;
1303 2674 1494 2710 Theoduiphus
1517 2675 1733 2709 Aurelianensis,
1750 2672 1800 2705 lib;

1007 2707 1181 2746 m._C:_t_rm._6
1194 2709 1227 2746 ad
1238 2708 1363 2746 Carolum
1379 2707 1588 2746 Magnumleth
1604 2715 1658 2746 etc.

1046 2742 1055 2762 ῐ
1079 2742 1177 2785 ilices}:
1200 2744 1322 2785 Augusti.
1346 2742 1459 2785 Carolus
1475 2745 1590 2785 «_Mense
1608 2745 1732 2785 Augusto
1756 2747 1800 2774 in-

1006 2778 1333 2818 c_l_io_ante_Mug_unliacu_t_n
1355 2781 1479 2818 veniens,
1490 2780 1542 2808 iter
1560 2778 1712 2818 in_ltaliam
1733 2790 1800 2818 con-

1007 2813 1085 2845 dixit,
1096 2823 1105 2839 ι
1123 2813 1211 2848 inquit
1230 2815 1361 2842 annalista
1385 2816 1553 2843 Loisslianus
1569 2816 1604 2843 ad
1619 2824 1718 2844 annum
1732 2816 1796 2848 800.

1007 2848 1120 2889 ideoque
1134 2855 1166 2876 eo
1180 2857 1272 2889 mense
1291 2849 1413 2889 ejusdem
1428 2851 1491 2879 anui
1505 2851 1609 2889 litteras
1632 2852 1691 2879 illas
1704 2851 1737 2878 ah
1752 2851 1798 2877 Δὶς

1008 2883 1087 2911 cuine
1101 2885 1214 2920 accepit.
1232 2883 1297 2920 Prigi
1308 2883 1358 2913 hoc
1370 2894 1450 2920 anno,
1464 2894 1539 2915 num.
1554 2886 1580 2913 8.

1579 2930 1610 2959 11
