4070 6182
444 324 542 383 33!

400 468 403 469 ν
442 440 655 514 pigrum
691 436 872 490 efﬁcit.
905 433 979 489 De
1008 433 1193 503 pueris
1215 443 1346 484 vero
1367 428 1597 492 nostris,
1629 440 1765 495 quos
1806 423 2036 496 pedibus
2064 427 2111 483 Λ

444 531 687 603 paternis
697 528 923 582 Romam
943 536 1169 595 pergere
1184 514 1452 592 praecipis,
1470 517 1628 572 velim
1644 517 1784 572 scire
1793 516 2029 585 quando,

443 622 529 679 vel
566 620 653 676 ubi
674 660 688 683 ,
728 617 812 673 vel
837 616 1032 687 quibus
1069 614 1458 670 comitantibus
1486 619 1682 667 vestrae
1714 607 2031 665 beatitudini

443 718 732 767 occurrere
766 707 1013 763 debeant.
1044 705 1121 759 De
1160 703 1357 773 quibus
1382 703 1437 758 in
1465 710 1660 757 vestrm
1700 699 2035 757 excellentia

445 797 921 867 litterisscriptum
950 794 1255 851 invenimus
1288 810 1302 847 :
1339 810 1359 845 ι
1389 792 1491 860 Qui
1532 800 1605 858 te,
1647 792 1846 861 inquis,
1875 790 2030 859 quie-

449 894 654 953 scente,
675 902 776 958 pro
800 895 852 941 te
873 894 965 941 tua
988 898 1217 940 munera
1245 884 1383 939 inire
1403 881 1597 937 valent.
1635 901 1655 935 ι
1687 882 1884 937 Fateor
1907 879 2032 950 qui-

447 981 592 1046 dem,
618 978 1101 1048 vobisjubentibus
1121 983 1176 1031 et
1195 972 1528 1046 iuvantibus,
1554 975 1756 1029 laboris
1782 975 1887 1029 mei
1908 988 2034 1043 pos-

446 1077 576 1126 sunt
602 1070 741 1125 inire
780 1068 1053 1124 sudoretn.
1086 1066 1309 1122 Munera
1344 1079 1474 1120 vero
1500 1081 1619 1120 mea
1664 1065 1769 1120 iilis
1803 1064 2031 1120 necdum

445 1160 703 1224 concedo,
729 1173 850 1229 quae
868 1164 1050 1213 vestra
1071 1155 1382 1227 frequenter
1404 1155 1655 1225 largitate
1680 1155 1926 1225 accipere
1945 1168 2035 1210 so-

445 1252 646 1309 lebam.
680 1250 814 1305 Nam
840 1257 895 1304 et
924 1247 1153 1317 Moyses,
1184 1262 1344 1317 quem
1375 1247 1534 1302 nobis
1562 1247 1714 1317 quasi
1750 1246 1816 1301 ad
1844 1260 2032 1302 exem-

445 1343 589 1415 plum
612 1340 931 1413 proponitis,
958 1352 1140 1410 pugna
1168 1347 1387 1408 peracta
1409 1347 1466 1393 et
1486 1337 1795 1394 Amalecitis
1815 1335 2029 1408 fugatis,

444 1437 678 1506 prredam
709 1435 983 1489 reductam
1009 1431 1124 1502 ipse
1145 1430 1342 1501 populo
1366 1430 1642 1486 distribuit
1667 1429 1867 1503 (Exod.
1896 1444 2029 1493 xm,

448 1524 559 1599 i3).
585 1525 653 1580 Et
681 1524 869 1588 David,
901 1522 1058 1594 Syria
1079 1534 1177 1591 per
1195 1518 1332 1576 Joab
1357 1520 1657 1592 principem
1678 1518 1888 1574 militia:
1907 1519 2034 1574 sub—

438 1613 606 1683 jecta,
639 1629 830 1669 aurum
857 1621 915 1669 et
934 1625 1178 1684 gemmas
1197 1611 1619 1680 pretiosissimas
1643 1610 1709 1665 ad
1737 1609 1917 1679 templi
1942 1609 2035 1664 de-

446 1705 647 1760 dicavit
672 1712 922 1760 ornatum
958 1705 1045 1779 (II
1084 1705 1213 1777 Reg.
1244 1720 1362 1765 vin,
1403 1701 1513 1773 il).
1546 1698 1652 1756 Sed
1676 1709 1733 1755 et
1751 1699 2033 1753 Ammoni-

1331 319 1389 371 Β.
1434 318 1493 371 Ῑθ.
1537 314 1758 372 Αωικι
1797 313 1928 369 SEU
1966 309 2245 367 ALCUINI
2289 309 2567 364 ornum
2610 309 2787 365 PARS
2825 309 2861 362 I.

3606 304 3709 359 33'!

2658 421 2683 459 δ
2709 415 3039 474 εριδτοιΑ
3074 414 3186 471 CX.

2437 526 2504 565 AD
2531 524 2763 564 AIIA'l‘l-ZS
2786 523 2855 562 ετ
2888 522 3161 563 καταλείπω
3182 520 3420 563 eorum

2748 609 2926 679 (Anno
2949 606 3101 679 800.)

2133 718 2384 775 Errot‘em
2400 719 2805 791 Adoptianorum
2823 719 2977 788 capit,
2992 735 3144 791 quem
3155 716 3414 791 singulari
3428 714 3605 771 Iibcllo
3623 733 3721 788 per

2204 791 2411 845 beatum
2434 788 2771 844 Benedictum
2794 791 2972 853 misso,
2997 788 3053 841 se
3065 788 3184 858 jam
3206 789 3484 856 refutans,
3504 797 3554 841 et
3580 803 3721 841 nunc

2202 861 2396 930 majori
2423 876 2575 930 opere
2599 877 2632 913 a
2655 876 2710 913 se
2734 860 3069 928 refutandum
3090 860 3185 912 ait.

2201 970 2432 1026 Albinus
2458 969 2678 1024 humilis
2707 969 2913 1023 Christi
2944 968 3176 1022 famulus
3201 975 3255 1021 et
3280 967 3527 1022 serviens
3544 968 3716 1021 sam-Ai

2134 1063 2383 1127 Martini,
2412 1062 2667 1118 omnibus
2704 1061 3010 1123 abbatibus,
3059 1058 3318 1114 fratribus
3352 1067 3410 1115 et
3450 1058 3594 1123 ﬁliis,
3623 1059 3718 1129 qui

2133 1165 2264 1210 sunt
2287 1165 2308 1193 ο
2330 1154 2541 1210 Gothiae
2558 1154 2804 1223 partibus
2824 1152 2878 1206 in
2900 1151 3115 1206 Christo
3135 1149 3722 1215 charissimis,mtcm:e

2134 1246 2485 1301 beatitudinis
2508 1245 2754 1301 salutem.

2202 1337 2453 1407 Acceptis
2494 1335 2821 1392 dulcissimis
2864 1343 3061 1390 vestrae
3118 1333 3465 1389 beatitudinis
3498 1332 3716 1396 litteris,

2134 1425 2293 1481 simul
2337 1433 2393 1481 et
2441 1425 2778 1481 suavissimis
2824 1424 3158 1495 nimiumque
3204 1424 3359 1479 nobis
3397 1425 3722 1480 necessariis

2134 1523 2444 1572 sanctarum
2489 1517 2798 1573 orationum
2851 1524 3156 1572 vestrarum
3203 1517 3548 1581 muneribus,
3594 1530 3717 1573 cum

2134 1608 2281 1663 omni
2310 1608 2506 1679 gaudio
2531 1615 2587 1663 et
2625 1608 2823 1662 mentis
2863 1607 3168 1674 alacritate,
3192 1615 3245 1663 et
3290 1618 3543 1678 magnam
3592 1620 3722 1663 vero

2135 1700 2342 1755 habens
2376 1698 2626 1753 ﬁduciam
2654 1713 2755 1770 per
2790 1707 3001 1754 vestras
3025 1698 3419 1755 sacratissimas
3460 1699 3722 1753 interces-

446 1805 625 1850 tarum
664 1795 811 1866 regis
851 1771 1096 1850 diadema
1140 1771 1360 1866 proprio
1406 1771 1661 1863 imposuit
1684 1789 1869 1860 capiti,
1909 1789 2032 1844 licet
2066 1771 2109 1831 Β
2135 1791 2315 1846 siones
2339 1791 2407 1845 ad
2449 1789 2631 1845 Jesum
2673 1790 2767 1845 Dei
2799 1791 3013 1857 Filium,
3046 1793 3137 1862 qui
3184 1804 3283 1862 pro
3315 1792 3498 1849 mundi
3543 1792 3723 1848 saluto

441 1882 576 1939 Joab
594 1883 815 1939 iaborcs
842 1882 1189 1940 sustinuisset
1213 1883 1419 1938 militia:
1448 1880 1539 1955 (-l!
1562 1879 1690 1951 Reg.
1722 1895 1820 1944 xu,
1846 1878 1957 1950 50).

512 1974 621 2031 Sed
647 1976 796 2030 etde
831 1976 965 2036 hoc.
995 1976 1140 2045 quod
1167 1973 1301 2029 mihi
1348 1975 1718 2043 improperare
1742 1970 1992 2026 voluistis
2013 2012 2029 2036 ,

443 2081 530 2121 me
559 2065 708 2121 fumo
730 2065 1007 2120 sordentia
1046 2066 1386 2119 Turonorum
1419 2071 1559 2118 tecta
1594 2061 1802 2116 auratis
1828 2060 2030 2115 Roma-

445 2168 637 2208 norum
663 2154 881 2207 arcibus
907 2167 1246 2224 praeponere,
1277 2153 1391 2208 scio
1418 2160 1655 2206 vestram
1684 2150 1894 2222 legisse‘
1904 2165 2034 2221 pru-

443 2242 678 2296 dentiam
698 2240 1100 2297 Salomonieum
1125 2241 1251 2296 illud
1275 2241 1504 2312 elogium
1535 2259 1547 2293 :
1576 2239 1766 2294 Melius
1788 2239 1930 2312 (est).
1952 2240 2034 2295 in-

441 2330 579 2401 quit,
600 2330 776 2384 sedere
799 2331 854 2384 in
875 2329 1068 2401 angulo
1089 2330 1340 2397 domatis,
1360 2346 1518 2401 quam
1538 2347 1655 2384 cum
1683 2329 1900 2385 muliere
1920 2330 2030 2385 liti-

441 2421 589 2490 giosa
617 2420 672 2474 in
694 2419 848 2475 domo
861 2420 1122 2474 communi
1138 2419 1442 2493 (Pronum,
1459 2419 1639 2493 9).Et,
1665 2428 1724 2474 ut
1748 2435 1871 2475 cum
1898 2435 2033 2491 pace

442 2509 615 2565 dicam
624 2509 814 2581 ,magis
828 2508 1028 2565 ferrum
1044 2518 1202 2567 nocet
1215 2510 1407 2576 oculis,
1421 2526 1584 2582 quam
1597 2507 2035 2567 fumus.’l‘uronis

441 2597 585 2654 enim
626 2597 849 2654 fumosis
880 2599 1037 2655 tectis
1061 2607 1337 2665 contenta,
1368 2598 1482 2654 Deo
1510 2600 1777 2667 donante,
1817 2615 1914 2671 per
1941 2615 2033 2654 vc-

445 2698 571 2745 strte
593 2689 854 2745 bonitatis
876 2690 1272 2760 providentiam
1296 2689 1350 2745 in
1379 2705 1512 2762 pace
1533 2676 1834 2760 permanet.
1861 2688 2029 2744 Roma

450 2795 580 2836 vero
626 2797 747 2852 qum
792 2779 1029 2836 fraterna
1074 2780 1345 2837 discordia
1396 2781 1605 2836 initiata
1650 2786 1771 2845 est,
1810 2779 2030 2835 insitum

441 2873 795 2929 dissensionis
832 2887 1094 2927 venenum
1127 2872 1405 2943 hucusque
1448 2879 1634 2929 tenere
1662 2885 1769 2927 non
1799 2878 1980 2927 cessat
2013 2884 2029 2924 :

444 2976 749 3038 vestraeque
776 2968 1097 3023 venerandze
1117 2967 1394 3041 dignitatis
1424 2968 1716 3038 potentiam
1737 3008 1753 3035 ,
1779 2968 1848 3023 ad
1871 2965 2032 3036 hujus

444 3061 613 3130 pestis
640 3059 1085 3128 compescendam
1116 3060 1429 3129 perniciem,
1460 3075 1493 3116 e
1520 3059 1766 3117 dulcibus
1797 3058 2027 3117 Germa-

2136 1881 2300 1936 homo
2320 1880 2570 1951 dignatus
2597 1888 2681 1936 est
2708 1881 2825 1937 ﬁeri
2850 1899 2863 1936 :
2897 1883 2971 1936 ita
3002 1891 3060 1936 ut
3085 1882 3175 1952 qui
3213 1881 3358 1938 Deus
3392 1882 3724 1938 :eternaliter

2134 1986 2201 2027 ex
2230 1970 2392 2027 Patre
2428 1978 2587 2026 natus
2614 1980 2721 2037 est,
2759 1973 3133 2044 temporaliter
3160 1981 3473 2029 nasceretur
3506 1988 3573 2030 ex
3610 1976 3722 2030 vir-

2139 2064 2278 2135 gine,
2309 2072 2365 2118 et
2392 2065 2535 2119 idem
2559 2071 2702 2119 esset
2741 2064 2905 2119 homo
2929 2064 3019 2135 qui
3045 2072 3101 2119 et
3127 2065 3297 2131 Deus;
3327 2073 3382 2121 et
3412 2065 3550 2120 idem
3580 2066 3724 2121 Deus

2139 2155 2230 2223 qui
2254 2161 2310 2210 et
2336 2154 2527 2221 homo;
2555 2163 2611 2210 et
2635 2170 2743 2210 non
2767 2162 2909 2210 esset
2932 2156 3039 2210 ulla
3064 2156 3335 2225 separatio
3366 2170 3610 2225 persouze
3636 2156 3722 2210 vel

2142 2246 2397 2314 ﬁlietatis,
2441 2262 2509 2303 ne
2534 2256 2716 2304 essent
2742 2246 2850 2303 duo
2874 2247 3017 2313 Filii,
3046 2263 3185 2302 unus
3217 2247 3472 2317 proprius
3497 2255 3552 2303 et
3585 2248 3726 2303 alter

2139 2337 2453 2407 adoptivus;
2485 2346 2578 2392 aut
2622 2338 2728 2394 duo
2763 2338 2880 2404 Dii,
2927 2353 3067 2393 unus
3097 2353 3259 2394 verus
3304 2338 3447 2393 Deus
3485 2347 3543 2393 et
3585 2339 3725 2393 aiter

2137 2428 2527 2497 nuncupativus
2553 2446 2566 2481 :
2595 2429 2739 2499 quod
2780 2429 3001 2483 omnino
3029 2428 3250 2499 impium
3292 2438 3377 2483 est
3408 2428 3632 2485 credere
3666 2437 3724 2484 et

2133 2518 2447 2587 praedicare.
2479 2517 2616 2586 Quia
2647 2520 2740 2574 Dei
2786 2517 2957 2574 Filius
3000 2519 3052 2573 in
3087 2519 3418 2588 proprietate
3453 2534 3721 2589 personae,

2132 2616 2187 2663 et
2229 2607 2349 2663 Filii
2383 2610 2661 2680 dignitatis
2701 2608 2946 2664 adunivit
2989 2608 3090 2664 sibi
3138 2608 3438 2673 hominem,
3475 2618 3535 2663 nt
3578 2618 3722 2665 esset

2134 2715 2272 2756 unus
2295 2699 2562 2765 Christus,
2588 2709 2643 2755 et
2672 2716 2813 2755 unus
2835 2700 2999 2764 Deus,
3023 2708 3080 2755 et
3102 2714 3243 2754 unus
3277 2698 3374 2754 Dei
3413 2698 3605 2765 Filius,
3639 2708 3722 2754 to—

2136 2800 2222 2846 tus
2246 2792 2298 2845 in
2322 2792 2452 2857 suis,
2481 2801 2537 2847 et
2565 2800 2711 2847 totus
2740 2792 2794 2846 in
2824 2792 3043 2855 nostris,
3069 2791 3341 2860 perfectus
3363 2792 3416 2845 in
3442 2792 3725 2848 divinitate

2133 2890 2188 2937 et
2224 2881 2496 2952 perfectus
2522 2882 2576 2936 in
2606 2882 2961 2937 humanitate.
2988 2881 3141 2949 Quod
3169 2878 3352 2937 multis
3396 2883 3724 2937 testimoniis

2132 2972 2454 3044 evangelicis
2487 2981 2541 3029 et
2584 2973 2911 3043 apostolicis,
2939 2973 3022 3028 vel
3053 2974 3219 3029 etiam
3265 2966 3572 3030 sanctorum
3606 2972 3714 3030 Pa-

2135 3070 2276 3118 trum
2320 3064 2702 3121 traditionibus
2750 3065 3087 3135 comprobari
3130 3073 3338 3137 potest;
3378 3068 3514 3122 sicut
3562 3068 3616 3122 in
3649 3064 3718 3122 li-

443 3146 545 3202 nire
582 3146 800 3203 sedibus
825 3146 1078 3203 festinare
1119 3146 1408 3219 compellit.
1451 3144 1560 3203 Nos
1604 3164 1735 3204 vero
1784 3148 2040 3220 lacrymis
2066 3139 2110 3202 (ἶ
2142 3155 2282 3210 bello
2303 3170 2369 3209 ex
2398 3164 2551 3225 parte
2580 3155 2778 3211 factum
2806 3164 2910 3222 est,
2937 3170 3095 3226 quem
3132 3156 3427 3213 direximus
3453 3173 3549 3228 per
3588 3158 3723 3215 bea-

441 3235 761 3301 absentiam,
792 3244 847 3291 et
869 3237 1124 3307 precibus
1147 3237 1253 3293 iter
1278 3245 1516 3293 vestrum
1547 3238 1818 3293 continuis
1844 3254 2032 3309 prose—

445 3326 685 3398 quimur,
727 3323 966 3381 divinam
992 3326 1269 3382 humiliter
1299 3327 1646 3383 obsecrantes
1670 3327 2028 3393 clementiam,

443 3422 711 3488 quatenus
753 3428 852 3472 vos
890 3426 1207 3487 vestrosque
1248 3417 1439 3483 simul,
1471 3434 1593 3473 cum
1618 3420 1764 3475 omni
1813 3437 2035 3492 prospe-

440 3507 601 3562 ritate
627 3522 792 3563 sanos
816 3505 1013 3574 ducat,
1044 3515 1102 3564 et
1135 3507 1360 3564 reducat
1384 3510 1701 3581 gaudentes.
1736 3511 1895 3584 139
1930 3513 2031 3568 Vc-

438 3604 565 3651 strze
585 3612 716 3653 vero
739 3596 959 3667 pietatis
979 3596 1173 3656 littera:
1196 3598 1503 3657 nullatenus
1522 3604 1801 3659 consentio
1823 3613 1883 3659 ut
1899 3605 2034 3661 obli-

437 3687 720 3743 viscantur
751 3688 855 3744 mei
882 3707 895 3741 :
931 3688 1025 3745 sed
1056 3690 1251 3762 smpius
1279 3693 1495 3749 veniant
1540 3694 1593 3748 in
1623 3694 1815 3765 spiritu
1841 3710 2032 3752 conso-

437 3770 679 3841 lationis,
703 3783 764 3829 ut
786 3776 1119 3845 osculentur,
1146 3780 1342 3836 iterum
1372 3782 1675 3855 iterumque
1702 3786 2027 3857 relegantur,
2078 3822 2081 3823 ν

438 3870 496 3919 et
544 3860 599 3917 in
649 3864 828 3921 cordis
875 3865 1130 3923 thesauro
1176 3881 1436 3941 perpetua
1481 3871 1765 3930 dulcedine
1811 3890 2030 3931 conser-

438 3957 656 4006 ventur.

582 4054 843 4138 Tempora
867 4073 1128 4126 concedat
1156 4070 1403 4129 Christus
1434 4073 1609 4131 felicia
1638 4080 1789 4149 regni

652 4154 821 4227 llujus
843 4169 897 4215 ct
925 4161 1131 4226 aeterni,
1166 4160 1331 4216 David
1350 4174 1548 4229 amate,
1572 4177 1595 4204 ι
1622 4166 1740 4219 tibi.

508 4524 753 4606 {Crateri
778 4544 950 4606 tersus
978 4528 1177 4600 (inquit
1202 4530 1305 4606 hoc
1326 4529 1444 4587 loco
1463 4532 1807 4606 _Basnagius),
1835 4539 2022 4592 desunt

433 4595 491 4678 iit
531 4594 773 4678 Editione
802 4594 1161 4678 Qttcrcctaﬁa,
1194 4600 1254 4678 in
1295 4616 1398 4678 _qua
1438 4602 1545 4678 duo
1582 4594 2025 4678 titiituni'priores

435 4666 817 4745 describuntur.
846 4667 960 4724 Non
1002 4666 1342 4745 advertitvir
1365 4673 1626 4745 eruditus,
1654 4666 1890 4745 reliquos
1912 4686 2028 4731 γει*-

437 4750 532 4815 sus
565 4751 596 4790 a
631 4735 967 4815 Θυίῃ-ρεισιῃο
1001 4739 1176 4794 editos
1197 4737 1386 4815 fuisse
1429 4743 1495 4815 ad
1546 4743 1747 4799 calcem
1771 4735 2025 4815 'epistolze

435 4804 520 4867 12,
552 4820 695 4882 nunc
736 4805 820 4882 9d,
849 4806 916 4861 ad
946 4822 1108 4877 quam
1138 4809 1302 4882 etiam
1334 4812 1523 4882 magis,
1566 4829 1728 4882 quam
1756 4804 1830 4871 ad
1863 4817 2024 4873 istam

432 4876 705 4952 pertinere
732 4876 1009 4952 videntur;
1037 4880 1181 4952 quod
1204 4879 1283 4952 ibi
1312 4876 1502 4952 agatur
1529 4876 1598 4937 de
1631 4883 1806 4939 reditu
1830 4886 2025 4943 Leonis

438 4946 740 5022 ad_ur_bem,
766 4948 857 5022 qui
887 4946 1217 5022 annopriori
1248 4946 1492 5022 conligit.

510 5016 541 5099 ξ
567 5014 716 5099 lianc
740 5014 897 5099 epist.
952 5014 1203 5099 _Baluaius
1232 5014 1424 5099 edidit:
1449 5022 1540 5099 lib.
1572 5038 1609 5099 _t_
1649 5022 2018 5099 Dlisceil._pag.

438 5084 737 5171 vinauina
761 5084 907 5171 illam
916 5088 1319 5171 descripsimus
1328 5160 1338 5171 ι
1355 5090 1550 5171 (Apud
1571 5092 1803 5171 Froben.
1836 5084 1948 5171 ψ’).

508 5165 529 5194 ε
552 5154 757 5237 Gothiae
772 5154 1245 5238 partibusuGotltia
1271 5154 1378 5238 alio
1408 5154 1625 5238 nomine
1652 5166 1816 5220 etiam
1847 5154 2025 5238 Septi-

434 5225 916 5305 manniayocatur.
948 5227 1097 5305 Felix
1131 5227 1496 5305 Urgellitanus
1518 5234 1807 5305 episcopus
1836 5256 1854 5287 ‹
1885 5225 2021 5293 niul-

434 5295 512 5371 t_is_
534 5296 676 5371 apud
710 5295 1135 5371 Septimanniam
1172 5295 1488 5371 pestiferum
1514 5295 1765 5361 haustu-tn
1800 5306 2023 5364 haeresis

431 5363 855 5439 Adoptianortim
883 5363 1212 5439 propinavii,
1245 5390 1265 5423 ι
1298 5382 1357 5426 ut
1383 5375 1569 5429 scribit
1590 5373 1755 5433 Jonas
1775 5363 2025 5433 Aurelia;

438 5436 619 5514 u‘ettsis
663 5435 768 5514 lib._
801 5454 815 5493 ι
845 5435 920 5514 _de
943 5435 1298 5514 C’ult.‘_ltnag.
1345 5440 1606 5514 adversus
1630 5446 1819 5502 Claud.
1852 5448 2014 5504 Taur.

438 5502 568 5567 Qtue
596 5516 683 5580 res
707 5502 1314 5580 Alcuinum‘sollicituvm
1344 5512 1553 5580 habuit,
1587 5532 1655 5572 ne
1694 5516 1786 5573 illo
1815 5502 2020 5575 veneno

436 5576 813 5657 tuouasteriaa
835 5577 993 5657 beato
1009 5578 1294 5657 Benedicto
1312 5576 1605 5641 Aniancnsi
1630 5603 1801 5657 nuper
1820 5590 2018 5657 partim

430 5651 632 5707 eg‘ecta,
657 5646 853 5712 partim
882 5643 1170 5703 reformata
1203 5651 1568 5710 indicerentur.

503 5712 532 5753 ἀ
563 5712 627 5769 In
672 5712 959 5778 Libellpr.
990 5731 1140 5796 quem
1165 5721 1454 5776 direximus
1476 5738 1568 5795 per
1610 5725 1816 5787 beatum
1854 5724 2019 5783 Bem-

2047 4487 2101 4548 D

2139 3255 2251 3301 tum
2270 3245 2298 3287 δ
2321 3246 2690 3313 Benedictum,
2719 3249 2871 3303 vobis
2897 3249 3149 3303 solatium
3174 3258 3230 3303 et
3255 3249 3721 3305 conﬁrmttionem

2137 3336 2258 3393 ﬁdei
2304 3338 2606 3393 catholicae.
2652 3338 2758 3394 Sed
2789 3339 2843 3392 in
2890 3339 3137 3395 manibus
3170 3349 3195 3380 ο
3220 3340 3394 3409 majus
3426 3341 3584 3397 modo
3622 3341 3722 3396 ba-

2135 3430 2325 3485 bemus
2351 3445 2487 3500 opus
2512 3439 2735 3500 propter
2759 3431 2892 3485 alias
2912 3446 3122 3495 causas,
3152 3447 3272 3502 qua:
3299 3433 3351 3486 in
3378 3431 3557 3487 libello
3588 3430 3608 3471 ί
3634 3416 3724 3487 ve-

2136 3520 2357 3574 nerandi
2389 3519 2586 3575 Felicis
2635 3520 2893 3592 legimus;
2923 3532 2978 3579 et
3005 3522 3156 3577 illum
3198 3523 3410 3577 volente
3437 3523 3547 3577 Deo
3571 3523 3725 3577 vobis

2132 3609 2433 3680 dirigimus,
2459 3620 2742 3682 postquam
2769 3612 2941 3669 lectus
2964 3622 3017 3670 et
3046 3612 3424 3685 comprobatus
3454 3611 3623 3668 fuerit
3651 3615 3724 3668 ab

2131 3701 2399 3771 episcopis
2448 3702 2651 3757 nostris
2698 3712 2753 3757 et
2787 3706 2811 3743 ε
2839 3705 3036 3759 dontno
3080 3719 3222 3774 rege.
3276 3701 3495 3756 Interim
3537 3709 3723 3757 vestra

2132 3792 2408 3847 Sanctitas
2434 3806 2534 3847 nos
2559 3793 2775 3861 adjuvet
2812 3795 3016 3850 sanctis
3049 3793 3380 3850 orationibus
3405 3792 3625 3857 vestris,
3658 3802 3724 3846 ut

2131 3878 2393 3935 Dominus
2426 3881 2570 3936 Deus
2597 3884 2806 3951 aperiat
2836 3884 2993 3940 nobis
3021 3883 3344 3954 agnitionem
3372 3880 3641 3953 veritatis,
3667 3890 3725 3935 et

2130 3970 2382 4027 ﬁduciam
2411 3974 2812 4043 pratdicationis
2836 3987 2891 4031 et
2926 3977 3287 4032 constantiam
3321 3976 3375 4029 in
3406 3974 3510 4028 ﬁde
3534 3973 3721 4027 catino.

2129 4061 2253 4118 lica.
2278 4061 2498 4118 Multum
2518 4065 2653 4119 enim
2677 4064 2809 4120 ualet
2830 4066 3126 4138 deprecatio
3143 4067 3280 4137 justi
3302 4064 3509 4138 (Iacob.
3526 4079 3581 4129 v,
3606 4064 3718 4135 lii),

2128 4162 2329 4224 quanto
2357 4156 2528 4225 magis
2555 4164 2612 4211 ct
2633 4156 3013 4231 plurimorum.

2201 4245 2359 4321 150
2387 4248 2511 4303 Haec
2556 4250 2766 4304 novitas
2808 4265 3002 4306 vocum
3032 4253 3086 4307 in
3113 4252 3416 4324 adoptione,
3447 4265 3720 4321 truncum.

2125 4339 2266 4393 tione
2300 4337 2535 4405 Christi,
2564 4341 2784 4397 omnino
2830 4341 3077 4398 ﬁdelibus
3104 4344 3357 4399 omnibus
3398 4342 3715 4398 detestanda

2126 4440 2229 4496 est,
2262 4438 2318 4485 et
2356 4447 2683 4502 magnopere
2715 4434 2953 4490 cavenda
2999 4435 3114 4491 haec
3160 4435 3355 4491 divisio
3400 4434 3457 4489 in
3498 4430 3718 4489 Christo

2133 4559 2531 4636 dictumaﬂunc
2555 4562 2839 4636 Libellum,
2866 4566 2957 4634 qui
2990 4566 3271 4636 hucusque
3299 4566 3475 4626 latuit.
3501 4562 3711 4636 extend.

2131 4628 2237 4685 290
2266 4631 2395 4701 bibl.
2421 4633 2587 4701 palat.
2631 4628 2903 4690 Vaticanis
2935 4636 3074 4691 infra
3102 4628 3351 4692 dabimus
3379 4646 3503 4691 ante
3526 4634 3719 4688 Libros

2129 4714 2205 4753 \‘ll
2238 4699 2495 4755 adversus
2535 4703 2789 4759 Felicem.
2832 4706 2964 4761 Vide
2997 4705 3437 4763 dissertationem
3474 4715 3718 4760 nostram

2129 4771 2196 4844 de
2228 4771 2420 4844 hzcrcsi
2464 4774 2911 4844 Adoptiauorum.
2945 4776 3113 4832 Porro
3140 4777 3464 4831 Benedictus
3500 4781 3587 4830 est
3620 4777 3720 4828 ai:-

2129 4840 2227 4895 bas
2269 4840 2598 4918 Anienensis
2620 4846 2964 4918 monasterii,
2997 4848 3140 4916 quod
3166 4855 3346 4918 _caput
3376 4855 3458 4902 est
3488 4844 3721 4899 aliorum

2130 4913 3122 4986 monasteriorumSeptimanuize'seu
3152 4913 3382 4982 Got’hise,
3413 4930 3532 4986 quae
3570 4929 3720 4968 nunc

2130 4977 2442 5057 Languedo‘c
2463 4983 2677 5057 a_Gallis
2689 4977 3014 5057 appellatur,
3034 5003 3266 5057 quocum
3286 4977 3515 5041 Alcuino
3538 4985 3717 5039 amica

2128 5053 2456 5108 consuetudo
2484 5055 2604 5108 fuit.

2202 5131 2226 5158 ε
2256 5121 2433 5192 Majus
2456 5141 2605 5195 Opus.
2640 5126 2857 5182 Scilicet
2891 5126 3059 5183 li-bros
3089 5143 3163 5182 vn
3198 5126 3458 5181 adversus
3478 5122 3720 5178 Felicem

2131 5189 2545 5245 Urtzellitanum.

2182 5202 2545 5248 rzellitanum.

2204 5208 2208 5220 ’
2244 5207 2314 5245 ett
2530 5233 2545 5247 .

2204 5207 2242 5300 ἕ
2590 5262 2813 5339 ζειξεῑεε
2837 5267 2963 5339 Hcce
2999 5267 3340 5339 compellatio
3387 5265 3550 5339 atuici
3598 5274 3719 5331 est,

2126 5342 2232 5384 non
2263 5329 2578 5407 adversarii.
2611 5333 2849 5407 Epistula
2880 5337 3043 5406 igitur
3080 5329 3319 5407 presens
3343 5337 3546 5404 scripta
3591 5346 3672 5389 est

2126 5408 2408 5476 postquam
2439 5400 2587 5476 Felix;
2613 5400 2682 5457 ab
2701 5400 2929 5461 Alcuino
2955 5408 3010 5461 in
3034 5400 3265 5462 concilio
3286 5400 3719 5476 Aquisgranensi

2126 5471 2407 5548 annali)?
2433 5473 2712 5548 convictus
2756 5476 2881 5548 fuit,
2912 5485 2967 5532 et
3002 5493 3123 5548 cum
3159 5476 3248 5532 illo
3276 5477 3329 5530 in
3351 5471 3584 5548 gratiattt
3634 5491 3731 5529 te-

2125 5535 2243 5616 diit.
2269 5539 2428 5616 ἕως.
2458 5557 2579 5610 quae
2607 5544 2843 5616 diximus
2864 5535 2923 5601 in
2952 5546 3171 5616 pra-fata
3202 5535 3603 5616 disser'tatione.

2202 5610 2227 5645 ε
2260 5606 2335 5689 Et
2351 5606 2542 5689 dou-tito
2569 5630 2703 5684 rege.
2741 5606 3180 5689 \‘ide‘cp'istolam
3208 5617 3271 5689 ad
3300 5613 3557 5671 Carolum
3600 5610 3722 5670 lia-

2126 5692 2287 5745 gnum
2316 5678 2491 5735 Libt‘is
2518 5696 2590 5737 νυ
2623 5678 2810 5741 cutura
2845 5678 3075 5743 Felicem
3103 5686 3397 5758 piat-ﬁxam.
