4070 6182
392 335 506 390 353

1838 341 2216 397 EPISTOLJE.

3545 360 3648 418 δδι

393 443 624 498 Domino
652 451 856 498 nostro.
890 442 1104 500 Scimus
1130 445 1262 502 duas
1292 455 1510 501 naturas
1547 447 1811 516 perfectas
1853 463 1972 505 esse
2001 456 2046 514 Α
2077 451 2200 505 dam
2245 467 2311 505 ex
2360 454 2601 522 apostolo
2655 457 2985 525 proditorem
3043 460 3260 518 factum.
3305 464 3650 529 Considerate

392 538 450 592 in
479 537 714 601 Christo.
743 545 799 592 et
836 552 997 591 unam
1024 552 1304 608 personam
1331 557 1343 592 :
1376 538 1658 594 mortalem
1696 540 1973 596 immorta-

389 629 604 699 iemque
623 629 875 682 eumdem
895 642 1034 684 esse.
1059 626 1212 684 Sicut
1234 630 1393 684 homo
1419 628 1662 684 mortalis
1683 637 1766 684 est
1787 645 1968 695 carne,

391 719 716 776 immortalis
757 719 968 784 anima;
1021 728 1202 775 tamen
1236 735 1374 775 unus
1418 728 1503 776 est
1539 721 1721 785 homo,
1766 729 1823 776 et
1866 736 1970 775 una

385 825 638 882 persona,
667 819 722 865 et
761 826 902 865 unus
929 810 1100 866 Filius
1125 811 1298 882 patris
1323 812 1405 866 sui
1437 819 1579 866 totus
1623 812 1891 881 proprius,
1918 821 1974 868 et

385 906 558 962 dividi
580 921 685 961 non
705 915 901 976 potest,
917 907 1060 977 quod
1074 907 1146 962 sit
1166 907 1363 977 partim
1381 908 1772 978 nuncupativus
1787 909 1966 972 homo,

385 1006 441 1052 et
464 998 664 1068 partim
685 1013 846 1052 verus
870 999 1068 1052 homo:
1092 998 1166 1052 ita
1191 1005 1246 1052 et
1265 997 1536 1062 Christus,
1559 998 1684 1054 licet
1710 998 1781 1052 sit
1807 1011 1969 1052 carne

388 1089 654 1154 mortalis,
685 1099 740 1145 et
767 1089 1048 1144 divinitate
1077 1091 1417 1155 immortalis,
1447 1098 1625 1145 tamen
1649 1105 1789 1146 unus
1812 1089 1969 1145 Jesus

383 1180 636 1236 Christus
656 1190 712 1236 et
739 1198 879 1236 unus
902 1183 996 1237 Dei
1025 1182 1226 1249 Filius;
1253 1183 1392 1238 sicut
1414 1184 1524 1238 dixi
1551 1184 1822 1239 hominem
1848 1197 1968 1239 esse

385 1288 551 1326 unum
597 1273 787 1338 filium,
824 1273 949 1329 licet
975 1289 1136 1328 carne
1163 1275 1234 1330 sit
1263 1276 1526 1340 mortalis,
1563 1283 1620 1330 et
1660 1277 1839 1331 anima
1869 1277 1968 1331 im-

387 1360 629 1416 mortalis
653 1376 667 1415 :
695 1371 750 1416 et
779 1363 1085 1418 nullatenus
1113 1379 1250 1418 unus
1289 1363 1479 1430 Filius,
1509 1381 1616 1420 uno
1643 1365 1822 1431 Patre,
1864 1381 1962 1436 po—

387 1457 491 1505 test
527 1465 647 1506 esse
685 1459 990 1523 utrumque,
1014 1461 1070 1507 et
1100 1454 1350 1524 preprius
1395 1464 1450 1509 et
1479 1455 1782 1524 adoptivus.
1824 1456 1888 1509 Et
1917 1457 1962 1510 si

381 1549 466 1594 est
495 1555 636 1595 unus
663 1540 834 1596 Filius
874 1543 1013 1596 Deus
1043 1541 1293 1597 Christus
1331 1543 1382 1597 in
1414 1559 1518 1597 una
1555 1559 1809 1613 persona,
1847 1561 1964 1601 om-

384 1627 510 1682 nino
535 1637 628 1683 aut
653 1639 798 1685 totus
828 1639 909 1684 est
935 1631 1207 1701 proprius,
1237 1640 1331 1686 aut
1357 1640 1503 1688 totus
1527 1633 1830 1703 adoptivus.
1857 1633 1962 1690 Sed

383 1719 572 1774 melius
599 1727 710 1782 cst,
757 1728 813 1773 ut
854 1728 1074 1790 propter
1103 1720 1248 1774 illam
1292 1722 1666 1778 excellentiam
1710 1733 1959 1779 naturam

2076 539 2295 594 Saulum
2326 555 2392 596 ex
2417 555 2761 612 persecutore
2799 549 3208 617 praedicatorem
3242 555 3511 612 effectum.
3541 559 3650 616 Me-

2074 637 2312 684 mentote
2340 629 2603 687 Malehum
2634 638 2984 704 monachum,
3029 639 3180 709 cujus
3208 642 3490 701 historiam
3519 648 3650 704 beas

2072 727 2159 810 tus
2188 719 2543 793 Hieronymus
2570 741 2713 781 nunc
2737 728 2904 784 edidit
2926 731 3168 800 epistola,
3194 739 3463 804 quomodo
3492 743 3645 810 quasi

2069 809 2286 876 pietatis
2310 811 2505 867 intuitu
2529 829 2778 885 egressus
2804 826 2888 872 est
2911 835 2943 874 a
2965 825 3312 890 monasterio,
3335 809 3649 899 relinquens

2068 909 2277 968 patrem
2308 917 2484 971 suum,
2513 914 2566 959 et
2603 907 2659 960 in
2700 909 2886 976 quales
2913 913 3158 979 pervenit
3195 926 3382 983 postea
3420 919 3649 976 tribula-

2070 989 2265 1056 tiones,
2313 993 2397 1046 vel
2443 996 2676 1064 qualiter
2721 997 2927 1068 planxit
2973 1005 3293 1060 monachum
3341 1009 3396 1063 in
3438 1025 3641 1078 eremo,

2068 1095 2226 1148 quem
2269 1083 2498 1150 perdidit
2541 1086 2595 1139 in
2634 1089 2979 1143 monasterio.
3009 1091 3156 1147 Raro
3183 1095 3426 1152 diabolus
3461 1111 3647 1169 aperta

2066 1169 2242 1226 fronte
2269 1182 2473 1243 pugnat
2498 1186 2685 1230 contra
2729 1193 2914 1233 servos
2946 1179 3062 1246 Dei,
3091 1184 3184 1238 sed
3213 1185 3313 1240 sub
3341 1187 3513 1258 figura
3535 1190 3649 1261 pie-

2068 1264 2214 1328 tatis,
2253 1266 2406 1334 quasi
2440 1265 2661 1334 majoris
2691 1269 2760 1323 sit
2800 1271 3047 1326 utilitatis
3086 1275 3237 1330 exire
3266 1276 3332 1330 de
3376 1287 3647 1336 monaste«

2067 1354 2149 1409 rio
2178 1369 2339 1423 quam
2370 1372 2704 1426 permanere.
2734 1360 2860 1417 Ovis
2892 1378 3011 1432 qua:
3039 1367 3103 1420 de
3129 1366 3254 1421 ovili
3286 1370 3563 1438 egreditur
3590 1379 3646 1425 et

2067 1461 2095 1500 a
2125 1458 2340 1517 pastore
2378 1453 2608 1518 recedit,
2652 1454 2760 1524 lupi
2807 1466 2954 1526 patet
2999 1462 3288 1518 morsibus.
3331 1464 3519 1521 Melius
3563 1476 3650 1522 est

2065 1553 2172 1594 non
2196 1554 2411 1605 vovere,
2440 1557 2599 1611 quam
2626 1553 2744 1600 vota
2769 1562 2874 1600 non
2901 1547 3144 1618 implere.
3167 1552 3305 1608 Dicit
3333 1553 3642 1625 Scriptura:

2075 1624 2257 1717 i’ovcte
2277 1639 2323 1683 et
2354 1631 2551 1686 reddite
2572 1633 2794 1688 Domino
2818 1637 2926 1690 Deo
2950 1649 3113 1694 vestro
3142 1641 3314 1712 (Psal.
3339 1624 3499 1708 Lxxv,
3531 1645 3640 1717 12).

2066 1715 2240 1771 Verax
2270 1725 2351 1773 est
2379 1720 2520 1776 Deus
2565 1722 2617 1776 in
2644 1725 3092 1792 promissionibus
3130 1730 3498 1800 beatitudinis,
3526 1715 3646 1805 qua?

383 1805 554 1878 [Leg.,
585 1809 937 1865 excellentem
981 1809 1058 1864 vel
1084 1810 1316 1884 naturae].
1359 1811 1452 1866 Dei
1488 1812 1676 1878 Filius,
1703 1817 1794 1884 qui
1838 1830 1962 1884 pro-
1998 1791 2039 1849 Β
2065 1807 2410 1878 diligentibus
2435 1826 2493 1866 se
2525 1791 2790 1882 promittit
2819 1815 3024 1885 (Iacob.
3049 1837 3086 1885 ι,
3115 1821 3226 1892 12).
3269 1823 3338 1878 Ει
3361 1791 3647 1884 vere'titcis

380 1897 530 1966 prius
550 1906 606 1952 et
633 1907 868 1954 aeternus
898 1907 998 1963 est,
1027 1899 1099 1954 sit
1123 1900 1432 1956 humanitas
1458 1911 1727 1974 assumpta
1756 1905 1807 1958 in
1838 1919 1961 1974 pro-

381 1985 662 2054 prietatem
692 1986 844 2053 Filii,
878 2003 1042 2057 quam
1079 1998 1299 2059 propter
1332 1989 1718 2046 humanitatem
1749 1993 1842 2048 Dei
1873 1994 1961 2048 Fi-

380 2075 480 2130 lius
503 2084 736 2152 aeternus
767 2077 1077 2132 humilietur
1100 2078 1154 2132 in
1186 2079 1548 2148 adoptionem.
1579 2079 1812 2135 Omnino
1840 2096 1962 2151 pro-

377 2164 526 2231 prius
551 2164 690 2220 filius
710 2176 765 2222 et
785 2167 1066 2237 adoptivus
1086 2183 1224 2224 unus
1245 2183 1365 2224 esse
1385 2184 1492 2224 non
1513 2179 1689 2238 potest
1708 2171 1776 2226 ad
1797 2189 1961 2226 unum

360 2263 604 2324 patrem,
635 2257 704 2310 ad
729 2259 862 2313 duos
886 2267 1066 2313 autem
1095 2265 1290 2328 potest.

447 2348 573 2405 llaec
599 2351 1004 2406 considerantes
1031 2350 1361 2420 diligentius,
1387 2361 1441 2407 et
1462 2353 1643 2408 animo
1669 2363 1845 2409 tenete
1869 2353 1959 2411 fir-

373 2440 553 2506 miter,
579 2448 635 2496 et
661 2451 973 2496 constanter
995 2441 1285 2512 praediCate
1309 2459 1474 2498 unum
1497 2444 1695 2500 Filium
1716 2454 1772 2501 et
1793 2462 1957 2502 unum

373 2530 564 2597 Deum,
611 2533 861 2587 eumdem
907 2533 1184 2602 proprium
1228 2541 1284 2589 et
1325 2549 1511 2589 verum
1555 2533 1959 2605 perfectumque

373 2637 525 2686 esse;
555 2623 685 2693 quia
730 2625 906 2678 omnis
939 2625 1138 2680 veritas
1179 2625 1231 2679 in
1279 2625 1495 2681 Christo
1535 2635 1619 2681 est
1657 2635 1711 2682 et
1751 2628 1958 2683 nullum

373 2713 716 2782 figmentum,
761 2721 816 2768 et
859 2722 970 2768 tota
1004 2714 1270 2784 plenitudo
1299 2716 1585 2770 divinitatis
1624 2716 1855 2788 (Coloss.
1887 2735 1950 2782 tt,

372 2803 447 2873 9),
472 2811 527 2857 et
556 2803 700 2857 nulla
732 2803 1023 2860 minoratio
1049 2820 1150 2861 nec
1173 2805 1434 2873 defectio;
1463 2820 1489 2848 α
1515 2823 1617 2864 nec
1645 2823 1787 2875 eum,
1819 2811 1957 2865 sicut

372 2889 426 2945 in
459 2891 640 2947 libello
666 2891 876 2962 praefati
920 2893 958 2946 F
963 2893 1110 2948 elicis
1148 2894 1344 2951 lectum
1375 2905 1478 2962 est,
1511 2897 1776 2966 baptismo
1813 2897 1954 2953 indi-

318 3037 324 3040 _
371 2982 566 3054 suisse,
606 2982 700 3038 sed
730 2999 850 3038 mox
883 2983 998 3038 sine
1036 2994 1260 3055 peccato
1303 2992 1358 3040 et
1400 2986 1546 3039 omni
1576 2984 1696 3041 labe
1725 2987 1952 3056 peccati,

373 3071 575 3142 Spiritu
605 3081 792 3128 saneto
836 3081 1152 3143 conceptum
1181 3089 1300 3129 esse
1341 3072 1509 3128 Deum
1553 3089 1738 3129 verum
1765 3085 1819 3130 et
1851 3077 1950 3130 bo-

370 3140 566 3219 uiinem
615 3180 820 3220 verum.
870 3166 937 3220 Et
966 3140 1020 3220 si
1060 3167 1216 3220 beata
1259 3167 1411 3238 virgo
1451 3169 1730 3237 proprium
1778 3169 1951 3239 potuit
1981 3140 2024 3202 Ο

368 3270 628 3324 generare
654 3256 756 3310 sibi
804 3255 988 3318 filium,
1027 3258 1119 3327 qui
1159 3257 1258 3311 fuit
1284 3273 1350 3312 ex
1382 3267 1588 3314 azterno
1631 3259 1726 3314 Dei
1757 3261 1947 3326 Filius,

367 3344 636 3414 quomodo
686 3361 790 3401 non
835 3348 1006 3416 potuit
1038 3348 1179 3402 Deus
1225 3349 1382 3402 Pater
1433 3349 1633 3404 habere
1678 3350 1949 3406 hominem

368 3437 562 3492 Filium
600 3439 900 3509 proprium,
927 3440 1016 3510 qui
1059 3456 1126 3496 ex
1158 3451 1398 3512 tempore
1433 3450 1590 3497 natus
1617 3451 1696 3498 est
1738 3459 1803 3497 ex
1839 3444 1948 3499 vir-

367 3527 524 3593 gine?
551 3527 699 3583 Unus
722 3529 942 3584 omnino
967 3537 1052 3585 est
1075 3531 1129 3585 in
1157 3537 1382 3600 utraque
1411 3539 1623 3596 natura,
1652 3534 1720 3586 ad
1745 3541 1950 3588 utrum-

365 3635 471 3688 que
511 3629 813 3690 parentem,
842 3620 1089 3677 Christus
1113 3631 1167 3676 et
1191 3622 1362 3678 Filius
1396 3623 1489 3679 Dei
1520 3624 1790 3694 proprius.
1821 3625 1950 3692 Quae

365 3711 545 3765 omnia
578 3711 807 3780 plenius,
842 3712 1139 3781 epitulante
1165 3714 1356 3769 eodem
1391 3714 1520 3778 Deo,
1561 3715 1628 3769 de
1661 3730 1770 3784 quo
1794 3717 1950 3772 nobis

364 3815 546 3855 sermo
567 3810 671 3866 est,
696 3801 888 3857 lecturi
914 3802 1066 3858 eritis
1093 3803 1146 3858 in
1171 3803 1360 3859 eodem
1384 3803 1582 3868 libello,
1609 3821 1767 3874 quem
1791 3807 1968 3868 modo,

365 3891 424 3946 in
454 3892 703 3948 manibus
748 3893 1028 3948 habemus.
1081 3893 1308 3948 Tantum
1347 3894 1401 3948 in
1443 3894 1563 3949 fidei
1598 3895 1853 3949 firmitate
1895 3903 1950 3948 et

365 3980 443 4034 nil
491 3981 801 4037 haesitantes
826 3981 1065 4055 [Supple,
1097 3982 1332 4056 manete]
1358 3998 1372 4036 :
1401 3986 1526 4055 quia
1571 3984 1682 4038 sine
1707 3983 1813 4052 fide
1844 3983 1946 4036 im-

360 4069 608 4139 possibile
648 4080 723 4126 est
767 4071 972 4142 placere
1015 4071 1152 4136 Deo,
1199 4079 1256 4126 ut
1295 4071 1586 4141 Apostolus
1629 4072 1705 4126 ait
1746 4070 1942 4142 (Hebr.

363 4178 443 4229 ιι,
471 4163 549 4234 6).

432 4251 764 4310 Charitatem
795 4252 1088 4308 fraternam
1127 4253 1515 4308 instantissime
1545 4253 1686 4308 inter
1713 4269 1806 4308 vos
1833 4269 1946 4309 ser-

361 4349 511 4410 vate,
554 4353 609 4398 et
641 4345 906 4400 unitatem
954 4344 1009 4399 in
1055 4343 1202 4399 omni
1247 4342 1510 4398 catholica
1555 4357 1712 4413 pace,
1749 4352 1802 4397 et
1843 4341 1947 4398 fide

361 4441 511 4487 recta
531 4441 587 4488 et
610 4432 912 4489 humilitate
931 4448 1037 4488 non
1065 4433 1208 4489 ficta.
1235 4432 1302 4488 Et
1319 4432 1678 4488 obedientiam
1708 4442 1942 4488 vestram

358 4523 658 4594 secundum
709 4523 1044 4594 propositum
1092 4523 1356 4594 regularis
1398 4523 1522 4578 vitae
1577 4522 1723 4578 omni
1770 4523 1947 4578 studio

356 4622 596 4679 servate,
624 4621 680 4668 et
721 4614 942 4670 stabiles
974 4623 1148 4669 estote
1189 4614 1242 4668 in
1287 4614 1418 4669 locis
1446 4615 1659 4678 vestris,
1704 4613 1793 4668 ubi
1823 4629 1947 4669 vos-

358 4707 622 4776 metipsos
670 4706 892 4762 dedistis
927 4707 1064 4772 Deo;
1095 4713 1150 4760 et
1191 4705 1356 4761 nolite
1385 4705 1634 4760 deserere
1680 4714 1950 4760 monaste—

358 4795 440 4850 ria
491 4803 692 4860 vestra,
718 4804 772 4850 et
815 4796 999 4866 vagari
1031 4809 1127 4866 per
1156 4794 1338 4850 smculi
1388 4795 1674 4850 vanitates.
1715 4794 1950 4866 Tempus

358 4883 506 4938 enim
539 4882 698 4950 hujus
742 4885 865 4938 vitae
894 4885 1058 4939 breve
1101 4891 1186 4939 est
1233 4883 1286 4955 (Ι
1315 4881 1437 4938 Cor.
1470 4899 1542 4938 vu
1565 4924 1579 4949 ,
1604 4884 1720 4955 29),
1745 4892 1799 4938 et
1846 4902 1949 4939 non

357 4982 481 5028 sunt
508 4974 782 5044 condigna:
816 4976 1083 5044 passiones
1124 4975 1281 5043 hujus
1307 4973 1485 5028 swculi
1511 4974 1578 5026 ad
1616 4983 1949 5044 superventu-

361 5078 478 5114 ram
505 5061 728 5134 gloriam
760 5062 936 5136 (Rom.
963 5080 1080 5129 vnt,
1113 5063 1222 5134 18).
1265 5062 1383 5118 Νοιι
1419 5062 1576 5116 debet
1605 5070 1798 5117 vestra:
1823 5064 1950 5117 bea-

362 5152 582 5207 titudini
616 5151 817 5207 Christi
846 5153 1034 5225 jugum
1060 5154 1252 5208 durum
1300 5153 1467 5207 videri
1510 5152 1595 5205 vel
1635 5166 1945 5213 onerosum,

360 5245 458 5299 sed
487 5243 605 5299 leve
631 5251 686 5298 et
711 5259 896 5309 suave,
922 5245 1061 5299 sicut
1093 5243 1207 5314 ipse
1233 5243 1338 5308 ait;
1375 5243 1571 5312 Iugum
1600 5243 1737 5295 enim
1781 5257 1950 5292 meum

357 5352 519 5390 suave
551 5346 660 5401 est,
691 5346 738 5390 et
781 5355 910 5392 onus
958 5353 1129 5391 meum
1173 5336 1277 5392 leve
1327 5345 1402 5390 est
1452 5334 1678 5406 (Matth.
1709 5349 1798 5390 XI.
1834 5333 1946 5404 50).

361 5425 480 5482 Non
509 5429 601 5498 qui
649 5428 881 5500 ceperit,
909 5429 1002 5484 sed
1028 5428 1121 5499 qui
1164 5426 1612 5498 perseveraverit,
1641 5440 1821 5481 salvus
1848 5425 1954 5479 erit

363 5517 582 5586 (Matth.
603 5534 661 5585 ι,
689 5519 789 5585 2‘3;
821 5528 876 5575 et
899 5536 1048 5585 xxnv,
1078 5519 1185 5590 15).
1215 5519 1484 5574 Revocate
1509 5519 1576 5572 ad
1606 5527 1838 5572 mentem
1866 5514 1954 5569 Ju-

435 5686 464 5746 é
493 5672 606 5728 Nec
643 5692 838 5746 eum...
871 5676 1124 5746 baptismo
1151 5675 1455 5746 indiguisse.
1509 5675 1665 5730 Hunc
1710 5693 1948 5730 errorem

360 5744 564 5798 refutat
589 5745 848 5801 Alcuinus
876 5744 1038 5799 Libro
1074 5761 1110 5798 ll
1141 5745 1398 5810 adversus
1426 5747 1693 5798 eumdem.

2065 1897 2285 1968 [Sensus
2325 1902 2621 1975 corruptus]
2658 1918 2672 1957 :
2709 1904 2913 1961 Reddet
2947 1911 3212 1977 promissa
3241 1915 3505 1971 veritatis.
3536 1915 3647 1974 Me-

2062 1996 2299 2043 mentote
2326 1989 2640 2059 Apostolum
2670 1994 2966 2050 dicentem:
2993 1997 3232 2066 Fratres,
3253 2004 3465 2059 stabiles
3486 2013 3646 2062 estote

2060 2082 2108 2125 et
2139 2075 2425 2131 immobiles
2473 2077 2539 2148 (1
2584 2078 2705 2135 Cor.
2731 2098 2821 2147 xv,
2848 2083 2960 2155 58).
2996 2086 3062 2140 Et
3091 2088 3324 2144 iterum:
3362 2091 3466 2158 Qui
3503 2102 3642 2157 stat.

2059 2165 2256 2232 videat,
2306 2185 2368 2222 ne
2419 2170 2575 2224 cadat
2624 2171 2677 2242 (I
2719 2171 2842 2227 Cor.
2887 2177 3092 2247 x,12).
3148 2178 3338 2236 Stabat
3388 2181 3644 2253 Joannes,

2059 2259 2274 2328 quando
2298 2257 2573 2316 Christum
2610 2264 2887 2321 cernebat.
2913 2266 3056 2334 ideo,
3089 2267 3286 2325 fratres
3314 2274 3642 2340 charissimi,

2059 2347 2265 2418 vigilate
2287 2358 2335 2402 et
2361 2359 2494 2405 state
2517 2352 2572 2406 in
2599 2351 2724 2422 ﬁde,
2759 2354 2980 2410 viriliter
3003 2359 3138 2428 agite
3162 2359 3215 2431 (I
3238 2359 3359 2415 Cor.
3390 2379 3498 2428 xvi,
3532 2364 3642 2435 15).

2056 2445 2112 2492 et
2139 2439 2472 2496 confortetur
2502 2457 2597 2496 cor
2635 2452 2876 2498 vestrum
2912 2446 2968 2500 in
2998 2449 3142 2504 omni
3187 2464 3352 2521 opere
3385 2452 3545 2508 bono.
3580 2454 3646 2510 Et

2055 2528 2338 2587 Psalmista
2364 2547 2379 2586 :
2419 2533 2675 2604 Exspecta
2702 2534 3008 2604 Dominum,
3039 2539 3261 2595 viriliter
3289 2560 3400 2614 age,
3431 2545 3641 2614 confor-

2054 2629 2192 2675 tetur
2217 2639 2308 2676 cor
2334 2631 2504 2686 tuum,
2530 2632 2580 2676 et
2605 2625 2803 2678 sustine
2829 2624 3112 2680 Dominum
3139 2628 3312 2698 (Psal.
3343 2647 3495 2697 xxvi,
3529 2633 3644 2704 14)..

2059 2709 2212 2783 ιιι
2239 2709 2376 2778 Quid
2401 2719 2484 2766 est
2518 2722 2756 2783 exspecta
2783 2713 3090 2781 Dominum,
3116 2717 3220 2772 nisi
3246 2720 3428 2774 stabili
3460 2731 3642 2778 mente

2053 2807 2327 2870 exspecta,
2352 2801 2521 2856 donec
2547 2801 2642 2858 tibi
2678 2804 2858 2858 veniat
2885 2804 3001 2859 dies
3029 2809 3513 2866 remunerationis?
3532 2811 3644 2867 Fac

2053 2889 2235 2942 omnia
2282 2905 2444 2960 opera
2495 2890 2745 2956 viriliter,
2788 2902 2843 2947 et
2887 2892 3218 2951 confortetur
3265 2912 3360 2953 eor
3390 2905 3541 2954 tuum
3586 2899 3640 2956 in

2053 2979 2418 3048 permanando
2465 2983 2607 3052 quod
2662 2983 2904 3054 ccepisti,
2955 2993 3010 3040 et
3063 2987 3268 3043 sustine
3323 2990 3638 3058 Dominum,

2054 3071 2314 3141 quidquid
2355 3073 2408 3127 in
2453 3081 2506 3129 te
2560 3074 2922 3133 tribulationis
2966 3076 3050 3132 vel
3102 3077 3302 3135 laboris
3342 3082 3637 3152 permittit,

2055 3164 2258 3219 sustine
2288 3164 2536 3220 viriliter.
2569 3166 2752 3222 Multae
2787 3178 2906 3222 sunt
2947 3169 3308 3224 tribulationes
3334 3170 3635 3240 justorum,

2053 3263 2103 3306 et
2139 3251 2204 3308 de
2236 3254 2317 3308 his
2348 3254 2586 3310 liberabit
2619 3275 2704 3311 eos
2741 3257 2995 3313 Dominus
3053 3258 3224 3329 (Psal.
3276 3276 3482 3327 χχχιιι,
3520 3261 3635 3334 20).

2053 3343 2240 3400 Nullus
2269 3346 2418 3402 la‘:or
2459 3348 2661 3404 amanti
2692 3348 2860 3404 Deum
2889 3351 3055 3404 durus
3093 3349 3358 3418 videatur,
3384 3353 3512 3424 quia
3550 3353 3640 3408 ille

2053 3446 2134 3492 est
2181 3446 2552 3492 remunerator
2595 3438 2783 3505 fidelis,
2811 3441 2902 3509 qui
2939 3450 3023 3495 est
3071 3441 3363 3496 auxiliator
3391 3443 3635 3506 idoneus,

2051 3528 2142 3596 qui
2189 3542 2459 3596 nunquam
2514 3528 2714 3584 deserit
2757 3537 3037 3599 sperantes
3083 3531 3136 3584 in
3169 3546 3246 3584 se.
3297 3531 3638 3600 Respondeat

2051 3615 2212 3668 homo
2255 3615 2688 3686 suggestionibus
2731 3616 2926 3670 diaboli
2965 3631 2979 3668 :
3031 3616 3290 3671 Dominus
3341 3617 3632 3674 auxiliator

2051 3701 2181 3755 miti
2210 3713 2315 3766 est,
2341 3719 2442 3754 non
2473 3703 2660 3754 timebo
2703 3702 2830 3770 quid
2871 3703 3025 3772 faciet
3051 3704 3206 3757 homo
3250 3703 3422 3774 (Psal.
3464 3720 3632 3770 cxvu,

2049 3791 2125 3861 6),
2152 3793 2206 3846 id
2229 3800 2333 3856 est,
2362 3792 2596 3846 carnalis
2623 3792 2924 3848 delectatio.
2975 3794 3106 3849 Item
3133 3810 3147 3848 :
3176 3795 3447 3851 Declinate
3476 3815 3510 3851 α
3555 3815 3636 3853 me

2048 3882 2282 3952 maligni,
2306 3893 2353 3936 et
2396 3884 2668 3938 scrutabor
2691 3885 2940 3939 mandata
2980 3887 3076 3940 Dei
3099 3890 3197 3942 mei
3224 3887 3396 3959 (Psal.
3439 3905 3630 3953 cxvm,

2051 3974 2193 4046 115).
2219 3975 2284 4029 Et
2311 3975 2502 4030 iterum
2533 3993 2545 4028 :
2578 3973 2846 4029 Auxilium
2875 3992 3044 4030 meum
3070 3993 3102 4030 a
3131 3977 3375 4044 Domino,
3401 3982 3489 4051 qui
3508 3980 3632 4050 fecit

2048 4061 2231 4117 caelum
2260 4072 2306 4117 et
2335 4072 2548 4117 terram.
2578 4063 2834 4118 Dominus
2863 4065 3122 4118 custodiat
3155 4066 3426 4120 introitum
3448 4077 3495 4121 et
3520 4070 3631 4124 exi-

2047 4161 2157 4205 tum
2183 4167 2446 4206 servorum
2481 4168 2696 4206 suorum
2723 4170 2786 4207 ea:
2812 4155 2909 4208 hoc
2952 4170 3088 4208 nunc
3117 4163 3163 4208 et
3193 4171 3355 4226 usque
3382 4156 3436 4210 in
3465 4173 3631 4211 sacu-

2046 4243 2156 4296 lum
2202 4242 2374 4315 (Psal.
2399 4259 2523 4308 cxx,
2551 4245 2605 4310 ‘2,
2639 4244 2716 4317 8).
2749 4244 2893 4312 Haec,
2925 4247 3229 4303 cbarissimi
3257 4245 3472 4310 fratres,
3510 4246 3627 4304 feli-

2047 4334 2182 4390 citer
2207 4335 2386 4406 legite,
2410 4343 2464 4390 et
2495 4334 2723 4391 fideliter
2749 4336 2982 4408 implete,
3006 4347 3061 4392 et
3084 4337 3343 4393 Dominus
3369 4338 3508 4393 Deus
3531 4353 3627 4394 vos

2052 4426 2268 4497 adjuvet
2291 4435 2346 4481 et
2367 4425 2630 4496 proficere
2658 4426 2821 4480 faciat
2845 4427 2897 4480 in
2923 4427 3070 4480 omni
3101 4429 3270 4494 bono;
3299 4437 3353 4483 et
3374 4429 3629 4484 exaudiat

2049 4517 2321 4572 orationes
2367 4523 2576 4571 vestras
2599 4530 2699 4585 pro
2727 4516 2998 4582 omnibus,
3027 4525 3082 4572 et
3107 4533 3208 4589 pro
3238 4533 3322 4573 me
3355 4518 3496 4574 fideli
3536 4534 3628 4576 ve—

2049 4617 2164 4664 stro
2208 4608 2481 4678 adjutore,
2525 4616 2580 4663 et
2626 4609 2884 4665 Dominus
2930 4609 3072 4667 Deus
3109 4610 3375 4666 custodiat
3427 4625 3521 4666 vos
3571 4609 3627 4668 in

2046 4709 2247 4756 mterna
2276 4715 2406 4770 pace
2429 4707 2484 4754 et
2513 4699 2777 4754 cbaritate
2810 4697 3066 4771 perfecta,
3097 4701 3198 4754 viri
3226 4700 3420 4757 fratres
3447 4713 3502 4757 et
3531 4701 3627 4758 filii

2050 4790 2371 4845 charissimi.

2551 4879 2579 4919 ιι
2619 4877 2947 4938 EPISTOLA
2985 4879 3118 4936 CXI.

2515 4987 2574 5025 υ)
2613 4985 2852 5026 FRATRES
2889 4987 2941 5025 IN
2979 4987 3194 5027 GOTlll.\.

2617 5060 2794 5131 (Anno
2825 5060 3076 5131 incerto.)

2055 5150 2312 5225 Hortatur
2339 5151 2408 5204 ad
2439 5153 2808 5225 penitentiam,
2841 5151 2910 5225 ad
2934 5145 3446 5225 observantiamrvitw
3471 5170 3625 5225 regu-

2148 5219 2299 5284 laris,
2328 5231 2374 5273 et
2400 5219 2468 5274 ad
2498 5220 2858 5290 fortitudinem
2880 5222 2936 5273 in
2958 5231 3135 5273 exorta
3163 5223 3517 5277 tribulatione.

2122 5332 2488 5388 Sanctissimis
2513 5334 2568 5388 in
2591 5332 2790 5388 Christi
2819 5333 3082 5388 charitate
3106 5332 3384 5400 fratribus,
3408 5336 3624 5405 Deoque

2053 5429 2104 5483 in
2130 5427 2358 5483 diversis
2382 5426 2588 5483 GOthiae
2618 5428 2865 5497 partibus
2890 5425 3121 5484 fideliter
3147 5431 3505 5486 servientibus
3527 5431 3623 5486 hu-

2053 5520 2196 5574 milis
2217 5517 2380 5572 ievita
2402 5515 2658 5572 Aleuinus
2684 5516 2932 5572 salutem.

2123 5682 2149 5724 ι
2190 5680 2331 5734 Edit.
2357 5677 2604 5744 Qucrcet.
2635 5677 2702 5733 99
2732 5694 2798 5734 ex
2823 5693 2924 5734 ms.
2958 5676 3131 5751 (Apud
3159 5679 3391 5734 Froben.
3426 5677 3534 5747 95).
