4070 6182
395 361 507 418 553

1243 357 1299 409 Β.
1344 357 1402 410 F.
1447 354 1667 409 ALBINI
1710 352 1840 408 ειςυ
1884 347 2156 406 Αιίῑιῖικι
2192 346 2471 401 OPERUM
2510 344 2688 399 PARS
2727 342 2767 397 Ι.

3558 342 3663 398 ³56

464 476 713 548 Legimus
740 472 1023 529 Dominum
1057 445 1335 539 discipulis
1358 467 1678 539 praecepisse
1706 474 1762 520 ut
1792 464 1975 520 turbas
2006 468 2051 520 Δ
2150 460 2260 532 Ego
2306 475 2435 515 vero
2485 457 2666 514 saeculi
2724 455 3147 548 tempestatibus
3192 455 3463 548 turbatus,
3498 470 3670 548 casso

395 586 491 640 per
515 565 866 625 contubernia
917 562 1257 618 discumbere
1278 562 1546 623 fecissent,
1573 560 1977 629 quinquagenos

395 670 450 714 et
461 659 895 728 quinquagenos;
920 667 1054 721 quos
1068 665 1256 707 omnes
1268 651 1592 720 nniuspanis
1612 649 1881 705 soliditate
1896 661 1978 702 re-

396 749 482 803 ﬁci
506 748 717 800 volebat
742 743 894 816 (Luc.
921 755 996 807 tx,
1028 742 1137 814 14).
1169 740 1672 812 Quinquagenarius
1699 752 1975 804 numerus,

398 840 449 893 in
468 852 573 907 quo
591 837 677 889 lex
694 835 818 890 data
837 841 939 898 est,
961 834 1073 902 ipse
1103 832 1340 902 Spiritus
1361 831 1659 886 Paraclitus
1676 845 1704 882 a
1727 829 1895 883 Patre
1925 836 1979 882 et

399 932 531 987 Filio
561 931 778 996 missus,
807 929 966 998 quiin
988 934 1202 982 centum
1225 924 1415 995 viginti
1436 924 1654 979 nomina
1681 920 1976 983 descendit,

399 1022 771 1078 remissionem
799 1026 1147 1089 peccatorum
1174 1013 1480 1085 signiﬁcat:
1519 1028 1680 1082 quam
1704 1026 1893 1066 omnes
1915 1010 1980 1063 li-

397 1113 546 1168 deles
582 1114 639 1166 in
664 1112 831 1180 ipsius
850 1109 1023 1165 sancti
1045 1107 1280 1177 Spiritus
1302 1105 1476 1176 gratia
1496 1103 1783 1173 accipiunt,
1805 1102 1982 1172 primo

402 1202 452 1255 in
486 1206 826 1256 sacramento
865 1195 1237 1267 baptismatis;
1291 1193 1528 1249 secundo
1570 1193 1624 1246 in
1651 1190 1984 1261 poenitentia:

401 1289 676 1359 lacrymis,
702 1286 895 1357 quibus
920 1285 1097 1339 anima
1123 1283 1397 1352 peccatrix
1426 1281 1604 1335 abluta
1631 1281 1700 1335 ad
1722 1280 1983 1333 visionem

403 1382 495 1434 Dei
518 1378 814 1434 Salvatoris
840 1375 1126 1446 pervenire
1154 1373 1483 1439 merebitur;
1510 1373 1721 1428 dicente
1751 1372 1864 1442 ipsa
1883 1372 1987 1426 Ve-

404 1474 564 1527 ritate
594 1488 606 1523 :
641 1468 789 1523 Beati
814 1466 1011 1520 mundo
1042 1466 1216 1530 corde,
1243 1465 1492 1535 quoniam
1521 1464 1621 1534 ipsi
1646 1461 1813 1517 Deum
1848 1461 1989 1515 vide-

405 1567 527 1619 bunt
554 1562 766 1635 (Matth.
798 1577 852 1624 v,
882 1560 958 1629 8).
989 1558 1121 1611 Ecce
1146 1574 1282 1611 nunc
1304 1566 1503 1627 tempus
1524 1553 1856 1624 acceptable,
1875 1570 1991 1607 ecce

406 1673 542 1710 nunc
558 1655 667 1708 dies
693 1651 876 1707 salutis
890 1649 979 1723 (II
995 1648 1114 1703 Cor.
1133 1665 1209 1713 v1,
1225 1647 1300 1719 2).
1320 1645 1631 1700 Mundemus
1647 1662 1739 1699 nos
1762 1645 1826 1698 ab
1850 1644 1994 1697 omni

2079 549 2262 604 multis
2284 551 2341 604 in
2369 548 2503 603 locis
2521 548 2711 602 labore
2738 545 3028 611 desudavi;
3056 545 3149 600 sed
3174 543 3333 598 modo
3355 544 3511 614 quasi
3535 559 3669 599 nau-

2079 640 2281 712 fragus,
2311 640 2423 694 Deo
2446 636 2759 702 miserante,
2791 638 2858 691 ad
2897 644 3117 707 portum
3143 632 3388 705 dejectus
3421 635 3621 707 quietis
3652 656 3667 691 :

2080 730 2133 784 in
2155 743 2262 798 quo
2286 743 2376 782 me
2404 725 2603 781 fessum
2626 734 2682 779 et
2708 724 3049 779 vulneratum
3069 724 3360 794 jacentcm,
3383 724 3666 794 deprecor.

2080 827 2389 874 sanctarum
2415 817 2730 872 assiduitate
2758 816 3066 870 orationum
3092 823 3324 870 vestram
3348 816 3671 871 unanimita-

2081 916 2190 963 tem
2245 907 2514 972 auxiliari,
2565 915 2624 961 ut
2670 906 2992 976 quandoque
3022 907 3088 960 ad
3118 904 3364 962 ﬂorentia
3405 908 3668 963 virtutum

2082 1012 2209 1054 rura
2238 999 2521 1070 pervenire
2550 1013 2783 1062 merear,
2834 1005 2890 1052 et
2924 998 3065 1052 bona
3105 999 3399 1053 securitate
3450 996 3524 1052 illi
3571 998 3671 1053 soli

2082 1089 2308 1154 servire,
2344 1090 2398 1142 in
2428 1102 2539 1159 quo
2564 1087 2683 1143 solo
2706 1096 2790 1142 est
2818 1087 2985 1142 totius
3011 1101 3134 1157 spes
3160 1087 3349 1143 salutis
3367 1128 3382 1152 ,
3415 1088 3534 1144 sine
3563 1103 3672 1160 quo

2084 1196 2185 1236 nec
2230 1180 2432 1235 cadens
2475 1192 2781 1251 resurgere,
2822 1193 2922 1234 nec
2949 1178 3088 1234 bene
3109 1189 3263 1234 stans
3304 1179 3462 1234 ﬁrmo
3499 1180 3672 1252 gradu

2086 1279 2230 1324 stare
2257 1269 2475 1339 poterit.

2158 1359 2274 1414 Misi
2306 1359 2622 1415 munuscula
2658 1374 2825 1429 parva
2868 1360 3141 1415 dilectioni
3171 1369 3383 1428 vestrm,
3426 1363 3520 1418 sed
3562 1362 3678 1420 Deo

2088 1460 2242 1514 teste,
2280 1466 2385 1504 non
2415 1464 2580 1519 parva
2609 1450 2895 1515 charitate,
2931 1462 3188 1521 quantum
3226 1453 3278 1507 in
3309 1462 3525 1525 pectore
3549 1469 3676 1523 pec-

2089 1541 2289 1596 catoris
2309 1540 2426 1610 ejus
2447 1539 2713 1609 igniculus
2730 1540 3024 1595 scintillare
3054 1542 3212 1596 valet.
3239 1542 3442 1597 Tamen
3465 1544 3510 1598 si
3529 1543 3677 1598 Deus

2090 1633 2222 1687 mihi
2245 1633 2518 1687 vobiscum
2547 1632 2600 1685 in
2626 1632 2913 1687 sanctitate
2935 1632 3056 1687 vitae
3084 1640 3232 1688 stare
3252 1636 3481 1688 necdum
3504 1634 3677 1689 dedis-

405 1749 795 1819 inquinamento
840 1743 1013 1797 carnis
1039 1753 1087 1795 et
1124 1741 1361 1811 spiritus,
1397 1738 1719 1808 perﬁcientes
1764 1735 1990 1790 salutem

2099 1732 2195 1788 set,
2244 1731 2423 1777 tamen
2464 1722 2706 1792 piissima
2735 1722 2877 1779 illius
2921 1724 3093 1795 gratia
3131 1732 3369 1780 vestram
3409 1725 3681 1781 veraciter

408 1806 711 1897 animarum
739 1832 1147 1904 nostrarum(II
1173 1831 1293 1886 Cor.
1310 1847 1408 1896 vn,
1424 1829 1496 1899 i).
1513 1828 1640 1883 Haec
1664 1843 1795 1883 vero
1815 1827 1989 1882 scien-

2099 1812 2254 1866 eorde
2286 1826 2409 1865 meo
2442 1809 2637 1865 infudit
2663 1811 3006 1876 cbaritatem,
3036 1820 3230 1882 optans
3258 1821 3423 1883 atque
3452 1813 3674 1869 humili-

409 1944 489 1986 tcs
533 1938 587 1985 et
628 1928 829 1997 optime
879 1922 1256 1993 intelligentes,
1299 1919 1604 1975 charissimi
1652 1918 1870 1983 fratres,
1915 1918 1989 1971 nil

409 2017 683 2071 sordidum
708 2016 761 2069 in
793 2008 975 2067 vestra
1010 2010 1166 2083 142
1197 2018 1473 2065 remaneat
1499 2008 1848 2072 conscientia,
1878 2007 1990 2061 sive

410 2107 477 2160 de
500 2106 682 2161 carnis
706 2102 996 2175 fragilitate
1044 2108 1404 2165 contractum,
1435 2099 1549 2155 sive
1574 2100 1641 2155 de
1665 2099 1887 2169 spiritus
1912 2099 1991 2153 in-

410 2194 723 2263 quietudine
764 2192 1044 2255 infectum,
1073 2199 1136 2244 ut
1177 2190 1395 2261 dignam
1430 2189 1486 2243 in
1511 2189 1765 2245 cordibus
1798 2189 1992 2244 vestris

412 2285 646 2356 Spiritus
672 2290 893 2337 sanctus
932 2281 1034 2335 sibi
1063 2280 1303 2334 inveniat
1331 2278 1738 2354 habitationem.
1783 2278 1992 2333 Nullam

414 2374 677 2444 malignus
698 2372 868 2427 hostis
884 2372 947 2426 in
971 2380 1150 2425 vestra
1173 2370 1311 2424 bona
1327 2370 1737 2426 conversatione
1755 2370 1994 2424 inveniat

411 2479 522 2517 sua:
550 2461 767 2516 malitiae
790 2469 1020 2531 partem,
1052 2474 1153 2514 nec
1177 2458 1383 2513 aditum
1409 2473 1569 2530 quem
1597 2460 1992 2530 quzerit,‘repc-

414 2552 516 2606 riat
561 2550 756 2607 vestris
800 2551 854 2604 in
881 2548 1167 2614 cordibus;
1198 2548 1294 2605 sed
1322 2550 1467 2604 omni
1508 2550 1749 2604 custodia
1789 2550 1997 2604 animas

412 2648 622 2696 vestras
644 2638 960 2694 conﬁrmato
994 2639 1049 2693 in
1076 2638 1359 2693 charitatis
1387 2639 1703 2704 munimine,
1742 2641 1796 2694 in
1820 2640 1997 2695 tutela

412 2730 750 2796 obedientizn,
772 2730 842 2786 'in
870 2745 1028 2785 muro
1055 2730 1396 2796 humilitatis,
1439 2731 1495 2785 in
1522 2733 1787 2788 castitatis
1812 2734 1998 2790 obser-

412 2823 649 2888 vatione,
679 2823 734 2877 in
763 2830 967 2878 sanctzc
992 2823 1147 2892 pacis
1181 2822 1581 2894 conjunctione.
1609 2824 1858 2880 Viriliter
1900 2841 1998 2895 pu-

416 2925 577 2987 gnate
602 2922 789 2971 contra
814 2916 1095 2985 antiquum
1127 2915 1355 2981 hostem,
1386 2924 1441 2970 et
1481 2918 1857 2973 communibus
1882 2932 1999 2972 ma-

417 3011 573 3066 nibus
621 3010 884 3065 debellato
933 3024 1080 3075 eum,
1128 3008 1221 3078 qui
1268 3011 1478 3082 rugiens
1524 3000 1730 3077 circuit,
1762 3020 2021 3082 qumens‘

414 3117 566 3171 «(item
585 3101 790 3154 devoret
810 3098 863 3170 (1
881 3099 1023 3153 Petr.
1048 3112 1107 3163 v,
1124 3098 1435 3171 8).Portate
1462 3100 1515 3155 in
1542 3099 1810 3156 frontibus
1834 3100 2000 3155 vexil-

417 3192 526 3244 lum
556 3191 755 3254 crucis,
786 3198 842 3245 et
863 3191 919 3244 in
946 3191 1201 3247 cordibus
1226 3191 1510 3247 charitatis
1550 3192 1913 3257 munimenta,
1946 3201 2002 3246 et

419 3279 697 3335 catholica:
728 3278 851 3335 ﬁdei
879 3279 1298 3337 ﬁrmamentum.
1328 3281 1436 3353 Spe
1466 3281 1623 3337 ﬁrma
1646 3284 2004 3353 vosmetipsos

420 3367 610 3438 erigite
651 3368 719 3421 ad
746 3366 937 3434 Deum,
968 3376 1025 3423 et
1051 3367 1185 3428 nihil
1212 3378 1401 3423 contra
1424 3379 1661 3424 vestram
1697 3369 1844 3425 valet
1871 3386 2003 3425 una-

425 3458 722 3514 nimitatem
772 3459 916 3515 illius
961 3460 1215 3515 insidiosa
1266 3461 1552 3518 calliditas.
1604 3463 1773 3535 Magis
1817 3464 2004 3518 humili

426 3558 604 3604 mente
632 3549 936 3605 senioribus
962 3551 1158 3629 vestris
1196 3550 1419 3605 obedire
1442 3553 1637 3623 parati,
1664 3568 1825 3622 quam
1851 3570 2003 3608 mur-

425 3642 741 3698 murationis
770 3643 899 3698 vitio
927 3643 1242 3714 dijudicare,
1276 3643 1535 3715 quidquid
1561 3647 1714 3700 vobis
1757 3647 2002 3719 injunga-

429 3743 517 3789 tur
552 3736 753 3805 operis.

500 3826 732 3882 Vovistis
778 3842 872 3882 vos
910 3826 1020 3881 Deo
1045 3828 1271 3893 servire,
1302 3830 1646 3900 paternisque
1672 3829 1785 3901 regi
1831 3831 2005 3889 consi-

420 3918 530 3977 liis.
565 3917 739 3973 Nolite
776 3921 1130 3990 vosmetipsos
1172 3935 1333 3990 super
1365 3928 1605 3976 rectores
1633 3921 1872 3977 exaltare
1915 3937 2005 3976 ve-

423 4022 586 4077 stros,
619 4026 716 4067 nec
737 4028 922 4067 eorum
941 4011 1185 4082 judicare
1215 4021 1332 4067 acta
1358 4013 1440 4068 vel
1468 4013 1715 4081 consilia;
1758 4014 1851 4070 sed
1879 4030 2007 4069 con-

427 4105 559 4158 lculi
618 4104 986 4160 tantummodo
1038 4111 1211 4159 estote
1255 4118 1443 4158 eorum
1479 4101 1702 4171 judicio,
1747 4104 2006 4174 quidquid

426 4195 617 4265 agatis,
641 4194 1012 4265 regularisquc
1031 4193 1154 4247 vita:
1170 4193 1471 4263 prteceptis,
1489 4193 1542 4245 in
1565 4193 1759 4261 quibus
1775 4194 2007 4248 maxime

428 4284 704 4339 humilitas
734 4282 1015 4338 obcdicndi
1042 4297 1165 4337 cum
1202 4282 1467 4336 charitate
1494 4281 1822 4352 praccipitur.
1849 4279 2007 4336 Horae

428 4387 557 4428 vero
581 4381 773 4427 vestra:
802 4386 988 4426 omnes
1013 4371 1295 4426 animabus
1320 4369 1515 4425 vestris
1543 4370 1704 4426 utiles
1735 4370 2007 4426 invenian-

429 4477 539 4532 tur,
565 4465 649 4521 vel
693 4465 748 4520 in
776 4478 939 4535 opere
985 4478 1276 4528 manuum,
1316 4462 1401 4516 vel
1432 4462 1485 4516 in
1524 4461 1772 4517 lectionis
1805 4462 2002 4528 studio,

430 4556 513 4617 vel
541 4558 593 4612 in
618 4557 878 4611 orationis
905 4555 1101 4627 gratia.
1126 4553 1259 4610 Oret
1292 4554 1573 4623 operarius
1599 4555 1780 4617 corde,
1804 4562 1864 4609 ut
1904 4554 2007 4608 du-

431 4646 560 4717 plici
588 4643 836 4699 mercede
889 4644 1081 4716 dignus
1132 4644 1418 4698 habeatur.
1474 4642 1735 4699 Similiter
1774 4644 1829 4698 in
1876 4642 2011 4698 refe-

431 4738 611 4792 ctione
635 4737 875 4806 corporis
899 4735 1077 4789 anima
1103 4733 1377 4789 reﬁciatur
1401 4734 1456 4788 in
1480 4736 1774 4806 gratiarum
1801 4736 2013 4791 actione

433 4828 575 4894 Deo;
601 4826 685 4882 vel
726 4826 770 4882 si
800 4841 996 4896 corpus
1024 4824 1224 4879 .labore
1250 4821 1535 4892 adiciatur,
1577 4839 1731 4879 mens
1756 4840 2014 4894 compun-

431 4922 613 4977 ctione
658 4917 1026 4975 conﬁrmetur.
1078 4914 1173 4970 Sic
1206 4929 1334 4970 vero
1374 4924 1644 4970 armatum
1690 4916 2012 4969 monachum

434 5010 631 5081 duplici
678 5007 953 5078 suffragio,
986 5005 1060 5059 nil
1106 5005 1352 5076 antiquus
1380 5005 1542 5059 hostis
1581 5020 1775 5061 nocere
1816 5005 2017 5076 poterit

435 5105 620 5177 (Apoc.
669 5118 767 5166 xu,
810 5101 889 5174 9),
920 5100 1013 5170 qui
1056 5099 1252 5170 quterit
1285 5112 1383 5168 per
1428 5097 1768 5168 vagationem
1820 5102 2017 5154 mentis

438 5197 740 5253 mercedem
767 5196 1014 5251 minuere
1043 5192 1356 5250 laborantis.

508 5361 543 5393 ι
579 5347 780 5404 Nuntio
801 5346 1173 5402 tribulationis.
1210 5342 1467 5410 Qmenam
1496 5339 1660 5395 fuerit
1702 5341 1817 5397 haec
1844 5342 2018 5397 tribu-

439 5417 591 5484 latio,
641 5434 738 5474 nos
772 5417 926 5487 fugit.
974 5416 1316 5487 Eginltardus
1370 5414 1431 5487 in_
1477 5411 1775 5487 Annalibus
1826 5413 1894 5466 ad
1922 5428 2018 5466 an-

442 5482 694 5543 num'793
717 5482 1043 5543 Saracenos'
1071 5493 1254 5539 narrat
1285 5482 1712 5552 Septimanniam
1745 5482 2019 5551 ingressos

440 5573 564 5612 cum
601 5557 823 5613 Francis
866 5570 1154 5626 pugnasse,
1194 5556 1537 5626 victoresque
1596 5552 1857 5626 rediisse;
1894 5552 2017 5626 inde

441 5644 573 5683 vero
601 5621 883 5684 monachis
903 5621 1111 5683 thbia:
1159 5630 1252 5679 s‘en
1314 5621 2016 5693 Septimannitepericulum

445 5698 745 5761 imminere,
785 5712 848 5750 ac
879 5694 1156 5748 tribulatio
1185 5691 1403 5747 evenire
1446 5693 1638 5760 potuit.
1692 5691 2020 5761 igitur-lianc

441 5768 724 5841 epistolam
754 5769 854 5823 hoc
887 5778 1027 5819 anno
1069 5765 1325 5833 scriptam
1369 5778 1505 5821 esse,
1539 5777 1666 5814 vero
1710 5760 1885 5814 simile
1908 5761 2019 5813 cui-

2093 1912 2175 1958 ter
2215 1902 2531 1973 deprecans,
2579 1913 2848 1972 quatenus
2899 1919 2999 1973 per
3047 1912 3256 1959 vestras
3301 1904 3677 1960 sanctissimas

2090 1994 2364 2047 orationes
2414 2008 2610 2047 munus
2655 1991 2949 2049 voluntatis
3003 2008 3136 2050 mea:
3179 1994 3288 2050 Deo
3339 1996 3678 2066 acceptabile

2091 2099 2230 2149 csse,
2263 2084 2485 2153 ejusque
2510 2084 2709 2139 donum
2753 2084 2807 2138 in
2838 2085 3015 2139 anima
3045 2100 3162 2140 mea
3204 2086 3446 2156 recipere
3486 2086 3680 2155 digne-

2094 2184 2203 2241 tur,
2230 2177 2325 2245 qui
2353 2177 2584 2246 gratiam
2616 2192 2717 2248 pro
2747 2177 2918 2249 gratia
2947 2178 3074 2233 dare
3103 2177 3270 2245 solet;
3300 2178 3366 2233 de
3390 2178 3544 2249 cujus
3562 2178 3680 2248 ple—

2094 2265 2335 2319 nitudine
2364 2266 2689 2335 accepimus,
2716 2267 2975 2336 quidquid
3016 2268 3140 2323 boni
3175 2269 3373 2323 habere
3407 2270 3678 2323 videmur.
3708 2263 3713 2267 ⁷

2094 2354 2240 2410 illius
2283 2357 2353 2411 sit
2395 2372 2607 2426 semper
2635 2358 2873 2412 charitas
2901 2358 2953 2411 in
2983 2360 3167 2424 corde,
3213 2358 3331 2413 laus
3371 2358 3426 2413 in
3460 2373 3575 2423 ore,
3619 2368 3678 2415 et

2094 2460 2256 2515 opere
2281 2448 2421 2502 bono
2446 2447 2656 2517 signum
2686 2446 2939 2517 perfecta:
2967 2446 3287 2505 dilectionis.

2166 2536 2400 2591 Plurima
2456 2547 2648 2593 vcstrze
2695 2538 3015 2594 beatitudini
3066 2539 3304 2595 scribere
3353 2540 3677 2607 desideravi,

2097 2626 2237 2680 sedu
2273 2626 2464 2681 nuntio
2512 2627 2872 2683 tribulationis
2915 2636 3312 2695 consternatus,
3353 2630 3470 2685 haec
3505 2645 3677 2700 pauca

2098 2714 2316 2770 dictavi.
2351 2715 2409 2771 In
2439 2732 2543 2785 qua
2574 2730 2703 2771 vero
2734 2718 3078 2775 tribulatione
3125 2734 3219 2775 vos
3262 2720 3492 2775 viriliter
3518 2736 3685 2795 agere

2096 2813 2153 2859 et
2176 2806 2444 2860 constanti
2473 2821 2594 2862 esse
2621 2808 2801 2863 animo
2831 2809 3080 2876 obsecro,
3114 2810 3349 2867 scientes
3368 2811 3513 2884 quod
3539 2812 3683 2868 Deus

2100 2910 2372 2964 nunquam
2409 2897 2610 2952 deserit
2657 2910 2922 2970 sperantes
2963 2900 3019 2954 in
3072 2919 3126 2955 se
3179 2900 3353 2973 (Psal.
3398 2919 3537 2969 xvu,
3568 2904 3682 2977 51).

2099 2981 2167 3037 Et
2209 2984 2255 3038 si
2291 2984 2531 3055 qualibet
2578 2986 2925 3044 tribulatione
2972 2999 3217 3061 cogente,
3265 2991 3443 3048 locum
3470 3002 3683 3049 mutare

2100 3088 2320 3130 necesse
2346 3076 2434 3139 sit,
2466 3092 2742 3147 nunquam
2787 3079 3052 3150 regularis
3075 3082 3200 3137 vita:
3224 3083 3533 3140 observatio
3560 3101 3683 3140 mu-

2028 3155 2072 3216 C
2107 3173 2275 3232 tetnr;
2313 3183 2413 3222 nec
2439 3168 2716 3225 tribulatio
2744 3173 2989 3243 corporis
3021 3174 3185 3229 animi
3216 3173 3405 3249 fatiget
3430 3186 3684 3233 constan-

2105 3256 2255 3309 tiam.
2291 3255 2405 3311 Nox
2440 3267 2495 3312 et
2523 3258 2649 3314 dies
2681 3260 2829 3316 vices
2856 3277 2983 3317 suas
3025 3275 3308 3335 peragunt.
3353 3266 3515 3321 Maris
3553 3277 3685 3323 tem-

2102 3360 2287 3420 pestas
2329 3353 2637 3409 screnitatis
2677 3356 3066 3425 tranquillitate
3091 3357 3393 3429 mitigatur.
3424 3359 3533 3415 Nec
3559 3376 3685 3432 per-

2104 3452 2262 3511 petua
2296 3445 2630 3514 prosperitas
2676 3446 2730 3500 in
2778 3447 2879 3502 hoc
2917 3450 3171 3517 praesenti
3218 3450 3414 3505 sarculo
3456 3452 3686 3509 inveniri

2103 3533 2269 3598 valet,
2306 3535 2431 3602 quia
2470 3536 2524 3589 in
2566 3538 2758 3594 exsilio
2803 3555 3010 3606 sumus,
3058 3551 3114 3596 ct
3144 3543 3213 3595 ad
3257 3542 3484 3597 laborem
3516 3547 3690 3599 nasci-

2104 3639 2224 3677 mur
2249 3624 2390 3693 (Job.
2423 3640 2477 3691 v,
2500 3625 2579 3699 7).
2612 3626 2679 3681 Et
2703 3627 2841 3683 sicut
2865 3629 3072 3702 ﬂagella
3096 3631 3326 3687 infantes
3345 3633 3687 3691 erudiuntad

2105 3711 2418 3767 discendum
2443 3715 2721 3784 sapientia:
2741 3716 2923 3782 decus,
2948 3720 3034 3775 vel
3062 3721 3215 3775 bonis
3235 3736 3547 3778 assuescere
3569 3740 3688 3778 mo~

2107 3802 2276 3860 ribus.
2324 3803 2397 3858 ita
2422 3813 2477 3859 et
2500 3820 2598 3860 nos
2626 3806 2901 3863 laboribus
2937 3817 2991 3865 et
3033 3809 3304 3865 doloribus
3330 3810 3691 3866 admonemur

2106 3894 2174 3946 ad
2219 3901 2487 3962 perpetua:
2533 3894 2884 3952 beatitudinis
2929 3914 3222 3969 preperare
3268 3900 3525 3968 quietem,
3569 3914 3692 3969 quae

2106 3982 2250 4036 nullo
2293 3981 2477 4038 dolore
2504 3983 2588 4039 vel
2628 3985 2812 4041 labore
2838 3986 3097 4053 fuscatur,
3129 3988 3276 4043 nullo
3306 3988 3410 4044 ﬁne
3433 3990 3694 4044 termina-

2107 4080 2214 4137 tur,
2256 4074 2351 4127 sed
2389 4082 2647 4143 perpetua
2683 4074 3021 4146 jucunditate
3067 4090 3123 4134 et
3176 4078 3435 4134 felicitate
3481 4080 3693 4135 stabilis

2105 4171 2384 4233 permanet
2412 4164 2465 4217 in
2494 4173 2772 4222 aeternum.
2806 4167 2888 4222 Ad
2914 4169 3057 4223 hanc
3086 4169 3488 4239 adipiscendam
3514 4170 3695 4227 nullus

2106 4263 2342 4310 vestram
2373 4264 2617 4311 sanctam
2644 4259 2997 4314 intentionem
3024 4260 3301 4315 deterreat
3334 4260 3491 4316 labor
3533 4260 3693 4335 ιω

2106 4345 2270 4399 nullze
2307 4346 2465 4416 hujus
2497 4348 2680 4403 szecnli
2731 4349 3004 4405 blanditia:
3052 4352 3369 4419 retrahant;
3428 4352 3521 4408 sed
3565 4352 3637 4406 fon
3653 4354 3691 4407 ti

2108 4434 2309 4499 animo,
2338 4434 2531 4491 fratres
2559 4437 2888 4503 cbarissimi,
2918 4447 3112 4503 estote,
3140 4442 3197 4495 in
3225 4443 3365 4495 omni
3392 4458 3542 4512 opere
3557 4441 3692 4495 bono

2109 4521 2336 4584 stabiles,
2361 4525 2598 4589 scientes,
2624 4526 2762 4595 quod
2777 4525 2927 4581 labor
2945 4539 3108 4582 vester
3129 4546 3231 4583 non
3260 4539 3335 4584 est
3356 4530 3531 4584 inanis
3553 4530 3692 4600 apud

2111 4612 2278 4666 Deum
2310 4612 2362 4685 (I
2394 4613 2515 4669 Cor.
2542 4631 2632 4681 xv,
2662 4615 2773 4688 58),
2800 4627 2855 4673 et
2885 4620 2976 4689 qui
3005 4619 3126 4689 plus
3150 4621 3375 4685 laborat,
3404 4621 3527 4691 plus
3555 4638 3702 4675 nter-

2112 4704 2260 4759 cedis
2284 4706 2529 4775 accipiet.
2559 4705 2817 4762 Dominus
2840 4708 3001 4773 Deus,
3038 4710 3129 4779 qui
3154 4725 3251 4764 vos
3279 4711 3331 4763 in
3361 4711 3519 4765 unius
3539 4710 3701 4765 ovilis

2113 4797 2377 4852 charitatc
2422 4802 2802 4871 congregavit,
2853 4808 3055 4855 aeterna
3119 4801 3495 4856 benedictione
3552 4802 3696 4857 intra

2115 4892 2313 4945 moenia
2343 4892 2619 4947 catholith
2654 4891 2797 4958 ﬁdei,
2834 4901 2888 4949 et
2921 4901 3120 4947 sancta:
3158 4892 3444 4948 charitatis
3482 4892 3700 4948 divitias

2118 4980 2170 5034 in
2207 4980 2364 5035 bonis
2390 4983 2645 5052 cperibus
2672 4982 2951 5051 adjuvare,
2987 4982 3481 5052 perpetualiterquc
3519 4990 3701 5037 custo-

2116 5074 2233 5129 dire
2261 5075 2526 5144 dignetur,
2560 5076 2775 5131 Domini
2799 5085 3002 5145 patres,
3035 5073 3231 5130 fratres
3265 5083 3320 5130 et
3345 5074 3442 5129 ﬁlii
3489 5074 3706 5130 deside-

2122 5166 2437 5235 rantissimi,
2462 5178 2624 5239 atque
2650 5168 2755 5222 mei
2781 5168 2945 5221 animi
2969 5168 3234 5224 cltaritatc
3257 5165 3575 5222 dulcissimi.

2119 5357 2280 5412 quam
2304 5343 2472 5413 videri
2511 5345 2703 5413 possit.
2736 5343 2808 5396 At
2832 5344 2973 5398 cnim
2996 5360 3061 5400 eo
3095 5359 3236 5399 anno
3259 5360 3364 5398 non
3392 5344 3459 5397 ad
3486 5352 3706 5413 portum

2119 5411 2315 5481 quietis
2341 5412 2599 5468 Alcuinus
2626 5411 2885 5479 deiectus,
2930 5416 3024 5470 sed
3054 5415 3120 5468 ad
3150 5430 3318 5469 novos
3366 5411 3580 5468 labores
3613 5425 3709 5465 vo-

2121 5489 2274 5536 catus
2317 5491 2417 5536 est.
2472 5483 2643 5548 Quam
2696 5484 2766 5539 ob
2793 5499 3014 5539 causam
3045 5484 3345 5540 consultius
3374 5483 3548 5537 visum
3581 5482 3705 5544 fuit.

2120 5550 2399 5631 epistolam
2436 5560 2750 5631 praesentem
2783 5553 2929 5631 milio
2950 5564 3102 5612 certo
3127 5552 3532 5631 anuoz‘ttligertg
3558 5552 3708 5631 prio:

2124 5622 2271 5699 ribus
2309 5631 2488 5675 tamen
2536 5622 2676 5699 illum
2728 5622 3055 5699 conjungere
3102 5625 3406 5681 consultum
3455 5624 3607 5688 duxi,
3636 5623 3710 5677 ad

2121 5691 2336 5745 eosdem
2361 5693 2616 5750 exaratis.
