4070 6182
379 374 487 434 537

889 476 1275 554 imsrota
1304 493 1462 552 exn;
1530 472 1543 493 ‘

635 610 703 648 ιι)
729 606 972 648 Μιλτιιεε
993 606 1043 644 IN
1084 599 1367 644 PROVINCIL
1413 600 1720 641 GOTllOBUM.

946 677 1124 751 (Anno
1162 673 1414 745 incerto.)

385 775 640 834 Errorem
690 771 885 842 refutat
923 783 1102 842 eorum
1127 766 1217 842 qui
1252 763 1435 842 nolunt
1466 761 1823 842 sacerdotibus
1851 778 1970 842 pec-

421 856 543 903 cata
566 833 845 913 conﬁteri:
882 847 931 894 et
972 833 1312 907 confessionis
1340 833 1691 888 necessitatem
1723 833 1934 885 astruit.

464 954 839 1015 DilmtiSSimis
863 951 994 1006 viris
1014 948 1276 1005 fratribus
1304 954 1359 1001 et
1392 945 1636 1016 patribus
1664 945 1717 999 in
1750 945 1973 1013 provin-

388 1051 475 1106 cia
507 1050 535 1089 δ
564 1046 891 1109 Gothorum,
933 1041 1153 1097 humilis
1180 1038 1437 1095 Ecclesia:
1481 1036 1687 1092 Christi‘
1707 1053 1971 1092 vernacu-

391 1142 476 1196 lus
503 1139 732 1195 Albinus
754 1135 1014 1192 diaconus
1042 1132 1297 1189 salutem.

462 1230 705 1288 Plurima
747 1234 946 1283 vestra:
992 1224 1303 1291 sagacitatis
1338 1232 1395 1280 et
1417 1221 1691 1293 religionis
1740 1221 1858 1275 laus
1879 1235 1975 1273 no-

392 1323 523 1383 stris
546 1321 743 1391 sapius
790 1316 1031 1373 insonuit
1073 1315 1316 1381 auribus,
1341 1327 1433 1368 seu
1475 1319 1695 1383 propter
1717 1310 1975 1366 sacratis-

390 1416 586 1472 simum
614 1410 1003 1468 monachorum
1054 1407 1243 1470 vitam,
1271 1420 1367 1461 seu
1407 1411 1629 1474 propter
1668 1401 1975 1470 religiosam

392 1506 656 1563 laicorum
678 1500 1144 1559 conversationem
1169 1515 1184 1551 :
1217 1498 1346 1552 dum
1375 1496 1449 1551 illi
1482 1495 1550 1550 ab
1571 1493 1717 1548 omni
1748 1493 1974 1563 strepitu

394 1594 672 1654 mularis
717 1589 1103 1662 inquietudinis
1139 1586 1239 1643 soli
1288 1587 1400 1641 Deo
1424 1600 1615 1640 vacare
1647 1583 1975 1647 desiderant,

394 1697 451 1746 et
471 1687 564 1744 isti
595 1687 742 1741 inter
763 1681 1065 1739 mundanas
1091 1677 1474 1749 occupationes
1519 1673 1878 1731 castissimam
1900 1672 1978 1726 vi-

395 1790 506 1837 tam
569 1773 877 1833 rationabili
932 1768 1364 1829 consideratione
1439 1767 1634 1839 degere
1702 1766 1974 1820 dicuntur.

395 1869 562 1944 [Quid
597 1867 702 1923 hac
758 1864 1014 1920 fraterna:
1060 1859 1343 1916 charitatis
1388 1837 1758 1913 vicissitudine
1786 1853 1979 1923 jucun-
2011 1837 2055 1898 Β

395 1959 561 2016 dius?
582 1957 603 2032 ]
637 1956 719 2012 llli
759 1953 1089 2026 quotidianis
1112 1966 1241 2006 suos
1263 1947 1597 2005 contribules
1643 1945 1980 2003 orationibus

395 2051 656 2121 adiuvare
678 2064 786 2105 non
816 2046 1117 2102 desistunt:
1150 2043 1236 2098 isti
1269 2041 1660 2098 intercessores
1690 2052 1817 2095 suos
1844 2052 1981 2108 pra:-

392 2143 572 2200 sentis
594 2141 717 2196 vita:
764 2136 970 2194 solatiis
999 2141 1304 2191 sustentare
1351 2131 1588 2203 gestiunt
1618 2147 1630 2185 :
1666 2129 1809 2199 quod
1835 2128 1983 2198 quis-

391 2250 502 2308 que
522 2233 757 2307 gratiam
798 2227 1191 2286 benedictionis
1215 2224 1316 2281 sibi
1342 2239 1372 2278 a
1403 2223 1515 2279 Deo
1543 2222 1723 2278 datam
1750 2221 1805 2276 in
1822 2220 1985 2275 alter-

395 2336 581 2380 utrum
620 2320 893 2377 refundat.
946 2317 1099 2373 Unde
1121 2325 1176 2371 et
1204 2330 1300 2371 nos
1345 2320 1537 2369 vestrae
1560 2311 1778 2383 pietatis
1800 2324 1983 2365 exem-

394 2419 502 2490 plis
540 2414 739 2481 edocti,
779 2411 950 2469 nostri
1001 2408 1200 2480 navigii
1257 2421 1474 2463 cursum
1520 2402 1856 2460 orationibus
1886 2416 1981 2456 ve-

394 2523 526 2566 atras
565 2505 871 2564 sanctitatis
906 2503 975 2559 ad
1021 2509 1237 2574 portum
1270 2504 1543 2570 perpetua:
1592 2494 1790 2566 quietis
1823 2493 1981 2564 dirigi

396 2613 708 2673 precamur.

469 2689 578 2745 Nos
602 2700 821 2759 quoque
862 2692 1049 2740 mutuo
1093 2679 1378 2737 charitatis
1404 2676 1595 2735 cilicio,
1630 2685 1826 2731 vestrae
1858 2690 1983 2730 san-

399 2778 573 2837 rtitati
600 2773 962 2847 aliquantulas
996 2772 1101 2844 pia:
1142 2767 1527 2826 admonitionis
1557 2764 1827 2821 litterulas
1854 2762 1986 2818 diri-

398 2889 529 2946 gere
560 2870 896 2935 curavimus,
951 2874 1175 2938 propter
1234 2861 1494 2933 quasdam
1545 2854 1981 2918 consuetudines,

401 2980 521 3034 quae
567 2961 770 3018 vestris
807 2957 1066 3014 inoluisse
1110 2953 1358 3011 feruntur
1408 2949 1740 3022 regionibus.
1781 2946 1987 3002 Dicitur

404 3070 533 3111 vero
555 3053 832 3110 neminem
857 3065 926 3107 ex
967 3048 1120 3103 laicis
1171 3060 1325 3100 suam
1372 3043 1510 3098 velle
1540 3052 1562 3080 ο
1593 3039 1985 3099 confessionem

403 3144 779 3203 sacerdotibus
812 3140 962 3205 dare,
1013 3152 1149 3208 quos
1177 3151 1206 3190 a
1251 3135 1360 3191 Deo
1388 3132 1615 3189 Christo.
1630 3146 1753 3187 cum
1784 3129 1994 3185 sanctis

403 3234 663 3307 apostolis
708 3231 909 3303 ligandi
944 3228 1293 3296 solvendique
1347 3232 1672 3294 potestatem
1715 3221 1989 3291 accepisse

403 3325 677 3383 credimus
738 3320 956 3394 (Hatth.
987 3333 1103 3384 xvi,
1136 3317 1219 3381 l9,
1257 3325 1309 3371 et.
1330 3311 1627 3385 xvm,.18).
1666 3309 1807 3383 Quid
1834 3309 1992 3365 solvit

402 3413 759 3474 sacerdotalis
824 3417 1069 3481 potestas
1091 3448 1107 3476 ,
1153 3407 1207 3463 si
1256 3405 1466 3463 vincula
1520 3419 1627 3458 non
1685 3402 1993 3468 considerat

406 3506 598 3577 ligati?
634 3503 937 3560 Ccssabunt
978 3514 1142 3570 opera
1167 3495 1381 3559 medici,
1413 3493 1458 3548 si
1493 3492 1714 3547 vulnera
1769 3506 1875 3546 non
1906 3506 1993 3546 os-

406 3602 639 3657 tendunt
662 3597 822 3672 [Cod.
850 3595 967 3653 Sal.
980 3636 1007 3661 ,,
1031 3589 1412 3663 ostenduntur]
1443 3590 1652 3662 :egroti.
1689 3587 1744 3643 Si
1768 3587 1992 3643 vulnera

406 3692 655 3765 corporis
678 3688 913 3747 carnalis
953 3685 1145 3743 medici
1174 3699 1368 3739 manus
1400 3689 1734 3752 exspectant,
1790 3689 1993 3750 quanto

406 3783 578 3855 magis
604 3779 830 3835 vulnera
857 3776 1052 3831 anima:
1085 3772 1342 3844 spiritalis
1378 3771 1572 3826 medici
1607 3770 1797 3825 solatia
1827 3769 1992 3840 depo-

404 3873 612 3931 scunt?
640 3871 752 3926 Deo
778 3868 891 3933 vis,
910 3881 944 3922 o
973 3866 1156 3930 homo,
1187 3862 1458 3927 confiteri,
1489 3875 1650 3933 quem
1689 3859 1878 3914 nolens
1906 3872 1994 3911 vo.

408 3966 525 4023 lens
573 3965 745 4018 latere
796 3975 905 4016 non
957 3956 1201 4028 poteris:
1240 3953 1498 4009 Ecclesiae
1552 3950 1777 4015 Christi,
1806 3950 1860 4003 in
1889 3963 1993 4017 qua

408 4055 673 4127 peccasti,
703 4050 1021 4109 satisfacere
1052 4047 1300 4119 negligis.
1331 4046 1442 4103 Cur
1485 4044 1599 4116 ipse
1642 4043 1891 4100 Christus
1921 4041 1996 4096 le-

536 4163 659 4212 um,
681 4158 842 4214 quem
890 4139 1188 4203 mundavit,
1243 4136 1614 4193 sacerdotibus
1642 4150 1700 4190 se
1719 4133 1883 4204 jussit
1909 4147 1997 4187 os-

414 4238 636 4295 tendere
670 4233 890 4306 (Matth.
922 4247 1040 4297 vni,
1065 4227 1172 4299 4)?
1221 4227 1332 4283 Cur
1373 4226 1637 4281 Lazarum
1687 4222 1998 4293 quatridua-

413 4347 540 4385 num
569 4325 950 4383 resuscitatum
974 4319 1111 4375 alios
1137 4318 1349 4374 solvere
1358 4315 1526 4385 jussit
1551 4316 1732 4389 (Joan.
1764 4332 1839 4381 χι,
1864 4313 1999 4384 li)?

416 4419 666 4490 Nunquid
692 4432 800 4471 non
836 4412 1187 4469 fasciamenta
1238 4407 1438 4464 mortui
1486 4407 1675 4475 eodem
1705 4405 1868 4460 verbo
1893 4403 2000 4459 sol-

415 4528 541 4569 vere
566 4515 803 4582 poterat,
828 4520 936 4576 quo
956 4511 1233 4559 mortuum
1262 4500 1387 4555 vitae
1414 4498 1681 4554 redditum
1714 4497 1782 4552 de
1822 4496 2001 4566 sepul-

413 4622 508 4661 cro
534 4601 754 4674 prodire
810 4596 1017 4666 jussit?
1063 4592 1175 4649 Cur
1227 4590 1578 4659 interrogavit
1629 4604 1804 4645 caacos
1837 4590 1904 4644 ad
1940 4603 1999 4645 se

412 4697 735 4757 clamantes,
769 4689 894 4761 quid
923 4686 1202 4742 voluissent
1231 4683 1445 4750 (Matth.
1478 4698 1569 4746 xx,
1590 4681 1681 4752 5‘2)
1704 4681 1726 4735 ?
1752 4679 1836 4735 An
1857 4681 2002 4752 igno-

414 4801 541 4844 rare
559 4781 751 4840 cordis
781 4793 969 4836 eorum
1004 4776 1336 4832 voluntatem
1392 4772 1582 4842 potuit,
1613 4772 1706 4841 qui
1758 4778 2000 4839 optatum

417 4875 600 4933 lumen
627 4872 801 4929 oculis
830 4869 1045 4924 illorum
1070 4865 1296 4922 reddere
1325 4862 1535 4917 valuit?
1572 4861 1733 4916 Forte
1760 4862 1805 4915 si
1833 4861 2003 4916 Deum

419 4968 612 5031 latere,
638 4965 782 5021 sicut
803 4961 1074 5017 hominem
1101 4956 1388 5029 potuisses,
1430 4968 1530 5008 nec
1558 4953 1667 5008 Deo
1697 4952 1817 5022 plus
1839 4968 2004 5023 quam

492 5135 523 5165 II
553 5120 700 5177 Edit.
748 5117 999 5185 Quercet.
1048 5112 1153 5185 7l_,
1190 5110 1387 5185 Canis.
1431 5105 1502 5160 ΩΟ
1549 5103 2001 5185 (Eroben‘z‘ilii);

423 5174 710 5249 emendata
738 5174 805 5243 εἷς
830 5185 950 5242 cod.
983 5197 1086 5237 ms.
1116 5174 1347 5243 Salisb.,
1372 5178 1425 5231 in
1465 5174 1574 5249 quo
1596 5174 1767 5249 hunc
1791 5174 2003 5227 titulum

424 5243 857 5319 habe—{:HContra
894 5271 982 5309 eos
1010 5252 1102 5324 qui
1140 5250 1322 5306 nolunt
1347 5243 1705 5303 sacerdotibus
1733 5243 1859 5296 dare
1884 5258 2006 5297 con-

448 5346 728 5388 mortem.

424 5334 868 5456 [αξέηιξιῗᾶηυη.
897 5392 1147 5449 Canisius
1183 5391 1323 5445 hanc
1360 5402 1546 5444 vocem
1584 5383 1639 5456 in
1677 5398 1779 5456 ms.
1814 5397 2008 5456 corru-

424 5453 583 5544 ptam
604 5453 949 5544 existimans,
977 5462 1080 5544 legi
1108 5461 1221 5516 vult
1250 5459 1569 5544 Scotorum‘
1590 5453 1880 5544 SedAnulla
1910 5462 2021 5544 ἐδει

426 5523 569 5596 ratio
609 5523 715 5593 ms.
756 5523 1088 5603 corrigendi,
1135 5547 1257 5585 cum
1298 5537 1509 5603 constet
1538 5526 1843 5603 Alcuinum.
1873 5523 2006 5577 alias

423 5612 592 5691 etiam
618 5606 877 5691 epistolas
901 5596 968 5657 5a
995 5596 1290 5656 menaehos
1315 5599 1521 5655 Gothi-.e
1562 5613 1655 5650 seu
1698 5596 2005 5664 Septiman-

426 5681 534 5738 πίω
557 5678 861 5749 scripsisse.
1018 5744 1057 5749 η
1195 5741 1204 5749 _
1412 5748 1415 5749 ν
1467 5739 1478 5749 _
1532 5684 1535 5687 '

503 5763 525 5789 ε
564 5736 976 5816 Con-fessionem.
1018 5741 1426 5816 Egregiuurcst
1467 5739 1569 5816 hoc
1614 5736 1819 5790 Alcuiui
1859 5736 2008 5816 testi:

428 5806 799 5889 monium'pro
839 5806 1183 5871 confessione
1214 5807 1501 5865 auriculari
1534 5816 1721 5863 contra
1761 5806 2001 5860 moderni

1812 355 2191 426 erasmus.

1997 495 2046 550 Α
2075 487 2276 542 homini
2313 486 2557 542 confiteri
2588 485 2865 542 voluisses.
2903 484 3183 555 Superbia:
3208 477 3312 539 hoc
3342 494 3510 556 genus
3532 502 3653 542 esse

3544 370 3655 427 338

2077 576 2290 632 videtur
2311 577 2645 632 sacerdotem
2664 574 2902 644 judicem
2933 575 3227 644 deSpicerc.

2078 687 2238 763 1“
2265 686 2323 744 Si
2369 686 2507 743 dicis
2536 705 2549 741 :
2588 687 2792 741 Bonum
2837 696 2910 741 est
2961 686 3198 756 conﬁteri
3227 686 3454 741 Domino
3483 686 3657 756 (Psal.

2076 795 2179 843 χει,
2218 778 2275 848 Ξ)
2307 793 2323 833 :
2355 779 2449 833 sed
2477 777 2679 832 bonum
2723 787 2807 832 est
2836 775 2995 847 hujus
3034 775 3387 833 confessionis
3413 787 3465 833 te
3493 780 3661 834 hahe—

2077 887 2135 925 re
2161 879 2375 926 testem.
2432 869 2585 925 Licet
2612 869 2638 909 ἀ
2681 886 2786 925 non
2828 882 3043 940 semper
3088 868 3356 925 confessio
3392 871 3660 941 pmniteu-

2075 964 2205 1018 tiam
2233 961 2520 1034 significet,
2544 960 2638 1017 sed
2666 960 2963 1030 saapissime
3012 960 3248 1026 laudem,
3300 971 3360 1014 ut
3403 963 3456 1016 in
3488 950 3663 1018 Evan-

2075 1055 2214 1127 gelio
2240 1055 2354 1124 ipsa
2380 1053 2593 1109 Veritas
2622 1052 2757 1108 dixit
2784 1069 2796 1104 :
2827 1049 3093 1120 Conﬁteor
3118 1051 3230 1115 tibi,
3261 1051 3423 1106 Pater
3460 1052 3572 1107 caeli
3614 1039 3662 1107 et

2074 1146 2467 1220 terrte(ii!atth.
2496 1162 2570 1210 XI,
2596 1143 2710 1216 25),
2745 1146 2799 1200 id
2841 1154 2947 1210 est,
2977 1144 3140 1200 laudo
3170 1156 3240 1211 te,
3269 1142 3431 1199 Pater
3461 1132 3663 1220 cmli‘et

2077 1218 2269 1296 terrae.
2306 1240 2376 1296 Et
2411 1241 2464 1295 in
2490 1240 2765 1312 Symbolo.
2792 1238 3032 1296 dicitur:
3070 1239 3335 1309 Conﬁteor
3372 1258 3534 1295 unum
3577 1218 3666 1307 ba-

2075 1336 2267 1404 ptisma
2301 1341 2358 1388 et
2402 1342 2617 1397 cratera,
2668 1348 2799 1403 qua}:
2836 1342 3134 1401 sequuntur
3179 1334 3246 1388 ad
3297 1334 3439 1389 idem
3495 1330 3666 1404 respi-

2079 1425 2277 1481 cientia
2313 1425 2535 1481 verbum
2563 1440 2578 1478 :
2608 1424 2751 1494 quod
2779 1425 3024 1488 verbum,
3073 1425 3125 1479 id
3163 1433 3267 1489 est,
3309 1425 3581 1496 conﬁteor,
3612 1422 3665 1501 in

2077 1512 2181 1568 hoc
2204 1512 2321 1567 loco
2363 1511 2760 1568 confessionem
2815 1512 2958 1577 fidei,
2989 1528 3092 1567 non
3136 1525 3480 1583 peccatorum
3526 1513 3667 1589 desi-

2080 1606 2230 1668 gnat.
2266 1597 2559 1652 Erubescis
2586 1597 2793 1651 homini
2825 1598 2879 1650 in
2909 1598 3138 1666 salutem
3171 1606 3318 1653 tuam
3362 1604 3667 1665 ostendere,

2079 1686 2220 1756 quod
2243 1702 2349 1742 non
2369 1688 2650 1743 erubescis
2671 1703 2794 1742 cum
2815 1688 3035 1743 homine
3058 1689 3110 1743 in
3136 1690 3493 1760 perditionem
3519 1696 3664 1746 tuam

2079 1778 2436 1847 perpetrare?
2462 1778 2726 1834 Ancillam
2756 1785 2903 1832 tuam
2936 1779 3238 1849 iniquitatis
3266 1789 3371 1836 tute
3393 1783 3661 1838 consciam

2082 1869 2163 1924 vis
2210 1869 2432 1936 habere,
2485 1878 2540 1925 et
2585 1869 2921 1925 sacerdotem
2965 1869 3168 1925 Christi
3219 1852 3669 1927 reconciliationis

2079 1968 2186 2015 tute
2223 1976 2330 2015 non
2371 1961 2458 2017 vis
2484 1961 2686 2017 habere
2726 1959 3027 2030 adjutorem
3049 1962 3071 2015 ?
3097 1962 3202 2017 Per
3245 1962 3520 2017 inimicum
3552 1979 3671 2017 cor-

2082 2051 2260 2117 ruisti,
2287 2059 2343 2107 et
2366 2067 2475 2107 non
2530 2053 2614 2107 vis
2662 2067 2760 2123 per
2803 2053 3037 2107 amicum
3081 2053 3405 2125 resurgere?
3440 2051 3665 2111 Multum

2080 2139 2350 2196 offendisti
2378 2140 2666 2196 Dominum
2712 2148 2885 2205 tuum,
2927 2149 2983 2196 et
3004 2140 3167 2196 alium
3217 2156 3322 2201 non
3364 2140 3447 2200 vis
3473 2141 3673 2196 habere

2083 2232 2569 2295 reconciliatorem.
2597 2233 2701 2288 nisi
2726 2240 2777 2288 te
2823 2232 3045 2303 ipsum?
3075 2230 3316 2297 Confidis
3349 2247 3445 2304 per
3473 2232 3671 2290 oratio-

2083 2337 2181 2378 nes
2218 2331 2340 2378 tuas
2378 2323 2617 2381 salvari?
2669 2323 2891 2394 Spernis
2939 2323 3293 2394 apostolicum
3343 2331 3668 2394 praeceptum

2084 2412 2313 2469 dicentis
2337 2427 2351 2468 :
2378 2412 2540 2470 Orate
2559 2432 2654 2486 pro
2679 2415 2914 2479 invicem,
2946 2425 3001 2469 ut
3021 2414 3292 2469 salvemini
3308 2431 3324 2476 ,°
3356 2423 3411 2470 et
3437 2414 3631 2469 iterum
3656 2435 3667 2468 :

2089 2513 2113 2541 °
2155 2502 2217 2558 Si
2247 2504 2363 2574 quis
2410 2511 2650 2573 peccator
2676 2511 2921 2567 est,_oret
2964 2519 3059 2572 pro
3080 2519 3148 2557 eo
3185 2499 3453 2566 sacerdos,
3486 2512 3541 2555 ut
3569 2503 3676 2556 sal-

2088 2602 2251 2647 vetur.
2300 2591 2438 2663 Quid
2465 2593 2533 2655 ad
2570 2592 2686 2649 lucc
2734 2591 2945 2657 dicitis,
2973 2607 3094 2661 quas
3120 2592 3173 2646 in
3225 2593 3414 2651 eadem
3446 2592 3673 2672 epistola

2086 2681 2342 2753 leguntur
2364 2701 2399 2745 ε⁵
2420 2682 2754 2755 Con/itemini
2780 2680 3085 2736 alterutrum
3108 2690 3323 2754 peccata
3354 2690 3521 2739 vestra
3551 2680 3669 2752 (ια-

2088 2775 2200 2831 cob.
2230 2790 2284 2839 v,
2311 2772 2398 2840 14,
2423 2772 2646 2845 15,,1ϐ),
2682 2779 2744 2835 ut
2763 2771 3043 2827 deleantur
3064 2770 3258 2826 delicta
3284 2772 3510 2832 vestra?
3533 2771 3672 2839 Quid

2088 2873 2188 2930 est,
2244 2864 2388 2934 quod
2440 2863 2618 2918 dixit:
2662 2862 3019 2917 alterutrum?
3072 2862 3175 2916 nisi
3226 2862 3388 2917 homo
3441 2861 3673 2921 homini,

2088 2971 2215 3012 reus
2241 2954 2431 3026 judici,
2459 2963 2694 3026 aegrotus
2724 2952 2978 3008 medico?
3006 2952 3124 3023 Ipsa
3156 2968 3371 3023 quoque
3396 2949 3671 3022 Sapientia

2087 3064 2186 3121 per
2233 3047 2575 3103 Salomonem
2623 3045 2802 3100 dixit:
2851 3042 2954 3110 Qui
2997 3044 3264 3105 abscondit
3304 3044 3499 3099 scelera
3552 3062 3671 3119 sua,

2092 3141 2482 3211 non-dirigetur
2541 3135 2723 3209 (Prov.
2751 3151 2948 3201 xxviii,
2989 3135 3117 3208 15).;
3155 3136 3223 3195 id.
3255 3145 3359 3201 est,
3395 3152 3500 3191 non
3543 3136 3676 3190 diri-

2093 3241 2249 3304 getur
2271 3232 2324 3288 in
2353 3232 2495 3286 viam
2523 3229 2736 3295 salutis,
2762 3228 2854 3299 qui
2895 3234 3127 3298 peccata
3146 3242 3240 3281 sua
3272 3226 3450 3283 celare
3475 3227 3673 3301 studet.

2161 3342 2414 3413 Nunquid
2436 3342 2549 3398 Deo
2574 3340 2832 3397 abscondi
2857 3347 3086 3416 possunt
3107 3339 3314 3394 scelera
3343 3346 3553 3403 nostra,
3585 3337 3675 3408 qui

2091 3434 2272 3490 omnia
2318 3432 2486 3497 videt,
2543 3431 2695 3487 novit
2716 3438 2773 3486 et
2815 3429 3171 3487 considerat?
3194 3427 3277 3484 Ab
3304 3428 3525 3483 homine
3554 3442 3677 3498 pos-

2093 3538 2281 3599 sumus
2314 3520 2645 3578 abscondere
2683 3536 2803 3590 quaa
2829 3519 3058 3590 agimus,
3108 3528 3167 3571 at
3188 3532 3295 3572 non
3327 3516 3460 3572 Deo.
3489 3515 3677 3578 Nonne

2093 3614 2262 3671 David
2287 3620 2558 3683 praesente
2597 3609 2808 3664 Nathan
2855 3609 3142 3678 propheta,
3189 3606 3281 3676 qui
3325 3622 3384 3660 se
3418 3606 3681 3675 arguebat

2093 3718 2192 3772 pro
2215 3709 2438 3771 peccato
2459 3713 2558 3753 suo
2582 3697 2754 3751 dixit:
2783 3695 3003 3765 Peccavi
3034 3693 3367 3767 Domino“!
3421 3694 3547 3766 Reg.
3573 3712 3674 3761 an.

2097 3791 2229 3863 l3)?
2258 3791 2397 3845 Ecce
2424 3795 2606 3843 tantus
2631 3786 2719 3841 vir
2743 3794 2936 3842 testem
2972 3783 3331 3842 confessionis
3374 3801 3485 3841 sure
3512 3785 3682 3843 voluit

2096 3882 2295 3937 habere
2343 3879 2684 3950 prophetam.
2750 3876 2820 3929 Et
2846 3876 2972 3944 quia
3032 3891 3142 3931 non
3179 3877 3395 3931 erubuit
3436 3877 3680 3939 confiteri

2095 3970 2240 4043 quod
2272 3969 2437 4039 impie
2485 3968 2673 4038 gessit,
2720 3965 2904 4021 statim
2956 3965 3204 4020 audivit:
3236 3966 3375 4020 Ecce
3410 3966 3680 4020 Dominus

2096 4058 2363 4114 transtulit
2399 4066 2667 4128 peccatum
2712 4065 2881 4110 tuum.
2923 4054 3139 4111 Homini
3194 4053 3682 4124 patefecitvulmts

2098 4164 2274 4213 suum,
2306 4158 2364 4204 et
2400 4164 2429 4202 a
2457 4147 2567 4202 Deo
2594 4161 2721 4201 mox
2748 4145 3045 4201 remedium
3089 4143 3316 4217 accepit.
3373 4140 3508 4200 Nam
3537 4151 3593 4196 et
3625 4143 3679 4196 in

2099 4240 2341 4298 Levitico
2401 4239 2717 4312 saepissime,
2773 4237 3001 4293 Domino
3035 4235 3365 4297 mandante,
3430 4241 3684 4303 peccator

2099 4335 2168 4389 ad
2202 4332 2539 4389 sacerdotem
2564 4331 2799 4386 mittitur
2822 4345 2945 4384 cum
2977 4327 3216 4392 victima,
3263 4340 3424 4397 quam
3448 4322 3682 4378 oﬂ‘erens

2101 4424 2211 4479 Deo
2237 4431 2356 4479 oret
2376 4436 2476 4492 pro
2496 4436 2581 4486 eo,
2614 4427 2668 4475 et
2713 4417 3099 4478 dimittatur-ci
3124 4482 3127 4483 ν
3149 4415 3292 4487 (Leu.
3316 4429 3371 4479 v,
3403 4413 3512 4485 l2).
3554 4412 3683 4481 Qua:

2027 4533 2076 4593 υ
2101 4523 2229 4570 sunt
2262 4522 2461 4568 nostra:
2489 4510 2721 4566 victima:
2745 4523 2844 4579 pro
2871 4507 3143 4577 peccatis,
3177 4522 3208 4561 a
3243 4506 3399 4562 nobis
3437 4506 3686 4561 commis-

2102 4605 2199 4668 sis,
2235 4603 2339 4657 nisi
2400 4598 2665 4656 confessio
2726 4605 3073 4668 peccatorum
3117 4598 3473 4651 nostrorum?
3510 4596 3681 4663 Quam

2103 4708 2237 4764 pure
2265 4693 2375 4746 Deo
2401 4704 2497 4761 per
2543 4689 2880 4746 sacerdotem
2930 4688 3126 4744 offerre
3172 4688 3683 4757 debrniusz'quato-

2104 4798 2207 4838 nus
2242 4781 2576 4838 orationibus
2634 4779 2796 4843 illius,
2842 4786 3045 4834 nostrae
3087 4776 3440 4833 confessionis
3484 4777 3685 4835 oblatio

2106 4873 2216 4929 Deo
2238 4869 2581 4942 acceptabilis
2615 4869 2727 4935 fiat,
2759 4876 2815 4924 et
2843 4868 3213 4924 remissionem
3254 4866 3323 4922 ab
3359 4880 3424 4920 eo
3453 4865 3685 4937 accipia-

2104 4978 2245 5027 mus,
2272 4963 2452 5027 cuiest
2476 4959 2799 5029 sacriﬁcium
2839 4958 3055 5028 spiritus
3101 4950 3503 5023 contribulatus,
3528 4963 3575 5013 et
3596 4969 3686 5007 cor

2105 5116 2268 5169 etiam
2298 5113 2559 5183 temporis
2584 5113 2888 5183 haereticos,
2920 5111 3012 5180 qui
3041 5110 3139 5164 soli
3169 5109 3278 5183 Deo
3296 5116 3525 5183 peccata
3547 5123 3685 5183 _con-

2106 5183 2247 5238 ﬁteri
2276 5178 2522 5239 sulliéere
2549 5189 2815 5237 asserunt.
2852 5178 3058 5234 De'hac
3078 5194 3137 5234 re
3156 5178 3415 5232 Alcuinus
3434 5178 3560 5231 alibi
3585 5192 3683 5231 str-

2143 5255 2254 5316 ius,
2283 5263 2343 5308 ut
2373 5254 2424 5307 in
2454 5252 2695 5322 epistolis
2727 5252 2821 5313 l5,
2844 5250 2922 5322 1'59
2951 5247 3358 5322 (nunc14,_44)
3377 5287 3394 5311 ,
3420 5257 3526 5322 etc.
3560 5249 3679 5303 \iul.

2160 5324 2306 5378 ahill.
2335 5318 2503 5379 Praaf.’
2514 5325 2593 5385 ad
2622 5328 2756 5392 part.
2791 5320 2973 5392 t‘Swe.
3003 5334 3069 5392 ru
3096 5318 3322 5392 lienem,
3342 5318 3469 5392 pag.
3498 5321 3567 5380 9.,

2176 5393 2199 5432 ι]
2248 5394 2366 5446 Non
2390 5410 2593 5462 semper
2616 5386 2871 5462 confessio
2899 5388 3253 5462 pmnitentiant
3281 5386 3565 5462 signiﬁcat.
3607 5386 3683 5442 Ιὶιο

2107 5465 2208 5518 hoc
2251 5458 2526 5534 eleganter
2573 5461 2630 5516 S.
2685 5458 2820 5529 Aug.
2871 5474 3034 5512 scrin.
3090 5458 3156 5521 8,
3205 5460 3270 5513 de
3321 5459 3481 5513 Verh.
3528 5459 3680 5513 Dom.

2106 5537 2374 5590 CANISIUS.

2182 5618 2205 5644 ο
2244 5606 2303 5660 Si
2329 5604 2443 5673 quis
2468 5612 2705 5673 peccator
2730 5609 2803 5653 est
2828 5609 3071 5673 restrain.
3104 5599 3233 5673 Illud
3262 5600 3320 5654 S.
3347 5598 3527 5653 Jacobi
3550 5617 3566 5673 7:
3597 5597 3685 5671 lt:-

2106 5668 2350 5743 ﬁrmatur
2380 5668 2494 5743 quis
2530 5672 2585 5743 in
2615 5672 2783 5737 vobis,
2817 5678 2922 5743 etc.
2946 5710 2959 5733 ,
2990 5668 3060 5743 ad
3100 5670 3347 5743 animum
3382 5668 3680 5736 peccatoris

2108 5740 2575 5802 accommodatitio
2605 5756 2761 5798 sensu
2793 5740 2957 5797 refert
2987 5740 3277 5810 eleganter.
3309 5740 3486 5793 Casus.
