4070 6182
462 333 568 392 339

1301 327 1362 382 Β.
1401 326 1460 381 ιτ.
1502 325 1726 382 ΑιΒιΝι
1773 327 1905 383 εει]
1945 320 2218 380 Αιευιιςι
2257 318 2540 379 OPERUM
2577 324 2754 380 PARS
2790 323 2832 378 1.

3619 321 3720 378 360

464 448 745 503 contritum
781 453 831 498 et
865 440 1195 494 humiliatum
1245 457 1349 495 non
1391 443 1586 511 spernit
1639 439 1811 513 (Psal.
1845 457 1896 503 ι,
1928 440 2035 510 19).
2068 439 2114 507 Λ
2145 445 2194 489 et
2222 453 2398 490 coram
2428 447 2476 492 te
2503 436 2522 509 (
2545 437 2674 492 Lac.
2704 453 2800 502 xv,
2833 435 2962 506 18).
3009 435 3118 493 Sed
3159 436 3322 492 semel
3365 437 3629 491 sacerdoti
3671 439 3725 493 in

534 537 781 593 Christus
825 548 923 603 pro
955 532 1158 586 nostris
1201 530 1494 587 sceleribus
1539 533 1607 588 ab
1639 532 1873 586 inimicis
1898 531 2040 602 judi-

463 627 572 684 ειη-1
602 627 653 680 in
680 627 822 679 hunc
847 623 1104 678 mundum
1131 622 1298 687 venit,
1327 631 1387 676 ut
1433 638 1531 678 nos
1557 624 1848 677 redimeret
1871 639 1898 676 a
1927 623 2041 678 dia—

461 717 567 774 boll
599 715 858 770 servitute
891 733 904 769 :
940 724 994 769 et
1017 731 1114 770 nos
1144 713 1497 783 dedignamur
1527 729 1556 766 a
1594 713 1796 768 sanctis
1831 712 1926 767 Dei
1956 726 2040 766 sa-

461 805 766 860 cerdotibus
785 803 1041 872 iudicari,
1071 813 1132 858 ut
1171 803 1460 859 liberemur
1489 817 1518 856 a
1542 801 1774 858 vinculis
1793 809 2040 868 peccato-

462 913 580 952 rum
619 897 972 952 nostrorum?
1024 896 1116 950 llle
1167 896 1372 966 absque
1416 893 1562 948 omni
1596 902 1836 964 peccato,
1870 891 2041 947 homi-

460 1002 590 1042 num
613 986 886 1049 assistere,
918 996 972 1040 et
997 986 1102 1040 hoc
1134 985 1444 1054 impiorum.
1459 982 1664 1053 judicio
1695 999 1800 1038 non
1826 982 2032 1037 renuit:

463 1084 519 1131 et
555 1092 655 1131 nos
687 1092 810 1131 cum
843 1077 1024 1131 multis
1054 1076 1292 1146 peccatis
1320 1075 1595 1130 hominum
1618 1072 1840 1143 judicia,
1863 1073 2040 1127 ethoc

461 1173 793 1230 sanctorum,
834 1166 1016 1219 subire
1063 1163 1498 1218 contemnimus?
1546 1162 1732 1217 Nonne
1777 1163 1830 1216 in
1885 1175 2040 1216 sacro

460 1257 785 1325 baptismate
815 1255 1186 1310 sacerdotibus
1211 1253 1413 1308 Christi
1441 1260 1640 1307 nostra:
1681 1252 1802 1306 fidei
1831 1250 2040 1306 confes-

460 1347 664 1404 sionem
694 1356 750 1402 et
775 1347 1296 1400 abrenuntiationem
1337 1345 1552 1399 Satanae
1599 1344 1729 1400 dare
1760 1343 2033 1404 debemus,

458 1445 516 1492 et
539 1436 620 1492 sic
647 1436 963 1491 sacerdotali
989 1435 1309 1498 ministerio,
1342 1433 1520 1489 divina
1560 1441 1816 1502 aperante
1840 1431 2037 1501 gratia,

459 1529 529 1584 ab
556 1527 807 1584 omnibus
838 1527 980 1582 ablui
1018 1528 1300 1596 peccatis?
1329 1525 1438 1582 Cur
1460 1527 1622 1580 etiam
1647 1530 1699 1578 et
1721 1523 1773 1576 in
1803 1523 2040 1576 secundo

459 1620 792 1691 paenitentia:
819 1621 1167 1689 baptismate,
1203 1634 1301 1690 per
1344 1617 1735 1674 confessionem
1765 1614 2038 1670 humilita-

463 1710 532 1765 tis
558 1719 773 1774 nostraz,
801 1710 869 1763 ab
907 1710 1156 1769 omnibus
1199 1717 1320 1778 post
1342 1709 1571 1778 primum
1622 1705 1884 1775 baptisma
1914 1719 2036 1774 per-

2143 525 2430 592 praesentia
2459 526 2652 580 divinae
2681 525 2897 594 pietatis
2927 524 3198 580 confessio
3227 523 3472 580 facienda
3503 524 3723 582 sufllcit.

2145 612 2372 682 Semper
2405 623 2584 669 autem
2612 615 2840 670 Domino
2870 630 2992 670 cum
3024 614 3280 685 lacrymis
3307 622 3359 668 et
3389 613 3567 668 cordis
3597 630 3726 670 eon-

2145 705 2362 760 tritioue
2392 704 2692 761 faciendam
2724 717 2843 760 esse
2870 705 3220 760 arbitramur.
3255 702 3439 758 Omnis
3469 705 3608 757 enim
3636 707 3725 774 qui

2140 795 2277 849 male
2305 797 2444 865 agit,
2472 797 2580 850 oait
2608 794 2774 849 lucem
2792 835 2807 861 ,
2836 804 2885 848 et
2913 811 3018 849 non
3044 795 3178 849 venit
3208 794 3276 847 ad
3304 792 3502 859 lucem,
3535 804 3590 847 ut
3621 813 3722 850 non

2140 896 2432 956 arguantur
2458 904 2612 958 opera
2639 888 2754 958 ejus
2777 903 2794 941 :
2821 887 2910 956 qui
2934 895 3108 939 autem
3151 885 3279 955 facit
3306 869 3570 938 ceritatem
3593 927 3607 950 .
3642 903 3725 940 ve-

2142 976 2214 1028 nit
2244 976 2314 1028 ad
2341 976 2541 1041 lucem,
2584 986 2638 1030 ut
2669 977 3068 1046 manifestentur
3109 975 3224 1045 ejus
3271 991 3460 1044 opera,
3503 976 3627 1045 quia
3669 979 3726 1030 in

2140 1065 2248 1120 Deo
2275 1077 2395 1122 sunt
2425 1067 2566 1136 facta
2599 1068 2616 1138 (
2639 1067 2799 1122 Joan.
2829 1084 2891 1122 tu
2914 1107 2928 1131 ,
2956 1066 3059 1130 20,
3087 1065 3149 1120 ει
3177 1066 3220 1137 ).

2212 1157 2320 1211 Vos
2347 1157 2531 1225 igitur,
2566 1158 2667 1212 viri
2699 1158 2928 1223 fratres,
2962 1157 3057 1211 lilii
3087 1156 3223 1212 lucis
3250 1158 3384 1212 estis
3411 1167 3463 1212 et
3494 1173 3600 1213 non
3647 1167 3724 1212 tc—

2141 1247 2428 1302 nebrarum
2455 1287 2470 1310 ,
2500 1246 2723 1317 papulas
2753 1246 3111 1318 acquisitionis
3139 1253 3193 1300 et
3218 1261 3325 1300 nou
3364 1247 3680 1317 perditionis
3707 1267 3718 1300 :

2137 1355 2262 1408 gens
2290 1347 2474 1391 sancta
2507 1338 2524 1408 (
2549 1336 2577 1390 1
2603 1337 2748 1391 Petr.
2778 1355 2839 1403 ιι,
2871 1336 2944 1408 9)
2975 1356 2987 1390 :
3017 1337 3218 1393 Christi
3249 1339 3508 1406 sanguine
3535 1341 3721 1408 acqui-

2139 1428 2262 1482 sita.
2296 1427 2572 1482 Ambulate
2599 1438 2655 1480 ut
2685 1427 2784 1497 ﬁlii
2813 1426 2946 1481 lucis
2970 1429 3025 1482 in
3055 1428 3196 1482 omni
3228 1429 3457 1481 bonitate
3486 1427 3720 1500 (Ephcs.

2138 1533 2189 1581 v,
2218 1518 2271 1582 8,
2297 1517 2388 1587 9),
2425 1527 2479 1572 et
2515 1518 2746 1587 pietate,
2783 1525 2837 1572 et
2875 1518 3148 1579 castitate,
3191 1526 3449 1573 exuentes
3487 1527 3722 1573 veterem

2137 1607 2408 1663 hominem
2448 1623 2570 1663 cum
2617 1609 2852 1678 peccatis
2895 1608 3039 1671 suis,
3075 1614 3130 1661 et
3175 1606 3458 1662 induentes
3489 1624 3717 1669 novum,

2137 1698 2228 1766 qui
2259 1699 2548 1753 secundum
2578 1698 2743 1752 Deum
2770 1705 2986 1752 creatus
3014 1705 3097 1751 est
3123 1695 3358 1768 (Coloss.
3385 1714 3476 1762 ιιι,
3503 1700 3536 1753 9
3557 1739 3570 1762 ,
3601 1699 3721 1769 l0).

461 1800 618 1862 actis,
675 1772 863 1855 eadem
913 1799 1094 1854 divina
1140 1772 1431 1852 miserante
1479 1796 1672 1866 gratia,
1693 1772 2032 1848 sacerdotali
2063 1772 2110 1830 Β
2140 1788 2224 1843 Sit
2251 1788 2590 1844 conversatio
2619 1796 2796 1842 vestra
2827 1787 3063 1842 cmlestis
3096 1795 3149 1841 et
3197 1802 3302 1841 non
3337 1797 3570 1842 terrena.
3632 1789 3721 1844 Di-

461 1888 711 1943 similiter
737 1888 936 1943 auxilio
966 1905 1071 1949 non
1098 1889 1353 1943 debemus
1379 1886 1582 1942 absolvi
1606 1885 1881 1956 peccatis?

530 1976 588 2034 Si
613 1987 833 2046 peccata
861 1977 1230 2033 sacerdotibus
1253 1993 1359 2032 non
1382 1985 1508 2032 sunt
1545 1976 1841 2048 prodenda,
1870 1989 2036 2043 quare

461 2065 517 2121 in
547 2079 574 2107 ι
614 2066 1048 2125 Sacramentario
1092 2070 1546 2125 reconciliationis
1599 2070 1873 2122 orationes
1904 2066 2036 2122 scri-

463 2165 567 2228 ptae
584 2160 750 2213 sunt?
785 2159 1062 2225 Quomodo
1091 2162 1343 2215 sacerdos
1374 2161 1700 2222 reconciliat,
1731 2175 1887 2228 quem
1913 2173 2037 2228 pec-

463 2261 589 2301 care
627 2263 735 2301 non
761 2248 953 2302 novit?
987 2247 1043 2302 Si
1069 2249 1325 2312 consiliis,
1346 2247 1499 2316 juxta
1529 2248 1890 2310 Salomonem,
1926 2257 2035 2301 tra-

463 2337 656 2392 ctanda
686 2346 812 2394 sunt
838 2339 975 2397 bella
1007 2339 1188 2410 (Prov.
1221 2339 1449 2409 xx,18),
1477 2338 1617 2409 quali
1669 2339 1891 2394 audacia
1921 2339 2035 2393 sine

462 2426 688 2482 consilio
710 2426 1194 2483 ecclesiasticorum
1223 2430 1418 2483 ducum
1458 2445 1696 2499 pugnare
1719 2445 1816 2483 nos
1847 2430 2034 2483 adver-

462 2531 555 2571 sus
583 2516 852 2573 diabolum
879 2518 1234 2574 confidimus?
1260 2517 1394 2577 Item
1427 2519 1616 2574 eodem
1645 2519 1872 2583 dicente,
1906 2520 2036 2590 legi-

462 2621 628 2660 mus:
675 2604 884 2671 Frater,
938 2609 1031 2678 qui
1055 2608 1338 2676 adjuvatur
1367 2627 1399 2662 a
1435 2609 1619 2679 fratre,
1658 2611 1808 2679 quasi
1852 2610 2033 2663 civitas

463 2697 619 2765 ﬁrma
644 2707 719 2757 est
749 2696 930 2769 (Prov.
956 2715 1110 2763 xvm,
1137 2699 1246 2770 l9).
1305 2700 1472 2765 Quem
1517 2701 1733 2770 adjuvat
1783 2701 2036 2756 sacerdos

459 2784 661 2841 Christi
687 2787 795 2850 dux
823 2787 1092 2842 exercitus
1122 2788 1218 2842 Dei
1244 2797 1301 2842 et
1330 2798 1507 2843 rector
1539 2797 1839 2844 castrorum
1870 2789 2031 2855 illius,

459 2874 502 2929 si
533 2875 714 2933 nullus
738 2877 806 2930 ab
833 2892 899 2932 eo
927 2893 1036 2931 sua:
1062 2878 1252 2932 salutis
1301 2879 1555 2940 auxilium
1583 2895 1824 2954 quzerere
1851 2880 2034 2949 digna-

455 2973 566 3032 tur,
612 2967 658 3021 si
683 2983 845 3021 nemo
872 2969 1082 3024 occulta
1113 2969 1388 3025 diabolica:
1417 2971 1621 3030 fraudis
1647 2973 1869 3028 vulnera
1893 2973 2034 3032 illius

456 3057 765 3117 medicinali
789 3059 1025 3113 dexterae
1053 3060 1329 3114 tractanda
1363 3063 1641 3116 ostendit?

529 3145 687 3218 ιω
722 3147 957 3203 [nauiter
983 3149 1166 3219 itaque
1192 3151 1364 3219 posita
1392 3161 1516 3206 sunt
1562 3153 1615 3207 in
1653 3153 1910 3209 Ecclesiis
1941 3171 2025 3210 re-

456 3235 722 3302 media,et
740 3238 978 3307 synodali
1007 3242 1328 3296 auctoritate
1351 3243 1545 3298 litteris
1569 3245 1818 3298 mandata
1841 3255 2026 3299 contra

454 3327 636 3386 omnia
663 3338 1010 3399 peccatorum
1029 3340 1334 3387 nostrorum
1363 3335 1608 3400 vulnera,
1635 3351 1754 3405 qum
1779 3336 1862 3391 vel
1888 3339 2026 3390 anti-

454 3420 547 3490 qui
573 3420 745 3475 hostis
773 3422 1003 3484 versutia
1023 3463 1038 3487 ,
1070 3421 1155 3478 vel
1183 3424 1502 3494 negligentia
1527 3427 1900 3482 mandatorum
1932 3429 2025 3481 Dei

453 3510 767 3581 spiritaliter
799 3519 892 3570 aut
927 3511 1220 3567 carnaliter
1253 3515 1408 3568 nobis
1441 3515 1790 3586 infliguntur;
1826 3517 1869 3572 si
1918 3533 2023 3572 non

454 3599 541 3654 his
576 3601 669 3672 qui
704 3600 764 3664 in
795 3600 1034 3657 Ecclesia
1068 3601 1274 3664 Christi.
1305 3606 1490 3660 statuti
1527 3615 1650 3660 sunt
1683 3609 1750 3662 ad
1787 3612 2025 3664 sananda

456 3689 670 3757 putrida
729 3690 996 3747 scelerum
1049 3701 1361 3758 nostrorum,
1409 3695 1587 3753 ulcera
1612 3739 1628 3762 ,
1691 3699 2018 3755 revelantur.

452 3775 622 3838 Corde
647 3779 787 3836 enim
813 3781 1068 3846 creditur,
1107 3783 1237 3838 dicit
1267 3784 1582 3856 Apostolus,
1623 3789 1696 3842 ad
1720 3791 1984 3859 justitiam
2004 3833 2017 3855 ,

450 3882 548 3926 ore
583 3876 756 3922 autem
799 3871 1052 3939 confessio
1094 3871 1154 3940 ﬁt
1197 3874 1267 3926 ad
1299 3875 1517 3930 salutem
1561 3877 1580 3947 (
1607 3877 1756 3937 Rom.
1787 3897 1818 3932 κ
1843 3921 1858 3944 ,
1891 3881 2016 3950 10).

450 3955 568 4017 Non
595 3959 766 4015 solum
796 3962 1072 4022 catholica:
1099 3965 1254 4031 ﬁdei,
1283 3968 1377 4022 sed
1405 3969 1568 4023 etiam
1596 3987 1727 4041 pun
1773 3981 2019 4041 peccato-

451 4063 570 4102 rum
599 4049 868 4107 confessio
897 4051 1057 4124 [cum
1085 4057 1262 4111 cordis
1291 4061 1697 4128 conpunctione
1722 4061 1740 4132 ]
1772 4063 1926 4116 nobis
1951 4065 2017 4118 ad

448 4138 674 4201 salutem
719 4139 933 4210 prolicit
977 4145 1388 4212 sempiternam,
1430 4150 1640 4205 dicente
1690 4150 2014 4222 Scriptura:

448 4227 546 4282 Dic
573 4230 720 4298 prior
743 4230 1030 4299 injustitias
1051 4243 1201 4300 tuas,
1229 4244 1287 4288 ut
1305 4237 1613 4307 justiﬁceris
1641 4240 1808 4310 (hui.
1842 4259 1973 4298 XLIII
1997 4286 2012 4307 ,

443 4318 514 4378 ’ϐ
537 4319 576 4390 ).
608 4320 674 4385 Et
702 4321 896 4376 iterum
921 4341 935 4375 :
966 4324 1150 4379 Justus
1173 4326 1232 4385 in,
1251 4331 1505 4401 principio
1533 4343 1803 4387 accusator
1828 4346 1902 4388 est
1931 4340 2014 4391 sui

2138 1881 2287 1951 ligite
2312 1879 2610 1948 justitiam,
2642 1888 2697 1934 et
2722 1879 2846 1935 odio
2877 1879 3070 1934 habete
3098 1878 3456 1948 iniquitatem.
3487 1879 3588 1945 Qui
3636 1894 3718 1932 sa-

2137 1988 2238 2026 nus
2268 1980 2383 2036 est,
2417 1971 2670 2025 defendat
2707 1986 2765 2025 se
2799 1978 2955 2024 scuto
2983 1969 3139 2031 fidei,
3173 1984 3240 2023 ne
3266 1968 3593 2024 clandestina
3625 1984 3720 2022 an-

2139 2064 2270 2132 tiqui
2298 2064 2472 2118 hostis
2499 2063 2690 2132 sagitta
2717 2079 2840 2119 eum
2870 2063 3156 2116 vulnerare
3186 2061 3360 2116 valeat
3387 2061 3603 2131 (Ephes.
3629 2076 3680 2114 vl
3702 2102 3716 2122 ,

2140 2153 2262 2225 l6).
2312 2153 2368 2209 Si
2410 2154 2530 2225 quis
2571 2170 2698 2209 vero
2741 2161 2959 2224 propter
2998 2151 3339 2222 fragilitatem
3383 2152 3592 2215 carnis,
3633 2151 3718 2204 vel

2135 2255 2356 2314 propter
2413 2247 2789 2317 negligentiam
2838 2245 3337 2314 circumspectionis
3382 2241 3715 2305 vulneratur,

2135 2337 2294 2390 citius
2337 2337 2402 2390 ad
2446 2336 2804 2392 confessionis
2844 2335 3166 2391 medicinam
3209 2341 3482 2397 recurrat,
3513 2350 3581 2388 ne
3619 2349 3718 2403 per

2135 2426 2442 2482 illecebram
2489 2427 2640 2481 malae
2684 2427 3087 2482 consuetudinis
3128 2426 3214 2480 vix
3241 2427 3505 2481 eradicari
3539 2425 3713 2497 [ϐοά.

2137 2516 2273 2578 Sal.,
2309 2515 2629 2589 eradicare]
2669 2517 2846 2570 valeat
2880 2525 3178 2586 peccatum.
3219 2516 3356 2571 Tres
3393 2517 3535 2572 enim
3570 2532 3715 2570 mor-

2135 2618 2256 2663 tuos
2303 2609 2587 2663 Dominum
2634 2608 2814 2665 Jesum
2857 2610 3131 2664 Christum
3175 2609 3480 2678 evangelica
3526 2619 3713 2663 narrat

2136 2700 2362 2754 historia
2406 2700 2736 2756 suscitasse:
2785 2701 2948 2755 ﬁliam
2994 2700 3406 2770 arehisynagogi
3451 2700 3504 2754 in
3550 2700 3712 2755 domo

2135 2789 2152 2860 (
2180 2789 2372 2852 Μαῖα,
2401 2805 2432 2841 v
2452 2831 2465 2855 ,
2491 2789 2559 2844 58
2583 2807 2689 2860 seq.
2716 2789 2771 2861 ),
2814 2790 2980 2844 lilium
3011 2790 3184 2844 vidua:
3209 2797 3359 2844 extra
3389 2799 3601 2857 portam
3629 2792 3709 2845 ei-

2132 2881 2315 2934 vitatis
2353 2879 2522 2951 (Luc.
2553 2897 2663 2944 vn,
2695 2882 2762 2934 12
2785 2897 2890 2952 seq.
2918 2881 2966 2952 ),
2999 2880 3264 2934 Lazarum
3293 2880 3710 2949 quatriduanum

2132 2969 2196 3024 de
2224 2978 2570 3025 monumento
2599 2971 2665 3025 ad
2693 2971 2857 3024 vitam
2887 2970 3099 3024 vocavit
3122 2968 3301 3040 (Joan.
3325 2969 3426 3042 xi).
3455 2967 3553 3034 Qui
3585 2978 3710 3023 sunt

2136 3061 2190 3116 hi
2239 3070 2347 3116 tres
2383 3062 2614 3128 mortui,
2657 3063 2760 3116 nisi
2804 3061 2908 3116 tria
2949 3075 3146 3131 genera
3187 3061 3553 3129 peccantium,
3587 3077 3708 3130 qua:

2133 3153 2290 3207 modo
2331 3153 2570 3222 quotidie
2617 3153 2794 3207 divina
2842 3151 3220 3207 confitentibus
3268 3152 3528 3206 suscitare
3574 3152 3710 3206 solet

2129 3243 2333 3312 gratia?
2363 3242 2554 3297 Filiam
2581 3243 2807 3298 suscitat
2836 3242 2888 3295 in
2916 3243 3094 3304 domo.
3126 3243 3250 3296 dum
3278 3243 3704 3298 consentientem

2129 3335 2184 3389 iu
2221 3335 2383 3388 corde
2428 3348 2682 3403 peccare,
2722 3342 2999 3388 revocata
3037 3334 3243 3402 peccati
3282 3334 3698 3404 perpetratione.

2127 3425 2322 3479 Filium
2355 3425 2527 3480 vidum
2557 3434 2709 3481 extra
2752 3434 2956 3497 portam
2995 3425 3231 3480 civitatis
3274 3427 3529 3490 suscitat,
3576 3426 3704 3480 dum

2126 3524 2437 3581 peccantem
2490 3513 2624 3570 loris
2673 3517 2726 3570 in
2771 3530 2934 3585 Opere
2978 3517 3044 3570 ad
3088 3517 3417 3584 poenitentiae
3463 3516 3698 3570 medica-

2127 3611 2304 3658 menta
2333 3602 2622 3674 confugere
2651 3604 2799 3660 facit.
2841 3605 3114 3660 Fetentem
3144 3621 3271 3660 vero
3307 3605 3361 3658 in
3400 3605 3541 3658 mala
3572 3621 3704 3660 con-

2125 3694 2404 3749 suetudine
2436 3694 2678 3764 peccati,
2725 3696 2851 3754 dum
2895 3694 3158 3767 lacrymas
3193 3694 3524 3763 pmnitentiae
3551 3694 3701 3748 elicit

2122 3799 2188 3838 ex
2229 3784 2419 3847 corde,
2466 3785 2724 3850 suscitat,
2765 3793 2819 3840 et
2855 3797 2921 3838 ex
2967 3783 3325 3840 ecclesiastica
3372 3783 3704 3838 auctoritate

2121 3876 2328 3930 solvere
2367 3891 2488 3930 eum
2512 3873 2694 3944 jubet,
2743 3879 2805 3929 ut'
2842 3875 3034 3945 dignus
3073 3876 3142 3929 sit
3181 3874 3560 3929 communione
3595 3874 3701 3928 Do.

2121 3965 2249 4019 mini
2267 4007 2280 4029 ,
2311 3973 2364 4020 et
2388 3966 2657 4036 particeps
2684 3967 2824 4020 sacri
2853 3966 3040 4024 altaris
3065 3964 3343 4025 elliciatnr.

2190 4055 2316 4112 Htec
2343 4057 2593 4126 cogitate,
2617 4055 2918 4111 charissimi
2945 4055 3160 4121 fratres,
3185 4056 3312 4110 etin
3337 4055 3699 4126 qualicunque

2118 4148 2307 4202 harum
2346 4148 2508 4202 trium
2546 4149 2795 4202 mortium
2835 4162 3030 4219 genere
3069 4148 3113 4202 si
3155 4149 3276 4216 quis
3295 4147 3507 4215 jaceat,
3540 4149 3701 4204 citius

2117 4237 2183 4291 ad
2207 4237 2559 4292 confessionis
2586 4239 2959 4307 probatissima
2985 4237 3375 4292 medicamenta
3397 4237 3690 4309 confugiat,

2115 4328 2388 4384 salutifero
2412 4329 2743 4398 paenitentia:
2772 4343 2829 4383 se
2855 4329 3040 4383 abluat
3069 4329 3424 4382 medicamine
3451 4346 3463 4381 :
3495 4336 3553 4381 ut
3580 4343 3687 4384 non

447 4410 634 4503 (Prov.
657 4428 818 4476 mn,
851 4413 958 4486 l7).
991 4414 1047 4470 Si
1070 4413 1264 4484 justus,
1297 4429 1497 4488 quanto
1523 4423 1696 4492 magis
1723 4427 2017 4492 peccator?
2039 4443 2088 4503 υ
2113 4417 2179 4470 ad
2212 4416 2473 4485 judicium
2515 4417 2893 4482 damnationis,
2922 4415 3013 4472 sed
3042 4418 3109 4470 ad
3131 4417 3360 4471 salutem
3388 4417 3694 4472 sanctifica-

515 4501 579 4557 Si
600 4501 739 4563 forte
765 4503 898 4568 dicis
925 4519 1047 4558 cum
1076 4505 1356 4563 Psalmista
1383 4527 1396 4562 :
1431 4509 1551 4564 Dixi
1568 4552 1582 4576 ,
1605 4513 1887 4582 conﬁtebor
1913 4515 2008 4568 ad-

445 4605 652 4651 uersum
683 4608 763 4646 me
789 4593 1104 4662 injustitiam
1152 4613 1320 4652 meam
1379 4598 1602 4656 Domino
1631 4601 1816 4674 (Psal.
1846 4620 1970 4658 xxxi
1990 4645 2003 4668 ,

441 4680 537 4751 Si).
578 4680 646 4747 Et
675 4696 775 4753 ego
804 4699 925 4739 eum
952 4686 1140 4740 eodem
1179 4687 1352 4742 dicam
1381 4707 1392 4742 :
1427 4689 1689 4754 Quoniam
1725 4694 1898 4756 tacui,
1926 4695 2008 4748 iu-

442 4779 788 4835 eeterat'erunt
813 4789 932 4830 ossa
957 4791 1071 4828 mea
1098 4774 1260 4848 (Ibid.
1291 4793 1421 4832 vers.
1451 4780 1526 4850 3).
1561 4780 1628 4834 Et
1658 4781 1852 4835 iterum
1884 4799 2004 4837 cum

439 4863 543 4925 alio
562 4865 849 4936 propheta:
874 4865 1310 4937 Computruerunt
1323 4870 1562 4940 jumenta
1587 4872 1642 4930 in
1667 4881 1888 4926 stercore
1908 4891 2003 4928 suo

440 4953 606 5024 μορι.
636 4971 692 5020 ι,
723 4955 841 5028 17).
871 4955 1009 5024 Quid
1040 4966 1122 5014 est
1153 4959 1378 5033 (autem)
1404 4960 1646 5032 iumenta
1678 4963 1730 5016 in
1762 4971 2003 5019 stercore

435 5060 535 5104 Illo
557 5055 894 5117 putrescere,L
912 5047 1012 5103 nisi
1035 5049 1350 5112 criminosus
1378 5067 1617 5122 quosque
1641 5053 1691 5107 in
1721 5055 2001 5124 putredine

433 5145 776 5212 peccatorum
812 5153 1032 5197 suorum
1067 5139 1292 5209 jacere?
1330 5141 1432 5208 Qui
1460 5153 1675 5211 peccat.
1695 5143 1880 5212 jacet;
1909 5148 2000 5215 qui

434 5223 1226 5300 conittetw,surgit[Ced._Sal.
1255 5232 1478 5306 surget].
1505 5233 1604 5302 Qui
1629 5237 1997 5305 pmnitentiam

431 5317 570 5386 agit,
618 5319 907 5382 revertitur
951 5322 1018 5376 ad
1066 5331 1276 5392 patrem
1321 5340 1504 5389 suum,
1558 5327 1696 5382 sicut
1741 5329 1999 5398 prodigus

434 5404 572 5460 ﬁlius
594 5407 648 5462 in
675 5407 962 5479 Evangelio
986 5411 1182 5480 legitur.
1209 5413 1439 5468 dixisse:
1471 5414 1716 5485 Surgam,
1744 5426 1791 5470 et
1817 5417 1901 5470 ibo
1924 5418 1993 5470 ad

429 5504 630 5562 patrem
670 5513 840 5556 mm
859 5539 874 5564 ,
903 5510 951 5553 et
977 5501 1150 5562 dicam
1176 5504 1233 5566 ei,
1255 5519 1272 5556 :
1297 5505 1700 5574 pater!-peccari
1725 5506 1780 5559 in
1807 5505 1989 5560 caelum

2113 4506 2276 4560 tionis
2311 4509 2673 4562 communicet
2709 4521 2934 4576 corpore
2960 4515 3013 4561 et
3043 4507 3304 4575 sanguine
3335 4506 3555 4561 Domini
3587 4522 3686 4560 no-

2115 4597 2212 4650 stri
2241 4596 2367 4651 Iesu
2397 4598 2620 4655 Christi.
2647 4598 2860 4653 Etcum
2888 4599 3182 4668 gratiarum
3223 4598 3435 4652 actione
3477 4610 3690 4664 semper

2114 4699 2468 4744 rememorate
2515 4692 2783 4759 quomodo
2825 4707 2920 4745 vos
2971 4691 3149 4744 divina
3200 4687 3572 4744 misericordia
3622 4687 3699 4742 de-

2116 4789 2258 4834 terra
2292 4783 2634 4836 tenebrarum
2661 4790 2716 4836 et
2743 4780 2991 4851 frigoris,
3024 4781 3090 4837 de
3115 4780 3334 4848 regione
3370 4777 3688 4848 ignorantiae

2104 4880 2160 4931 ct
2189 4872 2484 4940 iniquitatis
2504 4913 2518 4937 ,
2560 4871 2831 4926 transtulit
2871 4872 2922 4925 in
2951 4871 3067 4926 loca
3109 4871 3244 4926 lucis
3270 4878 3326 4924 et
3365 4869 3567 4924 laetitiae
3587 4908 3601 4932 ,
3631 4869 3686 4922 in

2103 4961 2814 5018 tabernacula'abundantize
2837 4971 2892 5020 et
2909 4960 3133 5028 iustitia;
3157 4977 3170 5012 :
3199 4969 3254 5014 et
3277 4959 3440 5030 elegit
3463 4972 3559 5014 vos
3581 4958 3693 5016 sibi

2101 5051 2156 5105 in
2199 5051 2338 5106 ﬁlios
2376 5055 2576 5122 pietate
2621 5063 2876 5122 paterna,
2923 5060 2983 5106 ut
3021 5064 3120 5119 per
3161 5065 3257 5105 vos
3297 5063 3493 5104 nomen
3539 5048 3686 5102 illius

2104 5143 2384 5200 nuntietur
2407 5145 2460 5199 in
2486 5145 2751 5216 gentibus.
2783 5142 3081 5213 Sequimini
3115 5141 3341 5211 vestigia
3369 5146 3684 5201 sanctorum

2104 5233 2342 5298 Patrum,
2361 5244 2415 5288 et
2440 5237 2604 5290 nolite
2633 5236 2686 5289 in
2708 5237 2989 5290 catholicae
3018 5235 3143 5291 ﬁdei
3169 5234 3483 5306 religionem
3512 5247 3686 5291 novas

2102 5327 2354 5381 inducere
2393 5335 2585 5384 sectas.
2631 5327 2828 5381 Cavete
2869 5328 3020 5383 vobis
3065 5339 3392 5382 veneuosuin
3432 5323 3684 5379 erraticas

2099 5414 2407 5470 infcctionis
2433 5415 2754 5470 fermentum
2779 5432 2794 5470 :
2827 5419 2920 5472 sed
2948 5417 3002 5472 in
3032 5416 3343 5472 sinceritate
3370 5421 3425 5469 et
3450 5411 3684 5467 veritate

2098 5507 2476 5561 mundissimos
2502 5522 2670 5562 sacrae
2701 5509 2823 5562 ﬁdei
2852 5525 3020 5578 panes
3047 5509 3336 5564 comeditc:
3376 5516 3429 5562 et
3459 5501 3642 5558 vinlim
3661 5543 3688 5570 ο.

503 5643 536 5676 ι
571 5629 1014 5708 Sacramentario.
1055 5634 1135 5690 An
1185 5634 1242 5690 S.
1291 5635 1531 5706 Gregorii
1577 5636 1749 5707 Magni
1814 5635 2304 5690 Sacramentarium
2348 5637 2618 5708 intelligit,
2689 5641 2738 5694 in
2805 5655 2911 5707 quo
2963 5636 3409 5694 reconciliationis
3473 5635 3678 5690 oratio~

431 5714 525 5762 pes
554 5700 808 5754 exstant?
834 5699 1018 5755 Csms.
