4070 6182
311 356 410 415 ιιι

1761 346 2141 409 EPISTULA-2.

3468 347 3574 413 ΜΞ

312 472 462 542 quod
503 471 681 527 diana
712 472 903 529 electis
941 471 1055 528 suis
1092 470 1308 527 miscuit
1340 467 1636 538 sapientia,
1677 467 1843 527 bibite
1870 482 1884 514 τ
1915 476 1960 531 Α
1990 465 2110 523 dem
2129 505 2142 528 ,
2173 473 2228 523 et
2255 462 2415 532 hujus
2440 461 2665 532 perfecti
2690 462 2871 531 operis
2894 464 3039 533 apud
3065 463 3309 519 hmiiiues
3336 429 3572 521 laniem.

313 571 372 617 et
397 568 618 617 cantate
648 560 807 633 ιω
830 560 942 617 Deo
984 568 1166 617 vestro
1204 560 1259 615 in
1293 557 1582 616 concordia
1613 558 1791 627 pacis,
1835 565 1892 612 et

315 653 673 712 unanimitate
701 652 983 708 cbaritatis
1009 661 1280 723 perpetuus
1306 650 1578 707 canticum
1608 648 1807 714 laudis,
1835 656 1891 704 et

315 759 441 800 cum
484 744 674 798 militia
712 743 918 799 caelesti
946 758 1182 799 consona
1212 755 1342 797 voce
1377 740 1593 798 laudate
1622 739 1792 795 Deum
1838 747 1894 793 et

312 836 524 894 dicite:
577 834 758 893 Gloria
794 838 851 893 in
879 835 1091 891 excelsis
1128 835 1271 900 Deo,
1310 843 1359 890 et
1392 834 1448 889 in
1483 841 1624 887 terra
1658 847 1765 903 pas
1796 831 1894 885 Ito—

312 928 549 985 minibus
591 928 738 983 boni:
779 926 1059 982 voluntatis
1089 925 1260 999 (Luc.
1286 923 1516 996 ιι,14).
1567 923 1755 981 Divina
1797 936 1894 977 vos

311 1018 614 1088 przeveniat
652 1017 823 1091 gratia
841 1058 856 1083 ,
887 1026 943 1073 et
967 1017 1324 1086 subsequatur
1349 1015 1547 1086 ubique
1576 1013 1892 1077 clementia,

309 1115 367 1163 et
394 1106 453 1164 in
479 1108 629 1164 omni
658 1124 820 1180 opere
847 1110 991 1165 bono
1017 1106 1211 1164 florere
1239 1106 1431 1171 faciat,
1464 1106 1564 1165 viri
1596 1103 1789 1163 fratres
1816 1105 1896 1163 di—

311 1195 597 1256 lectissimi
628 1208 685 1254 et
708 1197 1035 1255 sanctissimi
1061 1204 1263 1267 patres.

806 1347 833 1374 ι
873 1333 1199 1390 EPISTULA
1239 1333 1417 1389 CXIII.

716 1442 781 1479 λυ
819 1440 1082 1480 ιιλιιιικυιι
1120 1441 1279 1480 ΡᾹἸἮΙ
1288 1440 1520 1480 ARCIIAI.

918 1516 938 1589 (
961 1518 1114 1572 Anno
1144 1516 1268 1573 800.
1293 1515 1313 1589 )

310 1632 531 1700 Laudat
578 1629 708 1700 ejus,
736 1626 967 1700 libellum
1009 1627 1074 1680 de
1115 1627 1382 1700 tangatione
1418 1627 1592 1700 ﬁdeia
1629 1628 1905 1700 et__e:reitot

376 1699 543 1753 illum
575 1695 646 1752 a'd
675 1695 1008 1751 debellandos
1035 1695 1290 1765 quosdam
1330 1711 1532 1750 errores
1573 1696 1627 1750 in
1668 1695 1906 1749 Ecclesia

377 1769 707 1824 morientes.

378 1886 623 1942 Domino
649 1886 703 1940 in
729 1883 961 1940 Domino
982 1883 1322 1939 dominorum
1346 1882 1716 1946 dilectissimo,
1742 1890 1796 1934 et
1818 1882 1906 1951 pio

312 1980 465 2037 Patri
496 1979 723 2034 Paulino
746 1977 1069 2049 patriarchae
1097 1976 1344 2032 salutem.

384 2071 600 2126 Videor
625 2069 845 2141 aliquod
871 2083 958 2124 me
985 2067 1327 2139 refrigerium
1354 2068 1552 2123 habere
1574 2066 1741 2121 animi
1769 2066 1899 2128 mei,

312 2173 373 2219 ut
413 2164 642 2219 ﬂamma
687 2162 972 2217 cbaritatis
1012 2162 1067 2215 in
1109 2160 1273 2216 corde
1315 2158 1627 2216 abscondita
1670 2157 1901 2226 aliquam

313 2256 557 2312 fortasse
584 2253 872 2310 scintillam
913 2253 1110 2309 elicere
1147 2252 1361 2309 valeat:
1401 2265 1469 2307 ne
1506 2259 1678 2307 totum
1718 2259 1899 2320 torpe-

313 2357 437 2404 seat
488 2347 633 2416 quod
681 2347 829 2401 intus
878 2346 1135 2416 ignescit,
1185 2346 1310 2401 dum
1357 2353 1717 2416 opportunum
1767 2343 1898 2398 mihi

316 2450 573 2508 tempus,
624 2436 828 2506 aliquid
873 2444 976 2491 tua:
1022 2436 1260 2492 scribere
1306 2435 1586 2499 charitati,
1636 2435 1894 2490 occurrit.

315 2528 507 2596 Quid?
546 2541 671 2582 cum
716 2526 1066 2581 beatitudinis
1108 2534 1303 2582 vestrae
1343 2526 1552 2579 litteras
1587 2526 1731 2579 omni
1780 2525 1900 2579 {avo

316 2618 594 2673 dulciores
641 2617 833 2672 intueri
880 2630 1106 2681 mereor,
1154 2632 1334 2671 nonne
1374 2617 1560 2670 videor
1601 2615 1732 2669 mihi
1763 2616 1903 2670 inter

320 2710 504 2765 varios
531 2709 770 2780 paradisi
799 2708 957 2763 ﬂores
986 2717 1132 2763 totus
1170 2707 1515 2769 conversari,
1549 2715 1604 2760 et
1630 2706 1785 2761 avida
1813 2707 1904 2761 de-

319 2801 503 2856 siderii
521 2800 627 2855 mei
656 2801 874 2857 dextera
903 2799 1176 2869 spiritales
1200 2798 1393 2854 exinde
1416 2811 1641 2867 carpere
1663 2795 1905 2851 fructus?

320 2892 536 2959 Quanto
567 2891 741 2961 magis
770 2906 891 2945 cum
919 2889 1300 2946 sacratissima:
1329 2888 1450 2943 ﬁdei
1478 2895 1672 2942 vestrae
1699 2886 1727 2926 b
1757 2885 1905 2942 libel-

323 2982 440 3038 lum
487 2981 767 3048 recensui,
816 2980 1097 3037 catholicae
1142 2981 1293 3051 pacis
1337 2979 1570 3050 puritate
1618 2988 1901 3042 ornatum,

320 3072 649 3143 eloquentiae
691 3080 974 3128 venustate
996 3070 1484 3140 iucundissimum,
1514 3085 1767 3126 sensuum
1810 3084 1902 3124 ve-

2001 552 2227 623 Semper
2253 552 2655 615 ferventissimo
2685 551 2923 608 charitas
2950 560 3124 607 vestra
3167 561 3342 613 castra
3380 568 3574 623 perpe-

2000 642 2075 697 tui
2106 641 2248 714 regis
2273 642 2510 710 undique
2550 641 2917 696 invictissimis
2955 639 3080 696 fidei
3112 640 3312 712 elypeis
3337 640 3573 703 muniat,

1998 747 2066 787 ne
2106 732 2314 802 antiqui
2359 732 2532 787 hostis
2570 731 2815 786 versutia
2855 730 3033 800 aliqua
3070 744 3136 789 ex
3175 738 3330 801 parte
3371 729 3575 789 aditum

1998 841 2110 883 sua}
2136 827 2391 895 nequitia:
2419 825 2663 882 invenire
2687 823 2882 880 valeat.
2923 823 3038 883 Etsi
3078 823 3166 879 ille
3198 823 3347 878 mille
3385 823 3578 879 habeat

1996 926 2143 974 artes
2172 917 2429 983 nocendi,
2458 916 2628 971 multo
2655 916 2829 986 magis
2851 914 3007 971 nobis
3031 928 3254 970 necesse
3282 912 3440 986 147
3464 922 3577 978 est,

1999 1006 2145 1065 mille
2173 1007 2375 1069 habere
2403 1013 2547 1061 artes
2577 1003 2896 1061 defendendi
2917 1044 2933 1070 ,
2961 1003 3307 1059 credentibus
3336 1002 3390 1058 in
3420 1019 3545 1061 eum
3562 1045 3579 1067 .

1998 1098 2091 1167 qui
2118 1098 2196 1152 ait
2223 1115 2235 1150 :
2269 1095 2546 1167 Couﬁdite,
2575 1111 2668 1166 ego
2695 1095 2791 1149 vici
2817 1093 3071 1149 mundum
3099 1092 3296 1167 (Joan.
3324 1110 3437 1161 xvt,
3462 1093 3576 1162 55).

2001 1188 2165 1259 Cujus
2191 1188 2365 1260 pietas
2391 1187 2546 1245 nobis
2572 1186 2900 1257 przevidebat
2927 1186 3116 1256 agonia
3147 1197 3360 1257 tempus
3402 1195 3581 1243 trans-

2003 1279 2258 1346 itorium,
2303 1286 2365 1334 ut
2409 1276 2861 1335 remunerationis
2904 1284 3050 1333 esset
3098 1285 3439 1347 perpetuum.
3487 1273 3582 1329 Illo

2004 1370 2153 1439 prior
2197 1368 2429 1425 calcavit
2475 1376 2638 1437 caput
2681 1365 2853 1423 leonis
2896 1374 2950 1422 et
2996 1366 3283 1432 draconis;
3338 1366 3581 1439 nobisque

2003 1459 2145 1514 dedit
2168 1468 2467 1531 potestatem
2492 1458 2730 1513 calcandi
2753 1474 2907 1528 super
2930 1466 3186 1527 serpentes
3210 1465 3258 1510 et
3284 1457 3580 1529 scorpiones

2006 1549 2176 1621 (Luc.
2208 1567 2239 1604 ι
2260 1591 2275 1615 ,
2304 1550 2371 1605 19
2392 1549 2410 1621 )
2431 1590 2446 1614 ,
2479 1558 2533 1604 et
2560 1563 2749 1605 omnes
2778 1548 3062 1605 haereticos
3099 1548 3421 1618 pravitates,
3462 1562 3585 1618 qum

2008 1648 2135 1696 sunt
2159 1650 2327 1711 portis
2355 1640 2542 1707 inferi,
2573 1640 2880 1711 superandi.
2926 1639 3005 1694 Tu
3037 1654 3167 1695 vero
3188 1678 3202 1704 ,
3232 1638 3316 1692 vir
3358 1648 3580 1711 aposto-

2010 1730 2132 1794 lice,
2162 1730 2265 1785 hac
2289 1737 2527 1784 armatus
2553 1736 2838 1798 potestate,
2872 1727 3100 1782 viriliter
3129 1743 3335 1799 pugna,
3370 1725 3586 1795 fortiter

1939 1822 1983 1879 B
2011 1821 2192 1885 vince,
2236 1826 2296 1874 ut
2333 1817 2560 1873 feliciter
2606 1832 2795 1887 regnes
2842 1832 2965 1875 cum
3012 1816 3248 1873 Christo.
3287 1817 3422 1883 Heu,
3448 1818 3583 1888 proh

2007 1909 2191 1964 dolor!
2230 1906 2385 1967 multi
2416 1906 2593 1963 solent
2620 1906 2849 1976 desuper
2879 1912 3187 1963 contextam
3217 1903 3416 1963 Christi
3448 1905 3589 1960 tuni-

2007 2014 2129 2054 cam
2179 1998 2450 2054 haereticis
2494 1995 2741 2053 scindere
2782 1995 3085 2065 unguibus,
3124 2004 3177 2050 et
3219 1995 3272 2049 in
3319 2009 3451 2064 pace
3491 1993 3590 2059 Ec-

2004 2090 2181 2146 clesia:
2212 2090 2418 2155 facere,
2449 2088 2592 2158 quod
2618 2087 2821 2142 milites
2860 2087 2913 2141 in
2953 2086 3205 2156 passione
3243 2084 3444 2146 Christi
3484 2101 3590 2142 non

2010 2180 2125 2235 ausi
2158 2188 2285 2234 sunt
2313 2178 2509 2234 facere.
2559 2176 2921 2247 Quapropter,
2965 2174 3270 2230 venerande
3310 2173 3491 2239 Pater,
3537 2184 3593 2233 et

2000 2270 2311 2326 doctissime
2362 2270 2563 2325 athleta
2589 2310 2605 2335 ,
2663 2277 2718 2324 et
2771 2266 3083 2324 dulcissime
3139 2266 3358 2333 doctor,
3418 2268 3588 2323 simus

1999 2376 2211 2433 semper
2239 2361 2291 2416 in
2317 2362 2511 2418 castris
2539 2360 2740 2418 Christi
2767 2358 3286 2432 commanipulares,
3316 2369 3372 2416 et
3399 2359 3452 2416 in
3481 2376 3587 2417 una

1998 2453 2142 2518 acie,
2171 2453 2271 2508 sub
2298 2452 2492 2508 vexillo
2531 2459 2734 2508 sancta
2772 2452 2949 2507 crucis
2991 2450 3244 2506 concordi
3278 2451 3504 2506 consilio
3532 2459 3591 2507 et

2000 2543 2198 2596 \irtute
2228 2543 2535 2614 praaliantcs
2554 2583 2570 2607 ,
2603 2550 2663 2596 ut
2693 2557 2819 2597 suos
2847 2541 3187 2597 adversarios
3220 2558 3317 2613 per
3351 2557 3453 2597 nos
3478 2542 3591 2597 vin-

2001 2640 2120 2697 cat,
2149 2633 2241 2701 qui
2268 2633 2409 2689 vinci
2436 2649 2545 2688 non
2572 2641 2772 2702 potest.

2068 2722 2096 2763 ἀ
2120 2722 2274 2780 Nunc
2297 2725 2490 2779 iterum
2512 2724 2770 2794 antiquus
2790 2738 3014 2793 serpens
3032 2725 3098 2780 de
3118 2725 3295 2780 dumis
3317 2725 3591 2794 llispanici

2005 2812 2167 2877 ruris,
2200 2820 2255 2867 et
2289 2815 2355 2870 de
2389 2814 2661 2886 speluncis
2686 2821 2963 2870 venenatae
2986 2813 3231 2885 perﬁdiae
3253 2815 3551 2871 contritum
3574 2856 3587 2879 .

2006 2914 2113 2955 non
2146 2901 2395 2957 herculea
2437 2904 2531 2958 sed
2560 2903 2870 2974 evangelica
2911 2903 3065 2959 clava
3086 2944 3103 2968 ,
3148 2911 3311 2974 caput
3353 2904 3594 2971 relevare

2006 3001 2249 3057 conatur,
2296 3004 2350 3049 ct
2393 2995 2667 3064 prioribus
2708 2996 2963 3067 nequitiae
3008 2995 3217 3067 poculis
3244 3010 3381 3050 nova
3430 2995 3595 3051 malc-

2008 3085 2258 3141 dictionis
2322 3087 2497 3141 toxica
2536 3084 2882 3142 immiscere.
2940 3085 3049 3141 Sed
3102 3094 3157 3141 et
3207 3084 3595 3156 frigidissimus

326 3163 487 3217 ritate
515 3161 884 3217 ﬁrmissimum
910 3179 926 3215 :
960 3161 1123 3216 totius
1148 3160 1311 3215 animi
1336 3160 1441 3216 mei
1466 3160 1705 3216 habenas
1729 3159 1784 3214 in
1809 3158 1900 3217 ιω-
1927 3160 1972 3221 C
2008 3186 2031 3215 e
2053 3177 2441 3246 aquilovcmus
2459 3175 2576 3231 alio
2597 3175 2667 3230 de
2686 3174 2856 3231 latere
2882 3174 3113 3231 solidum
3128 3175 3388 3231 Ecclesia,
3410 3174 3595 3245 ίωνει,

325 3254 500 3309 titiam
526 3253 724 3308 laxavi.
755 3253 854 3308 Ubi
884 3253 952 3307 de
979 3251 1443 3308 unolueidissimo
1468 3259 1525 3307 et
1550 3250 1905 3311 saluberrimo

326 3344 563 3413 paradisi
604 3342 754 3401 fonte
795 3351 1028 3414 quatuor
1064 3343 1328 3401 virtutum
1367 3341 1586 3399 ﬂumina
1627 3341 1798 3415 (Gen.
1829 3360 1899 3410 ll,

328 3436 460 3504 ιθ),
496 3451 603 3492 non
633 3434 806 3491 solum
832 3434 1087 3491 Ausoniae
1110 3433 1402 3492 fertilitatis
1416 3441 1588 3505 prata,
1620 3434 1711 3490 sed
1742 3435 1910 3491 totius

327 3527 711 3583 ecclesiasticae
737 3525 1049 3583 Latinitatis
1076 3540 1203 3580 rura
1241 3525 1468 3596 irrigare
1492 3526 1764 3595 conspexi.
1799 3524 1898 3588 Ubi

323 3628 379 3671 et
402 3618 716 3673 aurivomos
744 3617 1101 3689 spiritualium
1128 3632 1380 3675 sensuum
1410 3619 1646 3689 gurgites
1673 3618 1899 3690 gemmis

322 3708 622 3766 scolastica:
649 3709 970 3765 urbanitatis
993 3709 1264 3765 abundare
1292 3709 1549 3766 intellexi.
1575 3709 1747 3777 Quam
1778 3709 1897 3778 plu—

270 3868 281 3877 .
324 3801 480 3858 rimis
523 3816 655 3857 vero
700 3800 1072 3872 profuturum,
1111 3809 1167 3856 et
1202 3803 1659 3871 pernecessarium
1701 3800 1902 3854 fecistis

323 3907 458 3962 opus
486 3902 509 3930 ο
540 3892 598 3946 in
624 3891 902 3947 catholicae
932 3891 1059 3947 lidei‘
1084 3892 1371 3956 taxatione,
1400 3891 1542 3959 quod
1569 3890 1662 3945 diu
1687 3887 1897 3956 optavi,

321 3992 378 4039 et
407 3982 607 4053 saepius
635 3981 852 4038 domino
873 3982 984 4052 regi
1012 3981 1191 4047 suasi,
1217 3990 1278 4037 ut
1298 3980 1602 4052 symbolum
1624 3975 1902 4033 catholicae

322 4071 447 4126 ﬁdei
483 4070 817 4142 planissimis
854 4071 1101 4126 sensibus
1140 4079 1197 4126 et
1225 4071 1564 4127 sermonibus
1591 4066 1902 4123 luculentis-

322 4162 474 4219 simis
500 4163 557 4218 in
584 4162 747 4218 unam
776 4170 1199 4234 congregaretur
1222 4161 1522 4217 chartulam
1543 4201 1557 4224 ,
1591 4168 1648 4215 et
1672 4174 1769 4229 per
1793 4158 1903 4213 sin-

321 4254 474 4324 gulas
520 4254 908 4325 episcopalium
946 4253 1271 4325 regiminum
1325 4251 1609 4321 parochias
1656 4249 1903 4303 omnibus

322 4344 545 4400 daretur
580 4345 912 4419 presbyteris
947 4342 1174 4415 legenda
1213 4340 1593 4411 memoriaeque
1632 4352 1905 4395 commen-

324 4434 544 4501 danda;
585 4442 886 4504 quatenus,
924 4434 1050 4491 licet
1092 4433 1272 4505 lingua
1320 4432 1529 4488 diversa
1568 4430 1895 4501 loqueretur,

320 4542 429 4580 una
471 4534 655 4581 tamen
693 4524 826 4580 fides
867 4528 1067 4593 ubique
1106 4532 1401 4579 resonaret.

390 4616 569 4671 Ecce!
596 4615 740 4685 quod
765 4630 884 4669 mea
908 4614 1115 4684 optavit
1138 4613 1434 4678 humilitas,
1462 4622 1638 4668 vestra
1666 4611 1902 4683 implevit

321 4706 648 4765 sublimitas.
698 4704 871 4761 Habet
916 4704 1057 4776 apud
1105 4703 1295 4759 salutis
1346 4712 1541 4758 nostrm
1589 4713 1897 4766 auctorem,

319 4805 643 4870 perpetuam
671 4798 877 4853 scilicet
900 4805 957 4853 et
982 4794 1143 4865 hujus
1169 4796 1324 4850 bonae
1368 4794 1658 4849 voluntatis
1698 4810 1903 4849 meroe-

392 4941 417 4967 ι
452 4928 595 4982 Edit.
624 4927 879 4995 Quercet.
901 4927 990 4989 8l,
1015 4925 1197 4981 Canis.
1223 4922 1573 4995 60,,Froben.
1606 4927 1660 4980 9.

393 4999 421 5037 l-
454 4996 610 5053 Fidei
636 4994 816 5052 uestrae
855 4995 1115 5052 libellum.
1137 4995 1252 5050 Non
1285 4994 1449 5048 alium
1475 5003 1604 5061 puto
1638 5010 1797 5064 quam
1838 4996 1902 5050 il-

324 5067 854 5149 lum,_quem"statim
882 5067 1103 5121 inferius
1123 5064 1403 5121 catholicze
1432 5064 1549 5117 fidei
1578 5066 1907 5122 taxationem

322 5138 573 5206 appellat.
606 5138 724 5193 Vid.
755 5145 870 5192 not.
901 5152 1015 5207 seq.

394 5218 417 5244 ε
445 5205 730 5285 Catholica:
759 5208 885 5285 ﬁdei
928 5207 1211 5285 taxatione.
1254 5205 1380 5260 Haec
1409 5203 1474 5258 de
1501 5221 1520 5254 ι
1553 5203 1903 5285 [legulatidei

323 5277 550 5348 metrico
568 5273 904 5348 promulgata
928 5276 1048 5348 styli
1076 5291 1355 5348 mucrone,
1377 5290 1547 5348 Qqua:
1567 5273 1708 5348 inter
1728 5273 1900 5348 Opera

323 5345 535 5417 Paulini
563 5343 692 5402 edit.
718 5343 935 5404 Ma'dris.
967 5343 1143 5403 exstat
1166 5362 1291 5417 pag.
1333 5343 1740 5417 169,_iutelligit_
1761 5344 1899 5417 idem

321 5416 408 5469 vir
433 5417 505 5470 cl.
542 5417 596 5471 in
634 5418 750 5472 Vita
790 5419 966 5474 sancti
997 5412 1207 5471 Paulini
1240 5412 1364 5487 cap.
1412 5414 1509 5487 ll,
1539 5412 1686 5469 num.
1712 5412 1765 5467 4.
1797 5412 1900 5487 Sed

320 5499 543 5541 carmen
571 5487 702 5541 illud
730 5487 989 5544 Aleuiuus
1018 5488 1102 5540 vix
1135 5487 1266 5540 tanti
1312 5484 1531 5550 fecerit,
1573 5492 1632 5538 ut
1660 5499 1758 5555 per
1792 5484 1902 5555 sin-

319 5556 477 5625 gulas
501 5556 881 5627 episcopalium
913 5556 1232 5628 regiminum
1250 5556 1534 5628 parochias
1559 5554 1902 5628 singulisda-

322 5624 476 5698 retur
518 5624 845 5698 presltj'teris
891 5624 1200 5698 legéndutn,
1236 5624 1611 5698 memoriaeque
1643 5624 1902 5698 mandari;

317 5694 470 5749 dum.
506 5694 618 5766 Ego
644 5694 783 5753 hanc
813 5694 1323 5766 tidei'taxationem,
1348 5694 1621 5766 totiusque
1660 5695 1898 5766 Symboli

320 5762 751 5837 explanationem
783 5768 923 5821 aliud
950 5765 1124 5821 sancti
1157 5762 1359 5816 Paulini
1386 5778 1518 5831 opus
1538 5762 1678 5818 raso
1702 5762 1899 5817 existi-

2008 3265 2124 3323 lens
2154 3268 2435 3338 parietem,
2465 3265 2606 3324 sacri
2632 3266 2974 3337 baptismatis
2998 3265 3276 3323 catholica:
3302 3275 3594 3323 consuetu—

2005 3358 2146 3414 dinis
2175 3359 2413 3429 regulam
2440 3360 2730 3414 immutare
2755 3359 2936 3415 nitens
2957 3398 2973 3424 ,
3017 3364 3073 3412 et
3113 3358 3215 3414 sub
3252 3357 3594 3414 invocatione

2001 3457 2201 3505 sancue
2228 3448 2509 3506 Trinitatis
2536 3449 2556 3488 τ
2586 3465 2751 3506 unam
2779 3457 3091 3507 asserentes
3114 3449 3438 3503 mersionem
3470 3447 3589 3502 tleri

2002 3539 2217 3603 debere,
2253 3540 2667 3608 triduanamque
2700 3540 2875 3595 nostri
2918 3538 3219 3595 Salvatoris
3254 3536 3601 3607 sepulturam.

2000 3630 2055 3684 in
2084 3630 2353 3699 baptismo
2394 3628 2598 3686 imitari
2642 3629 3006 3696 negligentes,
3041 3641 3163 3681 cum
3192 3624 3483 3694 Apostolus
3509 3624 3592 3681 di-

2001 3727 2180 3775 ceret:
2215 3717 2518 3787 Cousepulti
2547 3717 2683 3768 enim
2712 3716 2832 3769 estis
2861 3731 2979 3769 cum
3010 3713 3219 3771 Christo
3251 3716 3305 3775 in
3334 3714 3590 3788 baptismo

2004 3809 2182 3877 (Rom.
2212 3823 2286 3871 vi,
2317 3808 2388 3871 4;
2431 3803 2631 3859 Coloss.
2664 3823 2723 3868 ιι,
2757 3806 2865 3877 12).
2893 3806 2997 3861 Alii
3026 3822 3153 3863 vero
3181 3809 3375 3864 trinam
3409 3796 3591 3875 volen-

2003 3906 2093 3951 tes.
2118 3894 2294 3949 facere
2323 3893 2648 3950 mersionem
2690 3902 2745 3948 et
2771 3895 2825 3948 in
2850 3912 3173 3969 unaquaque
3210 3902 3480 3960 mersione
3506 3904 3588 3956 in-

2003 3985 2338 4042 vocationem
2368 3991 2571 4040 sanctaa
2599 3984 2881 4041 Trinitatis
2906 4000 2920 4038 :
2962 4001 3025 4039 ac
3054 4002 3151 4055 per
3179 3989 3283 4044 hoc
3309 3999 3451 4055 totas
3479 4001 3591 4061 tres

2001 4095 2262 4150 personas
2302 4088 2385 4133 ter
2420 4078 2699 4135 nominare
2737 4079 3031 4143 studentes,
3067 4079 3191 4139 dum
3222 4082 3340 4150 ipsa
3379 4081 3608 4155 Veritas.

2003 4171 2315 4242 praeciperet
2342 4186 2355 4225 :
2399 4168 2500 4235 Ile,
2531 4169 2709 4225 docete
2731 4186 2910 4225 omnes
2935 4180 3132 4242 gentes,
3157 4168 3479 4241 baptizautes
3503 4184 3592 4237 eos

2003 4264 2060 4318 in
2088 4264 2294 4318 nomine
2335 4263 2513 4320 Patris
2555 4273 2603 4318 et
2632 4262 2761 4318 Filii
2800 4274 2849 4318 et
2890 4264 3120 4335 Spiritus
3158 4263 3327 4319 sancti
3352 4260 3373 4333 (
3396 4261 3588 4319 Matth.

2004 4369 2193 4418 XXVIII,
2224 4354 2330 4426 l9).
2362 4353 2500 4422 Quid
2523 4368 2658 4425 opus
2684 4361 2767 4409 est
2795 4355 2955 4410 tertio
2986 4354 3299 4423 replicare.
3328 4352 3472 4422 quod
3499 4367 3587 4423 sq-

2004 4444 2109 4499 mel
2133 4444 2332 4499 dictum
2366 4442 2602 4498 sumcit?

1933 4511 1979 4568 υ
2076 4534 2170 4587 Est
2196 4548 2409 4603 quoque
2449 4532 2503 4586 in
2531 4531 2852 4601 quibusdam
2896 4531 3140 4588 clanculo
3180 4532 3485 4589 dubitatio:
3520 4548 3589 4593 an

2002 4624 2194 4676 animae
2217 4631 2527 4677 sanctorum
2552 4621 2917 4690 apostolorum
2934 4630 2990 4677 et
3004 4632 3321 4694 martyrum,
3339 4622 3589 4692 aliorum-

2002 4726 2107 4780 que
2135 4708 2495 4781 perfecturum
2534 4718 2660 4766 ante
2701 4710 2843 4766 diem
2867 4711 3056 4782 judicii
3092 4712 3143 4766 in
3184 4714 3402 4770 caeleste
3444 4715 3583 4787 reci;

2002 4801 2218 4870 piantur
2241 4814 2463 4870 regnum
2495 4803 2549 4856 ε..
2570 4799 2666 4854 llis
2685 4808 2742 4856 et
2766 4800 3074 4869 hujusmodi
3102 4802 3343 4871 spiculis,
3370 4804 3437 4859 de
3452 4803 3586 4873 pha-

2002 4948 2112 4992 mo.
2134 4933 2276 5002 quod
2302 4932 2540 4989 necdum-
2555 4933 2728 4989 lucem
2751 4932 2907 4989 vidit.

2033 5074 2045 5083 _
2072 5002 2099 5042 ά
2139 5002 2300 5083 148
2322 5002 2478 5083 Nunc
2500 5002 3114 5083 iterum.Elipuut_i,post
3139 5004 3335 5083 geticis
3358 5019 3584 5083 conver-

2002 5073 2233 5145 sionem,
2257 5073 2860 5145 pertinaciamargueic
2890 5073 3121 5145 videtur.
3142 5073 3398 5145 Pertinet
3420 5074 3585 5145 igitur

2002 5142 2227 5213 epistola
2251 5143 2316 5213 ad
2345 5158 2543 5197 annum
2571 5142 2845 5213 800CVid.
2878 5146 3034 5213 epist.
3069 5143 3189 5213 ιιοδ,

2074 5221 2100 5251 ο
2125 5208 2314 5278 Aquilo
2359 5221 2556 5266 uentus.
2597 5212 2689 5266 Illa
2715 5208 3112 5273 controversia,
3161 5211 3228 5267 de
3257 5212 3412 5267 unica
3444 5228 3583 5270 mer-

2000 5280 2151 5355 sione
2168 5280 2223 5332 in
2241 5279 2511 5355 baptismo
2530 5280 2792 5355 facienda,
2810 5282 3113 5355 agitabatur
3133 5298 3235 5355 non
3257 5282 3583 5355 :tputl_Aqui-

2001 5351 2215 5425 lunares
2240 5364 2332 5403 seu
2366 5351 2824 5425 Septentrionales
2843 5351 3199 5425 populos,sed
3220 5351 3365 5425 apud
3391 5351 3582 5425 Hispa-

1999 5435 2098 5493 nos
2116 5419 2231 5488 jam
2272 5425 2513 5493 tempore
2537 5419 2767 5493 Leandri
2797 5432 2853 5472 et
2878 5421 3123 5493 Gregorii
3148 5422 3189 5479 ι.
3218 5419 3582 5493 Ριειιιεςιιίιόδι

2001 5490 2165 5610 igi‘tur
2183 5488 2491 5611 ισεκᾶιθσδειδίο,
2527 5504 2629 5557 qua
2674 5489 2905 5544 alterum
2953 5488 3309 5562 Hispanorum
3337 5510 3578 5552 errorem

2003 5574 2075 5611 ιιι(
2098 5574 2178 5611 ica
2208 5598 2220 5611 .
2303 5574 2486 5611 assio.

2003 5574 2220 5614 ιιιίιιρειῑ.
2260 5574 2486 5612 DASVMB.

2002 5699 2026 5753 Γ
2075 5628 2104 5748 fl
2129 5628 2299 5681 ιἠωη
2322 5628 2648 5682 mersionem.
2675 5628 2813 5686 Vide
2831 5632 2989 5700 epist.
3013 5634 3082 5689 90
3108 5635 3174 5690 ad
3196 5635 3575 5706 Lugdunenses

2023 5715 2076 5751 ra
2110 5715 2212 5751 res.

2023 5706 2212 5751 rati-es.

2076 5772 2101 5810 ε
2134 5770 2203 5825 llr
2232 5769 2329 5823 hoc
2364 5784 2546 5824 errore
2571 5772 2821 5829 nonnulla
2859 5774 3131 5842 tetigimus
3154 5776 3209 5831 in
3235 5766 3565 5825 l'mfntiune.
