4070 6182
461 343 567 405 3p;
1333 335 1393 388 Β.
1425 335 1487 389 F.
1526 333 1752 390 ALBINI
1791 333 1922 388 SEU
1959 331 2065 385 ΑΜ

2170 329 2236 386 Νι
2273 330 2552 387 OPERUM
2592 329 2771 389 PARS
2806 331 2845 389 Ι.
3615 333 3721 389 5H

463 460 647 526 retris,
683 466 744 514 ut
779 454 989 511 animo
1007 492 1022 516 ,
1050 447 1316 518 exemptis
1341 447 1597 518 perﬁdiae,
1625 447 1887 501 unitatem
1911 459 2037 499 sau-
2067 448 2109 505 Α
2139 443 2396 499 Eeclesiis
2418 443 2640 498 Christi.
2675 444 2733 498 Si
2779 462 2840 500 ea
2869 445 3142 499 voluntate
3184 444 3349 499 vadas
3374 460 3476 514 qua
3506 446 3556 499 in
3587 446 3726 502 litte-

466 560 570 610 ωε
594 557 649 605 et
677 545 956 604 catholicae
999 540 1287 604 Ecclesiae,
1325 547 1379 594 et
1417 538 1698 592 veritatem
1727 535 2044 590 universalis
2143 535 2220 589 ris
2248 534 2597 590 beatitudinis
2639 544 2743 589 tuae
2789 535 3053 604 legebam,
3087 536 3289 604 optimc
3336 536 3465 589 mihi
3515 535 3728 604 placere

472 643 595 700 fidei
620 639 782 709 aliqui
811 637 1099 691 vulnerare
1128 634 1378 698 nitentes,
1411 632 1575 687 etiam
1601 640 1656 685 et
1682 630 2046 701 spurcissimis
2145 625 2338 690 fateor,
2361 626 2406 679 si
2427 635 2604 680 tamen
2631 626 3002 696 lnvenias,qui
3022 634 3258 680 vestrum
3285 627 3485 681 bonum
3509 626 3729 695 impleat

471 744 715 789 errorum
746 727 968 783 faecibus
990 723 1359 794 limpidissima
1385 722 1763 777 ecclesiasticae
1800 718 1922 773 ﬁdei
1953 733 2048 789 po—

471 822 589 878 cula
619 821 883 884 inliciunt,
915 827 968 874 et
995 817 1232 888 nuptiale
1271 817 1454 871 vinum
1474 857 1488 882 ,
1518 817 1660 885 quod
1699 814 1946 870 Christus
1981 826 2047 865 cx

471 927 613 983 aqua
639 911 844 983 Virgini
872 911 1028 965 Matri
1057 907 1238 982 (Joan.
1270 925 1332 972 ιι,
1361 906 1540 977 5-9),
1571 904 1826 960 Ecclesiae
1845 903 2050 958 scilicet

471 1011 693 1070 sancta,
733 1002 1022 1057 salubriter
1067 999 1364 1070 potandum
1412 996 1709 1060 convertit,
1755 995 1950 1049 iterum
1995 993 2050 1045 in

472 1109 643 1166 aquas
685 1093 928 1148 stultitiae
956 1091 1200 1147 converti
1230 1096 1513 1144 conantur.
1546 1085 1653 1142 Sed
1695 1093 1846 1140 tuum
1877 1092 1992 1147 est,
2018 1099 2052 1137 o

475 1196 659 1258 pastor
681 1187 851 1242 electe
876 1186 1074 1256 gregis,
1096 1194 1151 1240 et
1175 1190 1357 1239 custos
1377 1191 1656 1251 portarum
1679 1179 1912 1234 civitatis
1932 1175 2049 1242 Dei,

475 1281 568 1350 qui
592 1279 796 1336 clavem
827 1278 1065 1333 scientia:
1094 1283 1310 1346 potente
1345 1274 1566 1329 dextera
1600 1279 1776 1332 tenes,
1809 1279 1864 1324 et
1891 1269 2050 1339 quiu—

474 1388 582 1442 que
603 1371 806 1441 lapides
823 1368 1224 1438 limpidissimos
1244 1365 1376 1420 laeva
1401 1363 1671 1427 recondis,
1687 1361 2057 1429 blaspheman-

474 1473 558 1518 tes
582 1462 881 1516 exercitum
903 1460 996 1514 Dei
1020 1457 1251 1512 viventis
1274 1455 1571 1510 Philistmos
1594 1454 1648 1507 in
1671 1451 2054 1521 superbissimo

469 1554 687 1611 Goliath
703 1569 810 1608 uno
825 1553 936 1607 veri
945 1553 1069 1606 tatis
1087 1553 1195 1606 ictu
1216 1557 1358 1604 totos
1375 1556 1655 1603 conterere
1679 1544 1729 1615 (1
1753 1543 1877 1613 Reg.
1897 1541 2050 1608 xvu).

477 1646 732 1703 Nostrum
760 1654 842 1701 est
870 1645 1092 1700 elevatis
1120 1657 1242 1695 cum
1269 1640 1453 1710 Moyse
1484 1637 1732 1692 manibus
1757 1635 1810 1688 in
1836 1633 2052 1694 cmlum,

477 1737 795 1793 humilitatis
820 1735 1070 1806 precibus
1110 1741 1164 1786 te
1201 1729 1453 1798 adjuvare
1480 1726 1675 1798 (Exod.
1709 1741 1850 1787 xvn,
1885 1723 1973 1793 ll)
2003 1731 2057 1774 et

478 1839 724 1900 spectare
759 1845 880 1884 cum
925 1827 1094 1880 David
1133 1826 1187 1879 in
1219 1822 1579 1878 munitissima
1607 1819 1842 1874 civitatis
1882 1827 2053 1880 turre,

478 1921 648 1976 donec
675 1918 978 1990 speculator
1004 1932 1071 1971 ex
1101 1916 1210 1970 alto
1237 1914 1490 1971 culminis
1527 1911 1740 1980 fastigio
1775 1910 2057 1966 clamitans

477 2011 634 2066 nobis
665 2019 810 2064 tuam
853 2008 1138 2063 annuntiet
1169 2006 1448 2060 victoriam
1482 2003 1578 2075 (Il
1621 2001 1749 2071 Reg.
1790 2017 1922 2055 xvln
1944 2042 1958 2066 ,
1988 1999 2057 2053 24

479 2098 634 2171 seq.).
668 2098 750 2152 Ad
787 2106 838 2152 te
859 2098 1102 2153 omnium
1145 2096 1415 2165 aspiciunt
1442 2095 1605 2158 oculi,
1642 2092 1844 2160 aliquid
1872 2091 1939 2146 de
1967 2099 2059 2145 tuo

480 2189 887 2246 alllucntissimo
915 2188 1128 2257 eloquio
1162 2186 1382 2241 caeleste
1425 2184 1792 2238 desiderantes
1836 2183 2058 2245 audire;

483 2291 540 2338 et
564 2282 960 2338 ferventissimo
988 2279 1266 2348 sapientiai
1294 2275 1424 2339 sole,
1453 2274 1826 2342 frigidissimos
1847 2273 2064 2342 grandi-

485 2386 617 2427 uum
656 2369 889 2440 lapides,
938 2369 1030 2438 qui
1074 2366 1309 2421 culmina
1343 2364 1724 2434 sapientissimi
1762 2362 2064 2418 Salomonis

483 2463 647 2518 ferire
675 2477 780 2516 non
803 2467 1182 2527 metuunt,per
1205 2465 1254 2511 te
1273 2455 1431 2510 citius
1455 2454 1648 2509 resolvi
1670 2462 2062 2524 exspectantes.

484 2551 566 2606 Tu
590 2566 719 2606 vero
747 2549 961 2604 lucerna
999 2547 1189 2602 ardens
1218 2555 1266 2600 et
1297 2544 1474 2598 lucens
1501 2543 1681 2616 (Joan.
1710 2560 1765 2607 v,
1796 2541 1886 2612 55)
1911 2559 1926 2606 ;
1967 2555 2066 2595 nos

480 2644 536 2698 in
561 2649 651 2698 tua
676 2640 796 2696 luce
819 2639 1091 2695 exsultare
1117 2637 1443 2709 gaudemus,
1476 2643 1534 2689 ut
1567 2643 1618 2690 te
1649 2635 1866 2690 lucente
1885 2642 1940 2688 et
1971 2634 2067 2688 du-

479 2743 636 2792 cente
659 2735 729 2789 ad
755 2733 960 2798 lumen,
991 2731 1131 2803 quod
1160 2729 1423 2783 illuminat
1453 2744 1654 2782 omnem
1684 2728 1944 2781 hominem
1982 2742 2063 2781 oe-

484 2827 707 2882 nicntem
741 2827 796 2880 in
841 2825 980 2879 hunc
1026 2822 1280 2877 mundum
1333 2820 1529 2891 (Joan.
1578 2836 1627 2882 ι,
1673 2818 1774 2883 9),
1827 2816 2065 2885 eiusdem

479 2925 702 2972 atem
725 2915 859 2970 lueis
883 2912 1055 2983 gratia
1083 2909 1390 2978 adiuvante,
1430 2910 1714 2979 pervenire
1741 2923 2064 2963 mereamur.

938 3037 962 3066 ι
1005 3023 1340 3079 EPISTOLA
1377 3022 1536 3078 CXIV
1566 3023 1621 3076 b.

792 3152 858 3192 ΑΒ
897 3151 1259 3190 ωιωιλιιυυιι
1295 3148 1769 3189 AICIIIEPISCOPUIL

1100 3243 1278 3317 (Anno
1309 3242 1465 3313 800.).

487 3336 698 3394 Laudat
723 3335 876 3391 illum
901 3338 964 3392 ob
986 3345 1291 3390 conventum
1312 3352 1428 3388 cum
1455 3333 1730 3387 Eanbald-o
1760 3351 1854 3403 pro
1876 3335 2070 3387 honore

556 3405 916 3462 Ecclesian
936 3415 983 3461 et
1003 3405 1130 3460 cleri
1156 3403 1760 3473 refomtatione.8uadet
1783 3413 1838 3456 ut
1869 3404 1970 3456 cito
2001 3403 2068 3456 ad

552 3493 758 3550 gregeer
775 3485 987 3548 peracta
1019 3474 1273 3546 legatione
1296 3483 1616 3538 revertatur;
1641 3473 1792 3525 mittit
1815 3473 1998 3527 sellam
2022 3483 2068 3527 et

561 3545 823 3602 cultellum
844 3562 1019 3602 suum.

559 3654 912 3713 Sanctissimo
937 3657 1084 3712 Patri
1114 3666 1168 3712 et
1197 3657 1251 3712 in
1283 3655 1542 3712 membris
1569 3655 1768 3711 Christi
1800 3655 1954 3710 valde
1983 3670 2073 3710 ve-

490 3748 730 3803 nerando
759 3747 1078 3804 Edilhardo
1103 3750 1510 3820 archiepiscopo
1534 3749 1790 3804 Alcuinus
1816 3748 2073 3804 diaconus

489 3833 546 3890 In
573 3836 774 3893 Christi
803 3839 1068 3893 charitate
1099 3839 1346 3896 salutem.

559 3923 799 3980 Audiens
819 3925 1044 3982 salutem
1066 3934 1120 3982 et
1147 3930 1560 4000 prosperitatem
1584 3939 1841 3995 vestram,
1869 3938 1924 3984 et
1947 3945 2073 3984 con-

489 4024 708 4072 ventum
736 4033 859 4073 cum
889 4017 1000 4073 tilio
1020 4034 1142 4074 meo
1166 4020 1405 4075 Enbaldo
1428 4020 1598 4093 [Leg.,
1618 4020 1911 4094 Eanbaldo]
1936 4021 2074 4076 Ebo-

489 4109 701 4164 racensi
746 4111 1029 4181 episcopo,
1084 4113 1216 4167 satis
1269 4113 1400 4166 mihi
1436 4113 1676 4182 placuit;
1735 4129 1959 4182 sperans
2007 4129 2074 4170 ex

483 4205 681 4254 vestrm
705 4200 1006 4255 sanctitatis
1025 4200 1289 4271 colloquio
1303 4202 1665 4257 Ecclesiarum
1691 4203 1887 4257 Christi
1913 4205 2076 4258 hono-

488 4301 578 4344 res
602 4289 850 4354 exaltari,
889 4298 943 4344 et
963 4289 1070 4344 Deo
1093 4290 1147 4344 in
1178 4291 1257 4345 eis
1283 4291 1632 4346 servientium
1659 4293 1825 4346 vitam
1853 4293 2073 4361 corrigi,

488 4391 612 4449 quae
639 4393 832 4449 magna
861 4394 928 4434 ex
952 4389 1107 4450 parte
1131 4381 1220 4435 diu
1251 4390 1504 4451 corrupta
1532 4381 1708 4447 viluit,
1737 4391 1793 4437 et
1815 4398 1951 4453 pene
1981 4383 2076 4437 lai-

489 4483 677 4524 eorum
714 4471 952 4525 vanitate
978 4479 1254 4541 coaequato
1283 4479 1386 4536 est,
1413 4471 1484 4526 ita
1510 4479 1567 4526 ut
1593 4479 1813 4526 tonsura
1841 4482 2074 4527 tantum-

492 4561 651 4614 modo
682 4559 916 4615 discreta
938 4561 1188 4616 videatur
1215 4561 1372 4636 μη..
1401 4562 1653 4636 videtur],
1683 4573 1937 4619 cancrum
1964 4579 2079 4619 mo-

488 4647 639 4704 ribus
670 4649 835 4703 multa
882 4666 948 4705 ex
980 4659 1135 4722 parte
1165 4653 1480 4719 consimilis,
1511 4667 1603 4708 seu
1643 4655 1696 4708 in
1723 4655 2077 4710 vestimento-

490 4750 612 4791 rum
639 4738 878 4795 vanitate
917 4749 972 4794 et
1015 4742 1346 4811 arrogantia,
1387 4752 1441 4797 et
1487 4745 1853 4800 conviviorum
1890 4760 2078 4815 super-

487 4827 712 4894 fluitate,
746 4839 801 4884 et
843 4831 967 4886 aliis
1000 4833 1162 4887 rebus
1190 4849 1310 4902 quae
1352 4844 1530 4888 vestra
1561 4843 1747 4889 sancta
1807 4837 2079 4905 sagacitas

486 4921 692 4990 optime
741 4922 908 4976 novit.
957 4920 1078 4977 Ideo
1124 4922 1271 4977 suasi
1318 4922 1438 4976 aliis
1488 4923 1790 4978 litterarum
1835 4938 2076 4978 mearum

489 5011 737 5081 apicibus
763 5013 1038 5068 sanctitati
1068 5021 1280 5077 vestraa,
1309 5028 1630 5082 permanere
1665 5014 1717 5068 in
1745 5015 1942 5083 patria,
1983 5031 2080 5072 no-

488 5101 604 5156 laus
629 5102 808 5159 lumen
845 5103 1140 5159 Britannize
1162 5105 1452 5175 exstingui,
1479 5121 1576 5160 nec
1613 5105 1794 5160 tubam
1833 5108 2079 5164 veritatis

489 5203 702 5262 tacere;
735 5196 830 5251 sed
857 5193 1059 5252 factum
1087 5196 1181 5250 ﬁat
1205 5197 1348 5266 quod
1375 5196 1484 5251 Deo
1512 5197 1723 5275 placeat
1753 5209 1806 5254 et
1832 5201 2080 5278 proﬁciat

559 5362 588 5422 fl
613 5349 845 5422 Froben.
877 5353 1034 5422 epist.
1068 5355 1189 5409 175.

559 5419 594 5459 h
616 5419 788 5491 Hujus
814 5437 843 5475 e
883 5419 1054 5480 istoin:
1095 5424 1453 5497 fragmentum
1492 5427 1742 5496 superius
1767 5428 1886 5483 dedi
1915 5429 2072 5497 epist.

489 5485 561 5564 βε
588 5487 755 5559 (nunc
783 5438 880 5564 7⁸7)
921 5509 988 5548 ex
1020 5495 1506 5563 Malmesburiensi,
1535 5513 1656 5564 quae
1685 5513 1828 5554 nunc
1849 5498 2078 5552 feliciter

492 5487 561 5568 βε
588 5487 755 5559 (nunc
783 5487 871 5564 77)
921 5509 988 5548 ex
1020 5487 1506 5563 Malmésburiensi,
1535 5487 1656 5567 qum
1685 5513 1828 5554 nunc
1849 5487 2069 5552 feliciter

492 5565 708 5634 iuventa
751 5571 855 5634 est
885 5564 1088 5634 integra
1131 5565 1186 5620 in
1233 5568 1354 5626 cod.
1403 5584 1505 5623 ms.
1540 5567 1668 5622 bibl.
1723 5566 2069 5622 llarleiensis.

493 5625 627 5708 \fide
643 5643 764 5714 quas
787 5631 983 5714 ibidem
996 5604 1377 5714 adnotavimus
1392 5604 1416 5699 ς’
1436 5604 1525 5693 nubi
1556 5604 1735 5714 iamet]
1764 5604 2076 5714 annus-ci);—

494 5701 766 5780 rigendus,
798 5709 854 5754 et
882 5701 994 5756 hate
1022 5703 1248 5773 epistola
1277 5707 1344 5759 ad
1373 5722 1573 5787 annum
1622 5705 1727 5759 800
1775 5706 2076 5762 reducenda

495 5770 705 5826 videtur
731 5771 802 5828 ob
825 5783 888 5825 ea
913 5788 1030 5843 qua:
1058 5772 1378 5830 adnotamus
1403 5791 1457 5831 in
1483 5784 1639 5847 epist.
1675 5775 1774 5829 liti
1801 5784 1858 5831 et
1880 5777 1999 5831 H7.

2091 3131 2139 3195 C

2145 719 2492 774 desiderium.

2216 833 2526 894 Revertere,
2563 842 2855 900 revertere,
2883 833 3046 887 Pater
3068 843 3275 898 sancte,
3313 845 3532 904 peracta
3559 842 3733 904 picta-

2149 922 2219 977 tis
2242 922 2528 992 legatione,
2556 922 2624 976 ad
2654 937 2782 976 oves
2819 922 3079 992 perditas,
3112 938 3180 976 ne
3214 937 3342 993 grex
3378 920 3493 976 sine
3518 932 3732 992 pastore

2148 1029 2246 1082 per
2267 1014 2475 1084 spineta
2502 1014 2757 1068 vitiorum
2783 1027 3041 1068 corruens
3069 1022 3232 1078 erret,
3276 1014 3366 1082 qui
3401 1014 3488 1067 vix
3519 1023 3731 1083 pastore

2149 1113 2414 1176 praesente
2442 1104 2638 1173 corrigi
2682 1103 2876 1174 potuit.
2920 1103 3072 1157 Sicut
3098 1101 3202 1156 duo
3231 1103 3372 1157 oculi
3405 1103 3456 1156 in
3484 1118 3732 1172 corpore,

2151 1195 2230 1250 sic
2253 1209 2350 1248 vos
2371 1192 2505 1247 duos
2532 1191 2683 1264 μὴ..
2705 1191 2834 1264 duo]
2861 1207 2959 1263 per
2987 1192 3152 1247 totius
3181 1192 3470 1246 Britanniae
3492 1191 3733 1246 latitudi-

2152 1301 2276 1340 nem
2307 1285 2486 1339 lucere
2513 1284 2678 1338 credo
2716 1292 2877 1351 atque
2911 1295 3037 1353 opto
3065 1302 3077 1336 :
3111 1285 3218 1338 noli
3265 1285 3508 1338 dextrum
3549 1285 3734 1356 patria:

2153 1376 2472 1451 subtrahere
2487 1375 2725 1430 oculum.
2753 1373 3019 1429 Memento
3041 1376 3409 1436 sanctissimos
3431 1385 3736 1430 antecesso-

2155 1483 2244 1522 res
2273 1477 2416 1530 tuos,
2450 1465 2640 1520 Patres
2683 1475 2737 1520 et
2785 1477 3033 1534 pastores
3073 1474 3303 1530 nostros,
3340 1481 3446 1535 qua
3477 1466 3738 1521 sollicitu-

2156 1555 2280 1609 dine
2325 1555 2707 1608 laboraverunt
2754 1553 2807 1608 in
2838 1555 3000 1608 verbo
3038 1554 3133 1607 Dei
3167 1563 3220 1608 et
3249 1554 3303 1607 in
3347 1553 3518 1609 salute
3559 1555 3740 1625 populi

2156 1644 2470 1709 Christiani,
2496 1652 2554 1698 ut
2579 1643 2790 1699 illorum
2820 1661 3051 1713 sequens
3075 1643 3299 1716 vestigia
3321 1661 3509 1700 eorum
3536 1661 3742 1700 merea-

2161 1737 2236 1791 ris
2264 1735 2538 1790 consortio
2560 1734 2665 1788 frui
2694 1735 2745 1788 in
2771 1733 2976 1789 caelesti
3005 1735 3193 1801 gloria.

2231 1849 2292 1904 Si
2317 1864 2443 1906 vero
2475 1849 2541 1902 ad
2565 1849 2820 1902 domnum
2849 1859 3030 1918 regem
3063 1849 3368 1919 pervenias,
3397 1849 3623 1903 admone
3652 1863 3745 1902 so-

2158 1940 2272 1996 cios
2314 1948 2455 2004 tuos,
2487 1939 2831 2008 maximeque
2860 1931 3106 2004 clericos,
3138 1948 3198 2000 ut
3235 1939 3527 1995 honoriﬁce
3570 1954 3629 1993 se
3655 1941 3726 1994 ob

2159 2040 2378 2086 servent
2402 2032 2456 2085 in
2479 2031 2628 2086 omni
2655 2030 2911 2102 religione
2933 2040 3136 2097 sancta,
3171 2033 3227 2087 in
3257 2033 3593 2087 vestimentis
3611 2040 3670 2086 et
3693 2031 3747 2083 iu

2159 2126 2355 2182 ordine
2375 2123 2760 2187 ecclesiastico,
2810 2133 2870 2178 ut
2914 2125 3077 2180 totius
3115 2125 3398 2188 bonitatis,
3441 2123 3750 2192 ubicunque

2161 2216 2348 2280 vadas,
2372 2230 2584 2286 semper
2604 2215 2876 2284 relinquas
2896 2217 3221 2287 exemplum.
3244 2216 3483 2272 Prohibe
3497 2231 3593 2271 eos
3612 2231 3752 2270 auro

2163 2307 2248 2363 vel
2276 2307 2464 2362 sericis
2508 2307 2586 2360 uti
2628 2308 2968 2362 vestimentis
2993 2320 3015 2346 ο
3058 2309 3114 2362 in
3138 2317 3431 2378 conspectu
3457 2307 3639 2363 domui
3668 2324 3752 2361 re-

2164 2399 2276 2470 gis;
2303 2399 2398 2454 sed
2421 2398 2611 2452 humili
2635 2399 2821 2453 habitu
2845 2399 3116 2463 incedant,
3144 2399 3438 2454 secundum
3465 2407 3754 2453 consuetu-

2165 2490 2346 2544 dinem
2395 2503 2675 2544 servorum
2717 2489 2846 2554 .Dei;
2887 2498 2942 2543 et
2986 2505 3083 2559 per
3105 2490 3286 2544 omnia
3327 2490 3443 2545 loca
3469 2505 3593 2544 cum
3621 2505 3754 2559 pace

2164 2579 2334 2633 vadas
2365 2587 2422 2632 et
2450 2578 2856 2632 conversatione
2886 2578 3109 2634 honesta
3156 2579 3372 2650 cognito.
3398 2580 3496 2634 tibi
3526 2595 3680 2634 more
3698 2592 3753 2634 et

2166 2673 2552 2729 consuetudine
2580 2673 2738 2742 hujus
2761 2673 2956 2742 gentis.

2239 2786 2355 2841 Nisi
2386 2787 2508 2849 tibi,
2551 2786 2692 2840 sicut
2725 2784 3059 2840 demandasti
3096 2786 3246 2850 mihi,
3279 2786 3486 2850 sellam,
3521 2803 3624 2856 qua
3654 2802 3760 2858 ego

2169 2875 2490 2932 Caballicare
2539 2875 2729 2929 solitus
2785 2890 2926 2940 sum,
2975 2876 3053 2930 sic
3102 2887 3368 2945 paratam,
3415 2879 3555 2931 sicut
3583 2879 3757 2933 solent

2168 2967 2520 3024 ecclesiarum
2553 2975 2797 3035 pastores
2841 2966 2894 3019 iu
2923 2966 3025 3020 hac
3059 2968 3282 3036 regione
3316 2967 3542 3033 habere;
3577 2969 3762 3022 cabal-

2169 3061 2282 3114 lum
2310 3074 2542 3129 quoque,
2571 3056 2662 3128 qui
2689 3065 2930 3127 portaret
2949 3057 3158 3120 sellam,
3182 3073 3383 3126 vosque
3407 3060 3762 3128 superseden-

2168 3160 2267 3214 tcs,
2293 3150 2338 3203 si
2363 3149 2574 3217 placeat
2596 3148 2781 3218 pietati
2804 3157 3014 3202 vestr-.13.
3047 3148 3072 3187 ἀ
3105 3148 3336 3203 Puerum
3361 3164 3538 3202 meum
3562 3149 3759 3213 direxi,

2169 3247 2230 3293 ut
2257 3237 2428 3292 nostri
2472 3237 2768 3292 honorifice
2797 3253 2893 3292 vos
2928 3237 3248 3308 suscipiant,
3279 3238 3572 3292 secundum
3613 3239 3758 3307 quod

2170 3328 2398 3383 habeam
2429 3326 2760 3392 facultatem,
2790 3334 2846 3380 et
2868 3336 3064 3382 vestrae
3089 3329 3393 3382 sanctitatis
3417 3326 3587 3396 jussio
3631 3327 3759 3393 fiat;

2170 3435 2270 3490 per
2291 3435 2452 3490 quem
2494 3427 2648 3488 potes
2694 3419 2824 3474 mihi
2871 3420 3198 3476 demandare
3249 3421 3443 3476 iterum
3477 3421 3669 3475 litteris
3696 3421 3762 3475 de

2172 3511 2366 3566 itinere
2409 3518 2612 3576 vestro,
2643 3518 2821 3565 utrum
2871 3511 2938 3566 ad
2971 3519 3217 3566 sanctum
3259 3512 3543 3566 Martinum
3574 3521 3760 3583 prote-

2173 3610 2378 3658 ctorem
2407 3610 2650 3656 nostrum
2678 3610 2732 3656 et
2759 3603 3170 3658 intercessorem
3196 3611 3430 3656 vestrum
3458 3613 3637 3657 vestra
3668 3604 3772 3658 1:0-

2173 3695 2316 3751 nitas
2351 3695 2404 3748 in
2452 3694 2772 3748 revertendo
2815 3695 3002 3750 venire
3044 3696 3256 3765 cogitet.
3299 3694 3622 3764 Prosperum
3656 3695 3765 3748 iter

2173 3786 2328 3842 vobis
2352 3785 2514 3841 faciat
2543 3785 2712 3846 Deus;
2744 3785 3038 3857 angeloque
3063 3787 3176 3855 ejus
3205 3786 3497 3842 comitante
3523 3785 3766 3857 Spiritus

2175 3887 2395 3933 sanctus
2419 3891 2674 3946 prospere
2698 3891 2794 3931 vos
2824 3877 2986 3932 ducat
3019 3885 3181 3947 atque
3201 3876 3456 3942 reducat;
3485 3885 3540 3931 et
3567 3877 3768 3931 multos

2175 3969 2340 4025 faciat
2359 3968 2587 4023 feliciter
2609 3983 2778 4023 annos
2805 3969 2859 4022 in
2889 3978 3074 4023 sancta
3095 3968 3355 4039 prolicere
3379 3969 3766 4038 prtcdicatione

2176 4067 2243 4121 ad
2267 4065 2492 4121 salutem
2517 4064 2828 4126 multorum,
2852 4071 2905 4116 et
2925 4071 3270 4132 augmentum
3292 4063 3557 4116 mercedis
3573 4071 3764 4116 vestrm

2179 4158 2231 4211 i'n
2282 4164 2488 4211 aeterna
2532 4154 2739 4225 gloria,
2795 4152 3102 4208 dulcissime
3163 4160 3219 4206 et
3273 4151 3766 4206 desiderantissime

2178 4248 2340 4302 Pater
2359 4249 2378 4301 ῒ

2247 4363 2304 4417 In
2336 4362 2442 4417 fine
2491 4375 2620 4415 vero
2667 4360 2825 4428 hujus
2859 4359 3117 4415 chartulae
3155 4359 3412 4426 deprecor
3447 4355 3762 4410 charitatcm

2179 4461 2416 4508 vestram
2453 4459 2511 4505 ut
2554 4450 2659 4504 mei
2690 4449 2923 4504 nominis
2944 4448 3190 4502 habeatis
3221 4446 3534 4502 memoriam
3558 4444 3609 4498 in
3640 4459 3767 4497 san-

2181 4546 2282 4601 ctis
2302 4543 2636 4599 orationibus
2656 4543 2874 4605 vestris,
2899 4541 3040 4597 sicut
3061 4541 3254 4610 saepius
3280 4539 3462 4609 rogavi
3483 4545 3769 4604 vestraque

2179 4635 2426 4705 promisit
2471 4633 2809 4704 benignitas;
2844 4633 2936 4688 sed
2983 4632 3141 4687 modo
3190 4633 3423 4686 maxime
3459 4630 3684 4684 obsecro
3710 4637 3770 4681 ut

2179 4723 2317 4794 apud
2365 4733 2581 4779 sanctos
2623 4723 2892 4793 apostolos
2931 4731 2986 4777 et
3026 4733 3293 4791 martyres
3314 4719 3512 4775 Christi
3539 4718 3645 4777 mei
3670 4715 3768 4770 ha-

2177 4813 2352 4867 beatis
2373 4813 2712 4875 memoriam,
2747 4812 2885 4867 sicut
2916 4811 3052 4882 apud
3083 4819 3327 4865 sanctqu
3357 4809 3643 4862 Martinum
3675 4821 3765 4860 ve-

2180 4905 2275 4960 stri
2314 4905 2513 4957 habere
2548 4903 2702 4959 dulce
2728 4904 3010 4957 habemus.

2901 5147 3027 5159 -.._.

2254 5381 2272 5408 ο
2315 5371 2481 5439 llujus
2529 5369 2912 5424 adumuitiouis
2961 5370 3280 5425 Aldilhardo
3325 5370 3480 5424 facta:
3526 5367 3773 5422 meminit

2181 5439 2778 5520 Malmesburiensisnlib.
2810 5440 3179 5520 tlteg.n{\n_gl..
3203 5456 3320 5520 cap.
3350 5441 3404 5503 4,
3435 5439 3588 5520 cujus
3607 5439 3773 5492 verba

2180 5509 2428 5577 Superius
2459 5509 2617 5577 epist.
2651 5509 2719 5564 65
2747 5511 2911 5581 (nunc
2930 5507 3045 5581 78),
3079 5507 3131 5564 in
3171 5507 3310 5564 notis
3339 5507 3644 5562 retulimus.

2247 5577 2275 5616 ά
2307 5576 2536 5632 Puerum
2588 5596 2760 5632 meum
2807 5581 2996 5642 direxi.
3047 5579 3146 5646 Qui
3191 5578 3512 5633 ﬂidil/lardo
3535 5577 3680 5646 apud
3712 5575 3750 5630 S

2252 5613 2275 5616 —
2307 5613 2328 5629 ι
2358 5613 2536 5632 ηοω...
2807 5613 2996 5642 unus".
3047 5613 3146 5646 ψ..
3191 5613 3680 5646 "unaunam-pm.

2175 5647 2436 5702 Judocum
2457 5651 2724 5721 occurrit,
2750 5651 3006 5721 illumque.
3037 5652 3231 5705 ibidem
3261 5649 3489 5717 benigne
3514 5649 3774 5721 suscepit.

2177 5725 2338 5789 prout
2363 5719 2552 5776 scribit
2573 5720 2627 5778 in
2643 5721 2880 5792 Epistula
2901 5719 2969 5776 ad
2985 5721 3340 5780 Eanbaldum.
3365 5735 3480 5788 quae
3503 5719 3771 5785 sequitur.
