4070 6182
441 348 547 405 δη

1335 343 1397 396 Β.
1435 341 1498 396 F.
1537 337 1765 394 ALBINI
1806 337 1937 394 SEU
1976 335 2032 389 Α]

2133 332 2250 391 JLVI
2299 330 2583 388 OPERUM
2621 326 2800 385 PARS
2837 327 2876 381 Ι.
3615 329 3721 383 τιιε

439 483 539 524 me.
571 464 783 532 abneget
814 460 1165 528 semetipsum,
1186 454 1335 510 tollat
1363 470 1570 511 crucem
1590 469 1742 508 suam
1764 459 1812 506 et
1840 466 2026 521 sequa-
2054 449 2103 511 Α
2128 448 2221 504 sed
2263 464 2322 504 se
2346 443 2597 501 emendet
2620 441 2749 497 talia
2776 439 3083 497 facientem.
3113 438 3225 532 μοι
3250 454 3404 505 vero,
3427 439 3569 496 sicut
3588 441 3723 507 dixi,

438 569 528 612 tur
553 573 634 610 me
661 552 876 626 (Matth.
914 565 1024 613 xvr,
1064 547 1178 620 ει).
1228 545 1342 617 Ego
1392 561 1511 600 sum
1559 542 1653 598 lux
1690 542 1908 606 mundi;
1937 540 2027 611 qui

438 649 673 719 sequitur
704 661 804 708 me,
836 660 939 697 non
969 639 1202 696 ambulat
1228 640 1283 693 in
1313 637 1557 702 truebris,
1587 635 1678 691 sed
1707 634 1911 688 habebit
1940 632 2025 686 lu-

440 754 557 793 men
598 737 715 791 eius
762 734 944 805 (Joan.
988 747 1105 798 vin,
1156 730 1239 801 l2)
1273 747 1285 782 :
1321 727 1433 799 Ego
1464 743 1582 781 sum
1627 726 1728 790 uia,
1760 724 1948 779 veritas
1980 732 2028 777 et

438 830 541 884 sita
571 826 754 899 (Joan.
794 840 907 891 xiv,
945 822 1022 895 6).
1054 822 1150 877 llis
1177 818 1501 876 testimoniis
1539 816 1827 873 roboratus
1858 814 2028 869 intre-

439 917 563 989 pido
585 917 721 987 pede
743 930 901 971 curre
920 922 1044 985 post
1066 912 1362 975 Christum,
1388 917 1447 965 ut
1468 906 1583 977 ejus
1602 905 2028 963 misericordiam

439 1006 701 1061 merearis
721 1006 923 1062 habere
949 1003 1005 1058 in
1029 1010 1315 1057 aeternum.

512 1095 639 1153 Scio
675 1096 821 1152 diem
866 1093 1330 1165 appropinquasse
1376 1103 1573 1151 meum,
1629 1095 1686 1143 et
1723 1086 1929 1158 gaudeo
1978 1093 2031 1141 te

438 1188 785 1260 superstitem
813 1188 1034 1242 habere.
1064 1184 1145 1239 'l‘u
1173 1198 1306 1237 vero
1325 1182 1391 1236 de
1412 1181 1592 1234 anima
1613 1194 1732 1233 mea
1758 1192 1857 1248 age
1891 1177 2032 1232 sicut

441 1280 613 1337 ﬁdelis
635 1281 776 1335 ﬁlius
817 1281 884 1335 de
936 1287 1119 1349 patre;
1151 1285 1208 1332 et
1252 1276 1394 1331 sicut
1426 1274 1629 1329 Cucnlo
1655 1272 1885 1343 praecepi
1927 1280 2031 1326 tuae

437 1369 622 1428 dicere
650 1371 992 1437 beatitudini,
1030 1368 1237 1425 factum
1263 1366 1475 1432 habeo;
1515 1366 1807 1421 miserante
1837 1362 1947 1417 Deo
1976 1363 2031 1416 in

437 1465 655 1520 Christo
678 1463 893 1534 quietus
917 1462 1103 1518 vivere
1131 1460 1465 1524 desiderans,
1501 1457 1594 1528 qui
1615 1456 1692 1511 ait
1722 1473 1737 1509 :
1779 1453 1976 1508 Discite
1997 1469 2032 1507 α

437 1572 520 1610 use
557 1556 683 1626 quia
718 1554 859 1608 mitis
900 1568 1017 1607 sum
1056 1561 1106 1607 et
1133 1548 1349 1605 humilis
1374 1547 1552 1614 corde,
1580 1556 1630 1601 et
1651 1545 1919 1602 invenietis
1946 1559 2031 1596 re-

438 1648 611 1718 quiem
640 1646 916 1701 animabus
951 1645 1135 1700 vestris
1164 1642 1378 1714 (Matth.
1409 1656 1465 1695 XI
1484 1680 1499 1705 ,
1526 1638 1639 1710 29).
1671 1637 1894 1692 Summa
1934 1634 2029 1689 Dei

440 1738 613 1809 gratia
645 1745 696 1792 te
726 1736 1016 1792 comitetur
1043 1735 1097 1789 in
1138 1732 1287 1788 omni
1312 1731 1398 1786 via
1428 1741 1541 1793 tua,
1563 1726 1836 1789 defendat,
1880 1733 2032 1794 regat

436 1837 495 1883 et
518 1826 799 1899 gubernet,
832 1825 906 1880 illi
930 1825 1026 1890 mi,
1055 1823 1130 1878 ﬁli
1157 1821 1535 1878 dilectissime!

885 1950 910 1978 ι
940 1934 1277 1992 EPISTOLA
1313 1932 1477 1990 CXVI
1507 1935 1555 1988 ι’.

838 2044 907 2083 AD
944 2041 1215 2083 CALVINUI
1251 2042 1324 2080 ΕΤ
1360 2039 1624 2079 ευουιωι.

1064 2116 1240 2187 (Anno
1270 2112 1421 2185 800.)

328 2272 333 2278 ,
438 2211 683 2281 Suggerit
711 2225 828 2280 quae
849 2208 952 2281 sint
984 2206 1219 2262 Simeoni
1246 2202 1568 2281 (Eanbaldo)
1595 2203 1832 2272 episcopo
1859 2200 1912 2253 iu
1935 2201 2031 2252 tri-

542 2272 774 2334 ilatione
799 2278 968 2349 posito
992 2272 1340 2349 suggerenda.
1373 2272 1650 2343 Signiﬁcat
1679 2288 1734 2327 se
1760 2286 1893 2326 onus
1929 2286 2027 2339 pa-

507 2348 723 2407 storalis
753 2346 894 2403 cura:
915 2346 1237 2418 deposuisse.

505 2461 733 2518 Albinus
743 2460 966 2516 Calvino
976 2456 1248 2513 etCuculo
1268 2455 1606 2511 charissimis
1631 2454 1753 2508 liliis
1775 2452 2027 2507 salutem.

507 2551 702 2607 Audivi
738 2548 1116 2605 tribulationes
1142 2546 1447 2602 charissimi
1476 2544 1568 2599 ﬁlii
1613 2543 1784 2598 nostri
1814 2541 2028 2596 Simeo-

434 2648 540 2703 nis.
568 2644 679 2700 Vos
701 2656 834 2697 vero
851 2639 1214 2696 esbortamini
1238 2652 1385 2701 eum,
1419 2645 1479 2691 ut
1506 2636 1539 2690 ﬁ
1564 2635 1738 2690 lelitcr
1761 2633 1949 2697 faciat,
1975 2640 2031 2687 et

434 2753 541 2796 non
579 2732 936 2808 pusillanimis
963 2733 1035 2787 sit
1075 2732 1129 2786 in
1176 2728 1598 2793 tentationibus;
1633 2726 1758 2782 talia
1784 2725 2031 2781 solebant

432 2838 806 2887 antecessores
838 2824 922 2881 sui
952 2825 1097 2894 pati;
1127 2838 1234 2877 non
1272 2821 1447 2877 solum
1490 2820 1589 2881 illi.
1631 2834 1817 2874 verum
1863 2819 2027 2873 etiam

434 2936 626 2978 ornnes
668 2918 862 2975 sancti.
892 2916 1127 2971 Joannes
1152 2912 1393 2983 Baptista
1422 2927 1520 2982 pro
1560 2909 1805 2965 veritatis
1840 2907 2030 2964 testiﬁ-

433 3015 647 3070 catione
690 3009 905 3066 occisus
956 3006 1170 3077 legitur.
1221 3003 1469 3068 Studeat,
1512 3019 1579 3058 ne
1625 3003 1677 3058 in
1727 3018 1784 3057 se
1814 3003 1885 3057 sit
1925 3000 2027 3056 alia

2127 536 2350 603 Cuculo,
2386 546 2410 575 ο
2441 533 2689 604 deposito
2709 545 2877 588 onere
2898 530 3187 604 pastoralis
3209 545 3356 586 curm
3375 529 3546 601 quieti
3572 533 3727 587 sede-

2127 640 2249 679 mus
2276 624 2418 694 apud
2442 630 2686 679 sanctum
2724 618 3037 687 Martinam,
3070 626 3340 691 spectans,
3369 621 3585 691 quando
3621 636 3723 676 vos

2128 716 2340 782 veniat;
2371 716 2520 786 aperi
2548 713 2807 786 pulsanti,
2838 728 3067 783 sequere
3085 711 3387 781 iubentem,
3416 712 3611 767 exaudi
3632 712 3725 781 jn-

2130 807 2419 865 dicantem.
2452 805 2651 862 Sancta
2681 804 2987 861 sollicitudo
3014 810 3194 858 vestra
3224 801 3462 871 adjuvet,
3489 810 3549 857 ut
3579 803 3722 859 diem

2130 899 2301 962 illum,
2333 899 2566 953 donante
2591 897 2721 963 Deo,
2752 896 2982 952 evadere
3011 895 3243 961 valeam,
3270 909 3567 966 omnesque
3588 896 3725 950 ami-

2130 1006 2225 1046 cos
2248 997 2462 1045 nostros
2477 988 2782 1052 admonete,
2797 996 2855 1043 ut
2876 987 3047 1043 nostri
3072 987 3308 1044 habeant
3328 987 3645 1044 memoriam
3670 989 3722 1042 in

2131 1080 2487 1135 sanctissimis
2522 1079 2861 1135 orationibus
2909 1079 3042 1145 suis,
3075 1079 3417 1148 maximeque
3454 1080 3724 1145 omnium,

2130 1173 2186 1229 in
2213 1188 2321 1243 quo
2367 1172 2601 1229 maxime
2630 1170 2862 1237 conﬁdo,
2914 1170 3082 1226 ﬁlium
3121 1181 3368 1227 nostrum
3413 1171 3721 1231 Simeonem

2130 1264 2487 1319 sacerdotem.
2519 1262 2662 1319 Dens
2708 1262 2972 1334 propitius
2999 1263 3069 1318 sit
3114 1262 3169 1317 in
3205 1263 3307 1319 hac
3332 1263 3462 1331 vita,
3493 1272 3551 1319 ut
3575 1264 3725 1322 iutu-

2132 1368 2247 1406 ram
2302 1359 2572 1409 mereatur
2620 1367 2744 1407 cum
2787 1352 2990 1408 sanctis
3017 1351 3113 1407 Dei
3150 1353 3394 1422 accipere
3433 1353 3725 1410 beatitudi-

2131 1457 2276 1497 nem.
2308 1441 2484 1495 V'ivite
2513 1440 2717 1505 felices,
2750 1439 2845 1495 lilii
2892 1440 3198 1496 cbarissimi
3225 1439 3380 1513 ωιτη
3413 1441 3484 1496 ﬁli
3515 1442 3724 1497 charis-

2130 1529 2326 1600 sime],
2373 1530 2425 1584 in
2472 1539 2756 1587 aeternum.
2806 1530 3095 1587 Credulum
3138 1540 3468 1601 ceterosque
3518 1531 3724 1586 amicos

2131 1631 2347 1677 nostros
2384 1636 2450 1676 cx
2480 1621 2648 1677 nostri
2680 1619 2915 1677 nominis
2939 1618 3114 1676 oﬁicio
3146 1619 3397 1676 salutate.

2609 1710 2629 1749 τ
2658 1710 2993 1767 EPISTOLA
3031 1709 3236 1767 CXVII.

2560 1818 2627 1857 su
2666 1818 2899 1865 AQlJlt.Att
2948 1816 3292 1857 roxrtrlcsu.

2752 1892 2931 1959 (Anno
2960 1891 3109 1963 800.)

2135 1981 2342 2066 Ligeri;
2378 1982 2443 2066 al,
2475 1998 2534 2066 σε)
2561 1982 2783 2066 acceptis
2814 1982 3120 2066 respondet,
3147 2000 3250 2065 pro.
3275 1981 3572 2066 "itineribus
3600 1974 3725 2054 gris-

2201 2055 2302 2107 tias
2330 2053 2471 2122 agit;
2500 2042 2771 2106 homicidii
2798 2042 3075 2122 cujusdam
3099 2042 3250 2121 impii
3280 2063 3327 2105 et
3357 2054 3582 2107 crudelis
3600 2042 3721 2107 ’ξηρ-

2199 2120 2383 2187 ηιίηἰιξ
2417 2132 2465 2177 et
2491 2138 2610 2192 qua!
2635 2123 2690 2176 in
2716 2120 2879 2192 causa
2910 2120 3106 2176 Felicis
3134 2120 3428 2192 Urgelltani
3455 2132 3573 2176 arta
3599 2135 3723 2177 sunt

2198 2194 2255 2247 in
2278 2191 2560 2262 prwsentia
2588 2192 2723 2263 regis
2750 2201 2798 2247 et
2828 2191 3070 2257 Patrum,
3101 2191 3303 2246 narrat.

2199 2283 2404 2339 Divina:
2431 2282 2718 2338 charitatis
2744 2282 2863 2338 viro
2889 2280 3098 2351 Aquila:
3125 2283 3366 2352 pontiﬁci
3398 2281 3721 2341 vernaculus

2130 2382 2332 2431 sancta:
2358 2374 2454 2431 Dei
2481 2374 2737 2431 Ecclesia:
2760 2374 3022 2429 Aleuiuus
3052 2374 3302 2429 salutem.

2199 2467 2451 2524 Charitas
2486 2466 2601 2524 sola
2631 2477 2716 2523 est
2751 2481 2873 2538 qua:
2901 2469 3155 2524 absentes
3183 2469 3459 2540 conjungit
3491 2478 3545 2525 et
3575 2484 3718 2540 pra:-

2129 2568 2312 2615 sentes
2337 2557 2608 2624 laetiﬁcat,
2639 2573 2758 2623 qum
2782 2558 2982 2629 ubique
3009 2560 3248 2631 jucunda
3276 2559 3431 2631 [Ms.,
3456 2559 3718 2633 iocunda]

2128 2661 2248 2717 est,
2288 2651 2488 2722 ubique
2523 2650 2680 2706 bonis
2717 2650 2970 2706 omnibus
3006 2651 3341 2721 congaudet,
3380 2668 3501 2722 qua:
3527 2653 3723 2711 dextro

2130 2741 2387 2810 laevoque,
2411 2755 2527 2809 spe,
2551 2739 2655 2795 ﬁde
2674 2742 2944 2805 munitur;
2972 2755 3092 2809 qua:
3117 2741 3486 2809 temporaliter
3506 2741 3720 2812 incipit,

2127 2834 2222 2889 sed
2244 2833 2629 2905 perpetualiter
2648 2840 2960 2902 permanet;
2990 2833 3107 2888 sine
3129 2847 3234 2902 qua
3259 2830 3404 2886 nulla
3424 2831 3599 2892 virtus
3617 2840 3721 2896 est,

2127 2926 2243 2981 sine
2265 2940 2371 2996 qua
2392 2924 2595 2980 nullum
2622 2925 2819 2979 bonum
2847 2932 2949 2988 est,
2981 2922 3098 2979 sine
3123 2938 3227 2993 qua
3253 2922 3453 2978 nemini
3474 2923 3609 2978 visio
3635 2923 3720 2977 τεί-

2126 3018 2250 3071 vina
2275 3014 2625 3080 conceditur;
2655 3014 2779 3085 quia
2806 3013 2851 3068 si
2881 3012 3024 3068 Deus
3057 3012 3147 3067 hic
3195 3027 3300 3067 non
3346 3020 3582 3075 amatur,
3649 3012 3722 3066 ibi

431 3120 597 3163 causa
620 3100 957 3164 teutationis,
982 3098 1086 3153 nisi
1111 3097 1357 3151 veritatis
1377 3096 1707 3168 przedicatio.
1739 3094 1928 3150 Timeo
1956 3109 2023 3149 ne

2133 3124 2235 3164 non
2255 3106 2545 3172 videbitur,
2560 3105 2650 3160 ubi
2667 3105 2781 3160 suis
2793 3103 3131 3159 amatoribus
3150 3117 3359 3157 summa
3384 3109 3470 3159 est
3491 3099 3723 3159 beatitu-

434 3201 655 3267 pmpter
679 3190 1049 3262 possessiones
1074 3196 1369 3249 terrarum,
1389 3186 1471 3241 vel
1493 3186 1655 3241 etiam
1683 3195 1704 3223 ε
1732 3185 2030 3255 susceptio-

435 3299 533 3340 nes
561 3279 904 3338 inimicorum
950 3279 1095 3351 regis
1124 3279 1309 3349 aliqua
1337 3277 1596 3349 patiatur.
1624 3273 1905 3330 Sulliciant
1933 3290 2028 3329 sua

435 3376 557 3440 sibi,
594 3390 700 3430 non
733 3380 953 3444 appetat
978 3371 1173 3435 aliena,
1197 3385 1318 3440 quae
1348 3369 1402 3423 in
1429 3367 1725 3439 periculum
1766 3381 1909 3438 saepe
1931 3367 2030 3422 ha-

437 3464 688 3522 bentibus
734 3463 1012 3520 eveniunt.
1070 3461 1207 3517 Dum
1245 3460 1434 3531 paucis
1460 3458 1720 3529 prodesse
1755 3472 1815 3512 se
1854 3464 2028 3527 putat,

437 3557 623 3613 multis
649 3556 824 3620 obest,
858 3569 959 3626 pro
984 3554 1183 3625 quibus
1217 3551 1554 3608 intercedere
1579 3565 1715 3620 opus
1741 3558 1828 3605 est
1854 3548 2033 3618 quoti-

437 3649 524 3703 die
553 3645 710 3720 (lla,
732 3646 950 3711 cotidie,
982 3645 1057 3699 ita
1083 3641 1307 3715 semper]
1333 3642 1419 3698 vel
1446 3642 1627 3714 gregi,
1655 3656 1817 3711 quem
1844 3652 2033 3710 regere

439 3739 622 3802 debet,
649 3745 863 3793 noceat.

510 3828 578 3883 Et
595 3827 727 3897 quid
745 3827 796 3881 ei
816 3827 870 3881 in
892 3825 1149 3881 comitatu
1166 3841 1264 3881 suo
1288 3835 1466 3881 tantus
1486 3840 1746 3880 numerus
1768 3822 2034 3878 militum?

441 3918 517 3974 De
563 3917 951 3974 misericordia:
994 3931 1158 3972 causa
1205 3931 1300 3972 eos
1345 3916 1549 3972 habere
1595 3916 1835 3979 videtur;
1876 3921 2038 3968 nocet

442 4008 933 4074 monasterialibus,
961 4008 1051 4079 qui
1098 4023 1223 4064 cum
1251 4023 1374 4062 cum
1416 4006 1529 4062 suis
1565 4006 1884 4077 suscipiunt.
1912 4002 2036 4058 Plu-

443 4121 555 4171 res,
586 4104 726 4161 sicut
752 4103 932 4167 audio,
960 4102 1131 4157 multo
1158 4101 1345 4165 habet,
1367 4114 1529 4169 quam
1559 4107 1930 4154 antecessores
1952 4096 2034 4150 sui

443 4196 767 4252 habuerunt.
799 4193 930 4246 ltem
970 4199 1027 4244 et
1056 4191 1131 4245 illi
1176 4189 1475 4261 gregarios,
1520 4189 1573 4243 id
1610 4196 1722 4251 est,
1774 4187 2037 4257 ignobiles

443 4286 641 4341 milites
662 4284 842 4356 plures
857 4283 1078 4342 habent,
1104 4295 1265 4349 quam
1286 4280 1475 4335 deceat
1495 4278 1594 4333 sub
1617 4292 1695 4332 se.
1719 4276 1745 4317 ἀ
1780 4276 2036 4347 Magister

444 4387 630 4433 noster
658 4376 929 4431 neminem
959 4373 1163 4428 dimisit
1198 4388 1264 4428 ex
1310 4372 1424 4428 suis
1447 4369 1765 4427 satellitibus
1791 4370 1913 4439 plus
1939 4368 2034 4423 ha-

446 4470 598 4529 bere,
630 4466 732 4521 nisi
759 4479 948 4529 unum,
979 4472 1178 4535 praeter
1224 4462 1526 4519 rectoribus
1569 4460 1783 4516 familiar,
1812 4474 1944 4524 sum,
1979 4457 2032 4513 id

446 4566 531 4613 est
553 4558 759 4613 duobus
785 4562 1014 4609 tantum.
1044 4553 1360 4623 Imprudens
1380 4562 1465 4609 est
1488 4552 1880 4617 misericordia,
1902 4566 2034 4622 pauo

447 4647 526 4703 eis
555 4647 830 4717 prodesse,
856 4654 911 4702 et
941 4645 1048 4700 illis
1071 4644 1211 4700 forte
1232 4646 1368 4711 reis;
1400 4655 1457 4700 et
1477 4644 1660 4700 multis
1689 4644 1960 4709 nocuisse,
1980 4650 2035 4697 et

447 4739 554 4796 illis
581 4739 746 4793 etiam
792 4738 966 4793 bonis.
996 4735 1114 4793 Non
1144 4751 1233 4793 me
1263 4745 1479 4793 accuset
1527 4737 1652 4791 talia
1704 4734 2032 4806 suggerenti,

524 4884 551 4953 ξ
840 4869 1000 4953 epist:
1029 4868 1153 4923 l75.

520 4944 550 4984 δ
585 4942 760 4997 Aliam
805 4934 1118 5012 epistolam.
1147 4938 1217 4993 ad
1259 4939 1434 5012 solum
1485 4936 1766 5012 Calvinum
1819 4934 2039 5012 scripsit

451 5012 729 5077 Aleuinus,
759 5007 882 5081 qua:
904 5019 990 5067 est
1008 5007 1078 5081 58
1101 5008 1267 5081 (nunc
1284 5010 1394 5080 73),
1422 5009 1474 5063 in
1511 5023 1622 5081 qua
1651 5007 2037 5081 etiammemi-

451 5083 532 5208 lilii:
574 5076 955 5209 ltitilt‘mla'tionis
1007 5076 1278 5136 Simeonis
1326 5076 1549 5136 summi
1574 5076 1895 5144 sacerdotis,
1939 5092 2036 5135 seu

535 5169 569 5208 n
702 5170 740 5208 ι.

535 5169 740 5208 noatm.

581 5222 947 5296 §usceptiones
988 5222 1324 5296 inimicorum
1378 5221 1533 5296 regis.
1566 5218 1802 5276 Eardulﬁ
1842 5217 2038 5275 fortas-

454 5291 551 5364 sis.
582 5293 718 5364 Vide
742 5291 855 5350 not.
876 5304 899 5331 ε
927 5292 1285 5364 praecedentis
1311 5291 1572 5364 epistolre.

522 5363 549 5402 εί
579 5363 831 5436 Magister
857 5361 1049 5436 uniter.
1086 5361 1443 5436 Egbertus’an
1468 5361 1783 5436 lElbertus}
1811 5372 2040 5433 uterque

454 5433 711 5516 magister
736 5433 976 5516 Aleuini;
1008 5443 1234 5558 uteri?
1260 5433 1700 5504 archiepiscopus
1726 5433 2037 5488 Eboracen-

452 5514 550 5556 sns.
586 5504 714 5574 Ytde
741 5505 1008 5574 Epistolas
1031 5505 1120 5568 38,
1239 5512 1295 5560 et
1319 5504 1388 5560 68
1413 5505 1580 5574 (nunc
1601 5502 1691 5569 45,
1719 5502 1790 5559 56
1813 5512 1868 5559 et
1885 5503 1999 5572 85).

529 5583 553 5611 ε
582 5544 1295 5645 υεΜῖἷῖιέῗὲρῖιῖὶῖὼὲ
1312 5544 2039 5645 Eriéiuﬁcdﬁi’uﬁn’lﬁ'ss

455 5643 1134 5715 monasteriiu'l‘nronensis
1170 5645 1410 5715 regimen
1448 5646 1704 5715 adeptus,
1745 5644 1871 5699 illuc
1902 5643 2039 5698 aulae

456 5712 686 5785 negotiis
718 5712 939 5785 relictis,
970 5714 1121 5769 abiit.
1158 5712 1421 5785 Cupiebat
1451 5712 1580 5785 vero
1614 5715 1682 5767 ab
1714 5730 1877 5768 onere
1909 5728 2039 5783 quo-

454 5782 561 5854 que
595 5782 876 5855 pastoralis
907 5799 1070 5844 rnrzc,
1112 5799 1203 5837 seu
1233 5782 1263 5835 a
1295 5782 2036 5852 regiminaImonasteriorum

2052 3153 2099 3213 C

2130 3199 2199 3253 do
2224 3198 2392 3252 Deum
2420 3196 2604 3252 videre
2627 3236 2642 3262 ,
2688 3196 2901 3251 dicente
2948 3195 3060 3264 ipsa
3080 3255 3085 3261 _
3102 3193 3345 3250 Veritate
3370 3211 3384 3246 :
3417 3192 3522 3259 Qui
3546 3203 3724 3249 autem

2130 3289 2300 3360 diligit
2327 3305 2428 3353 me,
2456 3288 2695 3359 diligitur
2718 3304 2750 3341 a
2782 3285 2944 3341 Patre
2964 3301 3112 3351 meo;
3157 3296 3205 3340 et
3225 3301 3320 3355 ego
3340 3284 3556 3355 diligam
3576 3299 3723 3349 eum,

2130 3390 2177 3437 et
2221 3379 2567 3451 manifestabo
2606 3379 2654 3433 ei
2685 3378 2936 3449 meipsum
2965 3376 3149 3449 (Joan.
3177 3391 3286 3439 xiv,
3317 3375 3432 3447 2|).

2203 3469 2349 3534 Ideo,
2379 3467 2697 3523 charissima
2722 3465 2905 3530 Pater,
2935 3480 3181 3521 amemus
3209 3465 3380 3531 illum,
3407 3461 3562 3534 cujus
3583 3464 3725 3521 visio

2132 3561 2412 3617 beatitudo
2438 3567 2524 3614 est
2553 3566 2777 3614 aeterna.
2836 3558 2942 3611 Sed
2989 3558 3033 3612 si
3081 3556 3221 3613 forte
3262 3555 3418 3619 dicis.
3448 3555 3729 3625 quomod-

2134 3651 2396 3707 amandus
2431 3658 2517 3706 est
2552 3649 2735 3705 Deus?
2780 3648 3147 3717 Respondebit
3180 3646 3303 3711 tibi,
3342 3646 3435 3716 qui
3460 3654 3520 3701 et
3547 3653 3673 3700 ante
3702 3660 3717 3697 :

2136 3742 2198 3800 Si
2234 3743 2352 3814 quis
2388 3741 2559 3813 diligit
2591 3757 2704 3807 me,
2742 3756 3033 3795 sermonem
3069 3754 3240 3794 meum
3275 3737 3496 3793 servabit
3527 3735 3722 3807 (lbid.,

2134 3851 2269 3889 vers.
2295 3831 2411 3904 εδ).
2460 3832 2529 3887 Et
2555 3832 2600 3886 si
2631 3832 2807 3886 adhuc
2830 3830 3030 3900 quaeris
3057 3829 3192 3901 quid
3222 3829 3295 3885 sit
3324 3842 3506 3886 sermo
3536 3826 3679 3881 illius
3698 3828 3726 3880 ἓ

2136 3924 2214 3978 Eo
2239 3924 2355 3994 ipso
2379 3923 2589 3977 dicente
2610 3920 2683 3994 [Γ
2685 3931 2816 3987 orte,
2843 3919 3093 3993 docente]
3118 3919 3211 3990 qui
3235 3928 3321 3976 est
3340 3918 3578 3976 Verbum
3604 3917 3727 3981 Dei,

2135 4016 2304 4080 disce,
2334 4014 2424 4068 ubi
2456 4015 2565 4068 ait:
2607 4012 2719 4067 Hoc
2745 4021 2818 4067 est
2844 4022 3157 4084 prazceptum
3184 4027 3375 4077 meum,
3405 4018 3458 4064 ut
3488 4008 3723 4083 diligatis

2136 4108 2353 4160 inv'cem
2384 4104 2565 4177 (Joan.
2596 4120 2685 4170 xv,
2717 4103 2827 4176 l2).
2883 4101 3181 4169 Quomodo,
3229 4103 3307 4157 ait
3344 4100 3685 4172 Evangelista
3705 4140 3720 4163 ,

2134 4196 2301 4251 Deum
2322 4195 2519 4266 diligis,
2539 4212 2690 4268 quem
2710 4212 2813 4250 non
2835 4195 3009 4259 rides;
3034 4194 3244 4266 quando
3267 4192 3415 4267 [δίδη
3438 4189 3725 4264 quomodo]

2136 4288 2350 4358 fratrem
2374 4298 2518 4342 tuum
2547 4305 2647 4342 non
2674 4286 2871 4357 diligis,
2894 4303 3045 4357 quem
3067 4285 3207 4339 vides
3233 4284 3283 4357 (l
3306 4284 3466 4338 loau.
3495 4300 3568 4348 tv,
3591 4281 3731 4354 20)?

2139 4380 2263 4436 Iltec
2286 4395 2417 4436 vero
2442 4380 2714 4435 mentibus
2750 4378 2951 4433 nostris
2987 4377 3249 4433 radicitus
3286 4374 3563 4445 inligatur,
3607 4374 3726 4428 haec

2134 4479 2348 4526 aeterna:
2369 4471 2642 4525 memoriae
2663 4476 2941 4533 teneatur;
2980 4469 3122 4523 hanc
3140 4474 3218 4531 tu,
3240 4480 3449 4521 summe
3470 4464 3724 4521 sacerdos

2135 4562 2374 4628 Christi,
2424 4562 2477 4616 in
2521 4562 2701 4616 animo
2739 4569 2923 4615 teneas
2961 4557 3319 4621 indeﬁcienti,
3370 4565 3427 4612 et
3472 4554 3726 4610 omnibus

2133 4652 2430 4721 priedicare
2455 4652 2701 4716 studeas;
2742 4651 2796 4704 in
2829 4650 2929 4704 hac
2954 4656 3010 4703 et
3038 4663 3147 4713 me,
3180 4645 3391 4701 ﬁdelem
3421 4654 3725 4699 amatorem

2138 4753 2308 4809 tuum,
2342 4756 2559 4813 semper
2586 4742 2639 4796 in
2669 4741 2897 4796 salutem
2925 4740 3118 4794 anima).
3147 4752 3282 4793 mea:
3317 4734 3628 4799 admoneas,
3670 4744 3728 4791 et

2136 4891 2246 4931 sua:
2271 4890 2415 4932 cut-te
2445 4875 2706 4930 hactenus
2733 4874 3144 4930 commissorum
3171 4870 3411 4934 absolvi,
3451 4869 3597 4940 quod
3627 4869 3726 4940 deo

2138 4962 2285 5001 mum
2317 4962 2348 5000 a
2374 4945 2568 5001 Carolo
2595 4961 2725 5016 rege
2749 4944 3003 5008 obtinuit,
3029 4943 3140 5012 qui,
3169 4949 3230 5016 ut
3258 4939 3564 5016 anonymus
3589 4939 3730 4995 Vita:

2135 5016 2345 5072 Alcuini
2374 5016 2606 5086 scriptor
2629 5010 2747 5086 cap.
2769 5016 2803 5071 8
2830 5010 3061 5086 testatur
3081 5031 3112 5086 :_
3130 5031 3147 5063 ‹
3176 5010 3354 5067 Onera
3371 5010 3730 5086 smculi._qua

2138 5088 2399 5142 habuerat
2420 5079 2712 5147 Alcuinusi
2726 5085 3005 5156 discipulis
3033 5083 3167 5144 suis,
3192 5090 3253 5136 ut
3277 5082 3525 5151 petierat,
3553 5079 3729 5156 liban-

2138 5157 2346 5213 tissime
2384 5157 2670 5227 dispertiit.
2704 5176 2722 5207 ι
2777 5148 3178 5227 Quodiactum
3226 5148 3358 5223 puto
3405 5164 3549 5227 anno
3593 5148 3727 5204 800.

2136 5228 2271 5282 Nam
2300 5227 2352 5281 in
2379 5220 2607 5298 epistola
2633 5220 2879 5298 sequenti
2902 5225 2971 5280 ad
2990 5220 3432 5298 Arnonemmure
3460 5220 3553 5276 illo
3580 5234 3733 5298 anno

2138 5290 2440 5354 certissime
2468 5303 2690 5351 exarata
2710 5290 2820 5357 est,
2851 5295 2928 5350 ita
2960 5294 3185 5349 scribit:
3216 5311 3234 5343 ι
3265 5292 3467 5347 Deinde
3498 5300 3557 5345 ut
3581 5290 3733 5346 scias

2137 5376 2337 5437 quanta
2379 5365 2746 5437 misericordia
2775 5380 2991 5437 mecum
3021 5380 3052 5418 a
3082 5364 3193 5418 Deo
3216 5360 3574 5437 omnipotenti
3605 5373 3733 5437 pero

2138 5432 2256 5514 acta
2285 5444 2397 5500 est,
2443 5449 2567 5514 nam
2611 5435 3092 5514 rebusomnibus,
3140 5449 3260 5502 qua:
3290 5432 3728 5514 habuiperloea

2140 5508 2378 5567 diversa,
2420 5503 2693 5571 adjutores
2720 5505 2854 5559 mihi
2882 5520 2951 5560 ex
2979 5504 3115 5560 meis
3142 5500 3376 5574 propriis
3404 5500 3529 5557 [iliis
3553 5500 3727 5624 elixi.

2140 5583 2408 5624 annuente.
2436 5590 2533 5624 ner
2556 5575 2735 5624 ornnia
2763 5574 3197 5624 sinaanslinnibns
3222 5574 3357 5624 meis
3380 5572 3599 5624 domino
3670 5586 3727 5624 a-

2139 5583 2415 5647 annuente
2436 5575 2735 5647 peremnia
2763 5574 3197 5647 suggestionilms
3219 5572 3357 5647 meis
3380 5572 3599 5647 domino
3623 5572 3731 5647 Da:

2141 5648 2247 5700 vid.
2281 5666 2298 5695 ι
2349 5639 2513 5715 Igitur
2540 5645 2681 5718 hanc
2715 5655 2771 5699 et
2805 5639 3178 5718 pﬁecedentes
3199 5645 3332 5699 duas
3366 5641 3620 5713 epistolas
3658 5639 3731 5694 ad

2141 5732 2337 5770 annum
2368 5718 2508 5770 hunc
2533 5715 2638 5771 800
2668 5715 2998 5771 rctluccndas
3024 5716 3294 5768 existimo.

2219 5785 2234 5825 ί
2283 5788 2510 5841 Froben.
2537 5788 2692 5856 epist.
2726 5789 2841 5841 I76.
