4070 6182
303 310 416 367 369

1729 301 2105 357 EPISTULA.

3462 299 3567 355 350

299 419 646 479 orationibus
674 416 915 487 adiuves,
947 424 1010 472 ut
1035 417 1090 471 in
1122 431 1186 471 ea
1211 413 1486 485 proﬁciam
1504 454 1518 477 ,
1551 414 1738 477 donec,
1776 412 1886 466 Deo
1915 418 1960 473 Α
1989 411 2211 482 periculi
2238 419 2319 466 est
2342 411 2590 466 homines
2616 409 2888 468 offendere
2912 427 3073 482 quam
3102 412 3289 469 Deum.
3325 412 3382 469 Si
3407 430 3569 471 omne

300 513 605 583 dirigente,
643 524 839 564 cursus
863 507 988 562 vitae
1022 521 1157 561 meae
1183 505 1250 561 ad
1278 504 1574 574 perfectum
1610 501 1889 575 perveniat

299 605 490 660 tinem.
522 600 635 657 Nec
661 614 796 655 mea:
820 597 1073 669 parvitati
1095 612 1231 668 opus
1255 604 1360 661 est,
1390 594 1624 666 syllabas
1649 592 1890 648 admoni-

302 695 472 750 tionis
496 691 857 761 multiplicare
878 688 995 754 tibi,
1019 703 1140 743 cum
1166 688 1365 752 omnia,
1389 685 1568 740 divina
1595 684 1889 755 inspirante

298 785 502 853 gratia,
525 791 583 837 et
602 781 807 853 Optime
833 792 1157 848 cognoscere
1179 786 1235 830 et
1254 776 1444 831 melius
1462 774 1720 843 perficere
1741 780 1886 825 tuam

291 872 430 928 novi
464 868 910 925 sublimissimam
943 866 1315 930 sanctitatem;
1355 873 1410 918 et
1446 878 1512 918 ne
1546 878 1631 917 me
1658 862 1885 917 tacitur-

295 962 492 1016 nitatis
525 975 676 1015 reum
706 973 827 1013 esse
850 956 997 1025 juste
1027 956 1339 1019 denotares,
1366 951 1657 1008 secundum
1686 965 1886 1021 oppor-

300 1051 591 1106 tunitatem
618 1047 901 1118 portitoris
936 1046 1143 1116 aliquid
1180 1045 1276 1100 tibi
1314 1044 1552 1100 scribere
1579 1042 1885 1098 dulcissima

301 1155 392 1197 me
416 1140 587 1195 vestri
614 1139 847 1194 nominis
873 1137 1018 1208 cogit
1042 1137 1303 1193 charitas.

375 1247 404 1275 ι
431 1232 515 1286 Ife
549 1247 680 1286 vero
717 1231 823 1284 iter
857 1237 1049 1301 agente
1086 1228 1152 1282 de
1188 1227 1386 1298 palatio
1422 1236 1576 1281 sexto
1607 1226 1722 1280 Kal.
1754 1223 1880 1289 Jul.,

303 1330 498 1395 quarta
547 1319 735 1375 leuuca
780 1314 979 1389 [leuca]
1016 1332 1046 1371 a
1091 1325 1276 1371 sancto
1324 1314 1568 1370 Amando
1596 1314 1699 1367 ltiu
1733 1330 1886 1367 man-

301 1410 550 1468 siuncula
580 1409 756 1464 sancti
784 1407 1001 1462 Martini
1031 1406 1235 1462 invenit
1258 1404 1431 1460 fidelis
1451 1414 1629 1459 vester
1654 1404 1885 1459 famulus

303 1502 638 1564 Dominicus,
668 1507 925 1568 utrasque
953 1495 1159 1551 habens
1185 1511 1375 1550 manus
1399 1509 1621 1549 munere
1652 1494 1886 1549 charita—

302 1597 373 1650 tis
407 1591 683 1663 impletas;
735 1590 1013 1645 dexteram
1058 1583 1327 1642 mellitlnis
1365 1584 1665 1640 dilectionis
1693 1592 1887 1639 vestra:

302 1687 528 1751 litteris;
572 1683 849 1738 sinistram
883 1678 1082 1749 duplici
1116 1692 1396 1732 munerum
1434 1677 1611 1747 specie
1642 1676 1885 1748 gratissi-

1993 498 2336 557 bomicidium
2367 499 2573 571 legibus
2597 501 2918 569 vindicatur,
2949 501 3078 572 quid
3103 501 3449 571 judicandum
3484 513 3569 560 est

1990 591 2017 631 ἀ
2035 593 2099 648 de
2125 607 2189 648 eo
2210 591 2499 647 homicidio
2519 592 2661 661 quod
2682 594 2736 647 in
2760 594 2851 648 tali
2873 610 3124 663 persona,
3149 603 3203 650 et
3228 595 3284 650 iu
3309 596 3400 650 tali
3424 595 3565 663 loco,

1989 685 2120 737 etin
2146 683 2238 737 tali
2267 695 2524 751 tempore,
2553 691 2662 737 tam
2686 684 2848 755 impie
2870 686 3264 757 crudeliterque
3286 696 3567 759 peractum

1989 774 2112 828 est?
2144 773 2329 828 Timeo
2357 788 2424 827 ne
2450 788 2481 827 a
2508 774 2732 844 paganis
2758 776 3078 846 quandoque
3106 778 3426 845 vindicetur,
3456 779 3500 834 si
3532 794 3565 834 λ

1988 863 2313 919 Christianis
2355 863 2487 918 ultio
2536 879 2642 918 non
2686 865 2793 919 erit
2838 865 2930 919 tali
2976 866 3249 938 impietate
3276 868 3561 940 condigna.

1989 953 2106 1009 Non
2128 968 2229 1023 ego
2248 961 2425 1008 tamen
2450 962 2680 1009 mortem
2705 954 2930 1023 alicujus
2950 957 3170 1021 suadeo,
3192 956 3403 1014 dicente
3424 959 3562 1014 Deo:

1992 1042 2131 1097 Nolo
2167 1053 2385 1097 mortem
2419 1045 2737 1115 peccatoris;
2776 1045 2866 1098 sed
2903 1054 2960 1098 ut
2998 1055 3327 1100 convertatur
3354 1056 3402 1101 et
3434 1049 3565 1101 rirat

1989 1133 2206 1205 (Ezech.
2236 1150 2428 1200 χχχιιι,
2462 1134 2582 1206 li);
2615 1135 2709 1190 sed
2738 1143 2797 1189 ut
2827 1136 3051 1206 sapienti
3082 1136 3307 1191 consilio
3331 1138 3567 1193 vindicta

1989 1223 2082 1276 fiat
2108 1238 2204 1292 per
2231 1224 2334 1278 alia
2361 1239 2643 1292 prunarum
2674 1240 2902 1293 genera,
2934 1224 3018 1279 vel
3047 1235 3363 1294 perpetuum
3392 1226 3569 1281 exsilii

1987 1311 2370 1377 damnatione,
2420 1320 2481 1367 ut
2522 1327 2711 1367 omnes
2752 1322 3085 1383 agnoscant,
3137 1315 3309 1370 zelum
3354 1315 3568 1370 Domini

1986 1402 2257 1471 principes
2292 1402 2469 1473 populi
2496 1402 2787 1458 Christiani
2818 1404 3047 1468 habere,
3089 1415 3144 1460 et
3172 1407 3457 1461 sacerdotii
3489 1408 3569 1463 di-

1987 1496 2164 1565 gnitas
2203 1495 2459 1551 inviolata
2498 1505 2847 1566 permaneat,
2885 1506 2940 1553 et
2968 1498 3136 1554 libera
3167 1500 3236 1554 sit
3265 1516 3364 1554 vox
3395 1500 3568 1556 corri-

1987 1587 2182 1655 gentis,
2215 1594 2269 1640 et
2296 1588 2635 1642 contumacia
2662 1587 3021 1658 colloquentis
3051 1587 3253 1661 [Forte,
3275 1590 3569 1660 obloquen—

1989 1677 2080 1750 tis]
2132 1693 2411 1748 oppressa.
2468 1677 2795 1735 Aistimatur
2834 1688 3079 1751 etuaque
3131 1680 3255 1754 (sic)
3302 1692 3360 1738 ut
3407 1683 3569 1738 citius

303 1790 470 1829 mam.
501 1772 613 1827 Nec
639 1785 725 1825 me
752 1784 904 1825 mora
928 1767 1103 1823 tenuit
1132 1766 1419 1831 tarditatis,
1452 1765 1581 1835 quin
1612 1766 1790 1820 minus
1819 1781 1880 1819 ea
1915 1754 1959 1811 Β
1990 1769 2209 1824 finiatur
2234 1786 2397 1825 causa
2427 1786 2549 1825 cum
2590 1770 2917 1838 Saxonibus,
2948 1772 2993 1827 si
3024 1781 3201 1828 tamen
3258 1774 3311 1827 in
3342 1774 3567 1829 menda-

300 1867 417 1934 ipsa
446 1865 552 1928 die,
583 1861 757 1916 accito
787 1859 1027 1924 notario,
1071 1864 1130 1912 ut
1169 1865 1272 1912 tum
1297 1855 1589 1911 venerabili
1620 1857 1883 1911 voluntati

298 1953 693 2016 satisfacerem,
731 1952 894 2015 hanc,
935 1965 1099 2018 quam
1138 1948 1298 2002 modo
1329 1962 1489 2001 manu
1522 1955 1691 2010 tenes,
1724 1948 1885 2002 char-

298 2048 471 2102 tulam
501 2045 845 2101 conscribere
867 2043 1034 2114 jussi;
1087 2050 1147 2096 ut
1190 2041 1491 2096 certissime
1533 2055 1885 2110 cognosceres

294 2147 501 2212 quanta
542 2137 673 2192 mihi
712 2144 797 2191 est
836 2133 1108 2190 festinatio
1136 2132 1299 2188 vestri
1330 2129 1580 2187 desiderii
1618 2139 1883 2201 prxecepta

294 2230 595 2302 complere.
634 2228 856 2290 Deiurfe.
891 2234 951 2280 ut
977 2225 1117 2281 scias
1145 2233 1345 2296 quanta
1376 2223 1744 2278 misericordia
1773 2240 1883 2278 me-

293 2337 421 2376 cum
472 2335 504 2373 a
550 2318 662 2372 Deo
706 2314 1060 2385 omnipotenti
1107 2321 1324 2384 peracta
1368 2321 1491 2378 est;
1548 2329 1673 2367 nam
1725 2313 1885 2368 rebus

292 2413 573 2478 omnibus,
619 2426 741 2481 quae
785 2409 949 2464 habui
989 2422 1087 2479 per
1128 2407 1245 2462 loca
1288 2407 1531 2471 diversa,
1563 2418 1583 2445 ε
1610 2406 1883 2474 adjutores

293 2504 431 2561 mihi
458 2520 524 2558 ex
552 2492 689 2557 meis
713 2499 946 2571 propriis
970 2497 1092 2553 filiis
1121 2497 1254 2567 elegi
1283 2504 1552 2551 annuente
1579 2512 1679 2567 per
1701 2497 1882 2551 omnia

292 2590 728 2663 suggestionibus
753 2587 888 2641 meis
913 2585 1129 2641 domino
1156 2599 1275 2639 meo
1302 2584 1492 2638 David.

369 2686 449 2740 'l'u
477 2699 601 2740 vero
638 2680 889 2754 prudenti
926 2680 1151 2736 consilio
1188 2668 1467 2735 considera
1503 2678 1597 2732 Dei
1634 2678 1881 2747 oninipo-

293 2776 465 2832 tentis
490 2773 818 2828 voluntatem
853 2777 907 2825 et
940 2769 1201 2825 honorem
1237 2776 1437 2823 sancta
1464 2768 1557 2822 Dei
1588 2768 1845 2823 Ecclesim
1864 2809 1878 2833 ,

292 2871 360 2920 ut
386 2864 576 2919 melior
600 2862 831 2933 eligatur
858 2860 911 2914 in
947 2866 1109 2929 caput
1143 2858 1503 2914 Ecclesiarum
1534 2857 1777 2924 ordinis;
1826 2864 1883 2912 et

295 2973 405 3014 non
432 2957 548 3013 sine
572 2956 807 3010 vindicta
836 2954 1055 3024 impium
1083 2951 1256 3009 scelus
1284 2953 1622 3007 obmittatur.
1657 2952 1882 3007 Minoris

370 3151 397 3181 ι
431 3137 515 3192 Me
553 3153 672 3192 vero
697 3136 797 3205 iter
837 3130 1355 3205 αρεηιείάε-ραιαιίο.
1391 3129 1623 3205 lunatis
1651 3146 1878 3205 sequen-

295 3209 446 3264 tibus
464 3207 643 3277 palam
671 3206 764 3261 fiet
788 3199 927 3260 hanc
950 3199 1229 3277 epistolam
1258 3216 1400 3277 anno
1418 3199 1524 3277 809
1550 3200 1717 3257 fuisse
1733 3199 1883 3277 scri-

394 3270 481 3343 ηιξ
513 3277 604 3333 illo
624 3291 755 3332 vero
780 3290 922 3330 anno
943 3270 1167 3329 Carolus
1196 3287 1291 3343 res
1318 3270 1460 3326 circa
1488 3271 1649 3326 finem
1679 3273 1883 3327 mensis

330 3340 474 3410 unii,’
507 3345 723 3416 quando
750 3345 1006 3416 Alcuiu_us
1053 3358 1085 3397 e
1113 3340 1327 3416 palatio
1365 3355 1423 3416 se
1461 3356 1738 3416 reversum
1781 3343 1875 3416 ait,

292 3409 617 3487 AqungrEtni
636 3414 766 3487 fuit,
794 3430 902 3487 quo
925 3409 1157 3468 Turonis
1172 3418 1305 3487 pust
1320 3409 1881 3487 gbitum_Liu_dgardis

295 3478 521 3559 regini,
557 3485 650 3559 qui
678 3478 907 3559 ubi‘hoc
933 3498 1077 3559 annu
1104 3478 1277 3559 pridie
1320 3478 1502 3535 Nonas
1529 3479 1675 3535 Junii
1705 3478 1882 3536 conti-

293 3551 405 3628 gif,
434 3574 454 3607 ι
483 3551 927 3627 μετ’Διιιιεὶίιιιιοιι
950 3568 1014 3608 ac
1035 3551 1277 3628 Parisios
1307 3564 1606 3628 regressus,
1633 3567 1883 3628 reversus

294 3620 408 3691 Est,
435 3647 453 3679 ι
485 3620 644 3691 prout
676 3633 866 3678 narrat
892 3622 1153 3678 annalista
1179 3620 1535 3685 Loiselianus,
1565 3622 1650 3676 cui
1681 3621 1881 3676 Meten-

298 3697 375 3753 sis
400 3705 456 3750 et
482 3691 827 3749 Bertinianus
854 3710 976 3747 cum
1009 3691 1318 3762 Eginhardo
1347 3691 1401 3744 in
1433 3691 1717 3762 annalibus
1745 3707 1876 3762 e_on-

296 3766 540 3821 sentiunt
556 3765 837 3833 (Bouquet,
865 3758 1081 3833 script:
1094 3758 1443 3833 RexLFranc.
1471 3760 1716 3833 t_om._V).
1744 3759 1880 3815 llinc

295 3836 493 3907 colligo
540 3830 825 3907 Alcuinum
873 3831 1158 3907 Carolum,
1206 3830 1438 3885 Turonis
1481 3830 1878 3900 Aquisgranum

297 3900 625 4016 regréssum,
657 3903 975 3985 comitatum
1001 3900 1186 3983 fuisse.

433 3973 492 4016 In
522 3971 886 4016 mnnxnmnuln
918 3980 1083 4016 uincti
1115 3968 1186 4016 Μι

425 3973 493 4028 In
522 3971 886 4027 mansiuncula
918 3972 1084 4026 sancti
1112 3968 1350 4023 Martini.
1385 3968 1652 4023 Barallam
1696 3967 1878 4022 villam

434 4085 449 4108 ,
477 4043 748 4111 intelligit,
778 4043 843 4097 de
868 4055 974 4112 qua
1002 4040 1058 4093 in
1084 4039 1242 4112 epist.
1267 4038 1337 4112 ϐξ
1360 4039 1426 4093 ad
1453 4038 1724 4112 {lunonem
1753 4038 1881 4093 scri-

294 4053 449 4171 goto,
477 4053 748 4111 intelligit,
778 4053 843 4097 de
868 4055 974 4112 qua
1002 4056 1058 4093 In
1084 4053 1242 4107 epist.
1267 4053 1335 4092 uti
1360 4053 1426 4093 au
1453 4053 1724 4093 Arnonem
1753 4054 1878 4093 scrt-

335 4116 383 4170 it
418 4131 432 4166 :
474 4113 797 4183 Dispositum
835 4111 999 4183 habeo
1045 4109 1114 4162 ad
1155 4108 1373 4162 Baralla
1421 4107 1599 4183 vilium
1645 4117 1878 4163 nostram

292 4193 526 4256 quatuor
549 4176 640 4256 aut
666 4182 890 4256 quinque
923 4180 1033 4256 dies
1068 4194 1354 4256 remanere,
1386 4176 1665 4256 non-{onus
1695 4196 1726 4231 a
1757 4196 1881 4232 san-

294 4245 380 4312 ξω
406 4245 970 4319 Απιαιιάο,ἰεάήιιαεί
1002 4249 1181 4319 quinto
1206 4245 1701 4319 decimojnilliario.

370 4334 397 4362 θ
436 4314 719 4392 Adjntorcs
744 4314 961 4392 miliiea;
991 4314 1118 4392 meis
1152 4317 1376 4392 propriis
1399 4314 1695 4392 ﬁliisﬁlegi.
1723 4317 1878 4392 Celef

291 4385 568 4449 berrimus
590 4389 1123 4447 nosterMabillonius
1146 4385 1414 4456 quondam
1445 4386 1499 4438 in
1522 4385 1708 4456 Elogio
1733 4386 1875 4441 beati

1908 3092 1956 3156 ϐ

1984 1858 2085 1915 ciis
2131 1860 2333 1915 veritas
2383 1860 2608 1916 inveniri
2657 1862 2906 1929 poterit:
2959 1863 3177 1932 insuper
3222 1872 3276 1916 et
3322 1863 3568 1919 diabolus

1985 1951 2146 2005 habet
2196 1965 2440 2022 quairere
2490 1966 2685 2007 causas
2733 1952 3094 2017 omnimodis,
3147 1960 3205 2006 ut
3246 1954 3568 2023 impediatur

1977 2040 2188 2111 justitia
2210 2049 2266 2096 et
2285 2049 2484 2097 sancta:
2508 2042 2762 2097 Ecclesiae
2780 2043 3062 2111 protectio.
3088 2043 3168 2099 En
3191 2044 3294 2098 erit
3317 2044 3403 2098 illa
3427 2045 3566 2110 dies,

1984 2143 2042 2188 ut
2082 2134 2241 2188 liccat
2289 2132 2419 2187 mihi
2468 2132 2831 2187 dulcissimam
2877 2142 3069 2188 vestrae
3112 2134 3328 2203 pietatis
3373 2135 3565 2190 faciem

1983 2226 2187 2290 videre,
2215 2232 2271 2280 et
2295 2224 2673 2279 suavissimum
2703 2225 2867 2279 vestri
2896 2224 3188 2293 alloquium
3216 2226 3422 2281 audire.

2054 2317 2187 2373 Cum
2223 2316 2240 2355 ί
2268 2316 2447 2373 Felice
2493 2317 2748 2373 hmretico
2784 2332 3036 2388 magnam
3073 2316 3472 2372 contentionem
3513 2316 3567 2372 in

1983 2408 2270 2477 praesentia
2300 2407 2501 2463 domini
2532 2408 2696 2478 regis,
2717 2415 2769 2461 et
2794 2415 3105 2462 sanctorum
3132 2405 3351 2460 Patrum
3379 2404 3569 2460 habui-

1984 2516 2124 2565 mus,
2166 2500 2257 2554 sed
2297 2499 2385 2553 ille
2413 2500 2501 2553 diu
2538 2498 2834 2552 obduratus
2862 2498 3060 2551 nullius
3088 2499 3356 2552 consentit
3386 2505 3570 2552 aucto-

1983 2592 2227 2656 ritatem;
2277 2589 2379 2646 nisi
2423 2589 2507 2644 sui
2552 2595 2787 2643 sectator
2829 2588 3144 2652 sementim,
3190 2587 3465 2641 aestimans
3508 2603 3568 2642 se

1982 2682 2361 2752 sapientiorem
2392 2678 2643 2733 omnibus
2668 2693 2788 2732 esse
2828 2677 2880 2730 in
2919 2693 3006 2742 eo,
3045 2678 3187 2747 quod
3227 2678 3441 2731 stultior
3468 2678 3568 2734 fuit

1982 2772 2266 2839 omnibus;
2317 2770 2411 2827 sed
2454 2771 2632 2826 divina
2677 2770 2959 2825 clementia
2998 2769 3250 2823 visitante
3292 2785 3386 2823 cor
3425 2770 3568 2824 illius

1981 2863 2273 2917 novissime
2302 2860 2434 2915 falsa
2465 2859 2714 2931 opinione
2750 2876 2807 2915 se
2842 2860 3121 2914 seductum
3150 2858 3429 2914 confessus
3458 2869 3564 2923 est,

1982 2961 2039 3008 et
2086 2950 2244 3007 fidem
2292 2950 2610 3007 catholicam
2660 2966 2718 3005 se
2770 2950 2996 3005 firmiter
3045 2959 3241 3029 tenere.
3274 2948 3563 3005 fatebatur.

1984 3150 2126 3206 anno
2148 3149 2246 3206 per
2275 3132 2479 3203 legatos
2500 3132 2682 3206 Caroli
2710 3132 2850 3206 regis
2878 3133 3140 3206 agebatur
3165 3132 3231 3206 de
3263 3149 3400 3206 novo
3427 3150 3564 3206 pon-

1983 3173 2126 3259 ἱῖἥὲἔ
2148 3173 2593 3274 ἕῆξνὲἶίῖἰῦῗᾶιῖἐῖἁ
2607 3173 3246 3274 ᾍὶιξιῖίῖιᾞεἬῖἑέἱὶῖεἶεῖτ
3263 3173 3561 3274 ’ἑῖιὲἆθῗίὲ

1983 3220 2125 3259 nuce
2148 3220 2417 3274 eugenuo,
2449 3220 2590 3273 quoa
2621 3220 2881 3257 meninns
2908 3220 3163 3259 dissuasit
3194 3220 3246 3258 in
3274 3220 3302 3256 ρ
3344 3220 3430 3258 ιει.
3458 3220 3561 3261 ιιδ

1982 3274 2071 3339 (ad
2091 3274 2398 3398 ΔιιιιοιιιξιιιῖΙ
2416 3273 2508 3329 sed
2535 3273 2601 3327 de
2629 3272 2810 3329 Leone
2855 3274 2910 3326 in
2945 3288 3042 3327 sua
3071 3274 3200 3330 sede
3219 3220 3564 3331 statiiliendo.

1982 3343 2151 3398 Nemo
2173 3358 2302 3398 vero
2330 3359 2361 3397 a
2386 3345 2467 3398 'us
2494 3344 2780 3398 cnisconus
2811 3353 3144 3398 memoratur
3172 3346 3241 3398 ab
3266 3344 3563 3398 historicis.

1981 3343 2151 3399 Nemo
2173 3358 2302 3399 vero
2330 3343 2467 3400 alius
2494 3344 2780 3413 cpiscopus
2811 3353 3144 3413 memoratur
3172 3346 3241 3398 ab
3266 3344 3563 3411 historicis,

1978 3414 2072 3486 qui
2102 3413 2194 3486 illo
2214 3429 2356 3468 anno
2401 3412 2701 3486 autfpriori
2747 3413 3049 3486 crudeliter
3072 3412 3263 3486 fuisset
3306 3415 3562 3486 in_terem-

1979 3482 2121 3554 plus.
2170 3484 2323 3537 Anne
2337 3499 2481 3554 ivero
2509 3482 2622 3539 huic
2651 3484 2813 3538 verba
2842 3482 3053 3554 uleuiui
3087 3484 3153 3554 de
3183 3498 3314 3554 nece
3341 3482 3566 3540 Joannis

1978 3551 2299 3623 patriarcha:
2320 3553 2635 3623 Gradensis,
2659 3568 2816 3622 quem
2842 3551 3080 3623 Joannes
3104 3553 3211 3606 dux
3235 3552 3560 3623 Venetorum

1979 3620 2076 3693 per
2103 3622 2272 3677 ﬁlium
2297 3639 2453 3693 suum
2484 3620 2882 3693 Mauritiumpx
2916 3620 3180 3693 altissima
3202 3622 3338 3693 turri
3368 3623 3561 3692 praeci-

1979 3689 2143 3763 pitem
2174 3693 2287 3763 dari
2325 3692 2471 3753 fecit,
2511 3691 2857 3763 intelligenda
2891 3691 3050 3763 sunt?
3080 3689 3192 3763 sed
3213 3689 3560 3748 hancneccm

1980 3759 2122 3816 anno
2165 3760 2270 3815 802
2307 3769 2401 3815 aut
2439 3761 2661 3815 omnino
2693 3759 2946 3830 sequenti
2994 3759 3287 3830 contigisse
3332 3778 3561 3818 concors

1980 3831 2362 3886 historicorum
2392 3830 2655 3883 sententia
2681 3838 2782 3892 est,
2816 3829 2883 3883 de
2909 3845 3015 3896 qua
3043 3829 3164 3884 vid.’
3183 3829 3399 3887 dissert.
3431 3833 3466 3887 6
3486 3833 3562 3888 cl.

1981 3900 2197 3955 Madrisi
2228 3898 2328 3967 0p.
2359 3900 2529 3956 sancti
2558 3899 2766 3954 Paulini
2794 3898 3177 3965 Aquileiensis.

2055 3982 2078 4009 ε
2130 3969 2341 4039 Tuoque
2370 3977 2423 4022 ut
2450 3969 2604 4023 citius
2643 3969 3061 4039 [iniatur_causn
3094 3986 3211 4039 cum
3240 3969 3566 4026 Saxonibus.

1978 4038 2179 4094 Arnoui
2211 4037 2428 4093 causam
2454 4037 2688 4108 aliquam
2719 4054 2838 4093 cum
2862 4037 3165 4091 Saxonibus
3190 4038 3565 4095 intercessisse

1978 4125 2139 4165 nemo
2166 4108 2313 4164 dicit.
2357 4107 2585 4165 Credam
2620 4107 2674 4162 iu
2707 4108 2791 4163 his
2819 4108 2997 4178 verbis
3027 4108 3320 4178 a'stimatur
3348 4116 3569 4178 tuaque,

1980 4180 2232 4234 mendum
2283 4180 2505 4250 cubare,
2543 4178 2927 4250 et__legeud_um
2977 4177 3223 4232 fortassis
3260 4177 3575 4250 adimatur

1979 4259 2170 4314 tutum,
2213 4250 2296 4303 vel
2343 4249 2537 4304 simile.
2589 4248 2795 4318 Nempe
2824 4248 3095 4303 Saxonum
3135 4248 3379 4317 pertinax
3431 4249 3571 4304 resi-

1980 4321 2174 4374 stentia
2222 4320 2331 4388 regi
2371 4318 2564 4373 Carolo
2600 4319 2702 4373 hoc
2744 4319 2904 4373 etiam
2944 4318 3118 4374 adhuc
3153 4334 3296 4388 anno
3332 4318 3567 4373 multum

1982 4390 2180 4459 negotii
2230 4386 2523 4450 facessivit,
2556 4397 2717 4459 atque
2746 4389 3129 4459 impedimento
3173 4386 3292 4453 fuit,
3327 4402 3432 4459 quo
3460 4392 3567 4459 mi-

291 4437 567 4535 113.333“;
591 4437 1286 4535 iiiaat‘egiaaaag
1299 4437 1581 4535 agonas;
1596 4437 1878 4535 signa;
1911 4437 1955 4493 υ
1983 4437 2583 4535 ἦῖιέἶὲειιιίᾶέξὲὗέῆιὶι⁷
2595 4437 2852 4535 egena;
2865 4437 3093 4535 segni;
3105 4437 3571 4535 tutaturi-iisiis

292 4534 500 4588 dorum
527 4526 876 4597 prafecturas
900 4528 1176 4598 discipulis
1203 4527 1333 4590 suis,
1360 4526 1735 4598 Martinianam
1761 4528 1880 4595 qui-

290 4603 418 4674 dem
453 4595 767 4674 Fridngiso,
787 4595 1187 4674 Ferrariensem
1216 4595 1580 4674 veroMSigulfo
1619 4598 1876 4674 partitum

290 4672 463 4727 fuisse
500 4665 652 4727 anno
670 4670 794 4733 804,
826 4677 882 4724 et
910 4684 1051 4724 anno
1087 4668 1301 4722 demum
1334 4665 1875 4731 8l5'diem’ohiisse;

292 4743 439 4803 hanc
483 4750 663 4797 tamen
707 4755 861 4796 suam
910 4737 1231 4795 sententiam
1279 4736 1361 4789 vir
1403 4735 1651 4806 egregius
1693 4745 1876 4805 postea

295 4812 575 4867 revocavit
618 4810 712 4865 lib.
742 4825 890 4864 xxvii
918 4808 1229 4870 Annalium,
1266 4819 1388 4874 pag.
1431 4804 1555 4870 367,
1585 4814 1641 4859 et
1668 4804 1732 4860 ad
1762 4806 1878 4860 cal-

295 4895 419 4941 cem
444 4887 579 4936 tom.
606 4882 653 4937 ν
680 4880 961 4935 Actorum.
1002 4878 1248 4932 Praesens
1269 4888 1398 4928 vero
1421 4874 1645 4943 epistola
1676 4875 1877 4930 mullum

293 4949 520 5019 dubium
568 4950 823 5019 relinquit
846 4948 1130 5004 Alcuinum
1168 4946 1272 4999 hoc
1301 4958 1444 5019 anno
1467 4943 1574 5000 800
1603 4944 1879 5014 adjutores

293 5017 404 5076 sibi
448 5021 506 5076 in
550 5014 1018 5075 administratione
1076 5014 1526 5086 monasteriorum
1590 5030 1879 5086 rerumque

292 5103 519 5171 suarum
540 5104 608 5145 ex
627 5089 902 5159 discipulis
922 5088 1166 5159 elegisse.
1196 5084 1317 5140 Vid.
1340 5091 1454 5138 not.
1482 5094 1506 5122 ο
1526 5084 1879 5154 praecedentis

293 5173 592 5307 ῗέαῧεωέο
618 5228 933 5307 homicidio.
963 5225 1247 5282 Alcuinum
1274 5224 1364 5305 hic
1392 5222 1538 5307 loqui
1564 5223 1632 5307 de
1651 5224 1877 5307 homiei:

291 5298 391 5354 (lu
428 5314 531 5355 seu
564 5313 700 5354 nece
739 5298 973 5354 violenta
1000 5310 1244 5367 persona:
1266 5294 1545 5367 cujusdam
1589 5294 1644 5348 in
1685 5294 1874 5367 majori

294 5368 573 5439 dignitate.
587 5368 956 5439 ecclesiastica
987 5362 1326 5439 constitutae;
1363 5373 1418 5420 et
1446 5364 1500 5418 in
1530 5362 1650 5419 loco
1674 5363 1874 5439 celebri

296 5434 464 5508 impie
494 5446 550 5495 et
574 5437 868 5508 crudeliter
904 5443 1233 5508 perpetrata,
1269 5437 1385 5507 ipse
1431 5441 1714 5508 contextus
1744 5434 1878 5489 satis

294 5503 555 5591 ostendit.
595 5507 673 5563 De
696 5503 1016 5590 crudelitate
1050 5507 1103 5561 in
1133 5503 1373 5589 leonem
1390 5503 1700 5627 pontiﬁcem
1734 5520 1876 5560 anno

294 5586 576 5627 iii-Mento
619 5593 649 5627 ιι
682 5577 935 5627 Romanis
961 5585 1176 5627 neraeta
1207 5576 1260 5627 rd
1286 5584 1394 5627 inte
1417 5576 1504 5627 lim
1533 5588 1754 5627 minime
1781 5590 1876 5627 no-

293 5579 576 5650 praaterito
619 5593 649 5630 a
682 5577 935 5632 Romanis
961 5585 1176 5645 peracta
1286 5576 1504 5645 intelligi
1533 5576 1754 5629 minime
1781 5590 1876 5644 po-

297 5657 435 5705 b'st:
479 5649 527 5702 is
563 5648 712 5701 enim
742 5663 846 5701 non
876 5648 1103 5705 occisus,
1137 5646 1239 5699 sed
1260 5653 1559 5715 exist-catus
1587 5645 1874 5715 linguaque

296 5718 601 5781 mutilatus,
655 5717 942 5773 semivivus
991 5717 1210 5771 relictus
1255 5724 1355 5770 est.
1416 5714 1522 5768 Nec
1554 5715 1632 5767 Ro
1654 5728 1733 5767 nsi
1773 5714 1873 5768 hoc

1983 4527 2241 4583 tractari.
2272 4527 2601 4583 Hinc’etiam
2642 4528 2696 4581 in
2726 4527 3047 4598 epistola95
3077 4527 3192 4598 regi
3220 4527 3407 4589 suasit,
3448 4547 3464 4581 ι
3503 4538 3566 4584 ut

1980 4606 2338 4669 componatur
2362 4613 2475 4669 pax
2515 4596 2867 4669 cum‘populo
2894 4596 3125 4669 nefando
3150 4596 3494 4669 (Saxonum).
3536 4621 3565 4653 ι.

1980 4668 2049 4750 Iit
2075 4668 2128 4721 in
2159 4669 2316 4751 epist.
2347 4667 2415 4722 96
2441 4669 2517 4722 ait
2544 4686 2556 4721 :
2585 4686 2605 4750 ς
2642 4666 2855 4722 Utinam
2885 4666 3205 4791 quandoque
3230 4667 3410 4722 divina
3439 4666 3571 4739 gra~

1980 4746 2054 4791 tia
2079 4739 2229 4791 vobis
2257 4738 2520 4791 concedat
2564 4736 2866 4791 libertatem
2914 4754 2943 4791 a
2971 4751 3111 4791 nonu
3196 4736 3428 4791 nefando
3458 4740 3560 4791 Sa-

1979 4737 2054 4791 tia
2079 4736 2229 4792 vobis
2257 4738 2520 4792 concedat
2564 4736 2866 4791 libertatem
2902 4754 2943 4807 7a
2971 4736 3170 4807 populo
3196 4736 3560 4807 nefandqua-

1978 4822 2199 4872 sonum,
2249 4808 2354 4863 iter
2400 4823 2580 4878 agere,
2630 4820 2793 4878 regna
2816 4805 3147 4878 gubernare,
3192 4805 3567 4878 justitiasfaa

1979 4893 2121 4959 cere.
2159 4896 2178 4929 ι
2207 4878 2275 4959 Et
2299 4875 2487 4959 rursus
2515 4875 2749 4959 inepis't.
2774 4875 2875 4931 108
2890 4890 2949 4959 ᾖ(
2984 4876 3571 4959 Hu.mioru‘m_perditio

1978 4956 2163 5020 nostra
2192 4957 2275 5003 est
2292 4945 2634 5020 knegligentia’
2658 4945 3022 5020 laborantium
3032 5016 3042 5020 _
3062 4946 3116 5001 in
3143 4945 3430 5002 maledicta
3467 4964 3565 5019 ge—

1978 5019 2259 5087 neratione
2285 5015 2675 5087 Saiou'um..:..
2701 5023 2757 5069 et
2783 5031 2879 5071 eos
2903 5015 3418 5087 negligentes,_qnos
3444 5015 3560 5073 rna-

1970 5085 2092 5155 jore
2138 5087 2387 5143 mercede
2443 5086 2583 5157 apud
2610 5086 2780 5142 Deum
2828 5094 2883 5140 et
2925 5085 3094 5157 gloria
3140 5085 3278 5156 apud
3301 5085 3571 5145 homines

1977 5157 2177 5227 habere
2205 5158 2503 5227 potuimus,
2524 5167 2630 5211 etc.
2668 5176 2687 5208 ι

2053 5225 2072 5264 ί
2107 5224 2446 5298 Curitlt'clice
2493 5224 3196 5298 contentionemjiabuimtu.
3238 5226 3467 5298 Nempe,
3502 5228 3566 5284 in

1976 5295 2204 5351 concilio
2234 5296 2656 5365 Aquisgrancnsi
2702 5296 2827 5365 auiti
2874 5294 2981 5365 799
3033 5297 3298 5365 exeuntis.
3366 5294 3419 5351 In
3456 5297 3561 5352 hoc

1976 5367 2120 5421 enim
2167 5363 2313 5419 anno
2337 5364 2408 5419 52
2445 5364 2622 5434 Caroli
2669 5364 2885 5434 gloriosi
2935 5364 3079 5434 regis
3124 5363 3382 5421 Alcuinus
3434 5383 3569 5423 cum

1976 5435 2154 5489 Felice
2188 5442 2452 5505 praesente
2483 5433 2816 5505 disputando
2867 5433 3255 5490 rationabiliter
3293 5437 3558 5504 conflixit,

1981 5523 1998 5555 ι
2037 5502 2291 5574 illumque
2318 5504 2582 5558 veraciter
2603 5502 2833 5574 convicit
2870 5512 2924 5574 et
2950 5504 3269 5574 catholicum
3300 5506 3498 5572 effecit,
3534 5502 3554 5562 ι

1976 5584 2034 5628 ιιι
2064 5575 2176 5643 ipSC
2199 5573 2391 5629 Scribit
2416 5574 2538 5627 libr.
2572 5588 2586 5625 ι
2617 5573 2878 5629 adversus
2904 5573 3244 5644 Elipanrlum.
3270 5577 3431 5633 Certo
3457 5578 3554 5644 igi-

1977 5655 2064 5699 tur
2088 5645 2396 5708 teuendum,
2420 5650 2740 5712 pra-sentem
2765 5643 3043 5712 epistolam
3068 5646 3246 5701 datam
3270 5664 3389 5704 esse
3414 5643 3559 5703 anno

1977 5714 2227 5785 prmsmti
2254 5712 2357 5765 809
2383 5711 2502 5783 post
2539 5730 2587 5767 \‘l
2618 5713 2733 5766 Kal.
2764 5711 2910 5769 Julii.
