4070 6182
489 303 619 386 εει

1412 330 1473 385 Β.
1506 331 1566 386 F.
1606 333 1834 389 ALBlNl
1875 332 2006 389 SEU
2046 330 2325 388 ALCUINI
2366 334 2643 390 OPERUM
2676 331 2857 388 PARS
2895 332 2934 386 l.

3647 331 3758 386 3512

489 439 598 496 Nos
627 455 756 496 vero
786 438 963 495 cordis
989 437 1132 493 illius
1164 451 1369 494 secreta
1401 442 1702 499 nescientes
1733 443 2069 499 occultorum
2102 445 2143 501 Α
2174 445 2435 514 scyphum
2456 485 2470 509 ,
2503 444 2557 498 in
2582 460 2689 512 qua
2718 443 2875 514 panis
2899 443 3146 512 cingatur
3174 439 3380 513 [Forte,
3414 441 3677 513 tingatur]
3706 445 3761 498 in

482 531 653 600 judiei
699 545 916 586 causam
965 529 1305 597 dimisimus,
1356 532 1547 587 dantes
1593 548 1718 588 eum
1750 545 1776 575 ι
1804 532 2074 588 Laidrado

489 622 761 690 episcopo,
801 620 1120 674 charissima
1154 631 1340 677 nostro
1376 622 1506 690 lilia,
1546 633 1606 679 ut
1642 641 1826 680 secum
1867 634 2074 679 teneret

488 727 644 778 etim,
686 720 742 767 et
768 712 1025 781 probaret
1058 714 1104 768 si
1130 729 1320 768 verum
1347 724 1493 771 esset
1521 718 1665 787 quod
1697 733 1757 773 se
1786 718 1862 771 ait
1897 717 2074 772 credi-

487 802 667 870 disse;
707 812 762 858 et
785 804 815 844 ιν
837 804 883 859 si
920 820 1019 875 per
1053 805 1309 875 epistolas
1353 822 1480 863 suas
1524 807 1783 863 damnare
1816 808 2073 863 valuisset

487 894 780 965 pristinum
820 911 977 950 suum
1005 911 1280 961 errorem,
1323 912 1482 966 quem
1524 907 1680 952 antea
1722 896 2071 968 pertinaciter

486 989 818 1058 prardicavit.
850 987 1261 1044 Consideratum
1289 997 1445 1044 antea
1476 989 1664 1044 habuit
1692 990 1925 1045 domnus
1952 1004 2072 1054 rex,

488 1086 550 1133 ut
588 1078 737 1135 illum
777 1078 1076 1134 destinaret
1100 1090 1122 1118 ο
1150 1078 1362 1133 Biculfo
1399 1080 1804 1151 archiepiscopo
1848 1080 1914 1134 ad
1960 1094 2073 1135 scr-

487 1170 722 1225 vandum
747 1177 803 1225 et
830 1170 1242 1241 castigandum;
1276 1179 1332 1224 et
1358 1173 1733 1243 presbyterum
1762 1187 1919 1227 suum
1937 1212 1952 1237 ,
1981 1173 2072 1241 qui

488 1256 639 1329 pejor
670 1258 771 1313 fuit
800 1259 1077 1329 magistra,
1109 1259 1205 1313 tibi
1232 1267 1443 1328 tuaeque
1470 1261 1840 1329 providentia},
1871 1262 2072 1317 dictum

486 1357 592 1415 est,
619 1348 956 1420 dirigendum
983 1362 1101 1405 esse
1126 1367 1138 1403 :
1172 1349 1278 1404 Sed
1305 1351 1430 1406 dum
1457 1366 1748 1407 conversos
1768 1351 1920 1426 [Ms.,
1947 1368 2075 1408 can-

489 1436 699 1509 versus]
727 1438 794 1493 ad
818 1436 976 1493 ﬁdem
1006 1438 1324 1494 catholicam
1353 1454 1411 1495 se
1438 1456 1560 1496 esse
1587 1440 1914 1507 fatebantur,
1948 1452 2074 1498 tunc

486 1528 595 1582 dati
628 1538 754 1583 sunt
776 1529 1034 1599 praedicta
1063 1529 1218 1584 fratri
1258 1539 1443 1587 nostra
1471 1532 1536 1587 ad
1567 1534 1901 1601 probandos,
1945 1535 2074 1604 quid

487 1619 735 1675 veritatis
775 1627 950 1685 esset;
997 1630 1051 1675 et
1092 1620 1182 1675 ille
1210 1620 1560 1693 [Laidradus]
1584 1639 1705 1676 cum
1733 1622 1755 1661 ἀ
1786 1624 2073 1679 abbatibus

487 1708 1038 1776 Benedicto,Nifridia
1062 1711 1261 1765 missus
1285 1719 1368 1766 est
1389 1711 1443 1765 in
1472 1711 1592 1767 illas
1617 1721 1801 1781 partes
1826 1713 2070 1767 occiden-

488 1800 625 1856 tales
643 1802 711 1856 ad
731 1802 1120 1871 extinguendus
1139 1809 1193 1855 et
1210 1801 1550 1857 evacuandas
1567 1801 1724 1871 hujus
1743 1804 2078 1872 pravissimre
2110 1791 2151 1850 Β

485 1892 804 1947 assertionis
835 1890 1209 1957 infidelitates;
1251 1907 1387 1961 quos
1416 1901 1601 1947 nostra
1634 1893 1873 1971 parvitas
1906 1908 2078 1964 quan—

485 1990 600 2038 tum
625 1983 802 2054 potuit
825 1995 849 2023 ο
867 1983 1083 2055 scriptis
1108 1983 1491 2040 ecclesiasticis
1512 1983 1818 2053 adjuvabat,
1841 1986 2076 2041 maxime

483 2090 551 2131 eo
578 2074 757 2130 libello
783 2089 942 2145 quem
969 2090 1141 2144 nuper
1163 2076 1428 2130 edidimus
1453 2085 1643 2131 contra
1668 2076 1906 2131 libellum
1934 2077 2087 2133 illius

487 2169 704 2235 Felicis,
733 2166 757 2207 τ
779 2184 939 2240 quem
963 2169 1147 2237 priore
1171 2184 1313 2222 anno
1339 2168 1499 2223 nobis
1521 2168 1737 2222 direxit.

560 2261 795 2315 Tantum
818 2261 947 2314 mihi
973 2277 1004 2315 a
1023 2259 1265 2315 Candida
1287 2275 1407 2316 mea
1431 2260 1645 2315 laudata
1667 2269 1749 2317 est
1771 2263 2075 2320 sanctitatis

486 2362 682 2408 vestra:
706 2353 1065 2418 conversatio,
1089 2361 1145 2407 et
1172 2352 1339 2407 totius
1361 2353 1622 2408 bonitatis
1652 2354 1887 2410 studiosa
1914 2357 2076 2411 devo-

488 2446 582 2511 tio,
614 2453 670 2500 et
690 2444 1069 2501 ecclesiastica
1096 2446 1434 2501 auctoritatis
1463 2453 1650 2501 sancta
1666 2446 1992 2514 sollicitudo,
2014 2456 2076 2502 ut

487 2537 804 2593 erubescam
833 2552 968 2607 pene
996 2552 1128 2592 mea:
1151 2536 1404 2607 pigritiae.

560 2628 854 2685 Litterulas
890 2628 1101 2698 aliquas
1139 2628 1554 2694 admonitionis,
1598 2637 1793 2685 vestra;
1835 2629 2075 2686 scribere

484 2722 804 2779 venerandae
822 2723 1131 2778 auctoritati
1156 2723 1507 2778 temerarium
1527 2725 1676 2791 duxi,
1691 2724 1794 2780 nisi
1816 2724 2073 2796 legerem,

486 2815 646 2871 beato
672 2813 1001 2886 Hieronymo
1026 2814 1276 2869 dicente:
1311 2816 1514 2869 Aurum
1551 2816 1605 2870 in
1641 2815 1967 2888 sterquilinio
1995 2816 2075 2870 in-

487 2915 694 2960 ventum
732 2905 1059 2961 laudandum
1096 2924 1226 2971 esse,
1263 2917 1312 2962 et
1346 2909 1591 2963 thesauro
1621 2909 1895 2965 Dominico
1931 2912 2073 2965 inse-

489 2996 729 3051 rendum.
778 2995 912 3051 Nam
959 2997 1148 3052 beatus
1185 2999 1456 3068 apostolus
1503 3000 1701 3057 Paulus
1751 3018 1942 3056 aurum
1988 3019 2075 3057 sa-

488 3085 703 3153 piemia:
740 3086 793 3138 in
830 3094 1070 3141 stercore
1111 3097 1395 3156 poetarum
1439 3090 1715 3146 inventum
1760 3094 1814 3148 in
1855 3093 2072 3149 divitias

486 3265 563 3320 cti
586 3265 836 3322 doctares
857 3266 974 3336 ejus
993 3271 1240 3340 exempla
1259 3273 1457 3327 eruditi
1494 3273 1756 3330 fecerunt.
1789 3275 1925 3331 Nam
1953 3294 2074 3332 rosa

489 3356 634 3412 Inter
656 3356 839 3427 spinas
876 3366 1002 3413 nata
1033 3361 1156 3415 miri
1184 3363 1369 3418 odoris
1406 3372 1463 3419 et
1500 3366 1699 3421 coloris
1737 3367 2077 3439 incompara-

489 3445 613 3502 bilis
636 3447 864 3519 gratiam
888 3448 1087 3505 habere
1114 3450 1482 3521 dignoscitur:
1513 3454 1585 3510 ita
1610 3456 1789 3524 pietas
1812 3463 1899 3512 tua
1930 3472 2078 3513 meas

490 3538 698 3596 litteras
722 3539 892 3612 legat,
921 3542 1063 3597 sicut
1092 3558 1267 3598 rasam
1291 3543 1359 3600 de
1384 3546 1577 3616 spinis,
1608 3557 1689 3613 ut,
1719 3549 1765 3604 si
1793 3550 1923 3618 quid
1949 3549 2076 3606 boni

488 3628 673 3685 odoris
714 3630 767 3685 in
812 3632 891 3687 eis
936 3632 1210 3696 invenias,
1255 3634 1498 3708 largitori
1538 3639 1779 3694 omnium
1810 3642 2077 3696 bonarum

492 3722 680 3791 gratia:
717 3732 964 3792 agantur,
1014 3726 1104 3795 qui
1151 3737 1342 3797 potens
1389 3737 1489 3783 est.
1518 3731 1584 3787 de
1630 3731 1851 3802 pulvere
1896 3750 2077 3790 rosam

490 3824 713 3878 creare,
748 3820 803 3868 et
829 3811 895 3868 de
922 3822 1161 3870 stercore
1187 3818 1397 3890 erigere
1424 3836 1745 3892 pauperem,
1788 3834 1846 3879 ut
1882 3825 2076 3881 solium

492 3900 677 3970 gloria:
706 3909 904 3969 teneat,
931 3913 986 3959 et
1013 3907 1196 3963 sedeat
1222 3924 1345 3964 eum
1370 3911 1704 3982 principibus
1727 3916 1906 3986 populi
1935 3916 2039 3970 sui.

564 3991 680 4047 Misi
703 3994 953 4049 charitati
980 4006 1084 4052 tuae
1107 3999 1207 4054 tria
1233 4003 1572 4069 munuscula,
1598 4006 1909 4071 tentorium,
1933 4007 2077 4077 quod

494 4085 858 4141 venerandum
887 4098 1050 4159 caput
1076 4099 1226 4146 tuum
1251 4092 1503 4148 defendat
1529 4096 1598 4150 ab
1626 4096 1920 4163 imbribus;
1954 4100 2081 4155 misi.

489 4182 549 4230 et
586 4175 880 4247 sagellum,
923 4195 1031 4249 quo
1067 4190 1257 4248 pectus
1283 4198 1500 4238 sacrum
1530 4183 1807 4251 foveatur;
1858 4188 1981 4242 misi
2023 4199 2078 4245 et

565 4347 886 4430 ιιεεήιξιςαρο
933 4354 1190 4430 episcopo.
1238 4355 1606 4430 Lugdunensi,
1650 4360 1743 4430 qui
1789 4362 1892 4417 hoc
1933 4379 2077 4421 anno

493 4432 629 4499 eum
642 4419 970 4499 Nefridioet
990 4419 1280 4499 Benedicto
1310 4419 1701 4499 inliispaniam
1742 4432 1939 4488 missus
1970 4419 2070 4499 est,

493 4491 563 4545 ad
614 4490 837 4548 haeresis
871 4492 1246 4572 impietatem,
1300 4514 1330 4552 a
1370 4490 1652 4572 Feli'cect
1694 4501 1956 4572 Elipaudo
2003 4490 2077 4561 ibi
2109 4490 2157 4550 Ῑ)

494 4575 740 4640 sparsam
763 4562 1356 4640 penitusabaleudam;
1385 4572 1530 4640 quod
1555 4562 1816 4628 Alcuinu's
1838 4574 1927 4630 hic
1956 4591 2080 4631 con-

496 4627 696 4693 li'rmat,
725 4627 781 4687 ei
805 4650 902 4688 nos
929 4635 1054 4690 alibi
1078 4627 1483 4696 elucidavimus.

569 4699 598 4739 δ
637 4701 700 4781 βὲ
741 4721 833 4773 per
879 4705 1123 4781 epistolas
1171 4710 1597 4781 suas‘damuare
1643 4712 1919 4781 voluisset,
1971 4727 2078 4771 etc.

497 4768 751 4856 Nondum
773 4768 1491 4856 ergo'Felixconfessionem
1523 4797 1675 4836 suam
1701 4768 1877 4856 quam
1894 4768 2078 4856 postea

496 4840 804 4919 aflclertnn
837 4840 897 4900 Et
941 4847 1203 4919 populum;
1228 4849 1616 4919 Urgellitanum
1650 4840 1817 4919 misit,
1866 4840 1919 4911 in
1944 4840 2078 4912 ’έόίιέ

496 4910 623 4968 cilia
638 4910 1087 4983 Aquisgrau'en'si,
1116 4917 1209 4973 sed
1238 4910 1412 4975 serius
1441 4921 1629 4975 edidit.

569 4992 593 5021 ο
626 4981 838 5058 Riculfo
866 4987 1251 5058 archiepiscopo
1283 4988 1613 5057 Moguntina.
1656 4991 1734 5048 Ad
1763 4994 1910 5049 illum
1939 4996 2080 5053 bium

497 5061 714 5134 exstant
755 5055 997 5125 epistola:
1043 5055 1104 5111 in
1145 5055 1265 5114 cad.
1322 5055 1632 5127 Harleiano,
1675 5080 1811 5134 quas
1854 5064 2080 5125 inferius

499 5122 836 5179 exhibemus.

570 5191 761 5279 d'Cuiu
810 5196 1745 5279 ubbatibps.Benedicto,__b’ifridio.
1797 5205 1876 5263 Ad
1938 5209 2080 5279 ipsos

499 5270 555 5314 et
596 5261 918 5321 Laidradnm
964 5267 1223 5323 Alcuinus
1267 5261 1625 5328 misit'libros
1665 5261 2078 5333 adversusi'lﬂli;

502 5333 766 5453 pandunt;
803 5338 892 5390 ubi
925 5337 1110 5393 videas
1150 5339 1433 5409 epistolam
1472 5342 1579 5397 illis
1605 5343 1755 5399 libris
1780 5349 2077 5417 praeﬁxum.

530 5400 692 5453 lirum
734 5420 861 5453 vam
889 5407 1205 5453 Nili-illium-
1253 5410 1341 5453 nni
1395 5411 1487 5453 fuit
1539 5415 1820 5453 ρηῖερηηηκ
1873 5418 2077 5453 Νιιιιιιη-

530 5400 692 5483 "ml"
734 5400 1230 5485 Y9r°.?lll"'i.‘lil"".i-
1253 5410 1362 5485 τιυὶ
1393 5411 1494 5485 fuit
1539 5400 1821 5485 cpiscopurs
1850 5400 2078 5475 Μὶῐῦὅὲ

502 5474 704 5556 ιιςρξξξ,
746 5474 836 5531 hic
860 5474 1363 5556 Bancdictqabbati
1393 5474 1688 5540 Aniancusi
1721 5474 2001 5556 postponi,
2029 5497 2082 5543 et

504 5503 704 5537 ιιωιδιδ,
747 5503 836 5531 uit;
860 5503 1148 5535 DUIIUUICH)
1184 5503 1363 5536 ulmutl
1393 5503 1688 5540 Ληιὶιιιριιει
1726 5503 1847 5556 post
1888 5504 1997 5551 Olll,
2029 5503 2082 5543 et

502 5538 753 5618 abbatem
777 5547 1083 5602 nominari?
1129 5550 1250 5605 Fuit
1298 5552 1342 5606 is
1371 5561 1548 5608 tamen
1578 5555 1742 5609 etiam
1772 5503 1939 5614 abiias
1981 5557 2082 5612 Ur-

501 5607 777 5698 bikouensis
804 5619 1313 5698 monasteriiubeatie
1342 5607 2080 5698 Virginisirlvciériissuh'niga

502 5682 885 5752 cognominati.
934 5687 1050 5740 Vill.
1107 5688 1304 5744 Malrill.
1357 5682 1478 5745 libr.
1528 5710 1671 5748 xxv“
1704 5696 1896 5751 Annal.
1930 5682 2075 5752 ιιιιιῗι.

502 5751 589 5814 49,
626 5767 744 5822 pag.
773 5753 895 5809 376.
949 5809 958 5818 ,

2177 549 2360 588 mensa
2381 575 2396 598 ,
2439 546 2499 590 ut
2536 534 2620 589 ha:
2658 535 2864 604 species
2887 549 2984 605 per
3008 533 3213 604 singula
3245 533 3359 587 loca
3388 534 3495 587 mei
3525 535 3764 594 nominis

2176 624 2490 679 memoriam
2518 625 2905 694 pcrpetualiter
2931 634 3041 679 tute
3062 624 3310 694 ingerant
3335 625 3631 680 sanctitati.

2643 753 2667 792 ⁸
2693 749 3028 807 EPISTOLA
3065 750 3291 807 CXVIII.

2784 879 2850 917 AD
2898 877 3130 926 AQUILAII
3137 901 3152 916 .

2724 971 2904 1044 (Anno
2954 972 3210 1045 incerto.)

2176 1079 2493 1136 Charitatcm
2515 1099 2664 1136 suam
2680 1083 2900 1158 Antoni,
2920 1100 3071 1153 quem
3092 1084 3260 1154 ﬁlium
3288 1094 3451 1150 vocat,
3475 1086 3760 1158 signiﬁcat.

2594 1163 2642 1206 et
2667 1154 2860 1223 optima
2879 1169 3094 1224 quisque
3120 1165 3351 1225 exoptat.

2249 1282 2611 1339 Dilectissimo
2640 1284 2750 1339 ﬁlia
2778 1283 2985 1354 Aquilae
3013 1285 3240 1342 Albinus
3267 1285 3516 1342 salutem.

2250 1372 2374 1427 Scio
2416 1381 2467 1428 te
2503 1372 2719 1429 Patrem
2755 1389 2875 1429 esse
2912 1374 3172 1447 dignitate
3211 1385 3269 1431 et
3307 1377 3535 1441 meritis,
3572 1378 3664 1432 sed
3693 1393 3760 1433 es

2177 1463 2460 1517 charitatls
2488 1463 2768 1518 dulcedine
2808 1482 3002 1521 nomen
3033 1464 3276 1538 [Supplc,
3307 1466 3424 1539 ﬁlii]
3458 1467 3550 1522 tibi
3583 1469 3760 1538 impa-

2178 1554 2282 1619 sui,
2310 1554 2437 1623 quia
2478 1554 2616 1609 nihil
2642 1555 2800 1610 debet
2825 1556 2966 1626 patri
2995 1557 3215 1611 cbarius
3242 1572 3362 1611 esse
3391 1573 3555 1626 quam
3585 1557 3761 1626 illius;

2178 1646 2411 1700 maxime
2435 1648 2561 1700 dum
2588 1646 2729 1702 filius
2769 1649 2915 1701 omni
2940 1647 3179 1704 bonitate
3212 1658 3267 1703 et
3292 1648 3553 1720 dignitate
3581 1653 3762 1705 excel-

2181 1736 2376 1791 lentior
2401 1744 2485 1791 est
2516 1743 2691 1806 patre.
2723 1736 3117 1807 [egredientem
3144 1749 3197 1792 et
3232 1740 3761 1811 egredientem,vigl-

2181 1827 2380 1883 lautam
2405 1868 2424 1893 ,
2468 1827 2824 1882 dormientem
2877 1844 3090 1898 semper
3141 1837 3195 1884 te
3242 1831 3487 1899 sequitur
3535 1831 3767 1886 dulcedo

2175 1924 2415 1986 paterna:
2452 1916 2786 1983 dilectionis;
2835 1933 2994 1987 quem
3031 1919 3237 1972 utinam
3267 1919 3467 1975 habeas
3496 1922 3548 1974 in
3578 1937 3676 1976 ore
3710 1930 3767 1976 et

2175 2009 2358 2073 corde,
2407 2007 2463 2061 in
2502 2006 2680 2062 allieia
2722 2009 2910 2063 altaris
2953 2010 3147 2075 sancti,
3192 2010 3245 2064 in
3275 2010 3528 2082 lacrymis
3568 2013 3594 2052 ιι
3637 2021 3767 2070 ante

2173 2099 2337 2167 pedes
2371 2106 2688 2154 sanctorum
2724 2100 3094 2169 apostolorum
3135 2118 3148 2153 :
3195 2102 3304 2157 imo
3334 2103 3639 2171 ubicunque
3665 2119 3763 2157 va-

2174 2188 2273 2245 das
2300 2198 2473 2245 tecum
2505 2197 2613 2255 eat,
2641 2200 2818 2245 tecum
2845 2201 3045 2247 mlerna
3082 2178 3297 2248 maneat
3322 2196 3603 2259 memoria,
3636 2199 3773 2266 quia

2177 2290 2230 2336 te
2267 2289 2485 2336 euntem
2520 2288 2575 2335 et
2617 2281 2929 2337 redeuntem
2978 2283 3122 2339 illius
3170 2299 3386 2355 semper
3415 2288 3768 2357 consequitur

2175 2371 2456 2427 charitatis
2490 2370 2738 2427 allectus.

2247 2480 2400 2535 Scias
2424 2482 2725 2538 certissime
2749 2486 2892 2552 quod
2923 2499 3024 2540 nec
3048 2484 3126 2541 sic
3163 2485 3323 2540 anxia
3364 2489 3772 2557 peregrinantis

2178 2581 2352 2627 mater
2381 2571 2477 2628 ﬁlii
2511 2582 2720 2644 spectat
2744 2574 3056 2643 adventum,
3083 2587 3288 2647 quanto
3317 2580 3422 2634 mei
3461 2583 3641 2636 cordis
3676 2600 3764 2638 ar-

2175 2662 2491 2719 dentissima
2516 2664 2766 2720 voluntas
2791 2674 2897 2721 tua:
2933 2666 3092 2723 faciei
3118 2670 3464 2738 przestolatur
3488 2670 3759 2727 affectum.

2176 2754 2351 2810 Pauca
2383 2755 2578 2824 scripsi
2618 2756 2761 2811 unde
2809 2764 2864 2811 tu
2897 2758 3133 2827 plurima
3161 2761 3325 2825 nosti,
3367 2770 3423 2817 et
3450 2762 3645 2818 melius
3684 2764 3766 2819 in-

2177 2844 2371 2915 telligis
2416 2844 2544 2914 quid
2590 2846 2701 2901 Deo
2742 2847 2952 2918 placeat
3000 2849 3296 2906 secundum
3348 2854 3769 2912 aestimationem

2175 2938 2423 2993 humanae
2464 2936 2807 3007 conjecturae.
2858 2941 2957 2996 Det
3000 2942 3095 2997 tibi
3120 2942 3262 2999 Deus
3300 2944 3354 2998 in
3379 2947 3543 3001 corde
3581 2950 3763 3005 censi.-

2176 3029 2327 3094 lium,
2382 3029 2437 3083 in
2483 3045 2579 3084 ore
2615 3028 2887 3095 ﬁduciam,
2938 3033 2990 3086 in
3036 3048 3201 3102 opere
3246 3034 3659 3104 perfectionem;
3706 3050 3768 3095 ut

668 3119 1715 3202 ζιῗιῄξιησηξξητ
1742 3119 1814 3202 ⁸⁸⁸·
1855 3119 2072 3202 ιξένηιίιδ
2103 3143 2147 3202 C
2177 3120 2413 3189 undique
2438 3119 2659 3189 placeas
2694 3122 2745 3176 ei
2780 3121 2874 3191 qui
2905 3130 2959 3177 te
2998 3123 3066 3178 de
3086 3132 3332 3179 stercore
3367 3126 3540 3180 erexit
3575 3136 3629 3183 et
3669 3143 3767 3197 po-

488 3175 869 3231 ecclesiasticae
898 3178 1174 3234 transtulit
1201 3181 1530 3251 prudentiae;
1570 3187 1711 3239 sicut
1732 3200 1923 3242 omnes
1949 3202 2074 3241 san-
2103 3175 2147 3203 “

2179 3209 2282 3263 suit
2314 3209 2455 3264 inter
2479 3211 2754 3282 principes
2780 3212 2958 3282 populi
2988 3215 3102 3278 sui;
3136 3214 3255 3269 sine
3277 3231 3387 3285 quo
3416 3217 3548 3271 nihil
3576 3232 3768 3287 passu-

2178 3316 2297 3354 mus
2324 3300 2449 3356 boni
2486 3316 2681 3373 agere;
2727 3303 2787 3357 in
2812 3319 2923 3374 quo
2947 3305 3127 3360 omnia
3157 3314 3343 3375 potest
3366 3308 3456 3376 qui
3499 3308 3552 3361 in
3579 3307 3684 3362 fide
3710 3320 3769 3362 et

2178 3393 2443 3449 charitate
2467 3394 2649 3449 omnia
2674 3410 2775 3464 pro
2806 3394 2924 3464 ejus
2953 3398 3170 3451 nomine
3194 3414 3355 3469 agere
3381 3399 3466 3454 vel
3488 3400 3633 3470 loqui
3657 3400 3770 3456 dis-

2176 3486 2329 3553 ponit
2365 3501 2701 3556 quaecunque
2743 3489 2950 3556 agenda
2984 3498 3144 3554 sunt;
3183 3490 3336 3558 cujus
3373 3480 3625 3548 charitas
3647 3507 3770 3563 per.

2175 3576 2354 3645 petuis
2378 3576 2556 3630 luceat
2579 3576 2812 3633 flammis
2838 3578 2894 3634 in
2916 3580 3083 3635 corde
3108 3589 3218 3644 tuo,
3241 3588 3294 3634 et
3319 3597 3507 3636 omnes
3536 3593 3770 3641 terrenae

2178 3666 2488 3735 cupiditatis
2515 3665 2759 3723 ﬂammas
2783 3670 3083 3738 extinguat,
3116 3679 3174 3725 ut
3201 3670 3344 3727 solus
3373 3672 3514 3727 Deus
3551 3689 3770 3744 semper

2177 3757 2250 3812 sit
2270 3757 2324 3811 in
2353 3772 2469 3823 ore,
2501 3759 2685 3823 corde,
2707 3767 2765 3814 et
2788 3773 2953 3830 apere
2970 3762 3257 3818 cliaritatis
3286 3772 3412 3830 tute,
3433 3764 3487 3817 in
3511 3780 3619 3833 quo
3648 3765 3769 3819 Ιυιι-

2178 3865 2324 3919 gmva
2361 3850 2721 3919 prosperitate
2757 3849 3008 3920 feliciter,
3035 3863 3184 3927 apto,
3229 3854 3398 3922 vivas,
3437 3855 3512 3909 ﬁli
3560 3857 3772 3912 charis-

2177 3939 2313 3993 sime
2338 3941 2351 3993 !

2255 4391 2279 4416 °
2306 4378 2528 4451 Scriptis
2550 4379 2937 4451 ecclesiasticis.
2967 4382 3098 4451 Qua:
3121 4382 3380 4440 Alcuinus
3405 4396 3686 4440 enumerat
3712 4404 3775 4442 In

2183 4449 2351 4525 altera
2371 4449 2596 4525 epistola
2621 4450 2688 4504 ad
2710 4449 2957 4525 easdem;
2982 4449 3038 4525 et
3058 4464 3211 4508 sunt:
3226 4454 3451 4522 epistola
3471 4457 3537 4510 ad
3554 4456 3770 4525 Elipan-

2181 4519 2338 4594 dum;
2380 4517 2539 4585 hujus
2581 4523 2925 4594 responsoria
2954 4524 3030 4594 ad
3059 4517 3335 4594 eamdem;
3359 4593 3364 4594 ί
3388 4525 3511 4579 libri
3538 4517 3773 4594 quatuor

2179 4587 2440 4642 advcrsus
2467 4587 2745 4664 eumdem;
2775 4592 3002 4660 epistola
3029 4593 3275 4664 Elipandi
3305 4587 3371 4649 ad
3395 4587 3627 4650 Felicem
3650 4594 3777 4664 jam

2179 4672 2521 4780 conpersum,
2559 4669 2615 4713 et
2654 4660 2814 4730 hujus
2853 4672 2974 4733 post
3013 4660 3424 4720 con—versionem
3461 4666 3606 4720 edita
3644 4660 3777 4720 fidei

2180 4744 2280 4780 con
2307 4743 2469 4780 essio.

2180 4743 2469 4784 COIIICSSIO.

2257 4796 2276 4835 ί
2313 4796 2479 4862 Quem
2511 4799 2686 4869 priore
2725 4818 2867 4856 arma
2908 4803 3054 4857 nobis
3103 4804 3316 4858 direxit.
3381 4802 3605 4859 Constat
3647 4805 3773 4859 inde

2180 4882 2365 4942 annus
2386 4883 2494 4937 qua
2513 4868 2780 4942 Alcuinus
2808 4872 3047 4928 libellum
3072 4873 3287 4938 Felicis,
3314 4889 3474 4942 quem
3502 4875 3548 4929 is
3574 4876 3775 4929 exhor-

2182 4937 2367 5014 tationi
2412 4954 2524 4993 sum
2567 4938 2820 5014 fraterna:
2864 4945 3134 5014 opposuit,
3159 4937 3386 5013 accepit,
3415 4945 3508 5014 qui
3537 4954 3622 4999 est
3639 4945 3773 5011 799.

2181 5006 2269 5062 cui
2292 5018 2579 5083 propterea
2600 5011 2844 5077 epistola:
2869 5006 2958 5072 83'.
2989 5014 3085 5078 84,
3110 5006 3202 5078 90,
3229 5006 3624 5083 quasnondum
3657 5006 3775 5070 visa

2182 5089 2452 5154 prmsente
2479 5078 2546 5133 ad
2575 5082 2919 5154 annumjllS
2948 5078 3282 5148 reduximus,
3314 5085 3594 5154 alliganda:
3621 5097 3770 5140 sunt.

2257 5149 2282 5219 β
2320 5147 2553 5219 Froben.
2574 5152 2748 5219 epist.
2782 5153 2904 5205 177.

2253 5217 2279 5257 δ
2313 5218 2447 5273 Ante
2484 5217 2637 5294 pedes
2678 5233 2980 5294 sanctorum
3018 5224 3395 5294 apostolorum.
3448 5228 3595 5280 Arno
3642 5240 3781 5294 ergo

2183 5296 2427 5366 tempore
2454 5288 2668 5356 scriptae
2693 5289 2851 5366 hujus
2875 5288 3115 5360 cpistola:
3140 5295 3325 5351 Roma:
3350 5297 3476 5363 fuit;
3515 5313 3623 5366 quo
3649 5288 3780 5349 cum

2186 5358 2233 5412 is
2251 5357 2456 5435 sacpius
2490 5360 2800 5435 accesserit,
2817 5357 3037 5435 _ncmpe
3083 5382 3225 5420 anno
3248 5367 3349 5422 797
3378 5367 3432 5420 in
3459 5357 3621 5421 causa
3649 5380 3779 5435 pm-

2182 5425 2603 5506 priteecclesiaa,
2646 5431 2928 5506 antioJ'illll
2956 5425 3009 5487 iii
3050 5437 3308 5491 cantitata
3347 5435 3543 5491 Leonis
3579 5425 3775 5506 pllium

2183 5504 2238 5573 _ct
2264 5494 2336 5550 ibi
2359 5511 2501 5549 anno
2522 5511 2735 5567 quoque
2754 5501 2859 5556 8.00
2882 5503 3173 5573 aliquando
3194 5516 3562 5563 caunuaratus
3583 5494 3782 5572 'ruém',

2185 5565 2448 5645 incertum
2486 5565 2669 5645 manet
2701 5573 2766 5645 ad
2794 5588 2955 5641 quem
2973 5565 3053 5629 'ex
3082 5576 3166 5629 his
3197 5578 3354 5631 annis
3392 5577 3507 5631 haec
3541 5565 3781 5645 epistola

2184 5641 2481 5716 pertineat;
2519 5641 2850 5707 jungendum
2893 5654 3069 5700 tmnen
3101 5647 3285 5702 censui
3319 5647 3485 5716 priori
3515 5641 3589 5702 ad
3625 5662 3766 5700 cum

2185 5704 2304 5761 dem
2329 5704 2625 5762 Arnoneiu.
