4070 6182
290 5898 335 5915 υ

820 427 843 454 ι
873 404 1201 469 EPISTULA
1240 410 1423 467 CXIX.

695 524 762 562 AD
800 520 1046 560 CAROILM
1087 518 1259 558 ηεϐειι
1295 517 1551 556 ,ιυιίῑκειι.

313 624 517 681 Carolo
557 621 671 692 ﬁlio
707 617 887 692 Caroli
925 616 1106 687 Magni
1146 614 1443 686 gratulatur
1480 612 1543 667 ab
1571 612 1819 689 adeptum
1844 611 1910 665 ab

390 690 683 765 apostolico
732 690 956 765 regium_
977 703 1165 765 nomen
1197 700 1316 738 cum
1349 698 1592 765 _corona,’
1637 692 1685 735 et
1714 696 1909 765 ομιτηια

388 749 584 835 prabet
636 749 833 813 mont't'a
886 757 956 811 ad
999 755 1124 809 bene
1173 754 1471 825 regendum,
1512 752 1580 805 ad
1620 749 1910 821 exentpmm

389 834 583 904 patris.
1660 848 1663 849 ν

392 943 529 1000 Viro
572 939 766 995 illustri
810 950 866 992 et
899 935 1070 1009 [cum]
1100 936 1247 991 oumi
1277 937 1483 991 honore
1526 931 1852 990 nominando
1882 933 1910 973 δ

319 1033 521 1089 Carolo
550 1031 662 1101 regi
684 1029 871 1099 juveni
907 1036 961 1081 et
991 1026 1211 1097 inclyta,
1235 1025 1461 1081 Albinus
1489 1024 1741 1080 salutem.

394 1122 591 1178 Audivi
645 1133 667 1158 ε
723 1119 979 1173 damnum
1024 1115 1379 1187 apostolicum
1425 1113 1635 1185 regium
1682 1128 1906 1177 nomen,

319 1215 546 1269 domino
596 1208 1051 1266 excellentissima
1096 1204 1265 1260 David
1321 1205 1692 1261 consentiente
1716 1246 1732 1271 ,
1788 1221 1910 1260 cum

321 1320 526 1361 corona
586 1302 748 1372 regiae
796 1297 1072 1369 dignitatis
1114 1296 1270 1350 vobis
1328 1295 1679 1367 imposuisse.
1759 1294 1914 1351 Unde

321 1397 566 1468 gaudens
599 1392 807 1464 gaudeo
833 1390 899 1444 de
926 1390 1132 1443 honore
1170 1385 1426 1451 nominis,
1454 1386 1620 1440 etiam
1666 1394 1721 1440 et
1762 1393 1913 1455 pote-

322 1486 521 1548 statis;
568 1491 766 1552 0ptaus
814 1475 1416 1545 vestram'dignitatem
1471 1482 1527 1529 et
1577 1473 1910 1551 nobilitatem

323 1578 511 1632 multis
535 1573 801 1646 proﬁcere
824 1570 1056 1640 populis,
1085 1568 1355 1639 gentibus,
1382 1565 1733 1635 ecclesiisque
1757 1564 1914 1621 Chri-

324 1669 398 1721 sti
447 1668 503 1721 in
549 1665 803 1726 salutem,
850 1667 906 1716 et
952 1658 1211 1728 triumphi
1251 1657 1421 1727 gloria
1467 1657 1681 1713 celebre
1708 1672 1827 1713 esse
1856 1657 1910 1711 in

1751 298 2127 357 EPISTOIJE.

1932 422 1979 474 Α
2009 411 2130 465 simi
2162 412 2332 480 patris
2366 412 2460 479 tui,
2489 413 2711 468 rectoris
2741 421 2795 469 et
2827 411 3166 479 inperatoris
3202 412 3385 482 populi
3426 410 3584 467 Chri-

3478 298 3581 354 556

2011 501 2196 565 stiani,
2221 502 2647 557 benedictionem
2677 512 2727 557 te
2752 504 3032 573 consequi,
3083 503 3193 559 Deo
3239 504 3472 560 donante
3494 545 3509 569 ,
3539 494 3587 560 si

2012 592 2308 647 nobilitatis
2345 593 2509 659 illius,
2536 601 2590 647 et
2613 594 2827 664 pietatis
2846 635 2860 656 ,
2889 603 2942 648 ct
2966 594 3131 648 to.ius
3168 594 3445 650 modestiae
3473 610 3589 649 mo—

2012 698 2098 736 res
2121 682 2318 736 imitari
2346 683 2574 749 nitaris;
2629 685 2949 752 Dominlquc
2980 685 3424 751 misericordiam,
3469 675 3591 757 qua:

2010 773 2205 827 melior
2235 783 2317 828 est
2363 773 2526 828 totius
2560 775 2741 829 smculi
2793 775 2983 844 gloria,
3018 776 3327 845 plenissime
3375 794 3590 849 prome-

2014 868 2143 922 reri.
2201 868 2517 938 Ubicunque
2562 869 2665 923 iter
2704 869 2909 924 habens
2933 911 2948 934 ,
3001 885 3215 940 semper
3264 882 3315 926 te
3365 875 3590 945 vestigia

2012 960 2230 1032 pictatis
2256 968 2570 1030 sequantur,
2610 971 2670 1014 ut
2693 961 2904 1016 laudem
2950 963 3089 1030 apud
3114 963 3360 1019 homines
3389 966 3591 1022 habeas

2012 1061 2067 1107 et
2096 1053 2400 1109 mercedem
2421 1054 2562 1123 apud
2590 1054 2759 1108 Deum
2787 1063 3121 1124 perpetuam.

2085 1164 2313 1233 Semper
2337 1164 2390 1217 in
2418 1173 2679 1218 aeternum
2709 1165 2895 1219 mundi
2923 1179 3045 1232 spes
3081 1180 3271 1231 magna
3296 1164 3491 1218 valeto.

2158 1256 2242 1310 Sit
2269 1256 2364 1310 tibi
2395 1255 2644 1311 Christus
2673 1271 2846 1320 amor,
2872 1256 2983 1320 lux,
3014 1257 3123 1320 via,
3150 1257 3283 1319 vita,
3320 1255 3485 1310 salus.

2509 1366 2537 1405 ἀ
2566 1366 2899 1423 EPISTOLA
2922 1366 3084 1422 CXX.

2590 1485 2657 1522 AD
2699 1479 2722 1507 θ
2758 1482 2997 1522 Ευᾶἰῦῐὶί.

2016 1577 2264 1634 Carolum
2302 1578 2489 1632 iterum
2519 1578 2762 1649 hortatur
2788 1579 2857 1649 at!
2886 1579 3055 1649 regias
3094 1548 3326 1642 virtutes,
3360 1590 3406 1634 et
3432 1580 3597 1649 patris

2136 1649 2427 1718 exemplum
2453 1648 2786 1703 imitandum.
2815 1648 3075 1718 Prospera
3114 1649 3193 1702 illi
3217 1648 3480 1720 precatur.

326 1756 564 1821 mundo;
598 1768 699 1809 nec
729 1767 837 1806 ιιοη
875 1758 930 1806 et
968 1747 1210 1804 terribile
1237 1747 1563 1803 adversariis
1589 1746 1911 1802 οδνίειίίδηεθ
1943 1769 1989 1825 Β
2087 1758 2314 1815 Domino
2352 1759 2547 1813 merito
2592 1759 2806 1829 insigni,
2842 1760 3117 1831 regalique
3146 1762 3352 1817 honore
3394 1762 3601 1835 dignis-

325 1848 639 1919 religionis;
689 1845 1037 1913 longaevaque
1087 1840 1447 1910 prosperitate
1490 1839 1675 1909 vigere
1724 1846 1780 1894 et
1822 1855 1918 1894 va-

323 1940 473 2003 lere;
505 1947 701 1992 etcum
735 1933 829 1988 Dei
856 1931 1229 1987 benedictione
1252 1943 1468 1999 semper
1489 1928 1715 1985 meliora
1740 1930 1916 1999 sequi,

322 2043 385 2089 et
413 2032 479 2086 ad
512 2029 705 2084 altiora
741 2025 1055 2090 ascendere,
1100 2032 1157 2078 et
1192 2036 1442 2079 crescere
1480 2036 1653 2092 usque
1692 2021 1746 2076 in
1775 2022 1918 2078 diem

325 2123 634 2197 perfectum
658 2130 875 2177 aeterna:
898 2116 1270 2173 beatitudinis.

406 2214 581 2277 Unde,
616 2211 967 2268 dilectissime
1010 2207 1087 2262 (ili
1120 2208 1132 2261 !
1167 2207 1370 2262 faciens
1409 2205 1573 2263 facito
1595 2203 1838 2274 justitias
1866 2212 1922 2260 et

327 2304 737 2362 misericordias
758 2303 812 2355 in
835 2299 1032 2370 populo
1047 2298 1375 2363 Christiano,
1391 2299 1515 2366 quia
1531 2297 1806 2361 htecsunt,
1823 2295 1921 2351 Sa-

330 2399 549 2454 lomone
565 2399 858 2448 attestante
875 2390 1060 2463 (Prov.
1076 2405 1189 2453 xvi,
1210 2388 1320 2460 li),
1335 2403 1455 2457 qum
1468 2387 1711 2443 exaltant
1723 2387 1919 2442 solium

332 2487 510 2560 regni,
542 2494 600 2540 et
623 2481 950 2537 laudabilem
978 2481 1197 2549 Deaque
1232 2477 1557 2548 placabilem
1585 2478 1788 2548 regiam
1807 2475 1922 2533 eili-

330 2581 487 2637 eiuut
525 2582 872 2647 potestatem.
901 2570 1252 2626 Cousiliarios
1294 2570 1493 2624 habeto
1516 2569 1688 2625 bonos
1709 2609 1724 2633 ,
1759 2568 1880 2638 pios
1904 2608 1919 2633 ,

332 2673 650 2745 prudentes,
681 2668 958 2734 Deumque
985 2668 1254 2727 timentes,
1282 2663 1335 2716 in
1357 2662 1554 2731 quibus
1581 2660 1784 2715 veritas
1804 2674 1924 2730 reg-

336 2772 448 2825 net,
480 2776 588 2816 non
613 2756 882 2826 cupiditas
905 2794 921 2819 ,
952 2754 1077 2824 quia
1106 2768 1323 2805 munera
1346 2757 1611 2805 exctecant
1651 2747 1814 2802 corda
1835 2764 1923 2802 sa-

331 2853 594 2923 pientium
622 2889 638 2913 ,
667 2857 715 2903 et
743 2848 1041 2901 subvertant
1072 2843 1226 2897 verba
1244 2842 1513 2913 justamm
1535 2838 1732 2913 (Exod.
1762 2855 1921 2905 nm,

335 2941 415 3012 8).
445 2939 765 2996 anlatenns
797 2936 1103 3006 aliquarum
1153 2933 1473 3003 improbitas
1501 2932 1777 3003 dignitatis
1819 2941 1926 2987 tute

336 3047 535 3088 nomen
570 3032 897 3090 obscurent;
946 3024 1170 3095 etquod
1216 3033 1274 3079 tu
1305 3025 1420 3095 ipse
1466 3039 1572 3078 non
1600 3023 1684 3079 vis
1723 3021 1922 3088 facere,

2019 1849 2157 1904 siina
2187 1847 2380 1903 Carolo
2404 1847 2514 1903 tilio
2533 1847 2692 1903 Albin
2731 1849 3109 1919 triumphalem
3131 1851 3185 1905 in
3214 1849 3429 1906 Christo
3457 1853 3600 1909 saluo

2023 1951 2128 1996 ιριιι
2137 1980 2151 1993 .
2862 1998 2881 2013 Α

2091 2030 2311 2087 Gaudeo
2336 2070 2353 2097 ,
2378 2029 2726 2085 dilectissime
2766 2031 2840 2086 illi
2874 2034 2885 2085 !
2926 2033 2978 2086 in
3007 2031 3292 2087 devotione
3316 2035 3471 2107 bona:
3501 2049 3602 2089 vo-

2020 2121 2243 2177 luntatis
2261 2129 2478 2188 vestrae,
2507 2136 2669 2190 quam
2700 2121 2885 2177 Osulfo
2911 2121 3112 2176 famqu
3137 2130 3319 2178 vestro
3343 2132 3599 2178 narrante

2019 2212 2195 2267 audivi
2256 2228 2351 2267 seu
2379 2214 2446 2267 de
2492 2211 2956 2283 eleemasynarum
3014 2211 3338 2281 frequentia,
3402 2213 3484 2266 vel
3533 2214 3599 2269 de

2021 2301 2259 2356 mandati
2291 2300 2639 2367 humilitate;
2672 2317 2792 2372 qua:
2834 2301 3052 2366 omnia,
3096 2302 3400 2356 certissime
3444 2303 3602 2366 scito,

2022 2392 2132 2447 Deo
2172 2391 2400 2446 multum
2429 2391 2663 2462 placere,
2708 2401 3132 2462 perpetuamque
3171 2392 3269 2448 tibi
3310 2393 3453 2462 apud
3488 2390 3609 2462 ejus

2022 2484 2446 2539 miscricordiam
2492 2484 2793 2553 promereri
2846 2483 3297 2540 benedictionem.
3360 2485 3441 2539 Tn
3506 2501 3602 2541 ve—

2023 2589 2086 2629 ro
2130 2572 2206 2627 illi
2254 2572 2469 2627 milﬁli
2500 2572 2855 2628 charissime!
2888 2573 3092 2628 faciens
3140 2573 3304 2629 facito
3351 2574 3443 2629 Dei
3488 2591 3608 2631 om-

2023 2666 2318 2736 nipotentis
2371 2680 2620 2735 semper,
2659 2672 2920 2734 quantum
2967 2664 3187 2729 valeas,
3247 2665 3508 2720 honorem
3549 2666 3607 2722 in

2023 2756 2171 2812 omni
2220 2755 2462 2810 bonitate
2510 2764 2565 2809 et
2609 2754 2847 2825 pietate;
2881 2769 3113 2824 sequens
3163 2754 3603 2811 excellentissimi

2023 2845 2197 2915 patris
2250 2845 2328 2898 tui
2369 2844 2614 2914 exempla
2663 2844 2718 2899 in
2768 2844 2915 2900 omni
2969 2844 3254 2899 honestate
3296 2852 3351 2898 et
3400 2845 3610 2901 sobrie-

2028 2949 2177 3003 tate,
2223 2946 2492 3009 quatenus
2520 2938 2701 2992 divina
2760 2936 2962 2992 Christi
3009 2936 3105 2990 Dei
3146 2936 3431 2991 clementia
3464 2936 3612 2992 illius

2028 3031 2456 3089 benedictionem
2489 3039 2541 3085 te
2588 3029 2930 3085 haereditaiio
2954 3027 3077 3098 jure
3104 3029 3378 3099 possidere
3415 3043 3612 3086 conce-

336 3126 478 3180 alios
498 3139 608 3179 non
629 3121 913 3193 permittas
931 3127 1152 3190 propter
1166 3117 1518 3187 cupiditatem
1539 3131 1692 3171 suam
1723 3116 1925 3187 impro-
1952 3109 2000 3174 C
2031 3125 2142 3181 dat.

336 3219 406 3274 ba
457 3225 644 3273 mente
689 3215 903 3269 ellieere
946 3230 961 3278 ;
1007 3212 1135 3281 quia
1181 3224 1324 3280 stupe
1356 3208 1724 3278 subjectorum
1767 3209 1925 3278 culpa

337 3312 578 3371 dominis
616 3310 925 3378 deputatur.
954 3304 1102 3361 Neve
1128 3303 1430 3374 aliquorum
1454 3302 1619 3371 impia
1641 3302 1921 3367 voluntas,

338 3405 440 3459 sub
463 3411 571 3457 tua:
616 3397 968 3455 beatitudinis
991 3396 1230 3461 nomine,
1279 3394 1525 3450 sacculos
1554 3408 1683 3449 suos
1706 3392 1927 3464 impleat

341 3491 648 3562 iniquitatis
692 3503 1021 3544 mammona.
1052 3485 1170 3541 Non
1203 3494 1327 3541 sunt
1370 3486 1470 3540 tibi
1495 3485 1742 3555 exempla
1772 3486 1927 3556 longe

338 3580 671 3655 quaerenda;
721 3579 889 3634 habes
936 3579 1083 3633 enim
1130 3578 1185 3631 in
1229 3576 1392 3631 domo
1430 3577 1488 3631 in
1532 3592 1639 3647 qua
1690 3578 1929 3631 nutritus

342 3675 514 3740 fuisti,
529 3671 734 3743 optima
747 3670 916 3724 totius
937 3668 1195 3724 bonitatis
1215 3666 1462 3738 exempla
1487 3683 1502 3733 ;
1528 3675 1585 3721 et
1603 3665 1783 3732 crede,
1809 3681 1928 3722 cer-

342 3764 735 3823 tissime.il|ius
760 3760 1198 3818 excellentissimi
1218 3766 1273 3814 et
1297 3760 1445 3816 omni
1484 3758 1679 3815 decore
1705 3758 1929 3814 nobilis-

416 3931 443 3960 ο
460 3918 700 3974 Froben.
724 3916 883 3987 epist.
914 3917 1036 3973 178.

418 3990 447 4028 ιι
475 3987 669 4043 Carolo
714 3981 821 4057 regi
849 3988 1051 4057 juveni.
1085 3984 1187 4052 Qui
1218 3983 1321 4057 fuit
1348 3982 1529 4039 Caroli
1575 3983 1752 4052 Magni
1790 3981 1931 4057 filius

422 4006 447 4028 ιι
475 4006 669 4043 barato
714 4006 820 4057 regt
882 4006 1051 4041 uram.
1085 4006 1187 4052 um
1218 4006 1321 4038 ttut
1348 4006 1529 4039 humu
1575 4006 1752 4052 magni
1790 4006 1927 4037 uitus

343 4069 475 4117 natu
523 4056 699 4126 maior
720 4072 787 4111 ex
816 4006 1134 4127 lljtldegarde
1177 4056 1382 4127 regina,
1439 4061 1599 4127 natus
1628 4069 1768 4107 anno
1796 4053 1927 4127 172,

344 4130 576 4202 posthac
613 4121 776 4183 rebus
803 4130 937 4183 bene
973 4121 1142 4202 gestis
1168 4133 1223 4179 et
1243 4121 1510 4179 'victoriis
1540 4125 1743 4179 clarus.
1786 4121 1931 4179 Obiit

347 4196 482 4257 vero
505 4206 632 4253 ante
651 4205 860 4267 patrem
885 4196 1027 4267 anno
1049 4196 1173 4251 811.

426 4282 449 4309 ο
485 4265 750 4324 Domuum
773 4266 1115 4338 apostolicum
1138 4265 1335 4338 regium
1362 4279 1617 4338 nomen...
1637 4279 1933 4338 cumeum-

344 4331 830 4409 na...imposuisse'.
860 4337 936 4392 De
957 4337 1065 4409 hae_
1079 4331 1225 4409 regia
1250 4334 1600 4409 coronatiane
1627 4331 1807 4409 Caroli
1835 4347 1933 4409 per

344 4401 708 4480 apostolicum
729 4407 1068 4480 altumapud
1099 4401 1391 4480 scriptores
1413 4402 1707 4480 silentium.
1748 4401 1928 4480 Pippi-

348 4471 486 4537 niam
510 4479 727 4548 quidem
741 4487 797 4531 et
807 4471 1137 4533 Ludovicum
1153 4471 1482 4548 tiliosCarali
1496 4473 1671 4548 Magni
1687 4471 1933 4548 juniores

347 4566 499 4607 anno
528 4544 624 4605 781
651 4548 719 4602 ab
738 4548 977 4603 Adriano
1001 4548 1021 4600 l
1063 4560 1197 4615 papa
1227 4546 1278 4599 in
1310 4559 1464 4614 reges
1491 4544 1657 4600 fuisse
1685 4544 1933 4615 intinctas

349 4627 571 4676 constat
596 4634 692 4672 ore
719 4619 961 4673 omnium
990 4612 1147 4671 illius
1166 4615 1265 4669 aevi
1294 4612 1716 4678 amialistarum;
1744 4612 1812 4667 de
1833 4612 1934 4666 Ca-

351 4692 476 4747 rolo
499 4699 631 4744 natu
661 4688 863 4756 majore
895 4696 1074 4741 tacent
1103 4700 1311 4756 omnes.
1348 4685 1557 4738 lllustre
1586 4699 1747 4756 nunc
1773 4682 1934 4756 _nnlli-_

351 4777 466 4834 que
487 4753 1154 4834 dultiosttbjeetum_ltujus
1174 4755 1298 4809 facti
1327 4754 1692 4834 testimonium
1722 4753 1933 4807 Aleuini

354 4824 661 4895 liabemus;
709 4824 853 4900 quod
877 4827 944 4882 ad
980 4824 1124 4882 hunc
1162 4839 1361 4900 annum
1408 4824 1514 4900 βψς)
1551 4833 1608 4877 et
1637 4824 1798 4885 diem,
1831 4839 1940 4892 quo

356 4901 587 4956 Carolus
608 4894 822 5023 quoque
841 4908 996 4969 pater
1015 4911 1212 4952 corona
1237 4894 1498 4962 imperiali
1521 4909 1552 4948 a
1572 4909 1783 4948 summa
1802 4908 1941 4973 pon-

358 4972 511 5023 tiﬁce
536 4971 715 5023 Leone
764 4970 807 5023 11
836 4969 1122 5023 insignitus
1150 4964 1635 5023 fuit.‘rel't-rendum
1657 4964 1939 5023 existimo;

358 4972 511 5026 silice
536 4964 715 5025 Leone
738 4964 807 5023 lll
836 4964 1122 5038 insignitus
1150 4964 1635 5030 fuit,‘rel't-reudum
1657 4964 1939 5038 existimo;

358 5042 514 5096 illum
536 5042 682 5095 enim
723 5034 983 5094 Alcuinu's
1026 5039 1114 5092 hic
1138 5044 1297 5091 vocat
1324 5042 1589 5089 rectorem
1630 5044 1678 5087 et
1715 5034 1942 5103 impera-

358 5122 528 5184 (prem
560 5111 742 5184 populi
767 5109 1081 5184 Christiani.
1103 5108 1183 5184 _Et
1207 5118 1338 5184 sane
1366 5103 1942 5184 conjecturammeam

359 5172 586 5236 ﬁrmare
608 5172 819 5237 videtur
845 5178 1211 5235 testimonium
1238 5175 1511 5230 Anastasii
1543 5172 1945 5227 Bibliothecarii

360 5252 421 5305 in
451 5251 575 5306 Vita
615 5250 813 5307 Leonis
854 5250 917 5304 lll
942 5264 1116 5320 papa},
1160 5246 1251 5320 qui
1275 5247 1395 5320 ait:
1433 5263 1452 5297 ι
1483 5244 1631 5299 Illico
1664 5241 1948 5320 sanctissi-

364 5336 491 5377 Inus
517 5324 747 5377 antistes
774 5329 828 5374 et
852 5312 1276 5389 pautil'ex'unxit
1311 5316 1432 5371 oleo
1452 5324 1641 5389 sancto
1657 5312 1942 5389 Carolun}.

360 5400 423 5448 et
434 5393 700 5447 excellent
722 5381 944 5445 ssimiun
972 5390 1139 5443 liliqu
1161 5388 1276 5457 ejus
1302 5403 1481 5458 regem
1507 5387 1624 5456 ipso
1639 5384 1727 5440 die
1746 5381 1950 5458 Natalis

364 5460 584 5517 Domini
629 5461 800 5516 nostri
826 5458 952 5513 Jesu
1002 5453 1223 5513 Christi.
1265 5478 1282 5508 ι
1329 5453 1456 5513 Scia
1500 5453 1675 5512 virum
1725 5453 1859 5508 clar.
1885 5453 1948 5507 D.

366 5530 665 5587 Martinam
713 5530 957 5600 Bouquet
1006 5540 1138 5584 tam.
1173 5529 1213 5583 V
1244 5526 1423 5600 Scrip.
1475 5527 1605 5600 Rer.
1636 5524 1783 5600 Call.
1822 5538 1948 5600 pag.

362 5600 500 5667 466,
524 5603 670 5657 inter
698 5595 860 5656 notas
878 5609 932 5655 et
957 5600 1095 5655 alios
1123 5600 1239 5653 haec
1262 5595 1604 5666 interpretari
1636 5595 1954 5667 deVPippina

365 5666 550 5727 Caroli
578 5672 689 5728 lilio
714 5712 730 5734 ,
760 5671 849 5741 qui
879 5671 1065 5725 relicto
1087 5684 1211 5741 cum
1234 5668 1474 5741 exercitu
1517 5666 1955 5741 Winegisodure

374 5743 673 5815 Spoletano
705 5744 758 5797 in
779 5737 986 5798 'Urbcm
1016 5739 1239 5801 venen’t,
1273 5746 1327 5791 et
1364 5738 1434 5791 ibi
1470 5746 1663 5791 unctus
1692 5738 1759 5790 sit
1793 5737 1846 5789 in
1876 5754 1953 5788 rr—

2099 3216 2229 3273 Esto
2253 3216 2578 3272 miserorum
2602 3215 2723 3285 pius
2751 3215 2968 3269 auditor
2990 3255 3004 3279 ,
3038 3227 3342 3284 causasque
3384 3212 3602 3269 illorum

2020 3306 2321 3376 iustissime
2348 3308 2701 3372 discernens;
2735 3320 2911 3376 neque
2935 3304 3208 3371 subjectos
3238 3314 3342 3360 tua:
3372 3315 3614 3375 potesta-

1993 3431 2002 3442 ι
2029 3401 2069 3454 ti
2087 3399 2299 3468 judices
2322 3401 2609 3470 permittas
2628 3413 2727 3469 per
2751 3398 3020 3467 Sportulas
3042 3397 3126 3453 vel
3162 3398 3382 3467 pra-mia
3407 3396 3616 3465 judica—

2029 3503 2107 3554 re,
2133 3491 2258 3561 quia
2302 3505 2543 3555 munern,
2586 3489 2726 3544 utin
2770 3488 3052 3558 Scriptura
3081 3488 3293 3558 legitur,
3348 3495 3613 3540 exta-amt

2029 3582 2190 3635 corda
2214 3582 2595 3651 sapientum,et
2618 3580 2916 3634 subvertant
2947 3579 3099 3630 rerba
3120 3577 3389 3646 justorum
3415 3574 3614 3643 (Exod.

2030 3688 2188 3739 mn,
2218 3670 2297 3742 8).
2349 3669 2706 3748 llanorabiles
2753 3667 2951 3721 habeto
2980 3665 3212 3720 fauutlas
3240 3664 3463 3728 Christi,
3519 3665 3613 3735 qui

2029 3766 2142 3821 veri
2171 3765 2279 3819 sint
2308 3763 2450 3819 servi
2482 3762 2599 3828 Dei,
2630 3761 2753 3831 quia
2776 3759 2993 3829 quidam
3019 3760 3224 3815 veniant
3247 3761 3300 3815 in
3338 3758 3616 3814 vestimen-

2065 3932 2171 3986 em,
2193 3916 2361 3971 Italiae
2392 3915 2620 3971 scilicet.
2648 3914 2718 3969 At
2745 3915 2888 3969 enim
2912 3915 3194 3985 Pippinum
3224 3916 3279 3970 in
3310 3931 3490 3986 regem
3513 3916 3623 3973 Ita-

2052 3990 2116 4042 ia:
2149 3985 2259 4054 ja-n
2306 3987 2393 4040 ditt
2422 3994 2578 4041 antea
2604 3987 2672 4039 ab
2713 3986 2954 4040 Adriano
3000 4001 3137 4055 papa
3182 3985 3402 4055 unctum
3450 3985 3621 4042 fuisse

2031 4053 2433 4127 mox’diximus.
2466 4056 2785 4110 Anastasius
2820 4072 2950 4127 ergo
2990 4053 3282 4127 de'Carolo
3305 4054 3622 4127 Caroliﬁlio

2032 4126 2410 4196 intelligendus
2430 4133 2529 4187 est,
2558 4128 2650 4196 qui
2682 4136 2812 4180 natu
2839 4123 3012 4196 major
3035 4124 3256 4196 nuncin
3299 4125 3448 4196 rggni
3476 4123 3624 4196 futu-

2033 4212 2154 4251 rum
2177 4193 2543 4251 succe‘sorem
2567 4193 2857 4251 coronatus
2878 4193 2961 4250 est
2990 4213 3018 4250 a
3044 4193 3301 4265 pontiﬁce
3329 4193 3527 4247 Leone.
3555 4193 3625 4265 Et

2032 4267 2099 4337 de
2124 4267 2313 4337 eadem
2340 4267 2715 4337 Frodaardum
2761 4282 2975 4337 quoque
2996 4263 3257 4321 cecinisse
3284 4273 3432 4336 puto,
3479 4263 3623 4331 apud

2032 4336 2212 4391 Mabil.
2237 4335 2359 4390 Aet.
2389 4336 2489 4392 SS.
2521 4336 2650 4391 0rd.
2677 4336 2735 4391 S.
2765 4335 2962 4392 Bened.
2986 4345 3125 4405 part.
3153 4335 3358 4402 insane.
3384 4349 3468 4401 ut,
3496 4347 3620 4406 pag.

2033 4406 2159 4472 501,
2187 4408 2242 4462 in
2258 4407 2341 4462 his
2352 4407 2598 4463 versibus
2619 4424 2632 4460 :

2155 4538 2221 4585 Su
2242 4538 2313 4586 nit
2330 4537 2590 4597 apostolica
2616 4535 2869 4591 angustam
2894 4549 2981 4583 rex
3003 4536 3122 4583 sede
3148 4548 3377 4586 coronam

2158 4598 2489 4647 (Tonclatnatttr
2516 4600 2667 4645 nanos
2692 4599 2916 4646 llonnnis
2933 4598 3150 4659 patrihus
3175 4605 3361 4659 auctus,

2158 4659 2453 4720 imperiique
2479 4661 2637 4709 nitent
2660 4659 2955 4708 Francorum
2974 4669 3170 4720 sceptra
3193 4658 3395 4720 decore,

2164 4719 2310 4781 Regis
2334 4719 2387 4769 et
2409 4722 2467 4769 ad
2493 4734 2698 4783 regnum
2723 4721 2918 4785 genitus
2934 4719 3308 4779 sacrounguine
3323 4719 3504 4783 surgit.

2109 4823 2241 4890 Quis
2270 4826 2440 4894 magis
2478 4823 2547 4876 ad
2567 4840 2806 4896 kregmtm
2843 4825 3046 4896 genitus
3068 4865 3083 4888 ,
3110 4840 3271 4894 quam
3299 4824 3630 4896 primogeni-

2043 4896 2171 4949 tus?
2193 4893 2523 4965 quapropter
2560 4893 2880 4965 Sirtnondus
2926 4893 3197 4949 immerito
3217 4894 3415 4965 corrigi
3465 4893 3633 4948 voluit

2042 4936 2447 5035 inscri'ptid-nein
2478 4965 2734 5020 carminis
2759 4965 2831 5018 ‘25
2862 4964 2985 5035 libri
3036 4981 3091 5035 tv
3139 4981 3312 5020 carm.
3347 4936 3629 5019 fheodulti

2042 5033 2281 5104 episcopi
2326 5034 2769 5098 Aurelianensis,
2820 5035 2890 5088 ad
2928 5033 3177 5089 Curatum
3231 5051 3420 5103 regem,
3448 5035 3628 5104 magni

2045 5105 2250 5159 scilicet
2270 5105 2445 5174 Caroli
2476 5105 2667 5159 tilium.
2706 5105 2817 5159 Rex
2851 5105 3136 5174 siquidem,
3165 5113 3224 5158 ιιι
3258 5104 3519 5157 Alcuiuus
3546 5104 3632 5157 hic

2047 5174 2262 5256 asserit,
2289 5173 2389 5229 fuit
2414 5190 2520 5229 non
2551 5184 2760 5229 tantum
2775 5173 2973 5229 honore
3001 5175 3249 5238 nominis,
3267 5176 3356 5227 sed
3375 5174 3531 5228 etiam
3547 5192 3637 5244 po-

2049 5254 2275 5299 testotts.

2118 5314 2145 5353 ἀ
2180 5312 2412 5383 Froben.
2437 5314 2596 5383 epist.
2625 5315 2747 5369 179.

2124 5395 2146 5424 ε
2175 5382 2324 5438 Hanc
2346 5379 2626 5454 epistolam
2651 5382 2913 5454 priarigad
2944 5380 3191 5454 eumdem
3226 5380 3477 5454 Carolum
3509 5379 3637 5449 jun-

2052 5454 2247 5524 gimus,
2279 5449 2526 5524 quamvis
2556 5470 2620 5510 ex
2646 5449 2799 5524 textu
2828 5452 2973 5509 illius
3018 5449 3474 5524 hatuladmadum
3505 5468 3637 5524 con-

2055 5521 2203 5579 stare
2228 5521 2417 5593 possit,
2458 5540 2527 5579 an
2570 5523 2759 5579 eodem
2785 5565 2800 5588 ,
2834 5531 2928 5576 aut
2955 5539 3062 5593 qua
3110 5521 3215 5576 alio
3243 5535 3387 5593 anno
3435 5522 3636 5589 scripta

2056 5590 2245 5649 fuerit.
2278 5594 2354 5647 Ex
2386 5594 2492 5649 illis
2527 5605 2706 5649 tamen
2753 5594 2932 5649 verbis
2963 5590 2988 5647 ἰ
3012 5591 3190 5662 Neque
3237 5590 3493 5662 subjertos
3536 5601 3640 5643 Itur

2056 5665 2299 5741 potestati
2319 5664 2529 5741 judice:
2553 5665 2995 5741 pennit_tas,etc.,
3014 5661 3189 5741 colligi
3222 5661 3378 5732 prsSe
3404 5662 3634 5741 viielur.

2060 5731 2450 5803 Caralum'jam
2485 5731 2614 5791 tunc
2639 5736 2785 5808 regia
2821 5743 3087 5807 potestate
3118 5731 3282 5788 fuisse
3328 5731 3641 5802 prteditum.
