4070 6182
533 337 641 395 555

1386 327 1442 379 Β.
1484 323 1545 378 F.
1587 322 1811 378 ALBlNl
1852 320 1981 376 SEU
2022 316 2299 374 ALCL’INI
2335 314 2615 371 OPERUM
2650 312 2829 368 PARS
2866 312 2905 367 ι.

3669 300 3779 372 ass

534 456 601 510 tis
628 452 817 512 ovium,
855 444 1167 499 intrinsecus
1209 449 1381 493 autent
1415 448 1537 493 sunt
1566 437 1675 508 lupi
1721 452 1933 507 rapaces
1966 453 1980 498 ;
2011 435 2104 488 sed
2136 445 2180 500 Α
2210 445 2405 485 nerans
2437 428 2603 493 ﬁlios,
2647 427 2856 499 priores
2902 406 3175 497 dispersos
3203 442 3463 499 gemens;
3511 429 3605 485 sed
3650 434 3781 501 quid

539 541 748 599 Veritas
768 536 843 590 ait
865 552 877 587 :
906 531 989 586 Ex
1002 529 1255 599 fructibus
1266 543 1444 583 eorum
1458 526 1774 597 cognoscetis
1786 541 1871 578 eos
1891 523 2080 596 (Matth
2090 561 2104 575 .

538 648 632 693 vn,
670 628 754 691 15,
781 623 887 695 16).
920 622 1127 677 llabeto
1155 620 1493 675 consiliarios
1522 618 1791 689 sapientes
1810 657 1825 682 ,
1851 616 2021 670 Deum
2043 615 2109 669 ti-

539 727 767 781 mentes,
802 728 908 769 non
953 711 1300 775 adulatores;
1336 708 1459 779 quia
1492 708 1768 772 adulator,
1794 715 1851 761 ut
1877 706 2108 771 dicitur,

538 808 767 864 blandus
794 813 878 860 cst
910 803 1162 858 inimicus
1179 844 1194 867 ,
1223 810 1277 856 et
1312 815 1455 871 saepe
1476 798 1687 855 seducit
1709 799 2111 854 consentientes

539 897 663 952 sibi.
691 895 819 950 Esto
847 892 1081 963 prudens
1108 892 1162 945 in
1204 890 1548 961 cogitatione,
1593 896 1648 943 et
1671 897 1862 943 cantus
1889 888 1943 941 in
1992 887 2109 941 elo-

540 988 666 1058 quio
695 1002 711 1052 ;
740 1000 888 1054 spem
910 982 1115 1037 habens
1146 994 1357 1050 semper
1396 980 1449 1035 in
1482 979 1674 1046 Deum,
1722 978 1812 1048 qui
1837 994 2110 1047 nunquam

540 1076 743 1130 deserit
762 1080 1041 1143 sperantes
1068 1071 1122 1125 in
1146 1084 1224 1125 se.

614 1162 829 1219 Utinam
861 1160 994 1215 mihi
1044 1160 1204 1214 liceat
1248 1159 1446 1228 saepius
1467 1159 1851 1214 admonitionis
1894 1160 2112 1213 chartu-

542 1254 647 1308 lam
690 1253 920 1322 dirigere
966 1248 1206 1303 Almitati
1264 1259 1497 1313 vestrae,
1551 1250 1692 1303 sicut
1746 1249 2114 1303 nobilissimus

544 1352 567 1377 ⁸
586 1341 928 1397 Chlodwicus
951 1353 1238 1409 germanus
1266 1347 1389 1392 tuus
1413 1353 1501 1393 me
1532 1339 1738 1409 rogavit
1773 1339 1969 1409 stepius
1993 1339 2115 1392 mit-

543 1441 658 1487 tere
692 1429 1084 1484 admonitorias
1114 1429 1189 1483 illi
1215 1429 1443 1493 litteras,
1481 1430 1624 1499 quod
1663 1428 1774 1497 jam
1804 1438 1859 1483 et
1907 1429 2031 1492 feci,
2062 1435 2116 1483 et

541 1522 755 1576 volente
784 1520 894 1574 Deo
920 1518 1112 1573 faciam
1141 1536 1156 1585 ;
1188 1535 1320 1588 quas
1348 1520 1511 1575 etiam
1534 1535 1657 1574 cum
1689 1535 1882 1590 magna
1908 1519 2117 1573 humili-

543 1622 655 1667 tate
682 1613 856 1684 legere
886 1612 1040 1666 solet.
1071 1611 1185 1666 lloc
1213 1612 1346 1666 mihi
1397 1613 1689 1667 maximum
1729 1621 1811 1666 est
1838 1611 2112 1683 gaudium,

540 1703 756 1774 quando
789 1705 976 1767 bonos,
1026 1703 1166 1757 sicut
1202 1703 1420 1772 dignum
1463 1710 1586 1767 est,
1620 1717 1799 1756 mores
1845 1702 1912 1757 de
1963 1702 2115 1756 vobis

539 1795 789 1858 audiam;
841 1795 942 1848 hoc
981 1793 1122 1847 enim
1173 1793 1265 1847 De;
1313 1794 1510 1847 donum
1555 1800 1637 1847 est
1681 1800 1731 1846 el
1783 1792 2114 1863 prosperitas
2145 1774 2191 1836 Β
2271 1759 2339 1799 ao
2389 1759 2651 1799 RICUIJ‘UI
2691 1758 2884 1800 ancme

541 1899 689 1953 regni
708 1927 723 1949 ,
748 1884 990 1938 dominos
1011 1881 1190 1952 populi
1211 1881 1501 1936 Christiani
1528 1881 1940 1951 elegantissimis
1962 1881 2113 1936 vive-

540 1989 599 2027 re
626 1972 887 2037 moribus,
932 1972 1146 2041 Deoque
1182 1971 1417 2042 placenti
1459 1970 1564 2024 vita
1613 1970 1925 2025 conversari
1975 1970 2116 2024 inter

538 2062 803 2117 homines.
857 2061 984 2116 lude
1032 2061 1334 2117 benedictio
1386 2059 1622 2115 cmlestis
1670 2059 1815 2130 genti
1864 2069 1920 2114 et
1948 2074 2114 2128 regno

541 2151 821 2221 pervenire
879 2151 1241 2204 certissimum
1309 2158 1430 2215 est,
1494 2163 1656 2218 quam
1714 2147 1858 2205 Deus
1921 2159 2114 2205 vestra:

540 2242 801 2295 nobilitati
851 2241 1179 2296 aeternaliter
1226 2241 1522 2298 concedere
1551 2242 1821 2313 dignetur.
1865 2244 2108 2309 Floreas,

540 2331 743 2396 valeas,
765 2339 819 2387 et
841 2333 1020 2402 vigeas
1033 2332 1318 2402 proﬁciens
1351 2346 1402 2384 In
1414 2332 1559 2386 omni
1590 2334 1731 2387 bono
1755 2341 1809 2388 et
1838 2335 2112 2403 prosperi-

542 2427 650 2475 tate
668 2421 734 2475 ad
757 2420 1139 2476 exaltationem
1160 2428 1361 2477 sanctm
1383 2436 1493 2477 sua:
1516 2422 1788 2490 Ecclesiae,
1805 2425 2114 2479 dulcissime

1036 2600 1063 2640 ι’
1083 2600 1412 2657 EPISTOLA
1433 2600 1618 2657 CXXI.

540 2704 610 2747 Αυ
659 2706 833 2746 FILIUS
873 2701 894 2728 θ
932 2706 1067 2746 APUD
1108 2706 1348 2747 DOIINUII
1393 2706 1771 2747 IIPERATOREI
1800 2707 1853 2746 IN
1881 2704 2111 2747 ρΑιΑτιο

1093 2775 1500 2817 οοιιιοιιλιιτεε.

1131 2852 1310 2925 (Anno
1336 2854 1487 2925 eoo.)

536 2941 790 3010 Aﬁ'ectum
819 2960 971 3017 suum
997 2959 1125 3017 erga
1150 2942 1305 3017 filios
1323 2944 1571 3011 ostendit,
1594 2946 1778 3017 suique
1804 2947 2111 3002 memoriam

806 3014 874 3065 ad
898 3012 1079 3066 limina
1104 3012 1456 3083 apostolorum
1484 3012 1830 3070 commendat.

2209 536 2316 574 non
2337 517 2500 573 ellicit
2521 519 2637 572 auri
2684 533 2840 573 sacra
2883 516 3097 572 fames!
3134 516 3254 573 Fiat
3302 528 3481 575 tamen
3523 522 3783 592 spiritalis

2207 610 2512 680 praesentia,
2537 609 2626 663 ubi
2657 609 2952 679 corporalis
2979 616 3064 663 est
3086 610 3357 679 separatio
3385 626 3400 675 ;
3435 621 3784 684 vestrumque

2209 701 2509 772 genitorem
2568 700 2621 755 in
2691 699 2965 755 liminibus
3035 705 3346 754 sanctorum
3412 702 3782 771 apostolorum

2210 790 2447 863 profusis
2470 789 2723 860 laerymis
2762 787 3160 853 recordamini;
3190 802 3451 859 prospera
3494 800 3785 859 precantes

2210 882 2403 937 animae
2446 880 2757 953 peccatrici.
2788 889 2848 936 ut
2875 881 3135 936 liberetur
3176 897 3207 936 a
3232 882 3462 939 vinculis
3494 885 3784 953 scelerum,

2211 991 2332 1045 qua:
2353 991 2384 1030 a
2424 976 2598 1046 prima
2621 976 2706 1031 die
2728 990 2899 1045 usque
2924 975 2993 1030 ad
3025 974 3275 1030 ultimum
3301 976 3462 1048 hujus
3507 980 3633 1036 vita:
3655 997 3787 1054 per-

2210 1065 2398 1136 egerit.

2285 1151 2421 1219 Quid
2463 1153 2584 1219 fuit,
2612 1152 2738 1208 lilii!
2781 1169 2948 1224 quare
2986 1168 3091 1209 non
3126 1155 3325 1210 volavit
3367 1158 3612 1213 chartula
3645 1160 3789 1215 ultra

2212 1241 2432 1313 Alpinos
2448 1243 2613 1298 colles
2631 1258 2727 1313 per
2742 1258 2933 1298 manus
2957 1244 3295 1299 redeuntium
3324 1244 3598 1302 Saxonum
3620 1264 3793 1318 usque

2214 1330 2281 1385 ad
2305 1330 2331 1370 ά
2357 1332 2689 1388 Trecassinze
2719 1333 2953 1387 civitatis
2973 1348 3188 1388 sacrum
3232 1335 3520 1403 sacellum;
3567 1346 3624 1392 et
3664 1339 3791 1393 inde

2214 1421 2415 1476 volaret
2434 1437 2532 1491 per
2557 1438 2748 1478 manus
2769 1431 3076 1477 nostrorum
3106 1440 3276 1493 usque
3304 1426 3370 1479 ad
3394 1426 3676 1484 'l’nronicm
3714 1429 3795 1484 ci-

2215 1515 2397 1569 vitatis
2420 1514 2674 1585 templum
2704 1514 3105 1570 venerandum?

2666 1662 2690 1692 ο
2734 1649 3066 1706 EPISTOLA
3111 1650 3317 1708 CXXII.

2890 1759 3141 1800 PISCOPUI
3187 1745 3207 1786 ί
3253 1762 3605 1805 conseruasse
3642 1765 3734 1807 ns-

2886 1829 3117 1870 IG‘I‘AI.

2767 1902 2944 1973 (Anno
2983 1903 3240 1975 incerto.)

2321 1991 2580 2047 Hortatur
2613 1992 2682 2046 ad
2727 1992 2953 2058 labores,
2987 2003 3037 2048 et
3079 1995 3293 2049 uirtutes
3344 1996 3680 2065 apostolicas.

2286 2102 2541 2157 Damoetae
2560 2103 2812 2173 piscatori
2836 2119 3030 2175 magno
3050 2104 3278 2161 Albinus
3299 2105 3551 2162 salutem.

2282 2193 2386 2260 Qui
2414 2193 2564 2259 iuxta
2592 2208 2743 2249 mare
2770 2193 2990 2250 Galileze
3014 2196 3264 2265 gradiens
3290 2197 3623 2266 piscantibus
3644 2199 3795 2270 pari.

2214 2291 2295 2338 ter
2330 2282 2587 2339 fratribus
2622 2284 2893 2354 praecepit,
2936 2284 3121 2340 dicens
3168 2304 3181 2339 :
3229 2284 3402 2341 Venite
3429 2298 3544 2357 post
3577 2305 3682 2354 me,
3707 2290 3795 2359 fa-

2211 2373 2350 2426 ciant
2394 2388 2481 2427 nos
2519 2372 2637 2442 fieri
2663 2374 2946 2443 piscatores
2988 2374 3257 2429 hominum
3289 2375 3504 2447 (Matth.
3545 2393 3618 2443 tv,
3661 2378 3792 2448 l9);

2213 2464 2328 2534 ipse
2356 2473 2409 2520 te
2446 2464 2501 2519 in
2532 2464 2719 2536 pelago
2761 2464 2921 2534 hujus
2960 2465 3085 2521 vita
3112 2465 3447 2521 laborantem
3475 2468 3544 2523 ad
3576 2478 3793 2538 pot-uua

2215 2563 2486 2625 perpetua:
2510 2554 2728 2624 quietis,
2754 2570 2877 2611 eum
2909 2553 3188 2624 multiplici
3225 2553 3427 2611 laboris
3470 2556 3548 2612 tui
3589 2555 3791 2619 fructu,

2212 2645 2508 2715 perducere
2550 2645 2819 2716 dignetur.
2867 2644 3018 2700 Mitte
3066 2656 3171 2700 rete
3197 2648 3252 2701 iu
3290 2646 3557 2702 dexteram
3601 2648 3795 2718 nauigii

2214 2737 2408 2809 (Herc.
2432 2754 2472 2804 ι,
2490 2737 2614 2808 l7),
2645 2746 2706 2793 ut
2728 2737 2795 2793 de
2819 2736 3085 2807 profundo
3112 2737 3271 2806 hujus
3297 2738 3478 2794 seculi
3508 2738 3795 2809 impleatur

2215 2828 2424 2900 magnis
2446 2829 2705 2899 piscibus;
2734 2843 2965 2898 quorum
2995 2829 3210 2884 nomina
3231 2830 3542 2885 scribantur
3566 2830 3620 2884 in
3641 2828 3796 2886 uelis

2215 2918 2398 2989 (Joau.
2421 2934 2534 2983 xxi,
2566 2918 2644 2989 6).
2675 2918 2792 2973 Non
2819 2927 2872 2974 te
2911 2926 3109 2975 terreat
3150 2919 3450 2989 procellosa
3480 2927 3793 2988 tempestas.

2214 3025 2375 3080 quam
2422 3011 2680 3066 Dominus
2711 3011 3124 3082 supergradiens
3180 3011 3339 3067 siccis
3390 3011 3614 3067 calcavit
3651 3011 3797 3083 pedi-

604 3100 953 3156 Charissimis
980 3103 1032 3156 in
1055 3102 1270 3158 Christo
1297 3104 1420 3159 [iliis
1446 3112 1598 3174 pater
1617 3113 1933 3175 perpetuam
1969 3105 2112 3161 salu-
2137 3110 2185 3173 ο
2213 3104 2333 3168 bus,
2370 3113 2425 3159 et
2447 3104 2667 3160 Petrum
2720 3112 3052 3174 mergentem
3091 3104 3311 3174 pietatis
3339 3104 3530 3159 intuitu
3558 3103 3791 3175 respexit

537 3199 668 3246 tem.

604 3278 842 3334 Plurima
880 3279 1187 3337 habuissem
1215 3284 1366 3338 vobis
1395 3284 1656 3349 scribere,
1675 3284 1722 3338 si
1753 3285 1883 3340 mihi
1911 3285 2115 3340 colum-

537 3369 607 3426 ha
636 3370 721 3424 vel
749 3385 945 3426 corvus
963 3372 1199 3437 adesset,
1230 3375 1323 3442 qni
1371 3374 1513 3429 ﬁdeli
1543 3375 1723 3430 volatu
1770 3390 1918 3431 meas
1965 3377 2116 3432 vobis

537 3460 821 3516 direxisset
848 3462 1133 3518 litterulas.
1167 3464 1368 3520 Tamen
1398 3466 1498 3520 has
1521 3480 1725 3536 paucas
1756 3468 1809 3522 in
1851 3484 2011 3524 auras
2035 3468 2115 3525 di-

536 3548 675 3614 rexi,
702 3556 761 3603 ut
782 3558 943 3605 vento
967 3549 1173 3606 ferente
1196 3552 1250 3606 in
1271 3562 1477 3609 vestras
1500 3556 1871 3624 pervenissent
1887 3573 2111 3625 manus;

541 3642 645 3697 nisi
670 3640 811 3699 forte
849 3645 1104 3713 zephirus
1138 3652 1376 3701 mutetur
1420 3646 1474 3702 in
1505 3648 1874 3704 subsolanum.
1920 3649 2118 3721 Surgat

499 3756 505 3761 -
543 3740 723 3786 tamen
735 3733 916 3802 aquilo
928 3734 1010 3788 vel
1037 3744 1303 3801 austrum,
1325 3744 1380 3790 et
1404 3735 1582 3790 ferant
1596 3737 1895 3794 chartulam
1914 3753 2114 3805 meam,

542 3830 602 3876 ut
620 3823 765 3878 dicat
781 3824 934 3878 vobis
956 3824 1091 3889 vale,
1116 3833 1465 3896 nostramque
1485 3829 1637 3883 vobis
1660 3830 1873 3885 nuntiet
1895 3846 2117 3902 prospe-

547 3913 784 3980 ritatem,
814 3916 1085 3986 animique
1116 3917 1220 3971 mei
1253 3933 1506 3989 magnum
1533 3919 1861 3975 desiderium
1903 3923 2115 3978 videndi

543 4015 640 4057 vos
659 4004 819 4058 citius
847 4003 899 4059 in
935 4020 998 4060 ea
1032 4007 1224 4073 salute,
1268 4023 1431 4079 quam
1458 4017 1613 4078 pater
1636 4008 1761 4065 filiis
1787 4019 1959 4081 optat.
2003 4012 2117 4084 Ego

539 4093 787 4150 turbatus
806 4102 859 4149 et
886 4095 1103 4151 timidus
1125 4106 1331 4166 specto,
1354 4099 1567 4167 quando
1594 4099 1696 4153 hoc
1718 4098 1812 4154 ﬁat
1840 4140 1855 4164 ,
1877 4101 1958 4156 vel
1984 4101 2114 4170 quid

538 4185 607 4242 de
642 4186 796 4242 vobis
817 4186 1099 4242 auditurus
1121 4188 1245 4242 sim.

607 4276 653 4334 0
677 4293 837 4347 quam
864 4276 992 4333 felix
1020 4279 1136 4333 dies
1159 4277 1280 4345 fuit,
1302 4279 1518 4349 quando
1543 4280 1597 4334 in
1619 4279 1894 4337 laboribus
1915 4283 2115 4339 nostris

535 4372 745 4444 pariter
792 4371 1021 4427 lusimus
1064 4370 1378 4428 litteraliter
1422 4372 1564 4428 seria
1596 4371 1750 4445 [ιιι.
1784 4373 1951 4446 sera].
2004 4373 2111 4431 Sed

2218 3193 2403 3267 [Forte
2421 3194 2544 3266 leg.,
2577 3196 2771 3251 intuitu
2799 3196 3048 3251 liberavit
3063 3196 3205 3252 sicut
3224 3204 3507 3266 negantem
3538 3197 3793 3267 respexit.

2217 3292 2299 3350 ut,
2323 3283 2456 3357 etc.]
2472 3326 2487 3350 ,
2509 3293 2569 3340 ut
2594 3286 2750 3341 trina:
2772 3286 3073 3355 negationis
3110 3285 3379 3341 maculam
3406 3286 3559 3341 trina:
3582 3285 3793 3343 confes-

2216 3374 2383 3430 sionis
2408 3374 2577 3446 gloria
2612 3375 2842 3431 dilueret
2883 3374 3096 3449 (Matth.
3124 3392 3237 3440 xw,
3264 3375 3353 3440 25,
3386 3375 3500 3447 30).
3530 3375 3796 3432 Memento

2219 3463 2521 3522 Salomonis
2545 3475 2872 3537 prteceptum
2896 3467 3123 3524 dicentis
3151 3485 3164 3522 :
3212 3466 3566 3539 Quodcunque
3610 3466 3819 3522 manus

2216 3564 2310 3611 tua
2337 3557 2544 3625 operari
2560 3558 2744 3628 possit,
2772 3559 3028 3613 instanter
3046 3574 3278 3629 operare,
3301 3558 3549 3625 quoniam
3587 3574 3695 3611 non
3721 3568 3795 3610 est

2218 3662 2345 3717 opus
2384 3646 2461 3702 vel
2490 3648 2626 3701 ratio
2655 3648 2795 3719 apud
2823 3647 3020 3718 inferos
3047 3646 3246 3720 (Ecde.
3272 3662 3349 3712 ιι,
3377 3645 3490 3717 10),
3520 3645 3575 3700 id
3606 3654 3714 3709 est,
3742 3645 3796 3701 in

2217 3736 2485 3805 sepulcro,
2520 3751 2629 3807 quo
2655 3752 2785 3793 caro
2810 3746 3081 3809 properat.

2289 3827 2373 3883 Sit
2413 3828 2511 3882 tibi
2557 3843 2749 3883 manus
2790 3829 2844 3883 in
2889 3829 3243 3901 eleemosynis
3269 3828 3577 3900 apostolica,
3613 3826 3798 3897 lingua

2215 3918 2613 3989 prtedicationis
2653 3917 2829 3974 cilicio
2859 3920 3069 3975 devota.
3114 3920 3379 3975 Memento
3407 3918 3691 3973 Dominum
3717 3918 3797 3973 di-

2216 4018 2425 4065 centcm
2453 4023 2469 4062 :
2509 4009 2667 4080 Aperi
2699 4025 2756 4063 os
2785 4019 2952 4075 tuum,
3003 4020 3051 4065 et
3085 4026 3177 4082 ego
3206 4009 3428 4081 implebo
3467 4008 3623 4063 illud.
3676 4008 3794 4065 Sint

2216 4097 2314 4154 tibi
2357 4112 2481 4152 cum
2530 4098 2676 4153 omni
2708 4098 3000 4154 sobrietate
3045 4099 3290 4155 convivia
3338 4098 3566 4154 Βοιηίηο
3610 4097 3797 4170 preci-

2217 4185 2396 4254 piente
2426 4202 2440 4239 :
2477 4186 2757 4251 Atteudite,
2800 4202 2863 4241 ne
2881 4197 3160 4259 graventur
3180 4186 3343 4242 corda
3381 4187 3631 4241 restrain
3671 4203 3796 4240 cra-

2214 4276 2341 4346 pulo
2380 4285 2429 4330 et
2462 4277 2710 4331 ebrietate
2735 4275 2887 4348 (Luc.
2911 4293 3003 4332 nt
3025 4317 3040 4343 ,
3082 4276 3193 4348 54).
3221 4276 3305 4332 Sit
3335 4292 3528 4332 manus
3577 4277 3797 4332 dextera

2216 4368 2413 4438 smpius
2431 4366 2754 4436 evangelicis
2788 4375 3009 4424 onerata
3033 4369 3261 4440 paginis,
3286 4378 3346 4423 ut
3385 4368 3521 4424 cibis
3546 4368 3790 4439 spiritua.

537 4478 681 4519 nunc
707 4464 888 4518 omnia
921 4470 1124 4518 mutata
1171 4474 1314 4518 sunt.
1361 4463 1640 4518 Remansit
1663 4464 1844 4519 senior
1872 4463 2005 4519 alios
2025 4479 2116 4536 ge-
2148 4454 2358 4514 Dlibus
2399 4467 2653 4528 pascatur
2702 4461 2934 4516 animus.
2985 4459 3106 4516 Sint
3172 4476 3283 4532 prae
3331 4461 3506 4517 oculis
3548 4458 3800 4529 exempla

610 4606 637 4634 ι
675 4592 1002 4647 Chlodwicus
1046 4609 1324 4662 genuauus
1373 4603 1514 4648 tuus.
1548 4593 1625 4648 Ex
1677 4594 1781 4648 hoc
1817 4593 1935 4648 loco
1965 4594 2118 4649 inno-

539 4662 720 4727 tescit,
743 4662 1030 4733 Alcuinum
1055 4661 1238 4733 plures
1268 4678 1483 4733 quoque
1511 4662 1767 4733 epistolas
1793 4663 1860 4733 ad
1885 4663 2117 4719 Ludovi-

539 4745 663 4785 cum
691 4770 708 4790 .
737 4733 956 4803 tertium
995 4731 1172 4786 Camli
1218 4731 1410 4802 Magni
1435 4747 1504 4787 ex
1545 4731 1867 4803 Hildegarde
1910 4733 2115 4798 tilium,

538 4810 727 4928 postea
750 4800 1147 4871 imperatorem,
1178 4800 1484 4873 scripsisse,
1509 4800 1737 4875 quarum
1765 4811 1943 4858 tamen
1968 4803 2116 4857 nulla

564 4880 806 4927 iactenus
833 4872 1007 4928 detegi
1036 4871 1230 4928 notuit.

564 4880 806 4944 metellus
833 4871 1230 4944 detegi_potuit_.

616 4944 643 4981 ι)
683 4940 916 5015 ruben:
944 4940 1102 5015 epist:
1137 4941 1257 5015 l80.

613 5023 633 5050 ε
669 5011 822 5081 Apud
849 5009 1157 5082 iDromiuum
1207 5013 1571 5082 imperatorem
1618 5013 1674 5064 in
1724 5009 1938 5082 palatio
1977 5027 2118 5066 com-

538 5079 819 5136 morautes.
846 5081 1074 5137 inferius
1102 5090 1251 5151 rogat
1272 5079 1330 5134 ut
1349 5082 1431 5135 sui
1456 5079 1804 5151 recordentur
1838 5080 1895 5151 iu
1920 5079 2119 5137 limini-

534 5152 631 5219 bus
676 5168 976 5205 sanctorum
1015 5149 1412 5219 Apostolorum,
1447 5160 1502 5205 et
1544 5149 1782 5205 chartula
1810 5149 1941 5205 uolet
1976 5152 2117 5206 ultra

538 5218 753 5292 Alpinos
775 5219 963 5287 colles;
985 5218 1198 5292 scripsit
1220 5235 1348 5292 ergo
1369 5221 1466 5275 has
1489 5220 1717 5292 litteras,
1744 5221 1869 5275 dum
1895 5222 2120 5292 impera-

542 5298 630 5343 tor
659 5289 843 5345 llomze
862 5298 1064 5357 ageret,
1093 5289 1349 5345 Alcuinus
1377 5305 1503 5346 vero
1530 5291 1762 5349 Turonis
1785 5302 1948 5357 esset,
1972 5289 2117 5346 anno

543 5359 791 5431 videlicet
818 5359 922 5417 800
956 5361 1039 5415 vel
1062 5361 1327 5431 sequenti.

609 5428 635 5467 ἀ
672 5428 983 5485 Tricassinm
1002 5428 1224 5485 civitatis
1250 5446 1459 5485 sacrum
1482 5430 1753 5486 sacellum.
1777 5430 1890 5486 Hoc
1918 5429 2114 5486 intelli-

544 5498 773 5573 gendum
792 5501 1081 5573 censcode
1114 5499 1341 5573 ecclesia
1384 5503 1553 5573 sancti
1583 5499 2115 5573 Lupiseuctenollio

539 5563 879 5643 in_sub_urbio
918 5568 1228 5643 Tricassino
1254 5569 1493 5643 (Troyes)
1522 5563 1681 5643 curre.
1714 5570 1923 5627 Alcnini
1953 5568 2112 5643 a‘Ca-

540 5632 655 5710 rolo
686 5633 875 5710 magno
897 5638 1123 5710 credito,
1151 5632 1343 5710 dequo
1371 5632 1695 5695 mentionem
1740 5654 1953 5710 quoque
1986 5635 2111 5691 facit

540 5702 597 5761 in
630 5702 869 5775 epistolis
894 5703 983 5771 66,
1008 5706 1073 5759 67
1104 5702 1156 5762 et
1180 5702 1315 5762 alias

2295 4603 2318 4662 εξ
2349 4590 2579 4662 Froben.
2605 4592 2761 4662 epist.
2791 4594 2910 4649 l8l.

2296 4660 2315 4700 ί
2364 4659 2711 4731 Cognomento
2746 4663 3054 4718 Damnatam.
3086 4664 3236 4721 lianc
3264 4664 3670 4731 inscriptionem
3701 4664 3802 4720 ha-

2219 4730 2312 4804 bet
2345 4730 2461 4804 ipse
2499 4732 2666 4787 codex
2706 4732 3043 4789 llarleianus.
3084 4733 3390 4804 Antequam
3426 4730 3543 4791 haec
3569 4735 3798 4804 epistola

2219 4801 2320 4855 sub
2344 4800 2531 4856 oculos
2565 4817 2714 4858 meos
2743 4804 2996 4868 venisset,
3027 4800 3314 4860 credebam
3351 4820 3476 4859 cum
3506 4805 3569 4859 D.
3601 4800 3803 4861 Basca-

2219 4870 2330 4944 gio,
2355 4871 3037 4944 inscriptionemepistola:
3079 4873 3150 4944 40
3173 4876 3316 4944 apud
3350 4875 3747 4940 Quercetanum
3780 4892 3796 4929 :

2219 4938 2300 4994 Ad
2345 4938 2613 5013 Riculfum
2642 4938 3080 5013 archiepiscopum
3119 4938 3391 5013 Mageusis
3418 4944 3661 5008 ciuitatis,
3707 4961 3802 4998 co-

2218 5019 2493 5083 gnomento
2524 5009 2835 5083 Qamaetam,
2865 5009 2986 5068 esse
3021 5009 3362 5077 mendosam;
3391 5021 3455 5083 et
3473 5028 3800 5083 cognomen-

2220 5078 2332 5152 tum
2350 5079 2490 5152 illud
2526 5078 2776 5152 Damoeta:
2802 5098 2910 5137 non
2950 5083 3018 5138 ad
3056 5084 3365 5152 episcopum
3412 5078 3797 5152 aliquem,scd

2219 5149 2287 5222 ad
2314 5150 2487 5222 virum
2540 5151 2872 5215 saecularem,
2905 5152 2999 5222 qui
3048 5149 3106 5207 et
3148 5149 3291 5208 bello
3338 5149 3575 5222 gerendo
3606 5164 3660 5208 et
3680 5151 3795 5220 juri

2220 5218 2450 5293 dicundo
2474 5229 2746 5293 praeesset,
2778 5218 3078 5293 pertinere;
3111 5223 3252 5293 quod
3272 5218 3449 5293 colligi
3473 5237 3631 5293 posse
3648 5218 3788 5293 Aesis-

2219 5289 2473 5374 timebam
2501 5289 2717 5374 exraliis
2754 5289 2962 5374 duabus
2987 5289 3339 5374 epistolis,“
3379 5289 3572 5374 nempe
3606 5291 3661 5374 et
3697 5291 3799 5374 έϐ,

2216 5359 2548 5433 praesertim,
2571 5359 2731 5433 quod
2758 5360 2845 5414 illa
2875 5359 3155 5433 inscriptio
3189 5364 3402 5417 deesset
3434 5372 3491 5419 et
3504 5359 3662 5433 apud
3692 5360 3798 5433 Ca:

2218 5428 2436 5508 nisium,
2457 5436 2510 5481 ct
2525 5428 2592 5508 in
2606 5429 2799 5508 codice
2821 5428 3494 5508 vetusto:Salishurgeusi,
3511 5504 3522 5508 _
3542 5428 3638 5508 qui
3661 5432 3799 5508 mihi

2216 5497 2283 5573 a._l
2308 5512 2497 5552 manus
2522 5495 2640 5551 fuit.
2670 5496 2922 5573 Athnunc
2949 5517 3018 5557 ex
3046 5503 3149 5557 hac
3186 5513 3244 5558 et
3280 5495 3526 5573 se'quen'ti
3556 5495 3803 5573 epistolis

2216 5566 2375 5643 plane
2430 5575 2685 5643 constat,
2742 5568 3010 5627 lticull‘um
3053 5566 3516 5643 archiepiscopum
3568 5566 3801 5642 lingun-

2219 5634 2507 5758 tiacensem
2552 5637 2845 5696 Dammtam
2887 5656 3098 5712 quoque.
3128 5643 3195 5697 ab
3219 5634 3446 5697 Menino
3471 5634 3799 5714 appellatum

2243 5719 2404 5758 uisse.

2243 5721 2271 5757 ll
2281 5722 2291 5758 Ι
2300 5719 2404 5763 558.

3782 5872 3823 5893 Ὦ
