4070 6182
349 244 447 298 $57

1787 237 2145 294 ENSTOLrl-I
2156 280 2167 292 .

3520 244 3625 299 κίε

346 350 787 422 sanctorum,qui
815 347 1075 404 mundum
1103 346 1315 403 fortiter
1340 348 1602 414 vicerunt,
1632 357 1686 404 et
1705 350 1936 405 feliciter
1966 351 2012 409 Α
2041 357 2099 401 ιιι
2121 348 2395 404 altissima:
2430 349 2709 421 dignitatis
2732 352 2936 407 nomini
2965 368 3129 422 opera
3171 354 3468 409 rectissima
3498 372 3631 411 con-

346 451 572 515 regnant
595 457 724 498 cum
771 439 1009 495 Christo.
1040 437 1160 494 Non
1197 438 1273 494 sis
1296 439 1401 493 tuis
1442 438 1667 494 inferior
1694 449 1936 495 anteces-

342 536 572 600 scribus,
601 542 664 589 ut
683 547 917 604 quorum
941 540 1133 587 tenens
1168 531 1506 597 cathedram,
1533 532 1750 587 illorum
1776 535 1937 588 meri-

345 626 409 681 tis
426 622 757 694 equiparari
778 622 975 692 dignus
997 620 1251 676 elliciaris
1275 620 1328 675 in
1355 620 1525 676 cmlis.

406 714 526 771 Non
553 716 630 769 sit
647 714 748 768 tibi
774 713 969 768 durum
996 712 1280 767 charitatis
1299 711 1477 782 legere
1504 712 1792 780 litterulas,
1835 731 1934 770 nec

339 822 425 862 eas
449 807 596 861 reris
615 820 738 861 esse
765 820 1153 876 supervacuas,
1184 805 1312 874 quia
1334 806 1550 875 cognita
1580 806 1848 876 ingerunt.
1874 807 1933 862 Si

336 899 535 970 cogniti
559 898 812 968 placeant
837 896 1024 966 obryzi
1048 895 1366 952 munuscula
1390 912 1406 961 ;
1445 895 1692 967 placeant
1713 897 1931 966 spirita-

336 993 399 1047 lis
421 990 706 1061 sapientia:
735 987 932 1043 solatia
959 1005 973 1040 :
1010 987 1065 1041 in
1089 986 1182 1042 illo
1204 1002 1344 1041 vana
1367 995 1453 1042 est
1479 986 1761 1042 oculorum
1787 986 1933 1042 dele-

338 1083 535 1147 ctatio;
563 1081 618 1136 in
642 1081 748 1135 isto
769 1078 1085 1135 indeliciens
1106 1078 1275 1133 animi
1302 1077 1608 1134 thesaurus.
1624 1077 1767 1133 Dicit
1784 1078 1929 1133 enim

336 1173 549 1227 Veritas
580 1188 596 1225 :
623 1169 818 1226 Omnia
840 1185 1164 1242 quascunque
1185 1168 1341 1224 vultis
1362 1179 1421 1224 ut
1451 1170 1651 1240 faciant
1675 1169 1814 1225 vobis
1833 1170 1929 1224 ho-

333 1262 519 1319 mines.
552 1263 667 1316 hcc
690 1262 873 1316 eadem
898 1272 947 1314 et
977 1277 1065 1315 ros
1088 1261 1246 1330 facite
1278 1259 1385 1315 illis
1421 1260 1637 1332 (Matth.
1664 1277 1776 1329 vn,
1814 1261 1923 1333 12).

399 1350 538 1407 Cum
589 1366 788 1424 magno
816 1364 972 1405 mens
1015 1364 1136 1406 mea
1176 1359 1460 1421 exspectat
1513 1352 1782 1408 desiderio
1822 1361 1927 1408 ture

333 1444 688 1500 beatitudinis
716 1443 916 1513 apices,
949 1441 1069 1496 ideo
1098 1456 1248 1497 meos
1270 1452 1376 1497 tute
1394 1442 1702 1497 auctoritati
1730 1443 1927 1511 sapius

330 1537 568 1605 dirigere
598 1532 826 1595 studeo,
858 1538 1055 1602 optans
1084 1539 1137 1585 te
1177 1546 1285 1587 non
1339 1532 1514 1587 solum
1560 1532 1612 1586 in
1637 1533 1773 1587 meis
1801 1548 1925 1603 pro-

332 1626 514 1691 ﬁcere,
564 1623 661 1680 sed
685 1626 850 1679 etiam
897 1624 1003 1679 tuis
1044 1638 1129 1678 me
1159 1624 1435 1680 multoties
1463 1625 1762 1681 exhortari.

770 1773 795 1800 ι
845 1756 1179 1814 EPISTOLA
1228 1758 1460 1814 CXXIII.

634 1866 698 1905 ΑΙ)
750 1864 1027 1905 [ιιιιαῖτιιι
1075 1864 1605 1904 ΑΒΟῘΙΙδΜΣΙ-ῘΒΒΟΤΕΜ.

936 1961 1114 2033 (Anno
1158 1958 1309 2032 800.)

326 2053 623 2107 Damnatam
655 2050 840 2106 Roma:
859 2052 1162 2106 existentem
1185 2051 1450 2117 hortatur,
1472 2062 1528 2106 ut
1555 2052 1839 2108 scissuram
1860 2055 1916 2108 in

398 2121 638 2196 Ecclesia
655 2138 899 2192 reparare
925 2121 1159 2196 studeat,
1170 2122 1343 2196 arguit
1366 2121 1657 2177 dissensum
1672 2124 1808 2196 inter
1826 2141 1916 2196 pa-

394 2193 691 2262 ciﬁcatorcs
702 2191 721 2255 ,'
738 2208 840 2246 non
857 2208 987 2246 nova
1002 2192 1183 2257 statui,
1198 2191 1288 2246 sed
1304 2200 1476 2245 vetera
1500 2195 1737 2263 reparari
1752 2191 1911 2265 cupit.

398 2303 720 2360 Venerando
766 2304 916 2359 Patri
960 2313 1015 2359 et
1056 2303 1112 2359 in
1138 2300 1343 2359 Christi
1382 2306 1638 2362 membris
1666 2306 1915 2378 magniﬁ-

321 2409 392 2472 co
425 2393 451 2433 δ
481 2394 744 2449 Damoeta:
776 2393 1200 2450 arcbisacerdoti
1234 2393 1455 2450 humilis
1491 2395 1748 2466 magister
1766 2395 1915 2451 Albi-

322 2502 428 2539 nus
453 2484 705 2540 salutem.

396 2574 707 2629 Secundum
736 2574 1197 2644 opportunitatem
1219 2575 1501 2647 portitoris
1519 2576 1733 2646 cognita
1763 2590 1917 2631 men-

323 2666 469 2719 tibus
498 2664 699 2720 nostris
720 2664 963 2720 charitas
985 2679 1163 2720 meam
1198 2665 1424 2737 impellit
1452 2665 1686 2736 linguam
1713 2664 1915 2736 aliquid

320 2763 560 2825 paternze
610 2753 953 2810 salutationis
1009 2763 1201 2811 vestra:
1246 2755 1455 2811 dictare
1507 2755 1804 2823 dilectioni,
1857 2764 1916 2811 ut

319 2850 509 2904 sciatis
553 2849 823 2919 integram
880 2850 1087 2919 antiqui
1147 2852 1350 2906 amoris
1402 2850 1676 2907 ﬂammam
1726 2861 1914 2909 nostro
1988 2871 1993 2875 '

315 2939 700 3011 splendescere
749 2942 803 2997 in
851 2950 1098 3012 pectore;
1132 2952 1188 2997 et
1239 2959 1402 3013 quem
1445 2959 1658 3014 semper
1699 2945 1910 3003 lidelem

2037 439 2273 504 veniant,
2300 449 2354 495 et
2385 457 2564 498 mores
2593 443 2647 498 in
2685 443 2833 499 omni
2862 445 3114 513 aequitate
3161 447 3489 503 sanctissimi
3536 464 3624 505 sa-

2034 528 2322 584 cerdotalis
2365 532 2806 600 superhumerale
2828 534 3049 588 honoris
3073 544 3355 602 exornent,
3388 547 3448 592 ut
3474 539 3619 608 quod

2032 621 2207 675 oculis
2237 621 2530 677 multorum
2576 624 2789 680 videtur
2819 624 2871 679 in
2916 625 3180 691 humero,
3231 628 3475 683 omnium
3526 644 3625 687 ore

2034 712 2376 781 prtedicctur,
2405 722 2566 782 atque
2590 724 2801 769 ametur
2845 715 2897 769 in
2925 717 3190 771 moribus.

2103 802 2245 858 Olim
2285 812 2340 858 te
2372 818 2497 858 cum
2530 806 2689 860 beato
2728 804 2889 859 Petro
2924 814 3034 860 tota
3064 815 3223 862 nocte
3251 808 3304 861 in
3345 809 3505 866 undis
3529 810 3612 864 la-

2029 893 2312 949 borantem
2337 896 2683 964 agnovimus;
2711 896 2805 950 sed
2833 897 2990 951 modo
3018 896 3131 965 jam
3154 896 3375 968 jamque
3392 898 3620 967 jubente

2031 986 2141 1041 Deo
2177 986 2232 1041 iu
2268 988 2550 1042 dexteram
2576 987 2799 1057 navigii,
2816 1003 2939 1042 cum
2960 989 3120 1043 beato
3141 988 3382 1061 principe
3403 999 3619 1061 aposto-

2031 1074 2227 1140 lomm,
2259 1085 2372 1131 rete
2393 1077 2831 1153 mittendum_est
2858 1076 3038 1147 (Joan.
3060 1093 3154 1131 xxx
3171 1117 3187 1141 ,
3224 1079 3328 1149 ll),
3354 1089 3412 1133 ut
3434 1080 3622 1149 capias

2028 1168 2146 1224 sine
2188 1169 2424 1224 scissura
2454 1170 2607 1235 retis,
2641 1169 2695 1224 id
2719 1178 2831 1233 est,
2867 1168 2922 1222 in
2966 1167 3296 1239 perfectione
3338 1170 3619 1225 catholica:

2028 1260 2174 1327 ﬁdei,
2204 1276 2428 1332 magnos
2446 1262 2624 1331 pisces
2648 1269 2864 1317 centum
2904 1261 3295 1332 quinquaginta
3322 1270 3453 1325 tres,
3484 1277 3621 1331 quo-

2027 1365 2147 1404 rum
2176 1365 2261 1404 me
2286 1349 2646 1404 ministerium
2687 1349 2815 1404 olim
2852 1357 3046 1404 vestrae
3087 1349 3364 1404 sanctitati
3390 1348 3414 1386 ἀ
3448 1363 3616 1420 expo-

2025 1455 2156 1496 nere
2193 1440 2466 1496 recordor.
2517 1439 2659 1505 Sed,
2715 1439 2852 1494 heul
2882 1438 3018 1509 proh
3056 1438 3239 1493 dolor!
3286 1437 3432 1507 quod
3462 1446 3614 1493 tanta

2025 1530 2261 1587 scissura
2314 1529 2594 1599 apostolici
2634 1528 2766 1584 retis
2819 1528 2999 1583 subito
3046 1526 3190 1582 facta
3220 1536 3322 1592 est,
3377 1526 3467 1581 ubi
3521 1526 3615 1582 ille

2023 1619 2294 1674 maximus
2329 1619 2634 1674 animarum
2666 1618 2905 1689 piscator
2926 1618 3292 1674 sacratissimo
3323 1615 3613 1686 requiescit

1949 1700 1994 1762 Β
2025 1723 2279 1779 corpore;
2331 1715 2392 1763 ut
2416 1709 2511 1763 vix
2553 1707 2911 1764 conveniente
2940 1716 3254 1762 sanctorum
3286 1722 3353 1761 ex
3385 1705 3614 1769 diversis

2017 1800 2202 1857 mundi
2225 1799 2470 1871 partibus
2492 1797 2878 1869 magistrorum
2923 1797 3076 1852 turba
3107 1795 3288 1867 impia:
3317 1797 3610 1851 dissensio-

2017 1893 2102 1949 nis
2131 1893 2364 1950 scissura
2392 1892 2495 1963 pia:
2519 1891 2802 1947 charitatis
2827 1889 3078 1946 resarciri
3102 1890 3274 1960 potuit
3303 1888 3426 1943 Illis.
3458 1889 3607 1944 Insu-

2015 1998 2131 2054 per,
2152 1982 2295 2038 sicut
2318 1981 2520 2047 audivi,
2551 1981 2695 2050 quod
2720 1981 2839 2036 sine
2860 1978 3046 2034 dolore
3068 1978 3251 2034 cordis
3271 1994 3377 2034 non
3401 1978 3604 2035 dicam.

2016 2075 2161 2145 ipsos
2213 2071 2355 2128 male
2394 2072 2537 2127 inter
2576 2086 2635 2127 se
2679 2071 2967 2127 dissentire
3017 2070 3326 2140 magistros.
3375 2066 3604 2137 Quidam

2016 2178 2146 2219 vero
2186 2162 2429 2218 volentes
2473 2161 2789 2232 rudipannis
2837 2159 3013 2234 [Leg.,
3048 2160 3200 2215 rudis
3226 2159 3414 2232 panni]
3456 2175 3607 2215 assu-

2015 2263 2259 2313 mentum
2296 2253 2467 2310 veteri
2512 2253 2807 2309 immittere
2856 2254 3177 2309 vestimento
3203 2292 3219 2319 ,
3274 2262 3329 2307 et
3371 2252 3605 2323 peiorem

2015 2343 2196 2401 facere
2250 2344 2546 2400 scissuram
2598 2342 2812 2415 (Matth.
2858 2360 2948 2409 ιχ,
3002 2342 3096 2410 l6;
3148 2341 3322 2398 Marc.
3359 2360 3432 2409 tt,
3480 2342 3606 2414 2|);

2013 2435 2233 2504 quidam
2275 2449 2405 2488 vero
2426 2431 2637 2487 meliori
2660 2432 2886 2486 consilio
2906 2440 3089 2487 vetera
3121 2429 3439 2498 reformare,
3472 2440 3526 2486 et
3552 2432 3606 2486 in

2014 2528 2296 2597 antiquum
2329 2541 2591 2596 reponere
2640 2523 2918 2589 ordinem;
2971 2540 3094 2579 cum
3149 2524 3346 2593 quibus
3367 2532 3605 2578 vestram

2014 2618 2415 2676 sanctissimam
2439 2616 2857 2672 sollicitudinem
2888 2616 3133 2671 laborare
3167 2616 3511 2677 audivimus;
3550 2626 3607 2673 et

2013 2709 2216 2781 placuit
2242 2708 2374 2762 mihi
2421 2706 2649 2761 multum
2678 2706 2788 2776 pia:
2832 2706 2982 2776 pacis
3027 2715 3190 2775 atque
3223 2706 3607 2763 ecclesiasticae

2014 2795 2316 2853 concordiae
2368 2810 2462 2850 vos
2499 2796 2795 2850 secundum
2846 2794 3014 2849 Deum
3062 2792 3419 2849 seminatores
3455 2800 3603 2857 esse",

2014 2887 2069 2943 in
2100 2903 2208 2957 qua
2252 2894 2489 2942 vestram
2517 2885 2953 2941 benevolentiam
2997 2899 3211 2953 semper
3258 2885 3452 2940 sudare
3507 2899 3604 2940 es-

2012 2986 2167 3050 opto;
2200 2979 2547 3033 recordantes
2592 2976 2955 3033 dulcissimam
3010 2975 3221 3031 Domini
3267 2975 3604 3047 largitionem

319 3032 565 3138 probavi,
596 3046 813 3102 semper
836 3047 1019 3137 amare
1041 3049 1148 3088 non
1172 3033 1448 3100 desistam,
1482 3035 1608 3105 quia
1650 3035 1907 3103 cbaritas,
1938 3054 1984 3118 ο
2015 3024 2553 3135 ’ξέοξῖνξιξξῶξ
2581 3024 3040 3123 ε’ᾖᾶὲῖηξξςξαηξ
3059 3024 3141 3120 ἀθ
3186 3024 3378 3132 vobis:
3416 3024 3599 3138 p;c;.,

317 3123 469 3193 iuxta
522 3131 678 3178 vetus
729 3124 1094 3192 proverbium,
1133 3138 1253 3194 qua:
1284 3125 1457 3181 deseri
1509 3137 1714 3197 potest,
1775 3144 1913 3184 nun-

319 3230 486 3284 quam
529 3228 659 3269 vera
700 3212 820 3269 fuit.

392 3304 632 3359 Audiens
667 3306 848 3375 itaque
873 3316 1111 3363 vestram
1141 3308 1578 3377 prosperitatem,
1609 3318 1664 3363 et
1688 3324 1912 3365 conver-

319 3397 589 3451 sationem
639 3396 962 3453 laudabilem
988 3440 1004 3465 ,
1035 3408 1089 3453 et
1134 3399 1379 3454 veritatis
1409 3399 1742 3465 instantiam,
1789 3412 1811 3440 ο
1858 3409 1914 3457 et

319 3489 592 3558 quomodo
619 3489 817 3544 stetisti
850 3506 973 3545 cum
1022 3491 1221 3547 domno
1267 3492 1591 3562 apostolico,
1619 3494 1914 3550 secundum

322 3595 455 3633 mem
482 3580 763 3649 petitionis
786 3580 1113 3646 chartulam,
1144 3597 1269 3637 mox
1298 3583 1467 3636 etiam
1497 3598 1696 3637 arcana
1734 3584 1915 3638 cordis

320 3671 427 3725 mei
450 3670 674 3735 cubilia,
716 3670 967 3726 resolutis
1013 3671 1247 3727 tristitia:
1276 3672 1528 3738 habenis,
1560 3673 1614 3727 in
1657 3674 1911 3744 gaudium

317 3766 525 3835 apertis
566 3765 722 3820 ostiis
777 3766 1142 3835 prosiluerunt
1167 3807 1182 3832 ,
1236 3767 1393 3837 plena
1436 3781 1570 3822 voce
1613 3783 1736 3822 cum
1786 3782 1914 3836 apo-

319 3857 460 3912 stolo
506 3857 829 3912 decantare:
868 3855 1046 3928 Hujus
1074 3858 1201 3911 mihi
1226 3858 1477 3929 gaudium
1500 3874 1604 3912 non
1631 3867 1725 3921 est,
1754 3874 1911 3928 quant

319 3944 449 4018 [ut]
487 3946 630 4015 ﬁlios
675 3962 815 4001 meos
856 3946 911 4001 in
954 3946 1061 4015 ﬁde
1105 3957 1154 4001 et
1199 3947 1413 4002 veritate
1452 3948 1669 4001 audiam
1725 3947 1912 4001 ambu-

319 4039 435 4091 lare
472 4036 596 4109 (111
621 4037 783 4092 Joan.
811 4037 901 4109 ι);
933 4039 1265 4108 miratusque
1310 4054 1430 4094 sum
1450 4081 1465 4105 ,
1493 4039 1765 4109 quomodo
1789 4037 1916 4108 qui-

318 4130 447 4183 dam
472 4129 747 4200 sapientes
778 4130 942 4185 surda
970 4132 1208 4201 pectoris
1254 4146 1386 4186 aure
1431 4131 1790 4201 apostolicum
1840 4132 1916 4187 le-

321 4220 532 4291 gissent
551 4222 872 4290 procemium
907 4240 920 4276 :
965 4221 1088 4277 Non
1110 4231 1186 4277 est
1222 4230 1472 4294 potestas,
1499 4223 1601 4275 nisi
1626 4238 1659 4274 a
1686 4221 1830 4286 Deo;
1864 4232 1913 4275 et

320 4312 412 4380 qui
455 4311 700 4380 potestati
736 4313 945 4377 resistit,
988 4312 1085 4368 Dei
1134 4313 1452 4368 ordinationi
1490 4312 1682 4367 resistit
1731 4310 1910 4383 (Rom.

2015 3179 2185 3217 meam
2219 3160 2451 3233 relinquo
2482 3159 2623 3215 vobis
2640 3176 2658 3223 ,'
2687 3176 2791 3213 non
2816 3161 3077 3231 quomodo
3103 3159 3332 3213 mundus
3356 3159 3475 3221 dat,
3509 3175 3603 3228 ego

2014 3254 2081 3308 do
2111 3252 2252 3307 vobis
2275 3250 2467 3322 (Joan.
2502 3266 2613 3318 λιν,
2635 3250 2749 3322 27).
2782 3248 2955 3305 Aliter
2988 3254 3159 3307 sancti
3197 3252 3250 3306 in
3289 3249 3436 3305 omni
3464 3251 3610 3307 bono

2014 3342 2224 3413 paeitici
2256 3342 2399 3397 inter
2438 3355 2497 3397 se
2534 3355 2655 3397 esse
2683 3341 2879 3398 debent
2910 3356 2926 3396 :
2954 3342 3112 3398 aliter
3148 3342 3445 3413 saepissime
3480 3355 3608 3411 pec-

2014 3442 2228 3487 catores
2262 3446 2452 3501 pacem
2497 3430 2640 3486 inter
2689 3445 2747 3485 se
2786 3431 2989 3487 habere
3035 3440 3350 3496 noscuntur,
3372 3430 3514 3484 sicut
3549 3430 3604 3484 in

2014 3532 2208 3580 sancto
2238 3522 2532 3595 Evangelio
2561 3523 2629 3578 de
2662 3522 2873 3578 Herode
2906 3531 2963 3577 et
3010 3523 3186 3578 Pilato
3224 3523 3427 3594 legitur
3450 3520 3603 3591 (Luc.

2012 3629 2169 3677 χχιιι,
2207 3612 2316 3684 12).
2344 3611 2493 3666 Illam
2515 3626 2645 3665 vero
2678 3625 2886 3679 pacem,
2912 3625 3035 3679 qua:
3060 3610 3204 3665 inter
3226 3618 3445 3667 sanctos
3470 3611 3609 3666 solet

2012 3718 2174 3767 esse,
2228 3701 2489 3770 propheta
2539 3713 2607 3752 ex
2656 3698 2913 3753 mandato
2963 3698 3177 3755 Domini
3214 3700 3484 3771 praedixit,
3514 3701 3608 3756 ubi

2013 3794 2089 3847 ait
2122 3807 2136 3845 :
2170 3792 2361 3844 Pacem
2387 3800 2434 3844 et
2460 3790 2730 3844 veritatem
2754 3789 2979 3861 diligite,
3005 3791 3134 3846 dicit
3154 3790 3413 3848 Dominus
3440 3791 3609 3847 omni-

2011 3892 2190 3955 potens
2214 3880 2399 3952 (Zach.
2425 3897 2545 3945 vut,
2580 3881 2689 3952 I9).
2720 3881 2788 3937 Et
2808 3882 3058 3953 egregius
3088 3884 3417 3940 Praedicator
3443 3903 3457 3917 ο
3483 3884 3608 3941 Pas

2015 3969 2255 4035 Christi,
2308 3986 2427 4041 qua:
2479 3981 2755 4040 exsuperat
2796 3987 3000 4025 omnem
3046 3988 3288 4037 sensum,
3342 3975 3603 4028 custodiat

2014 4059 2173 4114 corda
2201 4061 2448 4114 restrain
2469 4060 2725 4113 charitate
2763 4070 2810 4115 et
2833 4061 3111 4114 sanctitate
3140 4059 3394 4131 (Philipp.
3418 4077 3493 4126 tv,
3525 4063 3604 4134 7).

2015 4150 2167 4205 lianc
2188 4158 2365 4205 vestra
2392 4150 2640 4223 religiosa
2670 4151 2845 4221 pietas
2869 4159 2927 4206 et
2963 4150 3289 4206 venerabilis
3310 4152 3608 4208 auctoritas

2016 4257 2139 4298 cum
2190 4243 2443 4298 omnibus
2498 4242 2608 4298 Deo
2665 4244 3025 4301 servientibus
3065 4257 3279 4314 semper
3326 4252 3603 4315 sequatur.

2017 4333 2168 4390 lianc
2193 4334 2469 4404 angelicas
2514 4342 2642 4391 nato
2685 4335 2914 4390 Domino
2940 4335 3138 4390 cecinit
3160 4343 3356 4401 cattus,
3379 4335 3602 4391 dicens:

322 4417 448 4495 sm,
466 4399 623 4495 l,_2).
652 4400 918 4495 Quoniam
941 4404 1127 4495 omnia
1146 4420 1268 4495 quae
1292 4419 1323 4458 a
1348 4403 1458 4495 Deo
1486 4412 1633 4470 sunt,
1660 4403 1909 4460 ordinata
1943 4408 1993 4469 D
2016 4424 2201 4480 σιω-δη
2220 4399 2511 4480 ίίοπειεε,
2539 4424 2667 4489 Deo,
2682 4434 2730 4477 ει
2761 4425 2817 4477 δη
2842 4434 2981 4477 ,θη-α
3011 4441 3118 4495 pax
3137 4399 3435 4479 [mm-"55.,
3459 4425 3607 4479 5m

324 4490 483 4545 ﬁunt.
530 4491 672 4561 Ergo
706 4492 856 4547 locus
882 4493 1012 4548 mihi
1042 4493 1316 4550 sullieiens
1364 4494 1467 4550 l‘uit
1498 4495 1807 4565 disputandi
1848 4495 1916 4550 de

324 4582 428 4637 hac
478 4598 678 4648 causa;
729 4583 823 4637 sed
851 4585 1030 4639 sciens
1060 4585 1401 4653 prudentiam
1431 4595 1665 4641 vestram
1714 4586 1917 4656 optime

326 4675 444 4728 lucc
469 4672 653 4727 omnia
694 4687 876 4739 nosse,
904 4680 958 4727 et
996 4672 1336 4728 velocissimo
1386 4689 1704 4744 percurrere
1752 4690 1915 4729 sensu

326 4766 631 4820 litterarum
677 4780 920 4819 mearum
967 4766 1187 4830 seriem,
1242 4760 1357 4821 hoc
1394 4773 1603 4820 tantum
1651 4766 1917 4821 admoneo

397 4911 424 4938 η
453 4896 688 4969 Froben.
725 4900 885 4969 epist.
921 4900 1044 4954 182.

400 4969 445 5045 ιζ-
493 4968 765 5045 Dammae
806 4970 1235 5045 archisaccrdoti.
1315 4970 1528 5045 Iiicnll‘o
1601 4973 1917 5045 Moguntina

325 5039 560 5112 scilicet,
606 5041 673 5094 ad
720 5054 880 5112 quem
922 5043 1232 5112 praecedens
1273 5041 1500 5111 epistola
1542 5039 1764 5100 exarata
1813 5056 1916 5112 est,

324 5107 483 5177 cujus
506 5117 692 5164 notam
723 5107 889 5179 legas.

401 5189 427 5218 ι
458 5179 550 5262 Et.
570 5182 835 5262 quomodo
878 5182 1065 5262 stetisti
1104 5198 1223 5262 curn
1249 5183 1459 5262 .domno
1504 5183 1918 5262 apost_oli_cq.AEx

327 5250 417 5304 his
441 5250 623 5305 verbis
649 5259 706 5305 et
732 5251 939 5321 reliquo
963 5261 1147 5306 tenore
1177 5254 1332 5321 huius
1360 5250 1602 5321 epistolae
1640 5254 1920 5311 indubiam

326 5335 451 5374 esse
496 5335 710 5382 censeo,
758 5320 1057 5377 Damnatam
1106 5339 1200 5377 seu
1249 5320 1537 5390 Ricull'um,
1573 5340 1694 5380 cum
1738 5325 1920 5383 Hilde-

329 5390 491 5467 baldo
552 5389 891 5467 Coloniensi,
945 5392 1163 5467 Aruone
1215 5396 1631 5467 Salisbnrgeusi,
1696 5396 1923 5467 aliisque

329 5462 605 5532 episcopis
629 5476 693 5516 ac
719 5464 901 5538 missis
931 5462 1344 5538 regiisLepnem
1373 5466 1439 5538 Ill
1458 5462 1670 5538 papam,
1694 5462 1920 5523 Romam

330 5541 598 5608 autumno
627 5533 751 5608 anni
785 5533 893 5587 799'
929 5536 997 5608 ab
1028 5533 1148 5585 aula
1170 5534 1346 5588 Caroli
1398 5533 1572 5608 Magni
1622 5553 1920 5603 reversum,

329 5603 653 5675 comitatum
682 5603 866 5675 fuisse,
890 5613 941 5655 et
967 5606 1065 5657 hoc
1094 5611 1255 5673 atque
1285 5603 1526 5675 sequeuii
1554 5624 1698 5661 anno
1716 5608 1924 5674 judicio

332 5672 428 5726 adt
442 5689 599 5727 orsus
622 5673 814 5743 impios
832 5674 1169 5729 adversarios
1191 5672 1429 5746 ejusdem
1453 5672 1777 5733 sanctissimi
1796 5695 1925 5750 pon-

2018 4513 2298 4569 voluntatis
2353 4513 2504 4585 (Luc.
2531 4529 2593 4577 ιι,
2637 4512 2746 4583 ll).
2800 4512 2859 4567 in
2919 4513 3023 4569 hac
3071 4514 3235 4569 etiam
3270 4522 3325 4569 et
3366 4514 3422 4569 in
3457 4515 3605 4570 omni

2019 4606 2161 4660 lgono
2188 4612 2423 4660 vestram
2443 4603 2853 4670 beatitudinem,
2879 4603 3062 4660 divina
3093 4603 3384 4674 adiuvante
3408 4605 3606 4678 gratia,

2019 4694 2282 4764 prolicere
2306 4702 2454 4764 opto,
2494 4693 2721 4749 Domine
2759 4695 3082 4761 venerande,
3131 4702 3187 4749 et
3215 4695 3607 4751 desiderantis-

2021 4788 2160 4843 sime
2194 4787 2297 4841 liii!

2022 4918 2182 4992 tilicis
2210 4918 2538 4992 interfuisse,
2567 4922 2815 4992 quamvis
2834 4936 2991 4977 nemo
3015 4921 3153 4992 alius
3176 4919 3320 4976 illius
3350 4917 3610 4992 temporis

2021 4990 2254 5063 scriptor
2274 4991 2327 5044 id
2347 4990 2413 5063 de
2438 4989 2651 5063 Riculfo
2671 4992 2990 5063 prodiderit.
3015 4989 3260 5047 Sulliciat
3284 5005 3416 5063 vero
3443 4989 3594 5047 hocet

2021 5059 2230 5132 Aletrini
2260 5059 2792 5132 testimoniumomni
2819 5063 3134 5132 exceptione
3161 5062 3430 5132 superius.

2091 5127 2118 5166 ιι
2151 5128 2426 5199 Exponere
2465 5131 2729 5184 recordor.
2756 5127 2969 5186 Verbis'
2992 5145 3059 5185 an
3090 5127 3284 5186 litteris
3323 5132 3377 5186 id
3421 5129 3606 5186 fecerit

2021 5198 2281 5271 Alcuinus
2300 5214 2366 5253 ex
2394 5200 2479 5271 his
2503 5216 2610 5271 non
2638 5202 2833 5255 elucet.
2866 5202 2922 5271 lu
2949 5201 3117 5271 priori
3138 5201 3360 5271 quidem
3381 5201 3608 5271 epistola

2024 5269 2167 5353 hunc
2210 5268 2385 5323 locum
2416 5267 2641 5353 Joannis
2666 5267 3008 5337 evangelista;
3048 5267 3258 5353 attigit;
3292 5267 3607 5353 mysterium

2025 5346 2213 5411 tamen
2253 5340 2463 5411 numeri
2513 5339 3025 5411 illius,_magnorum
3069 5339 3316 5411 piscium.
3348 5339 3609 5395 intactum

2024 5407 2272 5481 reliquit;
2306 5409 2408 5463 nisi
2435 5409 2699 5481 suspicari
2742 5407 3013 5481 quispiam
3041 5407 3189 5475 velit,
3236 5410 3382 5481 illam
3405 5412 3611 5481 episto-

2026 5480 2131 5531 lam
2156 5494 2277 5553 esse
2297 5478 2617 5553 mutilatum.
2646 5478 2992 5553 Idcm‘taiuen
3017 5481 3333 5553 mysterium
3353 5478 3613 5553 Alcuinus

2025 5549 2275 5631 caposttit
2302 5550 2356 5603 in
2390 5552 2780 5673 comnﬁotario
2802 5550 2856 5605 in
2884 5548 3228 5622 Evangelittm
3252 5551 3429 5608 sancti
3450 5548 3611 5611 Matt-

2027 5636 2132 5673 ms.
2161 5635 2212 5672 ιιι
2243 5633 2363 5673 can.
2394 5635 2509 5673 χχι.
2613 5660 2627 5673 .

2027 5636 2132 5683 ms,
2161 5635 2212 5672 ιιι
2243 5633 2363 5692 cap.
2394 5635 2509 5686 χχι,
2544 5633 2627 5674 1t.
