4070 6182
460 316 566 372 359
944 368 957 391 ,

670 402 693 413 ”
881 437 904 463 ι
938 418 1264 477 EPISTULA
1311 416 1544 473 cxxw.
1573 418 1602 458 δ

522 536 588 574 Δί)
626 528 647 556 ⁸
680 529 945 571 ἢκειὶοιωι
975 523 1349 566 PATRIABCIIA“
1380 522 1533 562 URBlS
1563 519 1967 561 ιιιειιοδοιῖιιε.

462 632 682 698 Georgio
711 624 1014 698 gratulatur
1028 624 1088 677 ob
1112 622 1421 698 dignitatem
1457 620 1511 673 in
1533 618 1646 698 loco
1675 616 2035 698 sanctissime;

530 687 772 756 hoi'tntur
797 697 866 750 ad
907 687 1209 762 patientiam
1245 694 1301 745 in
1330 690 1682 762 persecutione
1719 687 2034 756 inﬁdelium.

531 715 772 756 Itorttttur
797 715 864 750 aa
921 715 1209 748 )attetumm
1245 715 1301 745 ιη
1330 715 1682 762 persecutione
1719 715 1736 740 1

531 774 601 825 Se
622 784 842 837 suosque
871 715 1013 820 illius
1041 763 1365 817 orationibus
1391 758 1741 814 commendat.

529 878 849 934 Benedictus
870 875 1013 931 Deus
1038 884 1093 929 et
1111 872 1367 927 Dominus
1389 878 1573 925 noster
1592 866 1749 924 Iesus
1767 867 2035 932 Christus,

460 974 552 1043 qui
583 970 823 1026 visitavit
854 969 1064 1040 plebem
1091 980 1264 1028 suam,
1289 971 1344 1018 et
1373 963 1536 1032 elegit
1578 961 1850 1016 civitatem
1878 958 2039 1013 Jeru-

462 1062 650 1126 salem,
679 1059 938 1130 sanguine
969 1056 1356 1126 redemptionis
1393 1061 1593 1107 nostrae
1620 1049 2035 1114 sanctissimam,

461 1167 516 1210 et
544 1152 982 1225 gloriosissimam
1011 1148 1251 1217 ejusdem
1294 1146 1388 1201 Dei
1417 1154 1471 1200 et
1511 1143 1722 1199 Domini
1756 1142 1925 1197 nostri
1952 1156 2039 1196 re-

461 1244 827 1308 surrectione;
860 1250 915 1297 et
937 1239 1217 1294 benedicta
1258 1235 1627 1291 misericordia
1655 1234 1793 1303 ejus,
1825 1248 1930 1302 qua
1962 1240 2036 1295 te,

462 1338 798 1395 sanctissime
838 1331 1146 1405 patriarcha
1192 1329 1410 1398 Georgi,
1439 1327 1602 1396 elegit
1643 1325 1697 1379 in
1732 1324 1865 1379 locis
1908 1339 2038 1378 san-

460 1429 716 1487 ctissimis
756 1428 866 1481 sua:
898 1421 1275 1484 habitationis,
1302 1434 1367 1474 ac
1413 1427 1611 1473 nostra:
1654 1414 2040 1485 redemptionis

461 1522 874 1577 intercessorem
902 1530 1003 1586 pro
1030 1520 1217 1568 sancta
1258 1526 1355 1565 sua
1388 1508 1627 1564 Ecclesia
1644 1547 1658 1570 ,
1684 1522 1805 1577 qua:
1832 1507 1888 1559 in
1914 1504 2040 1559 lati-

464 1611 645 1665 tudine
688 1607 852 1662 totius
894 1601 1114 1660 otTendit
1141 1599 1350 1673 [Forte,
1375 1595 1652 1669 ostendit],
1683 1594 1887 1658 laudat,
1913 1592 2042 1648 mlit

461 1711 516 1756 et
543 1703 731 1756 adorat
759 1714 950 1753 nomen
980 1695 1191 1750 Domini
1217 1693 1309 1747 Dei
1332 1691 1552 1756 :nterni;
1579 1698 1642 1745 ut
1660 1698 1805 1744 esset
1829 1686 2036 1760 [νοντας.

1313 305 1371 359 Β.
1414 304 1476 359 F.
1510 302 1737 357 ΑιΒιΝι
1774 302 1904 357 SEU
1943 300 2217 357 ALClllNl
2262 296 2544 357 OPERUM
2580 296 2760 353 PARS
2794 297 2834 352 Ι.

3606 293 3714 350 360

2063 424 2111 481 Α
2210 410 2313 466 Mei
2341 424 2557 481 quoque
2583 417 2643 462 ut
2684 408 2739 463 in
2775 406 2976 462 sanctis
3006 405 3342 461 orationibus
3386 404 3582 461 vestris
3613 407 3718 461 ba-

2136 501 2309 556 beatis
2334 498 2649 554 memoriam
2692 512 2791 567 per
2831 498 2950 568 ejus
2993 496 3420 552 misericordiam
3466 497 3719 561 obsecro,

2135 590 2230 660 qui
2256 590 2335 643 ait
2360 606 2375 642 :
2397 586 2501 641 Ubi
2522 597 2645 641 sunt
2671 588 2777 649 duo
2807 586 2882 641 vel
2911 597 3012 641 tres
3035 587 3093 639 in
3120 586 3329 641 nomine
3359 602 3472 640 meo
3504 602 3723 657 congre-

2134 681 2267 752 gati,
2290 681 2361 734 ibi
2384 697 2502 734 sum
2526 681 2584 734 in
2602 679 2774 733 medio
2793 695 2975 732 eorum
3010 677 3226 749 (Matth.
3260 690 3420 742 xvut,
3449 677 3563 746 20).
3591 677 3722 736 the:

2134 772 2422 845 promissio
2449 773 2505 827 in
2534 772 2638 826 illis
2682 771 2889 841 optime
2918 770 3188 839 impletur,
3222 769 3313 838 qui
3340 785 3448 826 non
3478 769 3726 840 corpori-

2135 864 2238 920 bus
2268 873 2495 929 tantum,
2522 864 2617 918 sed
2643 864 2909 918 cbaritatc
2927 860 3226 932 junguntur
3252 860 3511 930 perfecta.

2206 954 2433 1009 Albinus
2456 954 2629 1009 habeo
2648 968 2842 1008 nomen
2863 953 3007 1006 inter
3026 962 3182 1006 notos
3202 949 3353 1022 [.lls.,
3382 960 3567 1018 notes;
3591 951 3719 1023 fort.

2139 1042 2238 1113 leg.
2272 1082 2288 1107 ,
2319 1051 2534 1098 nostros
2554 1042 2638 1097 vel
2665 1041 2980 1113 nostrates],
3003 1050 3058 1097 et
3086 1041 3226 1097 ﬁlios
3265 1051 3468 1097 saneta:
3496 1041 3592 1097 Dei
3617 1043 3707 1098 Ec

2136 1138 2333 1194 etesia}.
2362 1138 2541 1193 Vestri
2567 1152 2782 1207 quoque
2810 1136 3045 1192 nominis
3069 1137 3349 1191 nobiscum
3376 1151 3496 1191 esse
3517 1150 3725 1191 memo-

2140 1230 2296 1291 riam,
2327 1228 2470 1284 inter
2495 1226 2669 1283 oilieia
2692 1228 2837 1283 sacri
2874 1228 3061 1282 altaris
3085 1228 3299 1283 scitote.
3329 1225 3720 1283 Confortamini

2138 1319 2239 1373 viri
2268 1317 2465 1373 fratres
2492 1319 2548 1373 in
2570 1318 2789 1373 Christo
2810 1316 2959 1382 Iesu,
2986 1326 3042 1373 et
3065 1318 3120 1371 in
3139 1317 3381 1387 potentia
3404 1316 3552 1386 ejus;
3576 1325 3635 1371 et
3662 1318 3718 1371 in

2141 1408 2244 1463 ﬁde
2286 1408 2551 1463 catholica
2590 1408 2912 1462 ﬁducialiter
2938 1408 3101 1479 agite.
3136 1406 3403 1463 Patientes
3446 1416 3608 1461 estote
3649 1406 3720 1459 ad

2140 1512 2340 1560 omnes,
2378 1497 2597 1551 scientes
2636 1496 2778 1568 quod
2821 1495 2972 1552 labor
3008 1505 3174 1551 vester
3212 1512 3317 1551 non
3349 1504 3424 1550 est
3463 1496 3637 1550 inanis
3665 1495 3723 1549 in

2139 1586 2364 1641 Domino
2390 1586 2444 1660 (1
2474 1586 2626 1641 Thes.
2665 1603 2721 1651 v,
2750 1587 2844 1652 M;
2875 1586 2905 1641 Ι
2940 1585 3065 1641 Cor.
3098 1603 3187 1653 xv,
3211 1586 3334 1657 58);
3365 1587 3460 1642 sed
3482 1587 3575 1656 qui
3602 1586 3725 1658 plus

2140 1677 2369 1743 laborat,
2404 1678 2527 1748 plus
2550 1680 2819 1734 mercedis
2845 1679 3092 1749 accipiet.
3137 1678 3427 1734 Aseendite
3462 1685 3645 1732 mente
3667 1685 3726 1733 et

461 1803 521 1847 ut
548 1790 715 1862 esses]
748 1792 799 1844 in
830 1805 895 1844 eo
919 1788 1037 1843 loco
1072 1784 1398 1842 beatissima:
1423 1783 1575 1854 pacis
1603 1780 1955 1851 praedicator,
1985 1779 2041 1833 in
2074 1760 2119 1821 Β
2147 1768 2414 1824 desiderio
2443 1778 2631 1862 sancto
2656 1770 2723 1825 ad
2747 1785 2893 1835 eum,
2922 1770 3029 1862 qui
3047 1769 3159 1823 ait:
3195 1767 3611 1862 Volo,l’ater,ut
3632 1768 3723 1829 ubi

460 1898 569 1951 quo
604 1881 715 1948 ipse
750 1878 895 1932 omni
936 1875 1135 1929 mundo
1180 1870 1542 1929 sanctior-ibus
1570 1869 1866 1925 ambulavit
1888 1868 2042 1938 pedi-

461 1972 581 2036 bus,
609 1971 699 2041 qui
727 1970 840 2024 ait:
867 1967 1058 2022 Pacem
1086 1981 1255 2019 meam
1279 1964 1347 2019 do
1372 1964 1534 2027 vobis,
1563 1978 1743 2035 pacem
1763 1976 1931 2015 meam
1958 1977 2043 2015 re-

459 2063 636 2133 linquo
658 2060 798 2115 vobis
821 2057 1001 2133 (Joan.
1027 2071 1139 2121 ιη’,
1158 2053 1249 2124 2'7)
1274 2071 1291 2107 :
1315 2062 1376 2108 ut
1394 2053 1472 2108 sis
1490 2061 1671 2107 rector
1684 2050 1865 2121 populi
1888 2050 1971 2105 sui
1988 2058 2046 2105 et

461 2153 782 2223 prredicator
821 2147 1066 2203 veritatis
1111 2145 1363 2200 omnibus
1399 2150 1712 2197 sanctorum
1740 2140 2043 2197 visitatori-

462 2244 562 2297 bus
598 2241 860 2295 locorum.
893 2238 1043 2292 Beati
1094 2235 1247 2299 estis,
1279 2234 1476 2304 quibus
1509 2246 1824 2287 concessum
1854 2239 1938 2287 est
1968 2232 2046 2286 la-

462 2347 677 2404 erymas
703 2331 769 2385 ad
793 2329 909 2398 ejus
938 2327 1162 2383 fundere
1198 2326 1455 2397 vestigia,
1483 2326 1576 2396 qui
1604 2326 1860 2381 clementi
1892 2325 2043 2379 vultu

464 2421 676 2476 mulieri
704 2419 1016 2490 peccatrici,
1047 2434 1168 2486 qua:
1214 2415 1470 2487 lacrymis
1516 2425 1732 2471 sanctos
1760 2416 1929 2472 abluit
1950 2431 2046 2486 pe-

464 2515 589 2578 des,
618 2513 732 2568 ait:
759 2510 861 2577 Qui
904 2509 1125 2564 multum
1160 2508 1378 2574 dilexit,
1410 2507 1575 2562 multa
1615 2509 1954 2564 dimittuntur
1998 2509 2046 2563 ei

462 2615 674 2678 peccata
702 2602 853 2677 (Luc.
881 2614 991 2668 vu,‘
1010 2600 1124 2673 47).

537 2697 763 2752 llortare
794 2695 899 2765 piis
941 2695 1213 2765 precibus,
1243 2702 1470 2766 paterno
1498 2692 1712 2760 ail‘ectu,
1742 2703 1929 2751 sancto
1955 2695 2047 2749 de-

466 2790 665 2844 siderio
717 2787 998 2844 consocios
1042 2786 1406 2841 tribulationis
1449 2793 1572 2849 tua),
1604 2783 1731 2840 forti
1778 2784 1961 2840 animo
1988 2785 2045 2840 in

466 2881 570 2934 tide
610 2893 930 2950 permanere
973 2876 1177 2933 Christi
1225 2876 1339 2944 Dei,
1368 2884 1424 2933 et
1467 2877 1738 2947 patienter
1778 2875 2047 2933 sustinere

466 2988 524 3024 va
534 2971 642 3025 rias
668 2968 961 3024 inﬁdelium
980 2967 1400 3039 persecutiones,
1413 2966 1767 3036 recogitautes
1787 2981 1931 3032 eum,
1954 2966 2045 3036 qui

464 3078 562 3135 pro
588 3061 759 3117 salute
787 3060 1001 3114 illorum
1042 3059 1095 3113 in
1120 3058 1358 3128 patibulo
1398 3074 1690 3131 suspensus
1716 3059 1830 3115 ait:
1858 3059 2037 3123 Pater,

463 3151 670 3220 ignosce
707 3149 834 3213 illis,
858 3149 981 3220 quin
1019 3149 1252 3202 nesciunt
1294 3149 1420 3221 quid
1466 3149 1666 3220 faciunt
1696 3149 1847 3222 (Luc.
1884 3166 2042 3217 xxm,

464 3241 577 3311 5i).
613 3238 733 3294 Non
760 3248 879 3294 sunt
908 3239 1080 3310 itaque
1101 3239 1372 3311 condigna:
1399 3241 1558 3312 hujus
1587 3241 1833 3311 temporis
1852 3244 2050 3313 passio-

468 3349 578 3397 nes,
602 3332 677 3385 ait
723 3332 972 3400 egregius
1014 3331 1358 3395 Priedicator,
1387 3331 1457 3384 ad
1482 3341 1903 3403 superventuram
1936 3318 2049 3404 glo-

467 3423 626 3485 riam,
648 3438 765 3493 qua!
786 3420 1095 3475 revelabitur
1116 3420 1171 3474 in
1198 3420 1344 3473 nobis
1371 3418 1547 3490 (Rom.
1576 3437 1696 3486 vm,
1728 3422 1838 3493 18).
1860 3422 2050 3479 Nullus

470 3511 623 3567 miles
663 3512 1028 3574 coronabitur,
1059 3509 1163 3565 nisi
1197 3510 1287 3580 qui
1336 3509 1575 3580 legitime
1619 3520 1813 3567 certat.
1863 3512 2050 3569 Brevis

466 3612 552 3659 est
577 3604 730 3658 labor
754 3601 1116 3657 tribulationis
1147 3600 1306 3669 hujus
1333 3601 1474 3664 vitm,
1506 3602 1599 3657 sed
1624 3618 1835 3659 merces
1861 3618 2051 3676 perpe-

466 3702 559 3748 tua
580 3709 699 3766 qua:
722 3693 1059 3746 vincentibus
1077 3691 1311 3746 dabitur.
1335 3689 1451 3746 Non
1479 3692 1548 3747 sit
1568 3693 1788 3748 cuilibet
1809 3693 2049 3750 ﬁdelium

469 3782 524 3836 in
554 3782 823 3836 oblivione
857 3781 1245 3851 jucundissima
1286 3783 1576 3852 promissio
1622 3783 1832 3841 Domini
1880 3788 2052 3843 nostri

468 3871 597 3927 Jesu
623 3871 847 3936 Christi,
875 3871 967 3941 qui
1002 3870 1116 3925 ait:
1143 3869 1276 3926 Ecce
1301 3889 1393 3944 ego
1428 3873 1687 3929 vobiscum
1716 3892 1834 3931 sum
1876 3880 2050 3933 omni-

469 3964 565 4018 bus
586 3962 767 4016 diebus
795 3978 956 4034 usque
999 3962 1068 4017 ad
1109 3965 1607 4020 consummationem
1632 3966 1812 4022 διεσαιὶ
1835 3967 2050 4040 (Matth.

471 4072 666 4120 XXVIII,
697 4054 810 4125 20).

541 4200 567 4229 ι
597 4187 828 4242 Froben.
860 4186 1018 4257 epist.
1052 4187 1174 4243 183.

545 4259 572 4297 ιι
614 4256 906 4332 Epistolam
933 4258 1087 4332 lianc
1117 4257 1372 4332 meditati)
1413 4266 1468 4314 et
1507 4259 1768 4332 hactenus
1819 4260 2055 4332 ignotam

471 4343 534 4383 ex
585 4326 703 4383 cod.
738 4326 885 4397 regio
933 4326 1106 4382 Paris.
1146 4343 1201 4381 n.
1226 4326 1367 4382 2826
1411 4337 1594 4384 notato
1623 4330 1786 4393 eruit,
1814 4326 1868 4384 οἷ
1895 4332 2058 4387 bene-

471 4399 592 4481 vole
618 4412 833 4480 meeum
852 4398 1289 4484 Frentanis-favit
1309 4397 1792 4484 vindoctissimus,
1811 4401 2055 4484 mihique

470 4468 832 4525 amicissimus
852 4467 916 4522 D.
940 4467 1123 4523 Lieble
1148 4468 1525 4525 Benedictiuus
1542 4479 1598 4525 et
1618 4461 2057 4528 bibliothecarius
2087 4461 2135 4520 D

474 4537 992 4608 Satn-Germauensis
1022 4554 1182 4608 supra
1214 4538 1479 4594 laudatus.

549 4620 570 4647 ε
602 4606 681 4661 Ad
725 4606 1003 4682 Georgium
1042 4606 1416 4682 patri-archani,
1442 4619 1546 4665 etc.
1576 4609 1745 4682 Hujus
1785 4611 2053 4677 notitiam,

474 4685 795 4753 giggerente
821 4677 1231 4753 prgulaudatol).
1260 4678 1464 4753 Lieble‘,
1489 4677 1673 4750 accepi
1689 4697 1755 4736 ex
1776 4684 2057 4753 praestanti

476 4747 732 4820 Tractatu
758 4747 1105 4820 pneliminari
1126 4747 1193 4820 de
1217 4750 1484 4820 episcopis
1509 4759 1565 4805 et
1590 4747 1913 4819 patriarchis
1932 4768 2057 4807 san-

474 4828 578 4875 cta:
605 4817 1103 4887 Hierosolymitanre
1135 4817 1417 4882 Ecclesiae,
1432 4821 1498 4874 ad
1532 4817 1660 4875 tom.
1692 4821 1753 4875 Ill
1783 4822 1903 4876 Maii
1932 4822 2052 4877 Act.

477 4888 578 4945 SS.
612 4887 874 4960 p1ig.}tl_,
908 4888 1219 4960 nonnulli,
1262 4897 1483 4944 auctore
1533 4890 1593 4943 D.
1624 4890 1843 4946 Daniele
1889 4892 2059 4960 Pape-

474 4956 701 5017 hrochio
744 4956 804 5013 S.
836 4956 1030 5027 1.,qui
1067 4957 1265 5015 ibidem
1319 4967 1567 5020 testatur,
1614 4975 1809 5014 nomen
1839 4956 2055 5027 Georgii

477 5031 531 5086 in
563 5030 680 5086 Vita
712 5028 882 5100 sancti
915 5026 1170 5100 Stephani
1214 5028 1446 5100 Sabaitie
1471 5030 1634 5100 (edita
1669 5039 1800 5085 tom.
1837 5031 1903 5086 Ill
1929 5026 2054 5088 Julii

476 5102 542 5156 ad
573 5100 714 5156 diem
740 5098 828 5170 l5)
859 5098 1175 5170 certissime
1212 5099 1400 5170 haberi
1440 5098 1786 5168 expressum;
1817 5103 1889 5157 ita
1913 5103 2055 5158 enim

479 5171 679 5242 ibidem
706 5167 825 5242 cap.
855 5168 909 5233 5,
942 5182 1090 5242 num.
1117 5167 1185 5224 49
1212 5167 1441 5239 legitur:
1471 5167 1915 5242 {Sanctissimus
1959 5189 2055 5242 pa-

480 5241 714 5322 triarcha
744 5241 970 5322 domnus
1015 5239 1157 5322 Elius
1199 5238 1543 5322 cumgaudio
1570 5238 2058 5322 atquehonortiico

481 5311 654 5364 reditu
697 5310 970 5379 propriam
1000 5311 1182 5365 sedem
1212 5310 1539 5435 postliminio
1570 5312 1818 5382 repetiit,
1843 5314 2056 5368 diutur-

481 5394 655 5435 naaue
689 5380 950 5435 dignitate
976 5381 1211 5435 oatriare
1251 5381 1320 5435 ali
1364 5383 1431 5435 ad
1474 5396 1645 5435 annos
1685 5383 1818 5435 satis
1861 5384 2056 5435 multos

480 5394 655 5448 itaque
689 5380 950 5449 dignitate
976 5380 1320 5450 patriarchali
1364 5383 1431 5436 ad
1474 5380 1645 5437 annos
1685 5383 1818 5437 satis
1861 5384 2058 5439 multos

478 5451 698 5571 ﬂavisas
724 5456 808 5505 est
831 5464 845 5502 :
870 5459 924 5505 et
947 5467 1069 5505 eum
1101 5452 1227 5507 hinc
1255 5453 1323 5507 ad
1350 5452 1517 5507 Deum
1548 5459 1735 5507 sancte
1779 5454 2054 5523 migraret,

517 5533 735 5571 mnuum
785 5518 1073 5571 Georgium
1121 5521 1413 5571 svneellum
1460 5538 1618 5571 suum
1661 5523 1715 5571 in
1744 5525 2054 5571 cathedram

517 5518 1073 5592 otiinumAGeorgium
1121 5521 1413 5592 syneellum
1460 5538 1619 5578 suum
1660 5518 2056 5592 ineath'cdram

480 5587 892 5663 '_l_'ead_elphi_e_am
931 5587 1310 5663 :suecess'oretu
1348 5591 1586 5663 reliquit.
1611 5613 1629 5645 ι
1652 5591 1841 5663 ίΝοιειι
1866 5594 2060 5648 deinde

482 5657 883 5737 Papebroehius
921 5657 1209 5737 Georgium
1240 5664 1381 5737 hunc
1407 5657 1603 5737 in_'_n_ts.
1644 5662 1903 5737 Brugensi
1932 5663 2060 5717 Gre-

482 5727 705 5801 gorium,
735 5727 912 5781 vicino
953 5736 1006 5782 et
1056 5727 1210 5786 laede
1250 5732 1548 5788 alternabili
1594 5727 1839 5799 nomine;
1872 5735 1923 5786 iu
1955 5749 2054 5788 ms.

2070 3105 2120 3169 ὓ

2140 1876 2255 1913 sum
2279 1876 2393 1929 ego,
2423 1869 2471 1914 et
2494 1861 2580 1914 isti
2610 1862 2714 1914 sint
2742 1877 2942 1914 mecum
2970 1859 3152 1929 (Joan.
3179 1876 3315 1925 xvu,
3353 1860 3468 1931 ει).

2210 1947 2471 2019 Optamus
2509 1950 2563 2004 in
2612 1950 2763 2004 vobis
2806 1949 3033 2021 impleri,
3078 1949 3280 2005 Christi
3325 1951 3499 2019 gratia
3530 1966 3726 2022 coope-

2143 2051 2315 2105 rante,
2342 2042 2487 2111 quod
2532 2042 2660 2097 olim
2697 2043 2964 2114 Propheta
2995 2044 3107 2097 ait:
3140 2042 3218 2097 De
3260 2043 3392 2099 Sion
3430 2044 3591 2098 exibit
3616 2043 3721 2108 lex,

2142 2144 2190 2186 et
2224 2133 2432 2186 verbum
2469 2132 2680 2188 Domini
2707 2134 2773 2189 de
2794 2133 3086 2189 Jerusalem
3119 2135 3254 2207 (Isa.
3280 2151 3341 2201 ιι,
3369 2135 3456 2206 5);
3485 2135 3612 2190 Inde
3640 2135 3725 2189 lu-

2142 2236 2254 2282 cent
2300 2225 2392 2280 lita:
2433 2237 2601 2281 vestra
2643 2243 2822 2282 coram
2862 2228 3189 2294 hominibus,
3216 2238 3269 2282 ut
3316 2228 3521 2283 videant
3569 2244 3728 2299 (pera

2143 2332 2309 2377 vestra
2333 2322 2492 2388 bona,
2509 2333 2554 2377 et
2579 2321 2869 2394 gloriﬁcent
2896 2322 3106 2378 Patrem
3129 2334 3370 2389 vestrum,
3393 2324 3481 2396 qui
3507 2323 3560 2378 in
3584 2322 3725 2379 ccli;

2141 2425 2218 2470 est
2245 2414 2461 2480 (Matth.
2496 2432 2547 2482 v,
2579 2414 2688 2488 16).

2215 2504 2569 2561 Sanetitatcm
2592 2515 2845 2570 vestram,
2872 2522 2971 2576 pro
2998 2516 3184 2562 sancta
3220 2507 3315 2563 Dei
3360 2507 3598 2563 Ecclesia
3644 2506 3725 2560 in-

2144 2598 2803 2664 tercedentem,Dominus
2824 2608 3008 2656 noster
3020 2599 3178 2655 Jesus
3196 2600 3446 2656 Christus
3467 2601 3727 2655 exaudire

2143 2688 2412 2759 dignetur,
2427 2696 2479 2743 et
2494 2689 2547 2743 in
2569 2690 2715 2744 omni
2738 2690 2879 2745 bono
2903 2691 2970 2746 ad
2990 2690 3276 2747 multorum
3289 2693 3550 2763 proﬁcere
3564 2690 3728 2746 faciat

2143 2780 2332 2856 [Deest
2377 2783 2606 2839 salutem
2636 2784 2711 2838 vel
2737 2774 2962 2857 simile].
3022 2783 3250 2841 Domine
3277 2786 3586 2856 patriarcha
3631 2785 3730 2846 bo-

2145 2874 2385 2929 norande
2428 2882 2483 2929 et
2527 2875 3019 2932 desiderantissime
3065 2875 3254 2932 Pater!
3292 2876 3385 2931 sed
3416 2885 3477 2932 ut
3501 2891 3601 2947 pro
3628 2891 3727 2929 no-

2144 2964 2272 3020 stris
2295 2963 2418 3020 ﬁliis
2432 2964 2764 3021 intercedere
2780 2966 3021 3037 digneris
3033 2966 3322 3037 deprecor;
3344 2983 3444 3037 pro
3463 2967 3731 3039 Symcone

2148 3055 2417 3126 episeopo,
2445 3070 2543 3125 pro
2583 3054 2717 3110 Onie
2757 3065 2811 3111 et
2848 3055 3077 3113 Martino
3121 3057 3515 3123 sacerdotibus,
3541 3065 3595 3113 et
3622 3056 3729 3113 Na-

2151 3149 2422 3204 tbanabeli
2473 3148 2851 3205 archidiacono
2876 3149 2925 3218 ἀ,
2952 3158 3006 3206 et
3052 3150 3267 3209 ezeteris
3315 3150 3407 3223 qui
3450 3150 3730 3208 nobiseum

2150 3249 2295 3307 sunt,
2321 3241 2413 3311 qui
2443 3257 2541 3311 pro
2569 3249 2747 3296 vestra
2782 3242 3111 3297 beatitudine
3134 3236 3477 3299 intercedere
3506 3259 3611 3298 non
3638 3245 3733 3298 de—

2148 3334 2366 3389 sistunt.
2391 3332 2529 3403 Opto
2549 3332 2721 3389 valete
2747 3332 2803 3388 in
2830 3334 3047 3390 nomine
3074 3332 3287 3389 Domini
3307 3333 3401 3389 Dei
3424 3332 3552 3391 Jesu
3574 3332 3734 3389 Chri-

2149 3424 2218 3480 sti
2253 3425 2307 3479 in
2342 3433 2626 3481 aeternum.

2624 3504 2649 3534 ο
2684 3491 3019 3550 EPISTOLA
3057 3493 3265 3549 CXXV.

2151 3580 2219 3619 Αιι
2264 3578 2584 3620 δωωιιωιι
2639 3577 2897 3619 νιηαιαει
2963 3564 2983 3602 ί
3041 3578 3391 3619 εοῦηοκεκτο
3437 3577 3731 3618 κοιλιηιι.

2755 3653 2933 3724 (Anno
2971 3653 3122 3725 sco.)

2152 3743 2497 3816 Gundradam
2524 3744 2736 3816 instruit
2771 3745 3031 3816 quomodo
3066 3747 3123 3799 in
3158 3742 3529 3816 aularvirtuese
3568 3743 3729 3796 vim.

2225 3815 2331 3870 Per
2355 3813 2504 3868 illam
2536 3815 2644 3885 regi
2668 3813 3051 3880 continendam,
3077 3824 3125 3869 et
3150 3815 3289 3885 quod
3319 3814 3387 3869 ad
3414 3815 3584 3884 ipsum
3606 3829 3729 3884 per-

2224 3885 2396 3940 venire
2425 3893 2663 3955 nequeat,
2701 3885 2943 3938 excusari
2971 3886 3135 3957 cupit.

2225 3974 2557 4031 Veneranda:
2606 3973 2661 4028 in
2686 3973 2901 4031 Christo
2933 3975 3058 4031 illia:
3093 3974 3313 4031 Eulalize
3340 3974 3565 4030 Albinus
3591 3971 3737 4028 salu-

2155 4074 2289 4122 tem.

2156 4195 2523 4269 veroltubeze
2544 4196 2699 4269 vallis
2730 4197 2973 4269 Sergium
3002 4198 3288 4269 appellari;
3332 4206 3624 4269 censetque
3651 4198 3739 4269 vir

2155 4265 2557 4339 eruditissimus
2582 4267 2726 4322 hunc
2748 4265 3048 4339 Georgium
3059 4265 3209 4325 circa
3234 4265 3566 4339 annumj‘l99
3590 4268 3740 4339 ordic

2158 4345 2343 4408 natum
2376 4337 2563 4403 fuisse,
2591 4346 2800 4408 etesse
2832 4337 3197 4408 patriarcham
3244 4340 3392 4395 illum
3428 4338 3740 4408 Hierosoly-

2159 4406 2442 4478 mitanum,
2472 4423 2536 4461 ex
2581 4406 2733 4475 cujus
2782 4406 2936 4478 parte
2987 4428 3005 4459 ι
3064 4410 3359 4464 monachus
3408 4407 3622 4478 quidam
3669 4406 3738 4462 de

2160 4475 2546 4547 Hierosolymis
2590 4475 2812 4533 veniens
2862 4492 3005 4535 anno
3056 4479 3161 4535 799
3208 4475 3632 4534 benedictionem
3680 4487 3742 4532 et

2157 4545 2416 4616 reliquias
2443 4547 2510 4602 de
2534 4547 2654 4603 ιοα)
2680 4556 2871 4604 sancto
2906 4549 3320 4605 resurrectionis
3345 4548 3639 4604 Dominics
3668 4550 3738 4603 al

2157 4616 2427 4689 Carolunr
2463 4632 2642 4689 regem
2694 4618 2893 4689 attulit,
2919 4640 2966 4689 ιΔ
2996 4628 3054 4673 ut
3109 4619 3402 4689 loquuntur
3458 4617 3742 4675 annalists:

2156 4685 2823 4760 EginhardusfMettensis
2842 4701 2897 4743 et
2922 4686 3043 4753 alii;
3070 4689 3161 4757 qui
3182 4685 3444 4760 'przcterea
3473 4695 3743 4743 testantur

2154 4754 2439 4829 praefatum
2461 4760 2783 4829 monachum
2809 4776 2949 4813 anno
2972 4760 3075 4814 800
3092 4754 3124 4812 a
3148 4754 3297 4829 rege,
3318 4767 3441 4827 post
3456 4764 3740 4829 peractum

2154 4825 2477 4895 Aquisgrani
2521 4827 2709 4882 Natale
2756 4828 3000 4894 Domini,
3031 4825 3353 4892 absoluiuni,
3387 4836 3441 4883 et
3457 4825 3591 4883 cum
3633 4827 3741 4881 Za-

2157 4896 2342 4949 eharia
2366 4896 2550 4969 palatii
2585 4898 2667 4952 sui
2694 4901 3013 4969 presbytero
3035 4915 3156 4954 cum
3186 4898 3351 4951 multa
3385 4898 3614 4969 pecunia
3640 4911 3746 4969 per

2158 4973 2342 5039 salicta
2373 4966 2461 5039 illa
2491 4966 2697 5029 loea.et
2720 4966 2872 5039 inter
2895 4983 3156 5038 pauperes
3183 4978 3347 5039 atque
3375 4966 3530 5039 malis
3558 4967 3746 5039 multis

2156 5034 2382 5091 alllictos
2400 5036 2794 5103 distribueuda,
2812 5034 3033 5094 dimisit:
3052 5034 3279 5094 Consule
3295 5039 3458 5094 etiam
3475 5038 3539 5092 lt.
3559 5038 3619 5091 P.
3639 5036 3745 5090 bli-
3771 5048 3779 5054 '

2158 5106 2401 5175 chaelem
2450 5107 2526 5163 Le
2576 5110 2747 5175 Qtiicn
2801 5109 2929 5165 0rd.
2983 5109 3154 5165 Praed.
3207 5117 3339 5163 tom.
3387 5108 3451 5163 lll
3503 5106 3746 5163 Orientis

2157 5174 2483 5251 Christiani,
2498 5174 2618 5249 pag.
2637 5180 2759 5232 5l7.
2786 5178 2899 5251 llae
2923 5180 3086 5251 igitur
3106 5189 3408 5250 opportuna
3428 5178 3742 5251 occasione,

2156 5245 2443 5319 Alcuinum
2476 5245 2615 5302 hanc
2639 5249 2919 5319 epistolam
2944 5245 3027 5304 'ad
3057 5245 3345 5318 Georgium
3374 5250 3744 5319 patriarcham

2157 5317 2611 5440 gﬁgiéghariam
2652 5317 3028 5390 presbyterum
3071 5317 3301 5386 misisse,
3332 5317 3436 5375 non
3474 5327 3557 5375 est
3596 5318 3746 5388 quod

2197 5396 2418 5441 ubitem.

2228 5455 2256 5525 τι
2280 5456 2356 5509 De.
2376 5456 2670 5525 Symeone,
2693 5454 2845 5520 Ouia,
2873 5468 2926 5513 et
2953 5459 3328 5522 Nathanabeli.
3348 5459 3558 5516 Aleuini
3585 5456 3750 5516 disci-

2157 5524 2318 5663 ξτὲιιὲἱ,
2339 5524 2475 5579 alias
2492 5525 2646 5594 plum
2664 5528 3099 5597 observavimus;
3129 5533 3252 5602 quis
3267 5532 3530 5587 Martinus
3556 5527 3747 5595 fuerit,

2217 5610 2248 5647 η
2311 5610 2420 5649 tim.

2217 5610 2420 5649 nutum.

2239 5676 2263 5737 ξ
2305 5663 2537 5737 F_roben.
2579 5667 2737 5737 epist.
2772 5670 2889 5725 εει.

2240 5735 2258 5775 f
2314 5734 2665 5807 Cognomento
2717 5738 3002 5797 lt'ulnliam.
3060 5742 3281 5798 Constat
3325 5759 3469 5798 nunc
3521 5756 3588 5796 ex
3634 5739 3746 5797 hac
