4070 6182
297 311 399 368 361

1769 302 2152 359 EPISTOLE.

3459 304 3572 360 361

373 422 534 491 Saepe
584 418 929 475 familiaritas
977 416 1211 473 nominis
1268 413 1697 472 immutationem
1753 415 1892 469 solet
1919 424 1963 479 Α
1994 411 2156 476 milis,
2197 411 2251 464 in
2294 411 2538 467 oratione
2579 412 2822 491 pervigil,
2875 412 2930 466 in
2979 410 3332 484 eleemosynis
3376 414 3520 485 larga
3546 458 3563 485 ,

298 511 505 577 facere,
535 512 676 567 sicut
708 512 823 581 ipse
856 509 1119 565 Dominus
1141 508 1414 563 Simonem
1442 508 1672 562 mutavit
1697 508 1750 562 in
1785 507 1889 561 Pe-

299 611 486 666 trum;
532 608 590 657 et
641 597 785 669 ﬁlios
840 591 1082 652 Zebedtei
1116 595 1256 665 ﬁlios
1308 595 1606 651 nominavit
1653 594 1893 649 Tonitrui

302 689 507 764 (Marc.
533 704 594 743 ιιι
614 728 630 753 ,
658 687 747 753 16,
777 685 888 757 l7),
917 684 1063 755 quod
1095 685 1260 738 ctiam
1287 684 1526 753 antiquis
1558 684 1644 738 vel
1682 684 1766 739 his
1793 700 1892 739 no-
1918 746 1929 751 ,

303 779 466 835 vellis
497 778 690 834 diebus
712 776 943 846 probare
966 775 1189 843 poteris.

370 871 461 931 ,Tu
488 883 641 934 vero,
687 868 840 936 virgo
884 864 1184 919 clarissima
1215 873 1268 919 et
1298 880 1494 933 sponsa
1539 863 1662 917 Deo-
1696 861 1895 930 dignis-

305 961 469 1024 sima,
502 966 555 1013 te
590 958 762 1027 ipsam
791 956 846 1009 in
873 955 1022 1010 onmi
1045 955 1296 1026 castitate
1330 954 1541 1010 custodi
1574 953 1818 1022 corporis
1842 959 1895 1007 et

308 1052 539 1114 anim;
565 1048 695 1118 quia
712 1044 868 1115 juxta
904 1044 1219 1114 Apostolum
1240 1043 1394 1114 virgo
1431 1043 1527 1098 Dei
1553 1043 1712 1098 debet
1740 1042 1892 1115 [Μδη

309 1138 490 1211 decet]
519 1151 639 1193 esse
661 1151 874 1206 corpore
909 1143 1052 1188 casta
1081 1143 1128 1187 et
1171 1135 1347 1187 anima
1381 1132 1434 1204 (1
1465 1130 1586 1187 Cor.
1621 1148 1696 1186 vu
1719 1173 1735 1197 ,
1778 1133 1891 1202 '54).

312 1233 447 1289 ESto
490 1229 705 1287 caeteris
731 1228 785 1282 in
842 1226 1043 1297 palatio
1089 1225 1389 1295 virginibus
1437 1223 1602 1278 totius
1640 1222 1897 1279 bonitatis

307 1322 609 1390 exemplar,
646 1328 707 1374 ut
754 1334 821 1372 ex
871 1326 960 1370 tua
1008 1316 1219 1370 discant
1263 1322 1447 1369 sancta
1489 1313 1896 1367 conversatione

308 1412 517 1481 seipsas
561 1409 856 1472 custodire,
912 1406 993 1461 vel
1034 1405 1289 1461 cadentes
1329 1418 1632 1471 resurgere.
1686 1402 1897 1456 Praeve-

310 1505 465 1558 niant
500 1501 656 1575 [Δίκη
688 1496 1024 1570 pervenient]
1062 1498 1115 1551 in
1143 1497 1497 1553 conversione
1524 1494 1718 1550 faciem
1751 1492 1897 1561 judi-

308 1596 410 1651 cis.
448 1595 585 1650 Sint-
611 1592 818 1648 nobiles
858 1590 911 1644 in
954 1588 1213 1651 moribus,
1255 1586 1395 1643 sicut
1429 1592 1555 1640 sunt
1601 1583 1805 1638 nobiles
1829 1597 1898 1636 ex

306 1685 644 1755 parentibus.
707 1683 825 1737 Non
878 1680 1114 1735 Serviunt
1172 1676 1376 1733 carnali
1437 1675 1704 1732 desiderio
1729 1715 1744 1739 ,
1800 1672 1896 1728 sed

1991 510 2047 555 et
2070 498 2126 555 in
2156 501 2303 555 omni
2328 501 2567 556 bonitate
2589 487 2892 558 laudabilis.

2060 588 2167 644 Pro
2199 602 2286 644 me
2316 604 2546 658 quoque,
2576 591 2821 657 obsecro,
2854 600 2957 647 tuae
2993 592 3361 664 prosperitatis
3402 595 3570 652 inter-

1991 694 2205 733 cessore
2237 679 2457 748 loquere
2484 681 2700 737 domino
2726 698 2846 738 meo
2866 682 3056 748 David,
3085 700 3153 741 ne
3179 686 3450 742 irascatur
3480 686 3566 743 fa-

1993 769 2138 824 mulo
2162 784 2278 834 suo,
2309 782 2334 810 α
2365 771 2490 840 quia
2520 773 2703 826 venire
2732 787 2839 827 non
2866 774 3028 839 valui,
3058 776 3197 831 sicut
3225 776 3411 841 voluit,
3435 793 3565 833 con-

1993 858 2143 912 tinua
2173 858 2498 929 praepeditus
2527 860 2857 916 infirmitate.
2883 861 3029 933 Opus
3066 879 3242 919 meum
3277 866 3421 921 aliud
3455 883 3565 922 non

1993 956 2095 1013 est,
2120 950 2223 1003 nisi
2250 949 2587 1006 orationibus
2614 951 2833 1015 instare,
2865 962 2921 1007 et
2952 969 3258 1025 prmparare
3294 957 3425 1013 mihi
3474 959 3570 1013 ba-

1994 1042 2285 1096 bitationes
2333 1049 2587 1107 aeternas,
2614 1044 2909 1098 secundum
2958 1047 3171 1100 Domini
3223 1048 3392 1103 nostri
3444 1047 3570 1104 Jesu

1994 1129 2196 1185 Christi
2226 1131 2673 1198 misericordiam,
2712 1120 2804 1203 qui
2836 1150 2943 1188 non
2973 1135 3172 1190 deserit
3208 1145 3487 1206 sperantes
3517 1137 3571 1191 iu

1996 1234 2074 1273 se.
2106 1219 2331 1274 Etcrna
2361 1220 2616 1276 felicitate
2640 1222 2838 1287 valeto,
2868 1222 2976 1278 lilia
3008 1225 3357 1281 charissima!

2454 1334 2481 1371 ι)
2522 1334 2852 1389 EPISTOLA
2887 1335 3119 1390 CXXVI.

2319 1440 2393 1476 AD
2448 1439 2747 1478 εοιιοιιιῑιι
2799 1442 3258 1482 (ἱῑΙΑῐΗΞὸΙΜΑΗ.

2599 1513 2777 1585 (Anno
2814 1513 2960 1586 801.)

2000 1600 2207 1654 Laudat
2235 1601 2384 1674 illius
2413 1603 2684 1672 pietatem,
2733 1612 2778 1656 et
2814 1603 2882 1657 ad
2911 1602 3140 1658 laborem
3168 1622 3261 1674 pro
3292 1607 3576 1663 azterm'tate

2159 1671 2468 1725 exhortatur
2488 1688 2508 1725 :
2539 1689 2634 1742 gra
2658 1675 2739 1727 ias
2773 1675 2880 1743 agit
2904 1689 2999 1743 pro
3027 1671 3180 1729 cruce
3208 1674 3424 1730 donata.

307 1774 509 1829 Christi
551 1772 884 1843 magisterio.
920 1770 1116 1823 Vivant
1158 1783 1342 1823 coram
1383 1767 1694 1823 hominibus
1728 1767 1894 1820 honc-
1925 1760 1971 1819 B
2067 1760 2413 1816 Charissima:
2443 1762 2495 1814 in
2521 1761 2737 1817 Christo
2758 1773 2780 1801 ε
2806 1763 3001 1818 sorori.

307 1874 414 1928 ste,
438 1873 495 1918 et
522 1878 708 1919 coram
756 1861 867 1915 Deo
900 1860 1078 1930 digne.

380 1953 560 2023 Agant
586 1952 653 2006 de
691 1950 979 2020 praeteritis
1023 1947 1417 2017 paenitentiam,
1463 1957 1518 2003 et
1567 1955 1791 2003 caveant
1838 1962 1898 2001 se

305 2042 621 2106 deluturis,
658 2041 782 2110 quia
821 2039 1099 2110 Scriptura
1129 2038 1299 2093 dicit:
1343 2038 1483 2093 Deus
1526 2040 1617 2092 dat
1649 2038 1898 2109 paeniten-

306 2135 449 2189 tibus
474 2143 673 2204 partem
691 2131 916 2202 justitia:
938 2128 1152 2202 (Eecli.,
1181 2145 1315 2197 χιιι,
1338 2129 1451 2203 20).
1482 2130 1614 2185 Nota
1644 2139 1773 2186 sunt
1788 2129 1897 2185 D0-

311 2226 461 2280 mino
498 2232 694 2279 cuncta
725 2238 847 2292 quae
896 2222 949 2274 in
988 2220 1203 2277 occulto
1228 2221 1495 2291 gerimus;
1535 2221 1676 2291 quod
1719 2221 1766 2276 si
1791 2237 1897 2276 non

307 2316 514 2372 direxit
540 2314 659 2388 [F.,
693 2312 912 2386 dixerit]
958 2312 1162 2384 lingua,
1192 2328 1297 2368 non
1339 2313 1540 2382 poterit
1566 2313 1744 2369 celare
1778 2328 1902 2370 con-

310 2410 563 2465 scientia.
597 2406 755 2462 Patet
782 2407 892 2461 Deo
914 2421 1074 2460 omne
1112 2403 1253 2475 quod
1294 2405 1533 2461 clausum
1575 2416 1676 2462 est.
1706 2407 1903 2463 Credat

314 2502 499 2561 homo,
531 2506 704 2554 totum
748 2497 891 2567 quod
935 2505 1121 2566 peccat
1148 2495 1413 2553 veniabile
1438 2513 1578 2564 esse,
1607 2501 1653 2551 si
1681 2500 1737 2552 in
1780 2515 1902 2552 con-

314 2593 541 2664 fessione
562 2590 837 2661 prteveuiet
874 2587 1067 2658 faciem
1114 2586 1213 2641 Dei
1262 2585 1435 2659 (Psal.
1493 2605 1635 2654 serv,
1665 2589 1776 2661 2);
1808 2591 1903 2644 sed

318 2682 492 2738 multa
525 2681 778 2737 dicuntur
807 2679 861 2734 in
886 2678 1100 2750 publico
1125 2693 1245 2748 quae
1270 2686 1528 2751 geruntur
1570 2680 1625 2734 in
1653 2680 1866 2735 occulto
1884 2720 1900 2744 ,

313 2774 449 2847 quia
474 2788 577 2828 non
599 2780 767 2843 potest
796 2771 873 2825 civ
896 2780 978 2825 tas
1006 2786 1164 2840 super
1184 2778 1411 2824 montem
1448 2770 1618 2839 posita
1656 2769 1905 2825 abscondi

321 2863 539 2935 (Matth.
582 2879 634 2928 v,
672 2860 781 2930 ll).
813 2860 949 2916 Vilis
972 2874 1264 2930 pauperum
1290 2858 1520 2929 persona
1549 2859 1754 2916 scelera
1784 2860 1906 2915 abs-

318 2954 508 3011 condit
551 2952 841 3017 immania;
876 2951 1108 3021 dignitas
1140 2950 1471 3005 creberrima
1497 2950 1589 3004 vix
1614 2949 1757 3005 celat
1785 2963 1905 3019 qum

322 3044 483 3115 gerit.
515 3042 751 3111 Currant
776 3039 930 3114 [Λίδη
953 3038 1143 3110 currit]
1178 3053 1277 3109 per
1300 3054 1395 3095 ora
1422 3040 1753 3111 singulorum
1785 3053 1907 3110 qua:

2069 1852 2208 1907 Vere
2247 1851 2419 1908 fateor
2445 1851 2587 1922 quod
2612 1853 2768 1909 valde
2804 1853 3104 1909 desideravi
3144 1856 3212 1911 ad
3255 1871 3352 1911 vos
3393 1858 3581 1912 venire

1998 1954 2220 2014 propter
2240 1945 2448 2014 aliquas
2473 1946 2844 2011 necessitates,
2866 1961 3000 2016 quas
3024 1947 3300 2003 vobiscum
3328 1948 3577 2004 conferre

2001 2036 2165 2092 volui.
2201 2036 2307 2091 Sed
2333 2052 2420 2091 me
2445 2037 2724 2106 impedivit
2751 2038 3017 2093 acerbitas
3053 2037 3312 2104 febrium,
3343 2052 3464 2110 qua:
3491 2055 3579 2094 me

2000 2126 2176 2181 adhuc
2198 2140 2297 2194 per
2320 2126 2464 2180 vices
2487 2124 2694 2195 fatigat.
2717 2125 3052 2195 Quapropter
3074 2126 3235 2182 citius
3257 2138 3381 2181 ante
3401 2127 3582 2182 biber-

2002 2215 2123 2271 nale
2163 2215 2333 2287 frigus
2379 2216 2491 2283 regi
2537 2216 2750 2270 obviam
2793 2231 3082 2285 properare
3126 2217 3348 2273 curabo.
3397 2216 3582 2272 Placet

2002 2314 2134 2369 mihi
2167 2314 2321 2367 valde
2367 2314 2519 2369 labor
2555 2322 2732 2369 vester
2773 2314 2829 2368 in
2869 2324 3068 2370 sanctae
3103 2315 3129 2355 ἀ
3170 2315 3265 2371 Dei
3293 2315 3583 2372 Genitricis

2003 2405 2257 2461 Ecclesia:
2284 2406 2638 2471 exaltatione,
2666 2415 2721 2460 et
2751 2406 2805 2460 in
2837 2405 3100 2462 librorum
3133 2407 3580 2464 consideratione.

2006 2495 2158 2551 Unde
2198 2495 2255 2548 in
2283 2495 2368 2549 bis
2393 2495 2684 2558 laboribus,
2712 2503 2970 2564 quantum
2990 2498 3310 2565 poterimus,
3340 2506 3581 2553 vestram

2003 2585 2277 2643 solertiam
2309 2584 2560 2654 adjuvare
2585 2586 2901 2655 gaudemus.
2943 2585 3011 2640 Et
3036 2600 3170 2655 puer
3211 2597 3236 2626 ο
3272 2586 3583 2659 Fridegisus

2002 2679 2297 2734 secundum
2329 2678 2586 2746 temporis
2613 2678 3067 2746 opportunitatem
3086 2679 3239 2734 vobis
3266 2679 3406 2734 ferat
3432 2682 3584 2737 auxi-

2005 2772 2154 2825 lium.
2184 2770 2374 2826 Vester
2402 2784 2533 2823 vero
2576 2770 2846 2839 prolectus
2897 2770 2951 2824 in
2994 2770 3105 2824 Deo
3145 2771 3251 2826 mei
3292 2772 3457 2828 animi
3500 2783 3586 2830 est

2006 2876 2198 2932 magna
2227 2859 2489 2928 voluptas.
2515 2859 2638 2914 Ideo
2665 2861 2808 2930 quod
2832 2861 3043 2932 coepisti
3062 2862 3343 2931 perlicere,
3369 2865 3463 2921 Dei
3490 2869 3584 2922 ad-

2001 2950 2222 3021 iuvante
2264 2951 2652 3017 misericordia,
2700 2951 3107 3021 diligentissime
3131 2955 3366 3012 studeas.
3402 2956 3583 3013 Unus-

2009 3041 2242 3112 quisque
2267 3041 2562 3096 secundum
2588 3055 2744 3097 suum
2773 3041 3011 3097 laborem
3032 3045 3312 3113 praemium
3338 3055 3589 3117 acceptu-

322 3103 471 3193 infra
514 3103 799 3207 parietem-
821 3103 1103 3205 geruntur.
1127 3103 1404 3201 -A-gnosce
1452 3103 1581 3201 quid
1610 3103 1822 3198 dicam;
1853 3138 1911 3187 et
1933 3103 1985 3172 ο
2013 3103 2106 3188 rus
2129 3103 2253 3188 erit.
2280 3131 2348 3187 Et
2379 3132 2470 3203 qui
2499 3132 2621 3203 plus
2646 3132 2875 3199 laborat,
2902 3103 3312 3205 plus.mercedis
3337 3103 3584 3207 accipiet.

323 3229 548 3300 ignosce
590 3225 813 3282 dicenti.

398 3317 607 3372 Bonum
642 3314 910 3378 castitatis
938 3321 1101 3383 atque
1129 3313 1428 3369 honestatis
1456 3313 1601 3383 quod
1628 3314 1695 3370 de
1722 3323 1777 3370 te
1806 3330 1907 3371 au»

325 3408 465 3472 divi,
493 3422 525 3460 a
553 3415 606 3461 te
651 3421 756 3461 non
800 3404 1050 3472 recedat;
1093 3404 1359 3461 securitas
1396 3412 1451 3458 te
1485 3418 1593 3459 non
1646 3404 1906 3475 decipiat;

325 3514 438 3556 nec
461 3498 581 3552 laus
630 3497 915 3563 minuatur,
960 3496 1056 3552 sed
1108 3496 1282 3567 magis
1333 3505 1622 3567 augeatur;
1682 3495 1911 3553 felicitas

325 3602 573 3662 prazsens
602 3588 696 3644 tibi
732 3587 800 3642 ad
826 3595 1141 3659 perpetuam
1163 3586 1414 3657 proficiat
1434 3585 1768 3643 felicitatem.
1807 3587 1913 3643 Me-

328 3687 515 3736 mento
536 3688 585 3734 te
609 3678 774 3756 parvi.
788 3678 1047 3747 temporis
1090 3677 1356 3747 hospitem
1404 3692 1545 3733 esse.
1590 3676 1724 3733 Esto
1767 3676 1911 3734 sola-

302 3769 469 3826 ‘tium
496 3770 735 3834 miseris,
784 3776 841 3824 et
870 3767 1154 3824 consilium
1194 3767 1426 3833 timidis;
1472 3782 1566 3822 vas
1604 3775 1911 3822 sanctarum

328 3862 512 3919 nobile
548 3859 971 3930 Scripturarum,
1018 3866 1073 3912 et
1113 3857 1349 3914 caelestis
1390 3858 1566 3913 cubile
1614 3858 1908 3927 sapientiae.

290 4010 305 4025 ,
329 3954 671 4026 Evangelicis
689 3967 825 4008 orna
853 3952 1087 4006 animam
1114 3951 1425 4021 praeceptis;
1451 3951 1503 4005 in
1527 3965 1624 4006 ore
1649 3950 1911 4013 modesta,

328 4044 389 4099 in
413 4042 640 4099 consilio
664 4040 924 4112 prudens,
954 4040 1009 4094 in
1041 4039 1286 4095 convicio
1322 4040 1550 4109 patiens,
1598 4040 1652 4094 in
1682 4054 1779 4094 ore
1821 4040 1914 4093 bu-

327 4194 683 4264 inscriptione
703 4191 918 4264 codicis
935 4190 1228 4264 Harleiani,
1270 4191 1559 4264 AEulaliam,
1604 4192 1691 4246 cui
1732 4192 1914 4264 Διωξ-

329 4281 439 4322 nus
466 4260 741 4333 inscripsit
778 4262 1013 4333 libellum
1061 4260 1137 4333 De
1166 4261 1389 4333 ratione
1436 4263 1647 4333 animae,
1687 4276 1718 4315 a
1760 4262 1915 4316 nobis

331 4338 478 4392 inter
520 4330 777 4404 opuscula
824 4331 1049 4404 moralia
1097 4331 1322 4386 inferius
1364 4330 1746 4394 exhibendum,
1785 4346 1915 4404 vero

331 4401 572 4461 nomine
616 4401 965 4459 Guudradam
1016 4416 1172 4465 esse,
1231 4415 1471 4457 sororem
1535 4408 1684 4456 certe
1736 4402 1910 4457 sancti

2013 3222 2167 3279 Nunc
2208 3231 2421 3293 tempus
2464 3230 2549 3278 est
2575 3223 2859 3294 operandi:
2892 3224 3071 3280 veniet
3097 3238 3226 3281 vero
3266 3235 3473 3299 tempus
3500 3242 3590 3283 re-

2011 3315 2352 3372 munerandi.
2383 3313 2579 3382 Quales
2603 3323 2733 3371 tunc
2757 3330 2877 3372 esse
2900 3323 3163 3385 optemus,
3195 3317 3330 3373 tales
3356 3329 3593 3375 nosmet-

2010 3411 2158 3481 ipsos
2195 3423 2339 3463 nunc
2364 3421 2748 3479 praeparemus.
2799 3405 3039 3477 Sapienti
3084 3420 3254 3476 pauca
3299 3407 3588 3463 sufﬁciunt.

2013 3500 2140 3557 Scio
2173 3499 2521 3570 sagacitatem
2544 3498 2709 3553 animi
2738 3499 2902 3553 vestri
2933 3498 3050 3554 haec
3078 3499 3257 3553 omnia
3290 3499 3482 3554 melius
3504 3499 3590 3555 in-

2011 3592 2283 3648 tellexisse
2325 3605 2486 3660 quam
2524 3603 2611 3644 me
2651 3588 2970 3656 scripsisse;
3010 3594 3065 3642 et
3091 3588 3342 3657 operibus
3369 3576 3594 3660 implere

2012 3683 2157 3753 quod
2178 3682 2270 3736 vix
2295 3679 2474 3735 verbis
2498 3677 2766 3748 explicare
2795 3676 2965 3731 valeo.

2084 3773 2301 3829 Utinam
2327 3770 2434 3824 cito
2455 3767 2702 3823 adveniat
2731 3775 2963 3836 tempus,
2988 3774 3049 3821 ut
3077 3775 3253 3823 tecum
3283 3769 3462 3825 cordis
3483 3770 3591 3827 mel

2012 3862 2287 3932 conferam
2315 3859 2621 3930 angustias,
2667 3865 2728 3912 ut
2763 3859 3075 3915 consoletur
3105 3860 3320 3917 animus
3344 3877 3496 3918 meus
3525 3879 3593 3919 ex

2015 3964 2207 4012 vestra:
2225 3953 2443 4024 pietatis
2464 3949 2829 4006 consolatione
2856 3948 2989 4022 [At.,
3015 3949 3387 4024 perfectione].
3417 3951 3594 4008 Pluri-

2015 4062 2162 4104 mum
2189 4044 2321 4101 mihi
2340 4043 2517 4113 placet
2548 4057 2678 4098 crux
2721 4055 2882 4111 quam
2908 4048 3082 4095 vestra
3115 4041 3250 4096 mihi
3286 4041 3595 4113 benignitas

2015 4215 2171 4256 soror
2197 4206 2282 4253 est
2308 4194 2486 4267 Caroli
2512 4193 2877 4267 Magabcujus
2907 4193 3300 4267 e_tiam__rogatu
3329 4193 3597 4250 Alcuinus‘

2015 4267 2430 4326 commentarios
2454 4266 2515 4337 in
2540 4259 2889 4337 Eiangeli'um
2918 4259 3141 4320 Joannis
3170 4259 3455 4336 aggressus
3485 4274 3590 4337 est.

2015 4341 2133 4396 Alia
2158 4337 2305 4394 Gisla
2328 4345 2445 4392 erat
2466 4336 2575 4391 lilia
2603 4333 2781 4391 Catin
2799 4377 2814 4402 ,
2858 4350 3017 4404 quam
3053 4350 3169 4404 non
3197 4333 3435 4404 sororem
3453 4374 3469 4400 ,
3497 4333 3591 4390 sed

2016 4407 2464 4465 filiamAlcuinns
2483 4406 2752 4477 appellare
2768 4403 2992 4465 solebat.
3017 4403 3218 4460 Mabill.
3248 4403 3444 4459 Annal.
3468 4404 3590 4461 libr.

330 4473 628 4529 Adalhardi
674 4471 885 4543 abbatis
930 4463 1289 4543 Corbeiensis,
1336 4472 1407 4543 de
1438 4486 1553 4543 qua
1579 4469 1916 4543 Paschasius
1945 4463 1999 4523 Ι)
2018 4463 2169 4543 iis”,
2196 4463 2345 4533 num,
2369 4478 2458 4531 95.

332 4546 631 4600 Ratbertus
659 4543 715 4597 in
738 4541 857 4596 Vita
884 4541 1053 4597 sancti
1078 4540 1394 4606 Adalhardi,
1422 4539 1541 4596 Act.
1573 4539 1672 4595 SS.
1699 4542 1817 4595 0rd.
1850 4541 1908 4595 S.

333 4614 540 4670 Bened.
571 4628 697 4668 sazc.
728 4625 802 4677 tv,
846 4619 989 4680 part.
1016 4628 1062 4672 ι,
1105 4626 1228 4681 pag.
1275 4610 1399 4675 521,
1446 4628 1502 4665 ιι.
1550 4612 1641 4676 55,
1689 4611 1911 4667 scribit:

341 4706 361 4737 ί
402 4685 564 4765 Virgo
608 4680 866 4765 nobilium
910 4680 1263 4762 nobilissima,
1308 4696 1427 4750 quze
1476 4681 1620 4735 inter
1644 4695 1917 4763 _venerens

337 4749 525 4825 palatii
566 4755 877 4825 ardet-eset
913 4749 1170 4825 iuvenum
1220 4749 1548 4825 venustates,
1574 4750 1748 4825 etiam
1774 4751 1918 4825 inter

339 4819 632 4879 mulcentia
665 4821 998 4885 deliciarum,
1025 4829 1079 4874 et
1115 4820 1256 4874 inter
1288 4820 1467 4875 omnia
1495 4819 1733 4874 libidinis
1774 4819 1923 4874 blan-

341 4896 580 4948 dimenta
625 4892 738 4946 sola
774 4891 986 4953 meruit,
1022 4899 1080 4944 ut
1124 4888 1413 4955 credimus,
1450 4898 1726 4958 reportare
1767 4889 1921 4958 pudi—

340 4964 485 5019 citiac
508 4962 763 5033 palmam,
796 4970 851 5015 et
872 4961 1069 5031 potuit,
1093 4968 1152 5033 ut
1181 4959 1397 5033 dicitur,
1423 4959 1608 5033 carnis
1636 4960 1922 5033 spurcitias

342 5028 526 5089 illmso'
542 5031 682 5087 calle
730 5028 1033 5085 transire.»
1081 5030 1340 5083 Alcuinus
1385 5028 1472 5083 hic
1522 5036 1750 5083 testatur
1782 5030 1923 5084 hanc

341 5102 611 5158 castitatis
629 5109 685 5155 et
712 5101 1011 5155 honestatis
1036 5099 1246 5155 laudem
1279 5098 1346 5152 ad
1373 5112 1500 5154 suas
1525 5113 1739 5168 quoque
1764 5113 1924 5153 aures

414 5186 676 5228 rventsse.

340 5188 676 5244 pervenisse.

414 5255 441 5284 ι
482 5240 624 5308 Quia
671 5240 843 5309 venire
870 5255 987 5309 non
1024 5237 1183 5309 ualui.
1229 5238 1465 5295 Vocatus
1486 5252 1678 5307 nempe
1708 5253 1753 5309 ra
1778 5251 1920 5308 rege,

343 5307 574 5366 Romam
605 5325 748 5364 anno
784 5308 889 5364 800
922 5307 1251 5377 profecturo,
1294 5310 1362 5365 ad
1396 5325 1552 5364 suum
1576 5307 1923 5371 comitatum;

343 5380 501 5449 cujus
528 5380 741 5449 itineris
768 5377 1067 5449 molestias,
1099 5380 1169 5434 ob
1197 5380 1438 5449 corporis
1481 5378 1849 5434 infirmitatem
1874 5387 1929 5439 et

344 5448 592 5505 amorem
616 5448 815 5519 quietis
846 5449 1250 5519 inmortastierio
1282 5448 1339 5503 S.
1367 5449 1604 5514 Martini,
1633 5466 1664 5503 a
1692 5464 1752 5504 se
1775 5463 1927 5504 amo-

344 5521 480 5603 litttr
516 5521 571 5575 in
598 5517 760 5589 epist.
796 5518 864 5574 93
900 5517 1066 5643 gnunc
1096 5518 1238 5589 109),
1278 5520 1346 5573 ad
1372 5535 1573 5591 regem.
1608 5520 1736 5576 Vide
1763 5519 1929 5574 etiam

344 5598 505 5643 emst.
531 5588 605 5643 92
631 5598 799 5643 (nunc
831 5589 896 5642 10
937 5589 975 5643 ι.
1006 5589 1073 5643 ad
1107 5587 1400 5643 Arnonem.

343 5591 505 5661 epist.
531 5588 605 5645 92
631 5587 799 5661 (nunc
831 5587 1083 5661 108),Α;ι(1Δ
1107 5587 1400 5661 Arnogem.

417 5666 445 5700 ιι
478 5661 621 5743 ιςᾱιι.
641 5656 906 5742 ’ρυειιρςμ
932 5656 1021 5740 50,
1045 5658 1225 5739 Canis.
1378 5658 1629 5729 (Froben.
1659 5675 1742 5729 ep.
1777 5657 1890 5781 98.3

419 5742 441 5769 ε
476 5729 684 5781 Sorort.
718 5728 1012 5781 Smntualt.
1038 5726 1201 5781 Gtslze
1222 5743 1496 5781 nimirum.
1523 5744 1642 5781 quae
1670 5738 1860 5781 natura
1888 5748 1890 5779 ι

419 5742 441 5769 ε
476 5729 684 5784 Sorori.
718 5728 1012 5798 Spirituali,
1038 5726 1201 5783 Gislze
1222 5726 1496 5791 nimirum,
1523 5744 1642 5796 quae
1670 5726 1931 5782 naturalis

759 5823 1028 5882 ίἈιίιοι..
1069 5818 1135 5881 C.

2084 4549 2113 4589 ἀ
2144 4541 2239 4602 Dei
2268 4545 2548 4601 Genitricis
2573 4544 2842 4601 Ecclesiae.
2878 4562 2897 4595 ι
2931 4541 3077 4598 Gisla
3099 4541 3340 4598 Calensis
3366 4541 3594 4598 Parthe-

2014 4618 2173 4675 nonis
2207 4616 2480 4672 abbatissa
2510 4616 2613 4670 hoc
2643 4623 2903 4684 tempore,
2943 4628 3085 4684 anno
3108 4613 3230 4684 §00,
3257 4629 3460 4684 novam
3481 4613 3591 4684 illic

2016 4687 2295 4746 basilicam
2340 4685 2397 4740 in
2440 4686 2696 4741 honorem
2725 4681 2925 4741 saneta:
2960 4681 3057 4737 Dei
3097 4682 3386 4739 Genitricis
3412 4682 3595 4739 Marias

2018 4755 2400 4814 esstrucndam
2420 4755 2644 4819 curavit,
2667 4768 2839 4824 eoque
2863 4751 3298 4824 sanctimoniales
3318 4768 3357 4824 e_
3370 4753 3593 4809 basilica

2019 4835 2220 4885 sanetae
2265 4824 2455 4881 Crucis
2500 4822 2807 4880 transtulit:
2849 4823 2977 4879 Post
3022 4822 3392 4892 aliquotminde
3425 4837 3598 4878 annos

2019 4912 2217 4977 corpus
2237 4903 2438 4977 sancta:
2457 4894 2718 4977 Bathiltlis
2738 4903 2978 4977 e_crypta
2997 4890 3197 4977 saneta
3214 4890 3403 4977 Erucis
3422 4900 3600 4977 trans-

2021 4961 2191 5023 latum
2213 4973 2296 5022 est
2328 4966 2382 5020 in
2410 4965 2651 5019 eamdem
2678 4961 2960 5021 ecclesiam
2985 4970 3185 5018 sanctte
3212 4961 3410 5031 Mariae,
3435 4975 3600 5031 quam

2023 5034 2403 5112 d_omna_Gisla_
2429 5050 2459 5088 a
2486 5032 2846 5112 fundamentis
2873 5041 3171 5112 strugterat,
3200 5030 3512 5112 _u_t_leg‘i.tur

2023 5107 2163 5160 llist.
2212 5105 2483 5159 Translat.
2528 5114 2731 5161 sancta:
2778 5101 3218 5172 Bathildisapud
3250 5099 3449 5172 Mabill.
3469 5100 3599 5172 Act.

2026 5175 2126 5232 SS.
2158 5189 2284 5245 saec.
2317 5190 2377 5245 tv
2404 5173 2610 5245 Dened.
2629 5183 2768 5245 part.
2801 5192 2837 5237 ι,
2863 5189 2985 5244 pag.
3013 5170 3139 5237 ‘52,
3161 5186 3308 5245 nam:
3337 5171 3391 5225 8.
3420 5191 3440 5223 ι
3468 5170 3604 5225 Vide

2023 5245 2188 5302 etiam
2208 5242 2401 5297 Annal.
2436 5239 2645 5297 Mabill.’
2662 5244 2785 5299 libr.
2811 5239 2959 5307 xiv],
2983 5257 3131 5296 num.
3163 5241 3251 5296 95.
3274 5239 3604 5297 Prtesentem

2025 5324 2208 5371 tamen
2232 5313 2513 5382 epistolam
2555 5328 2661 5368 non
2688 5313 2874 5370 eodem
2901 5327 3040 5367 anno
3074 5310 3198 5375 800,
3238 5309 3604 5382 seds_equen_ti

2026 5386 2208 5440 datam
2229 5378 2395 5439 fuisse
2416 5382 2686 5453 existimo,
2707 5384 2832 5453 quia
2851 5382 3109 5438 Alcuinus
3126 5396 3267 5447 anno
3290 5378 3395 5436 800
3412 5378 3607 5453 Carolo

2028 5454 2143 5525 regi
2171 5460 2298 5525 ante
2330 5452 2607 5507 hibernale
2637 5450 2846 5525 tempus
2872 5464 3172 5525 occurrere
3186 5465 3295 5506 non
3317 5450 3602 5525 potuisset,

2029 5516 2156 5596 rege
2183 5524 2379 5596 quippe
2400 5531 2522 5591 post
2543 5516 2780 5578 mensem
2803 5524 3101 5596 Angustum
3126 5520 3245 5590 ejus
3269 5516 3396 5576 anni
3411 5516 3525 5589 jam
3549 5519 3633 5593 in_

2030 5592 2225 5650 itinere
2254 5593 2481 5661 Romam
2504 5607 2693 5647 versus
2714 5592 3037 5661 constituto.

2091 5662 2250 5736 ιω
2267 5675 2289 5702 ε
2306 5660 2640 5736 Fredegisus,
2654 5662 2865 5717 Alcnini
2879 5662 3172 5736 discipulus
3186 5660 3409 5736 ejusque
3421 5667 3609 5731 postea

2032 5732 2313 5789 successor
2340 5732 2391 5786 in
2423 5732 2680 5801 regimine
2709 5733 3019 5787 monasterii
3048 5732 3397 5788 Turonensis.

3142 5824 3215 5884 12
