4054 6182
446 312 553 373 563

1315 294 1375 347 Β.
1417 291 1477 345 F.
1518 286 1742 342 ALBINI
1780 283 1911 340 SEU
1949 279 2223 337 ALCUINI
2258 279 2540 337 OPEIIUM
2584 276 2761 333 PARS
2797 276 2836 329 Ι.

3586 265 3692 320 364

447 428 661 490 divisit.
687 425 752 480 Et
772 418 933 477 credo
956 429 1052 470 vos
1079 420 1338 467 aeternam
1366 406 1567 461 habere
1600 418 1629 456 a
1656 402 1767 456 Deo
1802 413 2010 453 merce-
2041 398 2083 454 Α
2180 392 2487 463 Corporalis
2509 389 2833 445 inﬁrmitatis
2854 380 3307 441 incommodahoc
3333 379 3568 434 maxime
3586 380 3704 433 ani-

447 471 1070 590 ;Q-pR—illius'opere,
1094 513 1149 557 et
1177 498 1422 555 assiduas
1445 508 1469 536 ο
1498 492 1669 550 sancti
1691 490 1825 560 Lupi
1855 489 2020 543 intcr-
2121 500 2265 540 mum
2295 484 2617 539 contristent
2649 488 2952 551 paternum,
2979 474 3121 546 quod
3147 473 3351 590 domini
3377 472 3484 527 mei
3508 471 3713 544 [David

1347 586 1358 590 -
1623 582 1651 590 ,.
1865 580 1882 590 ι
1976 577 1988 589 .
2159 585 2168 590 .
2295 585 2304 590 .
2389 573 2407 590 1
2456 573 2535 590 ιιι-
2557 572 2706 590 λ.--ᾼε
2743 570 2813 590 -2-
2849 570 2946 590 Δρ.-
2999 567 3135 590 -:-..o
3173 580 3237 590 ...ι
3264 564 3313 590 ..1
3387 560 3706 590 ...αυυηιίιηηε

446 560 758 668 gignor,
802 560 860 655 et
895 560 1192 650 laudabiles
1225 586 1518 659 gratiarum
1549 582 1788 636 actiones
1831 580 1898 634 ab
1942 577 2022 631 eis
2120 585 2175 631 et
2196 573 2409 646 vestrm]
2441 572 2708 629 dilectioni
2739 570 2817 625 sic
2843 570 2968 632 cito,
2998 567 3139 621 sicut
3173 563 3338 629 volui,
3387 560 3710 633 praesentari

448 698 543 770 qui
567 696 636 751 ad
660 693 804 749 illius
823 683 1122 760 patrocinia
1146 680 1435 748 confugere
1459 675 1652 732 solent.

518 807 675 862 Nunc
698 817 854 860 soror
878 800 1018 855 alma
1047 797 1185 858 vale,
1215 808 1370 850 soror
1391 805 1424 846 ο
1450 786 1767 844 charissima
1794 781 1982 837 nobis!

591 895 659 950 Et
685 907 827 948 nunc
853 898 908 944 et
931 901 1161 959 semper,
1193 882 1365 939 dulcis
1399 879 1592 942 amica,
1623 873 1761 929 vale.

910 999 939 1038 ι)
959 991 1293 1053 EPISTOLA
1310 985 1563 1046 CXXVII.

833 1110 900 1149 ΔΙ)
946 1098 1352 1145 υιιευτιδειιίωι
1392 1090 1652 1147 εωιοιιειί.

458 1189 568 1247 Pro
594 1203 760 1259 cappa
778 1194 834 1239 et
862 1181 982 1259 aliis
1010 1177 1174 1259 donis
1186 1172 1383 1259 gratigs
1407 1158 1885 1259 agit'AItgiiberti,
1909 1156 2029 1211 Arte

812 1251 1027 1313 sororis,
1058 1257 1103 1301 et
1135 1242 1399 1298 Cblumbze
1423 1242 1672 1291 meminit.

453 1354 463 1367 '
532 1366 902 1428 Diiectissima:
928 1361 981 1415 in
1008 1357 1224 1414 Christo
1251 1365 1272 1392 ε
1307 1350 1500 1407 sorori.

530 1464 816 1530 Prospera,
868 1454 1101 1509 donante
1143 1447 1264 1508 deo.
1310 1443 1395 1498 his
1440 1435 1798 1495 sanctissimis
1846 1430 2034 1486 diebus

461 1526 750 1614 habuimus
793 1541 1076 1605 solemnia,
1120 1547 1176 1593 et
1223 1535 1378 1589 laetus
1425 1530 1527 1584 fuit
1571 1526 1801 1582 domnus
1837 1536 1950 1581 rex.
1981 1527 2036 1574 et

461 1655 623 1699 omne
648 1635 908 1709 palatium
936 1631 992 1687 in
1016 1625 1229 1700 gaudio.
1260 1623 1328 1678 Et
1346 1635 1468 1692 ego,
1494 1617 1662 1672 frater
1688 1621 1886 1675 vester,
1916 1624 2033 1662 ma-

2124 683 2227 721 non
2248 666 2414 735 potui.
2437 663 2610 719 Credo
2632 672 2808 716 tamen
2825 661 2875 714 in
2901 658 3017 728 ejus
3032 656 3391 719 clementiam,
3410 655 3499 725 qui
3524 652 3713 709 allisos

2124 757 2262 812 solet
2280 756 2508 826 erigere,
2541 764 2595 809 et
2616 753 2858 807 inﬁrmos
2904 763 3116 813 curare,
3162 746 3303 817 quod
3335 759 3506 799 meam
3531 743 3711 800 adhuc

2127 847 2343 918 impleat
2364 846 2694 899 voluntatem
2738 843 2791 896 in
2844 841 3075 916 videndo
3116 838 3307 894 faciem
3346 836 3560 891 Domini
3592 836 3698 891 mei

2129 934 2528 1010 [dilectissimi],
2557 942 2857 1001 vestraeque
2899 929 3284 986 familiaritatis
3339 927 3593 996 alloquio.
3628 925 3711 978 'Iu

2128 1045 2277 1094 vero,
2303 1028 2410 1082 lilia
2436 1026 2774 1087 charissima,
2818 1021 3057 1076 honestis
3093 1016 3479 1074 misericordia:
3532 1015 3715 1085 operi-

2129 1114 2248 1182 bus,
2266 1118 2390 1172 vitm
2407 1115 2693 1170 sanctitate
2712 1127 2904 1168 ornare
2931 1110 3090 1181 150
3107 1116 3377 1163 memento
3394 1106 3714 1176 dignitatem

2132 1220 2301 1273 tuam,
2316 1216 2376 1262 ut
2393 1206 2563 1277 magis
2584 1205 2823 1275 probitas
2844 1202 3025 1256 laudet
3036 1198 3402 1256 conversionis
3416 1212 3574 1266 quam
3600 1208 3723 1264 spe~

2132 1300 2243 1355 cies
2263 1297 2381 1353 auri
2403 1295 2675 1365 fulgentis.
2699 1293 2756 1349 Si
2772 1293 2894 1362 quis
2915 1291 3221 1361 diligentius
3243 1287 3549 1343 consideret
3572 1299 3718 1354 pra:-

2132 1399 2285 1459 cepta
2302 1389 2502 1451 divina,
2526 1386 2763 1441 inveniet
2783 1385 2837 1439 in
2867 1383 2971 1438 illis
2998 1381 3331 1455 [utrumque,
3358 1379 3434 1451 et]
3457 1377 3631 1432 laudis
3657 1377 3715 1430 in

2131 1477 2383 1549 prmsenti
2394 1477 2504 1531 vita
2524 1476 2663 1530 inter
2675 1474 2939 1539 homines,
2952 1482 3008 1527 et
3019 1471 3283 1527 mercedis
3302 1478 3515 1523 aeternae
3530 1467 3720 1537 gloriae

2135 1571 2273 1641 apud
2296 1570 2484 1624 Deum.
2508 1568 2634 1623 Haec
2658 1565 3079 1631 tu,nobilissima
3096 1563 3292 1633 puclla,
3310 1561 3722 1632 diligentissime

2137 1665 2346 1719 discere
2391 1668 2445 1714 et
2471 1659 2814 1715 devotissime
2836 1655 3056 1725 implere
3100 1662 3304 1724 satage,
3338 1661 3398 1706 ut
3420 1652 3578 1721 digna
3605 1650 3722 1705 elli-

461 1745 629 1805 ﬂum
647 1726 812 1785 habui
833 1721 1088 1796 gandi“.
1110 1718 1178 1772 de
1215 1713 1674 1810 prosimimae-.6
1713 1703 2036 1810 mlo“
2072 1703 2303 1810 B‘ciai'is
2317 1703 2370 1807 va
2416 1703 2526 1807 Deo
2576 1703 2744 1805 amari
2789 1755 2843 1802 et
2869 1703 2939 1801 al;
2973 1703 3529 1801 h—otninibtjsylauda—ri.
3553 1703 3723 1796 iil‘unc

465 1794 665 1887 Vestra,
681 1822 748 1876 de
764 1794 1072 1889 gratissimo
1091 1820 1313 1863 munere
1335 1798 1653 1863 Psalmodia:
1677 1806 1731 1851 et
1758 1794 2038 1868 Missarum

462 1884 863 1975 celebrationis,
887 1903 1030 1977 quod
1056 1900 1190 1956 mihi
1218 1911 1415 1967 magna
1459 1890 1721 1948 charitate
1749 1884 2039 1977 diresistis.

464 1972 576 2063 Sed
599 2011 654 2061 et
671 2002 700 2042 ἀ
723 1972 1078 2070 ωρρξι-ρικιιη
1102 1988 1231 2044 mihi
1253 1984 1591 2057 aptissimam
1618 1977 1864 2040 misistis,
1887 1972 2043 2029 valde

362 2088 365 2091 ’
469 2097 651 2154 animo
678 2065 807 2149 meo
824 2065 1022 2160 placet.
1052 2081 1313 2139 Veniente
1359 2090 1488 2131 vero
1532 2070 1860 2141 Angelherto
1908 2065 2047 2121 forte

468 2184 673 2256 aliquid
696 2156 898 2248 certius
932 2174 1088 2231 vobis
1133 2168 1450 2225 remandare
1475 2163 1752 2220 habemus.
1791 2159 1898 2213 Vos
1925 2156 2044 2211 ani-

471 2248 620 2335 muin
639 2281 877 2333 vestrum
901 2268 1109 2323 ﬁrmate
1131 2263 1185 2317 in
1212 2258 1432 2316 servitio
1450 2255 1548 2312 Dei
1580 2260 1638 2309 et
1669 2252 1724 2306 in
1748 2250 1920 2305 salute
1933 2248 2050 2302 anis

372 2422 379 2428 .
473 2384 576 2424 mre
600 2373 814 2421 vestrae.
844 2358 1083 2417 Viriliter
1104 2355 1322 2411 domum
1370 2347 1629 2404 mdiﬁcatc
1655 2343 1806 2399 vobis
1853 2340 2050 2410 sempi-

471 2432 680 2516 ternam
704 2456 757 2510 in
786 2451 954 2513 caelis,
987 2455 1045 2501 ut
1081 2453 1325 2515 paratam
1368 2436 1613 2494 habeatis
1662 2431 2051 2489 beatitudinem

475 2564 599 2607 cum
642 2544 858 2603 Christo
902 2548 957 2595 et
997 2536 1197 2594 sanctis
1221 2531 1357 2601 ejus,
1406 2545 1567 2601 quam
1612 2524 1824 2599 plurimi
1872 2522 2052 2578 verbis

475 2646 685 2712 optant,
713 2633 807 2692 sed
836 2633 1000 2689 rebus
1020 2643 1127 2684 non
1152 2622 1460 2696 perﬁciunt.
1481 2618 1561 2673 'l‘u
1582 2631 1712 2672 vero
1731 2615 1915 2669 labora
1940 2612 2052 2667 die-

476 2700 595 2794 bus,
628 2700 779 2782 horis
807 2738 871 2778 ac
896 2715 1201 2779 momentis,
1223 2721 1282 2767 ut
1307 2708 1642 2766 abundanter
1665 2705 1866 2760 habeas
1908 2700 2052 2771 quod

477 2820 705 2875 feliciter
731 2815 942 2885 diligas.

544 2907 718 2966 Credo
752 2914 804 2960 te
830 2881 896 2958 de
924 2896 1257 2955 orationibus
1288 2904 1311 2934 ο
1335 2891 1463 2948 Ava:
1511 2886 1643 2963 [Al.,
1672 2882 1817 2957 Evm]
1853 2881 2052 2938 sororis

474 3007 674 3058 nostra:
700 2994 928 3050 ﬁdeliter
948 2989 1146 3044 facere.
1178 2985 1287 3042 Sed
1311 3000 1377 3040 ex
1420 2996 1538 3036 mea
1567 2977 1823 3049 petitione
1853 2971 2056 3042 aliquid

475 3089 793 3164 superadde,
838 3084 965 3156 quia
1014 3082 1146 3139 mihi
1176 3078 1345 3134 ﬁdelis
1371 3075 1491 3131 fuit.
1540 3072 1608 3126 Et
1647 3070 1739 3125 ubi
1766 3067 1887 3164 plus
1918 3065 2052 3120 fides

476 3157 787 3244 innotescit,
816 3191 978 3246 quam
1005 3180 1126 3246 post
1148 3177 1376 3226 mortem
1420 3164 1616 3222 amici?
1649 3164 1744 3219 Dic
1780 3157 1800 3198 ί
1833 3159 2052 3214 Colum-

441 3330 449 3339 ,
480 3270 586 3338 be,
602 3278 662 3327 ut
676 3266 947 3324 memoriae
967 3261 1249 3320 conﬁrmet
1266 3258 1407 3328 quod
1434 3256 1657 3326 accepit,
1681 3255 1851 3310 donec
1873 3249 2055 3306 veniat

476 3361 576 3435 qi
595 3356 990 3432 mperadjiciat.
1011 3352 1162 3407 Beati
1213 3351 1301 3421 qui
1335 3349 1568 3403 esuriant
1606 3355 1654 3399 et
1696 3346 1878 3400 sitiunt
1896 3342 2058 3413 justi-

471 3433 628 3518 tiam,
659 3447 907 3522 quoniam
934 3444 1034 3516 ipsi
1067 3439 1444 3497 satarabuntar
1471 3433 1681 3507 (Matth.
1710 3433 1871 3522 vati).
1907 3433 2048 3487 Desi-

476 3521 690 3599 deriuni
717 3544 957 3591 vestrum
986 3530 1224 3602 impleat,
1251 3536 1307 3582 et
1347 3541 1443 3582 cor
1479 3523 1742 3579 charitate
1768 3521 2053 3584 illuminct,

474 3631 573 3702 qui
615 3627 764 3683 venit
805 3624 1062 3679 mundum
1090 3618 1415 3682 illuminare,
1465 3624 1520 3670 et
1551 3612 1864 3685 ignorantia:
1912 3621 2058 3666 tene-

477 3692 611 3783 bras
638 3721 705 3775 de
729 3716 980 3774 cordibus
1009 3713 1063 3766 in
1086 3727 1209 3767 eum
1234 3708 1499 3782 espellere
1546 3704 1901 3763 credentium.
1936 3692 2055 3759 Vita

475 3823 540 3868 et
559 3811 722 3877 salus,
747 3808 962 3865 Christo
991 3803 1246 3869 donante,
1275 3817 1369 3857 vos
1396 3798 1685 3857 comitetur
1709 3798 1763 3853 in
1782 3811 1976 3854 aevum.

907 3946 938 3985 ⁸
976 3936 1307 3998 EPISTOLA
1355 3936 1632 3994 CXXVIII.

789 4053 856 4093 AD
893 4050 1082 4092 ειειλιι
1121 4046 1304 4088 FILIAII
1341 4044 1532 4087 (ιλιιοιι
1571 4040 1754 4083 ΙΙΔΟΝῙ.

484 4148 636 4211 Ωοιὰ
677 4166 731 4204 se
763 4148 825 4204 ob
846 4147 1217 4223 inﬁrmitatem
1255 4157 1358 4223 non
1409 4155 1561 4223 posse
1605 4139 1739 4208 regis
1768 4136 1955 4223 [aciem
1991 4138 2063 4223 pi-

554 4205 693 4285 dere,
735 4228 782 4274 et
837 4205 1017 4271 Gisila:
1054 4214 1164 4285 frui
1198 4205 1487 4281 colloquio;
1543 4205 1702 4278 quain
1732 4205 1802 4261 ad
1848 4207 2060 4260 virtutes

547 4292 879 4347 exhortatur.

2143 1846 2308 1900 habet
2328 1843 2555 1897 Flaccus
2574 1840 2719 1896 omni
2748 1838 2931 1894 laetitia
2971 1837 3225 1908 gaudere,
3267 1834 3347 1907 [et
3396 1849 3545 1888 more
3573 1834 3725 1888 senis

2146 1938 2336 1994 Eulelli
2362 1934 2607 2007 saltare],
2632 1934 2864 2003 totisque
2884 1931 3090 1987 viribus
3117 1931 3431 2001 tripudiare.

2286 2028 2525 2084 Moribus
2554 2025 2785 2097 egregiis
2810 2024 3066 2077 virtutum
3095 2030 3149 2076 et
3168 2021 3277 2074 vita
3303 2021 3518 2075 coronis

2358 2114 2575 2171 Floreat
2603 2122 2658 2169 et
2680 2113 2878 2181 vigeat,
2905 2111 3009 2165 ﬁlia
3041 2109 3359 2173 chara,tihi.

2602 2224 2618 2263 ἰ
2663 2218 2994 2275 EPISTOLA
3028 2217 3263 2274 CXXIX.

2667 2330 2732 2366 AD
2773 2327 2985 2367 DOIINUM
3026 2324 3221 2364 ιιεοεδι.

2479 2408 2654 2480 (Anno
2688 2406 2814 2468 801,
2849 2404 2992 2459 circa
3046 2402 3204 2457 finem
3241 2399 3410 2471 Maii.)

2152 2500 2419 2558 Gaudium
2444 2515 2597 2554 suum
2625 2497 2685 2552 ob
2716 2496 2935 2549 reditum
2963 2492 3136 2547 Caroli
3164 2508 3229 2546 ex
3259 2489 3418 2560 Italia
3438 2488 3722 2560 signiﬁcat,

2280 2572 2362 2626 cui
2392 2586 2510 2625 cum
2534 2566 2833 2623 muneribus
2857 2565 3060 2618 obviam
3085 2563 3243 2616 mittit
3273 2559 3588 2614 Candidum.

2224 2663 2454 2720 Domino
2475 2656 2971 2717 desiderantissimo
3017 2662 3073 2708 et
3108 2654 3254 2708 omni
3292 2652 3493 2706 honore
3515 2650 3726 2722 dignis-

2154 2756 2291 2810 simo
2312 2753 2482 2808 David
2503 2751 2644 2820 patri
2666 2747 2871 2838 patrias,
2896 2745 3119 2800 Albinus
3166 2741 3563 2798 matricularius
3589 2756 3729 2812 prae-

2155 2845 2324 2901 sentis
2348 2851 2403 2897 et
2435 2839 2629 2894 futura:
2654 2832 3001 2893 b'éatituilinis
3022 2832 3269 2890 salutem.

2226 2932 2548 2989 Benedictus
2594 2928 2852 2983 Dominus
2895 2926 3054 2988 Deus,
3086 2932 3142 2978 et
3165 2921 3442 2977 benedicta
3471 2928 3729 2996 perpetua

2157 3024 2302 3080 illius
2326 3019 2697 3078 misericordia
2735 3031 2896 3088 super
2941 3029 3125 3070 servos
3169 3026 3338 3068 suos:
3366 3026 3465 3081 pro
3498 3025 3731 3079 quorum

2077 3100 2125 3163 Ο
2151 3113 2509 3187 prosperitate
2521 3118 2576 3165 et
2593 3109 2765 3165 salute
2791 3122 2910 3172 vos,
2935 3103 3242 3161 dulcissime
3270 3100 3454 3166 David,
3471 3114 3734 3170 prospero

2156 3203 2309 3261 duxit
2356 3210 2411 3258 et
2438 3198 2661 3271 paciﬁce
2691 3197 2922 3261 reduxit,
2952 3193 3308 3257 conservavit,
3346 3190 3630 3247 honoravit
3673 3198 3734 3245 et

2153 3294 2443 3359 exaltavit;
2477 3298 2639 3361 atque
2666 3289 2721 3344 in
2748 3287 2892 3349 omni
2924 3285 3043 3342 loco
3067 3285 3329 3340 adventus
3356 3282 3517 3337 vestri
3544 3280 3732 3335 lumen

2148 3386 2392 3456 iustitiae,
2423 3383 2746 3455 pietatisque
2792 3387 2917 3434 ante
2945 3376 3135 3432 faciem
3168 3381 3360 3430 vestrae
3384 3371 3735 3429 beatitudinis

2157 3477 2527 3547 splendescere
2551 3471 2697 3527 fecit.
2724 3470 2999 3537 Quatenus
3024 3466 3186 3522 totius
3210 3464 3383 3535 caligo
3410 3463 3733 3532 iniquitatis,

2157 3566 2351 3623 nebula
2397 3562 2784 3635 perversitatis,
2834 3558 3176 3616 serenissimo
3223 3556 3499 3625 sapientia:
3536 3564 3739 3610 vestrae

2158 3655 2444 3725 splendore
2487 3654 2863 3709 discuteretur.
2912 3650 3075 3704 Beata
3126 3663 3251 3720 gens
3278 3647 3360 3702 cui
3390 3646 3569 3701 divina
3614 3646 3735 3701 cle—

2158 3747 2359 3802 mentia
2387 3753 2496 3799 tam
2518 3743 2667 3813 pium
2690 3752 2745 3796 et
2762 3741 3078 3812 prudentem
3096 3737 3421 3810 prmvidehat
3439 3745 3706 3791 rectorem
3719 3776 3733 3789 .
3764 3746 3769 3749 ‘

2159 3836 2309 3890 Felix
2340 3833 2569 3905 populus
2589 3834 2679 3903 qui
2711 3848 2741 3885 a
2771 3839 3010 3900 sapiente
3035 3838 3088 3885 et
3112 3831 3204 3900 pio
3234 3829 3434 3897 regitur
3456 3826 3733 3898 principe;

2159 3928 2298 3982 sicut
2332 3927 2385 3980 in
2412 3925 2506 3979 illo
2544 3923 2824 3978 Platonico
2874 3921 3072 3992 legitur
3114 3920 3424 3991 proverbio,
3455 3919 3685 3975 dicentis
3721 3937 3734 3971 :
3780 3952 3799 3971 .

2159 4016 2358 4072 Felicia
2404 4029 2525 4070 esse
2567 4028 2750 4084 regna,
2797 4013 2842 4067 si
2882 4011 3203 4081 philosophi,
3255 4010 3308 4064 id
3333 4016 3435 4076 est,
3468 4015 3739 4063 amatores

2160 4105 2437 4178 sapientiae
2486 4110 2794 4175 regnarent,
2843 4101 2926 4156 vel
2977 4115 3130 4172 reges
3173 4098 3523 4169 philosophia:
3550 4096 3737 4152 stude-

2161 4203 2281 4252 rent
2311 4213 2324 4249 :
2350 4194 2475 4265 quia
2497 4192 2631 4248 nihil
2654 4190 2928 4262 sapientia:
2973 4189 3027 4244 in
3072 4189 3174 4245 hoc
3199 4188 3397 4243 mundo
3434 4187 3736 4256 comparari

2161 4289 2378 4360 poterit.
2409 4287 2537 4342 Haec
2562 4294 2649 4341 est
2676 4297 2908 4352 namque
2938 4297 3060 4351 quae
3104 4280 3361 4337 humilem
3405 4278 3632 4344 exaltat,
3678 4286 3740 4333 et

554 4397 901 4457 Charissimze
944 4393 999 4448 in
1026 4390 1241 4449 Christo
1267 4389 1293 4430 ιι
1325 4387 1449 4443 ﬁlim
1474 4385 1647 4443 ﬁdelis
1688 4386 1745 4440 in
1791 4382 2061 4440 charitate
2090 4444 2135 4457 _
2160 4388 2430 4453 potentem
2456 4378 2747 4450 gloriosum
2774 4373 2955 4438 edicit,
2987 4382 3041 4428 et
3069 4374 3121 4427 in
3149 4374 3293 4428 omni
3344 4385 3568 4442 persona
3617 4369 3738 4424 lau—

483 4491 646 4547 Pater
664 4495 940 4561 perpetua:
957 4481 1329 4555 prosperitatis
1356 4479 1583 4534 salutem
1614 4476 1691 4550 [et
1720 4474 1961 4548 cmtera].

558 4635 584 4664 ιι
611 4619 793 4678 Sancti
819 4617 970 4689 Lupi.
1004 4614 1082 4669 Ex
1103 4629 1209 4683 quo
1237 4612 1612 4689 intelligimus,
1646 4611 1722 4665 ait
1748 4608 1928 4689 ιςψῑι.
1954 4608 2057 4663 loc.

482 4692 582 4747 cit.
608 4690 800 4745 Annal.
824 4678 961 4743 hanc
983 4678 1198 4739 crucem
1223 4678 1450 4736 Alcuino
1496 4682 1716 4736 missam
1771 4678 1935 4734 fuisse
1962 4693 2063 4749 pro

483 4760 745 4887 grecfnsi
776 4758 836 4813 S.
880 4755 1015 4826 Lupi
1062 4752 1302 4831 basilica,
1331 4752 1416 4806 cui
1454 4752 1502 4805 is
1521 4749 1809 4819 praafectus
1831 4749 2006 4804 fuerat
2031 4763 2061 4801 a

533 4845 629 4886 aro
647 4845 701 4885 o.

533 4845 701 4886 aPOIO.

562 4901 591 4942 δ
617 4899 759 4956 Edit.
777 4896 1028 4964 Quercet.
1043 4891 1137 4964 6‘0,
1158 4890 1337 4964 Canis.
1454 4888 1718 4964 Δ(ξι-οιξριι.
1740 4905 1825 4964 ep.
1839 4887 1955 4959 99.)

563 4976 588 5010 ο
614 4958 822 5025 εοτοτ-ἰῖ
849 4963 1011 5020 Gislte
1038 4962 1223 5016 itidem
1250 4960 1426 5014 Caroli
1454 4958 1627 5030 Magni
1650 4958 1843 5024 sorori,
1862 4965 1922 5011 ut
1938 4958 2063 5014 vult

491 5038 847 5094 Mabillonius.

558 5107 589 5149 tl
611 5101 1035 5178 Cappa._Sin_iilis
1055 5100 1129 5178 illi
1149 5114 1309 5170 quam
1331 5097 1600 5178 Witlallus
1621 5096 2063 5178 rex_l_lerci_orum

490 5168 702 5236 donans
718 5168 794 5230 ait
815 5175 873 5240 in
903 5168 1207 5233 donatione,
1249 5185 1368 5240 quae
1411 5176 1589 5225 exstat
1611 5168 1688 5240 in
1723 5170 1947 5240 historia
1973 5170 2062 5225 ln-

494 5234 619 5321 gnlil
652 5264 668 5304 :
700 5234 933 5321 ¢_Oﬂ'ero
968 5241 1131 5321 etiam
1155 5234 1475 5321 secretario_
1494 5239 1636 5321 dicti
1671 5236 1979 5321 monasterii
2008 5242 2062 5296 in

496 5309 846 5373 ministerium
857 5312 1179 5383 sanctissimi
1194 5311 1379 5365 altaris
1388 5309 1721 5383 chlamydem
1737 5311 2059 5383 coccineam,

495 5400 601 5455 qua
627 5386 846 5440 indutus
873 5380 1122 5455 eram_in
1173 5381 1515 5455 coronatiqne
1553 5380 1691 5445 mea,
1744 5380 1811 5434 ad
1839 5396 2061 5451 cappam

496 5449 619 5510 inde
644 5469 741 5512 seu
759 5455 999 5510 casulam
1021 5452 1337 5506 faciendam.
1379 5470 1397 5503 ι
1424 5449 1690 5505 ϐληιςιυε.

518 5592 549 5605 __
569 5534 596 5563 ο
618 5523 759 5605 Aeg.
802 5521 1063 5605 Iliaeﬂilla
1090 5519 1299 5605 .fui's‘se‘
1317 5520 1530 5605 videtur
1571 5519 1762 5605 ancilla
1795 5517 1913 5605 Dei,
1944 5535 2063 5605 qua}

495 5592 661 5648 libros
686 5591 819 5647 Novi
838 5601 894 5646 et
928 5586 1136 5646 Veteris
1177 5590 1505 5644 Testamenti
1553 5590 1789 5644 studiose
1833 5586 2062 5647 describi

493 5668 797 5725 curaverat,
819 5673 922 5729 qua
950 5659 1017 5713 de
1058 5673 1118 5712 re
1145 5659 1401 5713 Alcuinus
1445 5658 1587 5712 illam
1621 5658 1799 5713 laudat
1823 5659 2061 5714 carmine

496 5732 625 5787 olim
646 5730 772 5787 204.
792 5744 932 5785 nunc
949 5728 1001 5781 5.

496 5744 625 5788 olim
646 5744 772 5795 ειυς.
792 5744 932 5785 nunc
949 5744 1001 5781 ε).

2088 4444 2139 4503 D
2162 4444 2355 4532 dahilis
2378 4444 2591 4537 existit;
2622 4469 2676 4524 in
2695 4484 2803 4541 qua
2826 4467 2990 4523 decus
3037 4475 3122 4522 est
3161 4474 3216 4521 et
3240 4462 3577 4536 pulchritudo
3605 4460 3737 4515 vita:

2236 4603 2256 4642 τ
2283 4601 2567 4657 Columba.
2582 4601 2679 4657 Cui
2698 4615 2821 4657 cum
2835 4599 2979 4656 Gisia
3003 4598 3219 4654 ultimos
3238 4597 3374 4652 duos
3394 4596 3560 4653 libros
3576 4594 3737 4652 Com-

2163 4682 2327 4728 ment.
2362 4674 2414 4727 in
2444 4672 2599 4728 Joan.
2633 4671 2888 4726 Alcuinus
2918 4669 3209 4739 inscripsit.

2184 4813 2197 4826 Φ
2231 4753 2260 4828 ξ
2314 4741 2514 4828 biubi“.
2563 4744 2596 4798 8
2637 4735 3152 4828 emendata‘alicu'bi
3208 4752 3273 4792 ex
3317 4737 3437 4792 cod.
3487 4752 3591 4792 ms.
3637 4735 3740 4792 St-

2164 4808 3058 4964 "si:difﬁdisﬂé33%?»qu
3077 4877 3258 4964 M13393
3292 4876 3411 4964 “"5.”
3434 4891 3520 4964 ἐκ
3555 4875 3742 4932 "me"

2199 4953 2346 5015 arde,
2375 4960 2434 5005 ut
2452 4952 2641 5008 scribit
2653 4950 2987 5015 Eginhardus
3006 4950 3059 5004 in
3077 4949 3112 5004 ν
3125 4946 3196 5002 ita
3217 4947 3412 5002 Caroli.
3434 4946 3744 5000 MABILL.-

2185 5016 2321 5078 Zerte
2346 5020 2549 5077 Gislam
2566 5016 2742 5085 Caroli
2764 5034 3004 5075 sororem
3028 5026 3187 5073 mtate
3206 5016 3318 5087 jam
3338 5017 3745 5088 provectioreu.

2160 5092 2395 5164 puellam]
2417 5091 2557 5164 haud
2583 5090 2902 5164 appellasset
2920 5089 3195 5164 Alcuinus.

2242 5165 2258 5204 i
2302 5162 2445 5217 Edit.
2474 5156 2725 5228 Quercct.
2753 5160 2822 5214 25
2849 5175 2914 5213 ex
2937 5173 3038 5212 ms.
3066 5157 3193 5223 Quae
3214 5157 3410 5228 ibidem
3442 5157 3514 5211 ita
3546 5156 3746 5211 inseri-

2161 5232 2308 5287 hitur
2333 5250 2345 5284 :
2373 5231 2448 5284 De
2470 5227 2624 5284 laude
2638 5228 2905 5299 sapientia:
2929 5236 2977 5282 et
3019 5228 3082 5282 de
3106 5229 3223 5282 sita:
3243 5227 3500 5299 desiderio
3527 5228 3741 5299 quietaf.

2162 5300 2477 5370 Principalis
2502 5308 2679 5370 tamen
2700 5295 2844 5370 illius
2870 5312 3065 5370 scopas
3090 5306 3175 5370 est
3207 5295 3741 5370 signiﬁcatioi'gaudii

2163 5372 2245 5425 sui
2273 5367 2677 5439 et'gratulatiq
2705 5368 2774 5422 ob
2828 5367 3058 5439 reditum
3112 5367 3291 5423 Caroli
3318 5382 3397 5439 ex“
3429 5367 3576 5421 Italia
3617 5377 3745 5439 post

2163 5436 2621 5509 adeptos'imperii
2645 5436 2875 5509 Romani
2916 5439 3121 5509 fasces,
3153 5439 3271 5509 qui
3290 5438 3493 5509 reditus
3513 5437 3747 5509 contigit

2162 5506 2302 5563 anno
2324 5507 2421 5563 80!
2445 5506 2568 5577 post
2592 5506 2798 5562 Pascha
2818 5522 2892 5560 vn
2914 5506 3027 5577 Kal.
3063 5506 3205 5562 Maii.
3246 5506 3374 5561 Post
3393 5507 3533 5577 diem
3564 5506 3744 5577 sancti

2159 5577 2383 5632 Joannis
2410 5574 2656 5633 reversus
2692 5585 2776 5632 est
2818 5577 2871 5631 in
2898 5576 3147 5632 Galliam.
3195 5577 3385 5632 Annal.
3414 5575 3608 5632 Franc.
3641 5574 3741 5633 Ti-

2163 5647 2311 5702 liani.
2344 5645 2596 5720 (Froben.
2622 5647 2779 5716 epist.
2813 5646 2956 5717 l0l.)
