4070 6182
336 257 446 313 365

1782 252 2142 309 EPISTOLJE

2850 160 2879 191 δ

3516 260 3627 321 566

337 366 648 443 mntis,
679 380 915 425 necnon
941 374 995 422 et
1020 365 1189 436 gloria
1221 374 1493 436 perpetuae
1536 366 1886 422 beatitudinis
1916 386 1929 422 :
1963 374 2014 429 Α
2041 364 2305 434 subjicere
2359 365 2585 421 consilio
2643 363 2877 421 decrevi.
2946 365 3103 433 Quia,
3152 378 3213 427 ut
3263 386 3389 428 vere
3430 374 3624 443 fateor,

339 461 470 531 quia
522 457 862 515 solummodo
913 472 1042 512 vera
1085 465 1173 511 est
1215 456 1476 527 sapientia
1514 472 1634 527 quae
1666 459 1853 513 beatos
1882 467 1937 514 et

338 560 578 609 auersos
595 549 794 608 efﬁciet
814 550 949 606 dies.
979 548 1104 604 Haec
1123 549 1269 604 enim
1294 558 1529 607 vestram
1552 551 1810 621 optimam
1833 552 1939 608 sol-

341 642 710 707 licitudinem,
765 640 994 697 Domine
1039 641 1117 695 mi
1166 641 1358 710 David,
1405 658 1619 712 semper
1667 659 1853 701 amare
1884 654 1942 702 et

341 735 649 809 praedicare
696 735 1086 805 agnoscebant;
1119 749 1419 806 omnesque
1465 737 1534 791 ad
1571 752 1692 792 eam
1721 738 1937 794 discen-

343 829 473 885 dam
495 827 796 893 exhortari,
830 827 940 882 imo
961 835 1017 882 et
1046 827 1284 899 praemiis
1323 828 1729 900 honoribusque
1782 830 1937 886 solli-

345 917 548 982 citare,
576 926 740 987 atque
764 930 831 971 ex
860 915 1092 971 diversis
1144 916 1330 972 mundi
1376 918 1623 987 partibus
1669 928 1944 977 amatores

248 1080 253 1087 .
344 1011 496 1067 illius
520 1015 718 1069 vestra:
744 1009 900 1064 honre
925 1008 1188 1064 voluntati
1210 1007 1486 1077 adjutores
1509 1026 1809 1069 convocem
1829 1021 1943 1068 stu-

346 1103 563 1159 duistis.
584 1103 733 1159 Inter
744 1116 881 1172 quos
902 1118 990 1159 me
1011 1102 1177 1158 etiam
1209 1104 1452 1160 intimum
1479 1103 1717 1174 ejusdem
1743 1114 1944 1162 sancta:

345 1194 631 1262 sapientia
658 1192 1034 1258 vernaculum,
1065 1194 1130 1253 de
1156 1194 1361 1253 ultimis
1408 1195 1700 1252 Britanniae
1746 1195 1943 1255 finibus

345 1282 657 1337 adsciscere
674 1281 936 1348 curastis;
966 1292 1129 1352 atque
1143 1284 1348 1339 utinam
1378 1292 1487 1339 tam
1509 1285 1695 1345 utilem
1712 1286 1766 1341 in
1784 1287 1944 1340 domo

347 1371 445 1426 Dei
470 1370 769 1435 servulum,
795 1386 959 1440 quam
990 1373 1356 1443 promptulum
1379 1383 1572 1429 vestrae
1595 1375 1817 1431 obedire
1849 1390 1945 1430 vo—

348 1460 550 1517 luntati
569 1462 583 1515 l
603 1460 741 1529 Quia
754 1461 986 1533 diligens
998 1462 1286 1534 diligebam
1302 1464 1355 1517 in
1374 1465 1749 1521 sacratissimo
1761 1475 1946 1536 pecto—

346 1567 413 1611 re
430 1561 636 1617 vestro,
652 1552 797 1623 quod
819 1552 875 1608 in
905 1568 989 1609 me
1010 1570 1108 1610 vos
1131 1554 1264 1610 velle
1294 1556 1537 1612 invenire
1559 1557 1940 1629 intelligebam.

423 1644 580 1705 Unde
598 1645 838 1714 quotidie
868 1647 1022 1701 avida
1039 1647 1218 1702 cordis
1240 1648 1557 1713 intentione,
1585 1652 1859 1720 suspensis
1889 1653 1942 1707 in

348 1736 516 1797 verba
541 1713 874 1797 venientium
904 1738 1145 1804 auribus,
1175 1738 1438 1795 sollicitus
1465 1755 1639 1806 eram,
1661 1713 1793 1811 quid
1810 1742 1943 1801 mihi
1978 1713 2021 1772 Β

354 1827 674 1889 nuntiarent
698 1827 766 1883 de
793 1827 1009 1884 domino
1036 1845 1156 1884 meo
1179 1828 1492 1889 dulcissimo
1514 1831 1714 1889 David:
1732 1834 1946 1903 quando

355 1920 579 1979 domum
605 1922 837 1987 rediret;
885 1924 1101 1991 quando
1121 1916 1355 1992 patriam
1396 1934 1776 1983 reverteretur.
1807 1927 1948 1983 Tan-

356 2010 482 2065 dem
504 2010 816 2080 aliqurndo,
842 2013 1089 2080 quamvis
1114 2029 1254 2079 sero,
1287 2030 1386 2071 vox
1411 2022 1593 2084 optata
1622 2031 1948 2075 concurren-

358 2100 495 2155 tium
551 2101 807 2155 desiderii
855 2102 958 2155 mei
1015 2102 1253 2158 insonuit
1287 2104 1509 2160 auribus
1541 2122 1553 2160 :
1586 2104 1705 2161 Jam
1727 2104 1949 2175 jamque

355 2191 569 2258 veniet;
604 2203 629 2235 α
654 2190 767 2260 jam
814 2193 975 2263 Alpes
1015 2194 1286 2260 transivit,
1311 2211 1470 2264 quem
1502 2205 1652 2259 tanto
1677 2197 1843 2251 animi
1872 2198 1948 2252 tui

354 2282 592 2351 fervore,
621 2300 656 2340 ο
684 2284 895 2349 Albino,
926 2287 1115 2340 adesse
1144 2287 1365 2356 Optasti.
1399 2288 1534 2347 Tum
1572 2303 1673 2358 ego
1700 2296 1950 2359 repetens

358 2375 556 2431 iterum
575 2384 740 2445 atque
760 2375 958 2431 iterum
980 2377 1311 2448 laerymabili
1339 2393 1469 2435 voce
1494 2377 1722 2435 clamavi
1746 2396 1759 2433 :
1783 2376 1828 2435 0
1843 2379 1955 2434 Βοι

366 2468 507 2523 mine
520 2468 677 2523 Jesu!
704 2482 871 2537 quare
893 2483 1001 2523 non
1025 2467 1123 2523 das
1145 2467 1277 2524 mihi
1300 2483 1506 2538 pennas
1534 2469 1762 2537 aquilm?
1779 2483 1949 2539 quare

366 2576 469 2616 non
502 2559 913 2615 translationem
963 2558 1217 2615 Habacuc
1262 2562 1542 2631 prophetae
1592 2576 1698 2615 una
1728 2562 1834 2625 die,
1864 2560 1949 2616 vel

247 2648 258 2656 ’
361 2651 521 2706 etiam
550 2651 685 2705 hora
713 2650 986 2715 concedis,
1008 2656 1068 2704 ut
1097 2650 1390 2720 amplectar
1406 2659 1464 2706 et
1487 2650 1699 2707 osculor
1726 2652 1949 2723 vestigia

372 2739 523 2813 151
556 2740 699 2796 illius
733 2740 1037 2795 charissimi
1062 2740 1191 2804 mei,
1235 2749 1291 2796 et
1313 2757 1477 2812 super
1512 2757 1673 2801 omne
1711 2744 1856 2813 quod
1894 2744 1950 2799 in

369 2834 471 2890 hoc
501 2835 703 2897 mundo
732 2835 904 2890 ainari
940 2842 1141 2904 potest,
1171 2835 1468 2892 dulcissimi
1510 2836 1695 2893 oculos
1737 2836 1949 2892 videam

368 2925 724 2993 clarissimos;
772 2925 936 2981 verba
981 2925 1195 2980 audiam
1213 2925 1642 2995 jucundissima?
1692 2927 1789 2984 Vel
1820 2928 1950 2998 quid

368 3024 425 3069 tu
446 3016 685 3081 inimica,
704 3024 943 3086 tempore
961 3016 1288 3086 importuno,
1304 3032 1391 3072 me
1401 3018 1679 3089 opprimis,
1696 3016 1881 3085 febris,
1897 3027 1954 3075 et
1976 3051 2023 3111 ο

367 3121 472 3161 non
494 3106 767 3179 permittis
786 3122 873 3161 me
900 3107 1057 3162 solita
1086 3108 1330 3178 corporis
1353 3111 1459 3166 mei
1482 3109 1759 3169 alacritate
1776 3111 1949 3184 fungi,

368 3204 430 3251 ut
455 3197 537 3252 vel
566 3197 720 3253 tarde
747 3196 862 3263 liat,
893 3201 1033 3270 quod
1060 3200 1168 3255 cito
1215 3214 1323 3259 non
1358 3199 1536 3256 valet?
1571 3199 1824 3259 Attamen
1848 3203 1953 3257 hoc

367 3287 635 3347 adventus
683 3290 850 3345 vestri
894 3289 1202 3358 gratissimo
1233 3290 1388 3347 laetus
1414 3292 1623 3356 nuntio,
1668 3291 1953 3350 confestim

374 3381 407 3441 ιε
428 3378 728 3441 Candidum
750 3388 992 3437 nostrum
1021 3391 1214 3437 vestrae
1238 3382 1452 3438 obviam
1484 3384 1839 3441 sanctissimae
1867 3384 1952 3439 di-

373 3469 595 3526 lectioni
620 3471 845 3543 dirigere
868 3473 1071 3538 studui,
1098 3473 1302 3529 habens
1329 3475 1383 3529 in
1422 3491 1583 3529 manu
1613 3476 1949 3539 munuscula,

368 3563 546 3635 gratia
571 3564 817 3635 senioris,
838 3572 1048 3644 _certus
1074 3565 1330 3623 clientelli
1361 3565 1567 3639 [Forte,
1593 3577 1749 3639 grata
1775 3569 1954 3624 senio-

369 3656 448 3712 ris
486 3656 650 3712 vestri
698 3656 999 3730 clientelli],
1025 3666 1081 3715 et
1124 3660 1177 3721 in
1224 3673 1319 3717 ore
1344 3660 1681 3717 necessarias
1708 3660 1953 3729 magistri

366 3749 694 3816 voluntates,
720 3766 878 3820 quem
897 3752 1203 3823 benignitas
1225 3760 1427 3817 vestra,
1454 3760 1518 3806 ut
1534 3752 1832 3809 clementer
1858 3767 1947 3807 au-

368 3841 505 3906 diat,
531 3842 783 3897 obsecro.
1016 3904 1023 3911 ,

438 3932 675 4002 Tempus
714 3941 798 3988 est
852 3942 911 3988 ut
958 3942 1216 4004 agnoscat
1267 3934 1556 3991 inﬁrmitas
1604 3934 1952 4006 fragilitatem

363 4040 543 4091 suam,
571 4035 627 4080 et
652 4034 763 4081 tota
795 4041 852 4081 se
874 4026 1117 4082 conferat
1145 4028 1197 4080 in
1214 4027 1565 4082 stabilitatem
1593 4028 1787 4082 animm
1810 4041 1951 4082 sum:

364 4127 431 4172 ut
447 4118 697 4188 quamvis
724 4118 958 4177 exterior
979 4118 1140 4175 homo
1163 4131 1429 4175 annorum
1453 4134 1681 4177 numero
1705 4118 1792 4177 vel
1810 4134 1955 4174 mor-

365 4208 560 4265 borum
596 4207 843 4267 molestia
875 4218 1218 4275 conteratur,
1258 4220 1437 4266 tamen
1483 4222 1775 4268 renovetur
1814 4211 1958 4268 desi-

368 4294 522 4351 derio
546 4295 740 4352 salutis
780 4305 998 4352 internae
1040 4297 1266 4353 interior
1302 4299 1369 4353 de
1404 4297 1492 4354 die
1517 4298 1572 4355 in
1599 4297 1762 4355 diem.
1801 4297 1956 4364 Quod

2040 457 2301 528 quidquid
2346 472 2445 526 per
2492 457 2585 513 Dei
2634 455 2944 512 miserantis
2989 458 3220 528 gratiam
3266 463 3398 520 mihi
3448 475 3624 525 vestra

2039 549 2257 617 pietatis
2284 548 2622 617 providentia
2651 548 2915 617 disposuit
2958 552 3256 621 agendum,
3300 559 3627 619 omnimodis

2040 656 2300 711 prospere
2331 640 2462 696 mihi
2502 641 2813 710 pervenisse
2848 643 3092 711 probavi.
3135 644 3270 703 Nam
3301 647 3415 706 fere
3440 662 3463 689 ο
3497 660 3628 708 ante

2040 741 2146 795 hoc
2193 738 2620 809 quinquennium
2670 737 2957 793 saeculares
3003 742 3405 813 occupationes,
3452 745 3623 801 Deum

2041 838 2233 895 testor,
2284 845 2393 884 non
2422 821 2546 883 ﬁcto
2586 828 2751 883 corde
2790 826 3062 883 declinare
3097 831 3349 901 cogitavi.
3392 832 3497 889 Sed
3533 851 3627 890 ve-

2042 932 2171 977 stra:
2203 921 2306 991 piae
2345 920 2697 990 providentiae
2740 919 2967 974 consilio
2992 961 3006 985 ,
3074 922 3365 979 translatus
3408 940 3528 982 sum
3570 927 3627 981 in

2044 998 2325 1070 servitium
2351 1013 2523 1067 sancti
2553 1011 2787 1073 Martini,
2837 1011 2957 1066 lidei
2988 1015 3268 1069 catholica:
3292 1024 3346 1071 et
3368 1017 3627 1073 ecclesia-

2044 1108 2194 1162 sticae
2213 1105 2479 1162 sanctioni
2503 1144 2518 1168 ,
2567 1105 2805 1159 donante
2839 1103 2978 1168 Deo,
3018 1105 3338 1174 proﬁcuum.
3397 1106 3516 1162 Non
3540 1123 3629 1162 re-

2043 1179 2211 1256 cessit
2236 1208 2415 1254 tamen
2441 1197 2510 1252 de
2530 1196 2694 1251 corde
2718 1196 2916 1266 prioris
2939 1197 3229 1252 voluntatis
3249 1196 3494 1265 allectus,
3519 1199 3630 1256 sic-

2044 1299 2105 1344 ut
2135 1297 2408 1347 transacto
2434 1302 2574 1342 anno
2600 1295 2795 1343 vestrae
2818 1286 3004 1358 pietati
3022 1284 3134 1354 jam
3166 1288 3410 1357 praedixi.

2117 1382 2245 1437 llaec
2271 1379 2451 1435 omnia
2480 1388 2659 1435 vestra
2705 1377 3011 1433 consideret
3034 1377 3268 1443 bonitas,
3315 1386 3369 1434 et
3392 1378 3478 1449 pia
3506 1395 3632 1450 pro-

2046 1474 2304 1535 missione
2341 1472 2608 1541 disponat,
2640 1470 2787 1541 quia,
2819 1477 2881 1524 ut
2903 1470 3150 1539 praedixi,
3180 1478 3293 1529 tota
3321 1488 3456 1529 mea:
3478 1488 3630 1528 men-

2047 1566 2115 1622 tis
2157 1564 2387 1620 intentio
2430 1564 2500 1618 ad
2540 1563 2799 1618 bonitatis
2844 1570 3040 1618 vestra:
3086 1562 3366 1620 verissime
3412 1565 3633 1639 respicit

2047 1655 2351 1711 consilium.
2394 1653 2505 1708 Nec
2528 1652 2632 1707 alio
2655 1668 2714 1707 se
2737 1652 2979 1722 quolibet
3005 1651 3189 1725 [Forte
3209 1695 3225 1721 ,
3269 1655 3358 1710 alii
3396 1672 3454 1712 se
3478 1658 3633 1713 cuili-

2047 1744 2158 1817 bet]
2205 1744 2409 1809 credit;
2458 1743 2585 1813 quia
2627 1743 2683 1796 in
2721 1750 2773 1796 te
2812 1751 2923 1798 tota
2954 1742 3285 1803 inﬁrmitatis
3311 1749 3635 1804 senectutis-

2046 1853 2151 1908 que
2175 1851 2310 1891 meae
2338 1834 2636 1890 consolatio
2674 1834 2925 1895 intendit.
2981 1834 3128 1890 Inter
3151 1834 3350 1892 fratres
3376 1836 3432 1891 in
3462 1840 3635 1896 eccle-

2046 1930 2126 1983 sia
2156 1926 2330 1983 sancti
2353 1924 2565 1979 Martini
2590 1923 2701 1979 Deo
2728 1923 2960 2001 ﬁdeliter
2989 1924 3287 1982 servientes
3332 1928 3511 1982 vivere
3548 1929 3631 1984 vel

2044 2018 2420 2089 requiescere,
2470 2015 2579 2070 Deo
2629 2013 2951 2078 miserante,
3002 2014 3120 2069 sine
3168 2013 3275 2069 ulla
3302 2015 3634 2073 dubitatione

2045 2108 2325 2173 desidero;
2395 2104 2744 2177 ejusdemque
2804 2104 3102 2159 beatissimi
3152 2107 3387 2175 pectoris
3432 2105 3633 2178 [Forte

2047 2195 2392 2269 protectoris]
2435 2195 2603 2251 vestri
2649 2193 2969 2265 participem
3025 2208 3145 2250 esse
3193 2195 3248 2251 in
3290 2196 3399 2251 vita
3434 2205 3635 2253 aeterna

2050 2299 2287 2345 vestram
2354 2287 2699 2345 dilectionem
2755 2285 3142 2354 perpetuaiiter
3190 2295 3337 2356 opto.
3418 2286 3635 2359 Hocque

2049 2380 2219 2435 Deum
2265 2378 2496 2435 assiduis
2538 2375 2791 2447 precibus
2843 2376 3093 2441 obsecro,
3141 2384 3201 2430 ut
3245 2391 3484 2446 praesens
3528 2379 3638 2434 vita

2049 2470 2379 2529 excellentia:
2402 2476 2597 2524 vestrae
2617 2467 2732 2537 ejus
2762 2467 2933 2523 sancti
2978 2467 3459 2525 intercessionibus
3485 2469 3638 2540 adju-

2049 2571 2225 2627 vetur,
2252 2567 2587 2633 protegatur,
2617 2567 2672 2614 et
2697 2558 2989 2623 consistat;
3037 2566 3093 2612 et
3114 2566 3236 2626 post
3260 2558 3400 2615 hanc
3435 2570 3636 2617 aeterna

2050 2670 2174 2712 cum
2202 2654 2391 2710 eodem
2418 2650 2750 2706 beatitudine
2774 2647 2976 2719 perfrui
3002 2650 3288 2715 merearis,
3313 2650 3527 2709 domine
3550 2654 3636 2709 di-

2048 2743 2344 2800 lectissime
2376 2749 2431 2797 et
2453 2739 2947 2797 desiderantissime
2969 2739 3157 2803 David.

2437 2850 2596 2922 152
2621 2850 2649 2890 ἀ
2676 2847 3011 2905 EPISTOLA
3046 2848 3257 2907 CXXX.

2650 2960 2716 2998 AD
2764 2958 3034 3001 ARNONEK.

2671 3036 2850 3107 (Anno
2874 3036 3024 3103 soi.)
3054 3064 3059 3073 η

2059 3129 2306 3203 Epistolte
2329 3129 2636 3199 respondet;
2663 3129 2933 3182 sinistram
2974 3129 3320 3197 suspicionem
3352 3145 3386 3180 tt
3416 3144 3470 3182 re
3493 3145 3635 3185 anto-

2123 3209 2222 3263 vet.
2261 3199 2391 3270 Regi
2411 3216 2465 3270 se
2483 3199 2883 3270 suasisse,_ait,
2929 3215 3058 3270 quos
3101 3212 3286 3251 missos
3308 3195 3537 3270 eligeret,
3565 3200 3635 3270 att

2113 3265 2362 3342 justitiaé
2399 3268 2714 3342 ιἀςίεηιὶαε.Δ
2751 3266 2859 3342 Pro
2902 3265 2957 3321 se
2981 3267 3150 3342 D_eum
3174 3265 3448 3342 (maritet
3479 3265 3639 3342 Leoni

2035 3362 2041 3367 ·
2113 3334 2289 3412 papaz,
2323 3334 2552 3412 Paulino
2577 3338 2911 3412 putrium/rw,
2929 3345 2975 3391 et
3001 3335 3158 3412 Petro
3185 3334 3564 3412 Mediolanenst'
3585 3354 3641 3392 se

2122 3406 2478 3465 commendari
2501 3406 2663 3480 cupit.
2707 3407 2969 3461 Hortatur
2986 3407 3195 3480 deruunt
3228 3406 3296 3480 ad
3337 3408 3484 3477 pacis
3505 3408 3641 3462 inter

2074 3500 2075 3505 η
2122 3480 2503 3543 ecclesiasticas
2528 3476 2779 3549 personas
2805 3476 3135 3531 restituendae
3154 3476 3353 3531 studia.

2103 3578 2421 3635 Venerando
2433 3577 2579 3632 Patri
2593 3575 2799 3646 Aquilae
2812 3573 3134 3643 evangelica:
3142 3572 3372 3628 Albinus
3385 3573 3613 3630 salutem
3622 3615 3637 3630 .

2123 3675 2401 3730 Venerunt
2422 3672 2552 3727 mihi
2580 3678 2772 3725 vestrae
2800 3667 3103 3722 dilectionis
3130 3667 3313 3737 apices
3338 3667 3498 3723 melle
3518 3668 3640 3723 dul-

2054 3764 2253 3828 ciores,
2274 3777 2410 3817 auro
2447 3760 2647 3830 obryzo
2679 3758 2943 3829 gratiores
2966 3796 2981 3821 ,
3027 3756 3360 3815 munusculis
3396 3757 3643 3829 sigillata)
3706 3808 3719 3823 ,

2055 3851 2427 3913 suavissimis:
2466 3850 2522 3904 in
2553 3847 2750 3919 quibus
2772 3856 3093 3917 perpetuum
3119 3856 3321 3906 sancta:
3355 3847 3643 3905 charitatis

2055 3943 2299 4011 vigorem
2340 3940 2396 3997 in
2424 3937 2604 3996 cordis
2635 3937 2802 3994 vestri
2848 3952 3048 3993 arcano
3077 3940 3302 4009 agnovi,
3349 3957 3514 4010 quam
3538 3955 3644 3998 nec

2055 4032 2246 4102 Alpina
2277 4029 2479 4101 frigora
2501 4069 2518 4093 ,
2564 4044 2664 4083 nec
2706 4026 2878 4082 Italici
2910 4035 3073 4083 testus
3113 4026 3428 4084 subvertere
3451 4038 3645 4098 potue-

2058 4132 2214 4184 runt:
2264 4121 2361 4178 sed
2390 4121 2532 4175 inter
2576 4134 2767 4174 omnes
2797 4117 2957 4187 hujus
2998 4116 3178 4179 stecnli
3220 4117 3566 4174 diversitates
3587 4127 3645 4183 et

2057 4216 2381 4287 caliginosas
2426 4220 2772 4284 tempestates
2833 4210 2991 4281 quasi
3046 4210 3345 4291 matutinus
3397 4210 3638 4278 Lucifer,

2059 4320 2273 4375 semper
2311 4319 2451 4360 nova
2490 4303 2753 4359 exoritur.
2797 4302 2875 4361 De
2910 4318 3015 4372 qun
3054 4308 3107 4355 et
3132 4301 3245 4371 ipsa
3274 4301 3490 4357 Veritas
3514 4302 3589 4356 ait
3619 4322 3634 4357 :

366 4386 607 4457 qualiter
646 4385 762 4441 ﬁeri
796 4387 996 4447 debeat
1015 4427 1030 4452 ,
1075 4402 1227 4442 mens
1253 4403 1372 4443 mea
1398 4395 1592 4442 vestrae
1618 4387 1838 4463 pietatis
1860 4403 1953 4443 ex—
1980 4397 2030 4461 ι)
2058 4396 2372 4451 Mandatum
2391 4411 2578 4451 nouum
2601 4393 2668 4449 do
2703 4391 2844 4448 vobis
2867 4392 3048 4463 (Joan.
3076 4407 3197 4454 xm,
3233 4390 3347 4461 5i).
3388 4389 3631 4455 Novum;

365 4484 579 4547 spectat
633 4477 938 4533 consilium.
1030 4478 1165 4532 Nam
1219 4479 1266 4536 si
1311 4494 1553 4550 praeceps
1600 4479 1951 4549 pugnantium

365 4571 719 4641 praesumptio
752 4586 895 4640 saepe
932 4570 986 4626 in
1022 4572 1317 4642 periculum
1344 4573 1521 4638 cadit,
1551 4580 1751 4641 quanto
1782 4573 1954 4642 magis

368 4660 467 4733 qui
493 4660 739 4731 spiritale
769 4661 907 4715 inire
936 4661 1138 4729 cogitat
1165 4670 1436 4717 certamen
1457 4701 1471 4725 ,
1521 4661 1563 4715 si
1593 4661 1817 4716 consilio
1844 4676 1951 4716 non

372 4754 582 4826 regitur
620 4753 870 4825 prudenti
897 4793 911 4816 ,
957 4768 1056 4825 per
1090 4753 1237 4808 vices
1275 4752 1480 4809 incerta
1503 4752 1664 4811 sudat
1688 4753 1955 4809 victoria?

368 4845 524 4913 Quod
556 4861 627 4900 ne
651 4845 830 4909 lieret,
874 4851 1061 4899 sancta
1088 4843 1366 4913 prohibuit
1393 4842 1701 4912 Scriptura,
1730 4842 1913 4897 dicens
1938 4860 1951 4896 ε

369 4938 565 4995 Omnia
618 4936 703 4992 fac
749 4952 848 5007 per
891 4936 1212 5001 consilium,
1265 4943 1451 5005 postea
1513 4952 1622 4992 non
1671 4937 1959 5006 ptenitebis

374 5025 565 5098 (Eccli.
597 5041 765 5088 xxxii,
807 5024 920 5096 24).
978 5025 1092 5080 Hoc
1131 5024 1335 5095 optime
1382 5024 1590 5090 sciens,
1640 5026 1747 5081 mei
1790 5026 1961 5096 ipsius

373 5118 553 5173 minus
592 5113 869 5175 conﬁdens
912 5114 1266 5187 dispositione
1306 5123 1501 5173 vestrae
1533 5117 1833 5185 prudentiae
1874 5132 1961 5174 me

444 5241 473 5270 ι
509 5229 635 5284 lam
667 5228 821 5301 Alpes
851 5229 1110 5301 transivit.
1156 5248 1174 5280 ι
1201 5230 1319 5301 ipse
1346 5245 1477 5284 vero
1498 5227 1785 5301 (Carolus)
1817 5228 1960 5284 cele-

369 5297 531 5372 brato
566 5297 742 5372 natali
756 5299 933 5372 sancti
962 5297 1191 5372 Joannis
1221 5297 1476 5371 Baptistae
1508 5297 1651 5372 apud
1674 5297 1957 5372 Epdrejatn

372 5369 568 5443 (force,
597 5370 731 5425 urbs
755 5370 1108 5443 Pedemontii)
1130 5369 1314 5443 Alpes
1329 5369 1699 5443 transgressus
1717 5369 1793 5443 'in
1816 5369 1959 5443 βαι-

371 5440 504 5495 liam
524 5456 779 5496 reversus
808 5448 910 5495 est.
946 5461 963 5493 ι
990 5439 1508 5498 Annal.Loiscliani
1522 5442 1588 5495 ad
1615 5456 1742 5494 ann.
1768 5439 1894 5496 80!.

444 5512 476 5551 δ
513 5510 831 5581 candidum.
866 5509 963 5565 Hic
982 5510 1070 5565 ille
1097 5519 1181 5565 est.
1202 5511 1612 5581 rWitseAlcnini
1641 5509 1959 5581 discipulus,

406 5595 536 5652 item
561 5579 757 5636 Pezius
774 5596 1061 5652 perperam
1086 5580 1509 5652 confunditeum
1529 5581 1699 5636 altero
1720 5579 1962 5652 candido

418 5651 629 5707 uldensi
681 5649 967 5714 monacho,
1005 5652 1072 5706 de
1104 5667 1212 5721 quo
1261 5651 1314 5704 in
1370 5651 1505 5707 Hist.
1562 5652 1666 5706 Lit.
1722 5649 1963 5708 Francia:

378 5728 513 5776 ωσι.
539 5722 607 5786 ν,
639 5736 760 5790 pag.
795 5722 878 5775 10.
914 5722 1245 5777 Cvrttuvor.

2057 4486 2184 4557 quia
2212 4485 2622 4557 evangelicum:
2676 4491 2866 4549 vetus;
2903 4483 3028 4553 quia
3066 4482 3275 4552 legale:
3303 4482 3356 4541 in
3394 4498 3501 4552 quo
3530 4493 3642 4538 tota

2055 4578 2141 4632 lea:
2162 4577 2349 4648 pendet
2375 4584 2423 4630 et
2462 4575 2725 4645 prophetw
2772 4572 2987 4643 (Hattlt.
3038 4589 3172 4639 χχιι,
3194 4572 3284 4636 40)
3307 4590 3320 4639 ;
3348 4574 3403 4628 in
3427 4589 3535 4643 quo
3560 4584 3643 4630 to-

2057 4667 2165 4725 tius
2183 4666 2369 4737 gratite
2395 4678 2604 4720 summa
2626 4663 2895 4718 consistit.
2932 4662 3136 4721 Novum
3162 4678 3177 4716 :
3204 4664 3328 4732 quin
3352 4664 3496 4732 foras
3521 4665 3644 4716 mit-

2055 4758 2115 4813 tit
2146 4759 2385 4811 timorem
2436 4754 2489 4827 (Ι
2512 4755 2673 4810 Joan.
2706 4770 2783 4819 tv,
2818 4754 2924 4826 l8).
2983 4753 3119 4821 Quia
3161 4755 3305 4823 quod
3350 4770 3512 4825 grave
3542 4753 3645 4808 fuit

2056 4865 2154 4920 per
2189 4845 2434 4904 timorem
2454 4887 2469 4911 ,
2510 4845 2624 4901 leve
2649 4846 2753 4901 erit
2781 4860 2878 4914 per
2908 4860 3166 4910 amorem,
3210 4852 3442 4903 testante
3464 4842 3642 4898 chari-

2058 4939 2187 4995 tatis
2213 4936 2392 4993 fonte:
2426 4936 2620 5007 Jugum
2660 4950 2830 4989 meum
2872 4950 3029 4988 suave
3071 4942 3167 4998 est,
3207 4941 3255 4991 et
3299 4948 3430 4987 onus
3466 4946 3640 4989 meum

2058 5028 2163 5085 leve
2205 5038 2280 5085 est
2330 5025 2544 5099 (Matth.
2574 5043 2652 5091 rt,
2686 5023 2798 5095 50).
2837 5024 2914 5079 Ex
2943 5021 3100 5092 hujus
3134 5021 3255 5083 favo
3284 5020 3449 5081 totius
3481 5020 3640 5075 char-

2063 5118 2187 5175 tulae
2213 5128 2317 5175 tua:
2364 5116 2697 5186 resplenduit
2746 5116 2935 5173 series.
2994 5112 3198 5170 Credas
3240 5111 3429 5179 velim,
3480 5109 3641 5171 Pater

2133 5239 2156 5267 ο
2199 5227 2330 5283 Ante
2384 5226 2480 5279 hoc
2519 5225 2947 5295 quinquennium.
2991 5222 3192 5295 Nempe
3224 5235 3365 5295 anno
3395 5219 3519 5295 796.
3561 5219 3641 5275 Ex

2062 5301 2165 5354 hoc
2183 5297 2299 5369 loco
2329 5296 2493 5369 igitur
2521 5289 3172 5369 colligiturtempusiniti
3207 5291 3275 5347 ab
3300 5289 3524 5347 Alcuino
3554 5304 3642 5348 re-

2062 5368 2290 5441 giminis
2302 5362 2617 5441 monasterii
2637 5362 2818 5441 sancti
2831 5362 3077 5441 Martini.

2132 5438 2159 5479 ἀ
2188 5438 2338 5515 ,ΕΛ-ξι.
2362 5434 2563 5515 lliubill.
2598 5432 3108 5515 tlinubilinscriptio
3149 5431 3273 5515 talis
3304 5439 3408 5515 “est
3427 5448 3447 5514 ξ
3484 5428 3646 5515 Fene-

2067 5507 2231 5561 rando
2254 5505 2426 5570 Patri,
2464 5502 2771 5575 evangelicae
2798 5499 3032 5575 lectionis
3053 5503 3272 5575 doctgri.
3302 5499 3409 5575 Sed
3406 5504 3645 5575 integra

2064 5587 2117 5632 et
2134 5575 2425 5717 emergat;
2451 5574 2539 5629 hic
2560 5570 2733 5645 prodit
2763 5588 2827 5627 ex
2873 5574 2989 5629 cod.
3025 5589 3126 5629 ms.
3155 5570 3349 5628 Salisb.
3386 5570 3641 5627 (Frobén.

2066 5662 2180 5717 epis
2212 5687 2224 5700 .
2334 5662 2379 5698 '..

2066 5662 2224 5720 eprsr.
2264 5662 2379 5701 tux.
