4054 6182
411 289 516 345 367

1261 283 1323 338 Β.
1365 282 1426 337 F.
1464 280 1688 336 ALBlNl
1727 279 1856 335 SEL’
1898 275 2172 331 ALCUNI
2208 274 2492 334 OPERUM
2532 270 2708 328 PARS
2744 270 2785 325 Ι.

3570 260 3673 318 568

408 402 718 459 dulcissime
740 442 754 466 ,
798 399 939 473 quod
965 412 1070 452 non
1107 402 1256 450 tanta
1298 394 1565 450 suavitate
1597 403 1622 432 ι
1654 389 1880 444 fratrum
1906 386 1989 441 vel
2018 392 2066 447 Α
2094 385 2342 441 incedere
2384 384 2546 439 valet.
2623 383 2734 452 Ego
2763 392 2891 433 vero
2941 373 3247 431 tardissime
3288 372 3507 427 vulnera
3557 387 3679 428 mea

408 509 659 549 sororum
692 489 956 545 litterulas
985 487 1164 558 legere
1183 485 1332 555 potui
1362 481 1764 544 ultramarinas,
1788 485 1993 557 quanta

413 596 519 642 tute
546 582 847 639 dilectionis
875 580 903 621 ι)
931 578 1291 649 transalpinas
1315 594 1332 630 τ
1363 592 1461 631 nec
1502 575 1611 630 tale
1638 580 1762 645 post
1779 586 1875 627 eos
1899 578 1994 625 tae-

412 676 557 730 dium
586 672 775 743 fatigat
798 685 895 729 cor
924 685 1102 725 meum
1120 710 1134 733 ,
1187 668 1344 739 quale
1372 675 1494 738 post
1520 675 1624 720 tuze
1645 663 1802 718 faciei
1828 661 1992 715 visio-

412 781 533 820 nem
555 761 859 816 amabilem.
902 759 1008 816 Sed
1036 760 1302 829 patienter
1329 757 1607 811 ferendum
1632 762 1717 809 est
1733 750 1993 823 quidquid

406 857 560 925 jubet
584 853 847 924 sapientia
875 853 1054 909 divina
1080 893 1093 914 ,
1128 865 1247 921 quae
1277 850 1453 904 omnia
1498 848 1725 919 disponit
1765 845 1996 899 suaviter

411 947 709 1020 (Sap.vui,
744 946 819 1019 l),
868 954 922 1001 et
958 944 1022 999 in
1072 942 1325 999 cordibus
1370 939 1697 994 famulorum
1747 934 1994 991 diffundit

410 1054 631 1093 suorum
659 1053 757 1108 per
778 1036 951 1091 sancti
993 1034 1226 1103 Spiritus
1252 1031 1481 1102 gratiam
1523 1027 1847 1083 dulcissima:
1861 1026 1994 1080 cha-

413 1130 589 1184 ritatis
615 1129 751 1184 dona
773 1169 786 1191 ,
827 1142 947 1197 qum
984 1126 1125 1179 inter
1152 1123 1379 1178 adversa
1411 1120 1587 1183 fortis,
1615 1130 1672 1175 et
1702 1119 1843 1174 inter
1871 1132 1995 1188 pro-

411 1236 569 1289 spera
616 1218 836 1275 humilis
876 1232 997 1271 esse
1044 1213 1388 1285 congaudet:
1442 1212 1496 1265 in
1541 1210 1786 1280 utrisque
1830 1209 1884 1263 in
1928 1224 1995 1263 eo

411 1326 621 1386 potens,
651 1315 742 1383 qui
772 1313 951 1368 omnia
979 1315 1186 1380 potest:
1219 1322 1407 1364 secura
1438 1306 1503 1360 de
1532 1319 1593 1360 se
1618 1344 1633 1370 ,
1680 1302 1907 1358 sollicita
1928 1302 1996 1355 de

412 1409 544 1464 suis.
585 1405 661 1461 De
686 1419 789 1474 qua
813 1401 1044 1472 plurima
1066 1409 1175 1454 tuae
1199 1394 1516 1453 reverentiae
1546 1392 1784 1449 scribere
1809 1405 1995 1460 super-

412 1512 639 1553 vacuum
662 1496 809 1561 duxi,
850 1494 975 1564 quia
1002 1501 1053 1547 te
1078 1498 1251 1545 totum
1275 1489 1327 1542 in
1357 1502 1419 1541 ea
1446 1498 1566 1541 esse
1590 1483 1775 1538 multis
1801 1479 1997 1551 proba-

415 1588 610 1644 mentis
632 1600 885 1656 agnosco.
920 1585 981 1638 'ln
1011 1598 1115 1653 qua
1146 1580 1376 1635 viriliter
1401 1578 1618 1632 vincere
1658 1572 1997 1629 adversarios

413 1678 609 1742 babes,
640 1688 695 1733 et
716 1675 932 1730 fortiter
955 1688 1196 1745 pugnare
1235 1678 1423 1725 contra
1446 1665 1712 1720 inimicos
1740 1662 2016 1717 Ecclesia:-

2094 468 2409 547 agnoscens,
2434 476 2581 530 circa
2602 473 2788 527 limina
2811 469 2954 525 beati
2984 467 3197 522 Martini
3219 465 3398 520 Patris
3425 466 3596 520 nostri
3624 474 3686 522 et

2092 566 2413 637 protectoris
2446 563 2611 619 vestri
2642 556 2951 616 discu'rrens
2974 599 2988 624 ,
3040 566 3281 613 vestrum
3318 572 3512 613 nomen
3540 560 3685 613 inter

2094 659 2442 715 charissiuias
2481 655 2721 727 quotidie
2759 655 3097 723 ingeminans
3123 668 3416 722 personas;
3459 666 3558 708 nec
3593 667 3684 709 so-

2093 751 2203 807 lum
2231 750 2430 804 veteris
2456 748 2579 802 vita:
2627 745 2810 802 multis
2839 744 3149 800 debilitatus
3188 744 3554 807 cicatricibus,
3584 744 3681 799 sed

2093 853 2191 911 per
2209 839 2418 910 singula
2442 845 2712 892 momenta
2746 834 2958 906 pejores
2992 835 3265 905 prioribus
3311 833 3550 888 ulcerum
3586 835 3683 889 ad»

2094 929 2227 985 deus
2255 927 2485 983 dolores.
2508 925 2524 997 ]
2575 924 2916 995 Quapropter
2944 924 3196 980 obnixius
3223 925 3485 994 deprecor
3525 924 3685 978 fami-

2095 1019 2287 1072 liarem
2324 1026 2522 1072 vestrae
2564 1015 2864 1071 dilectionis
2916 1015 3237 1070 cbaritatem
3274 1025 3336 1070 ut
3367 1015 3523 1079 mihi,
3555 1015 3685 1070 licet

2095 1110 2336 1181 indigno,
2368 1109 2524 1180 153
2562 1108 2796 1164 assiduis
2840 1107 3151 1163 sanctitatis
3191 1115 3386 1162 vestrm
3428 1107 3685 1177 precibus

2097 1206 2238 1273 apud
2265 1203 2745 1258 clementissimum
2772 1200 3109 1256 Salvatorem
3136 1208 3408 1269 perpetua:
3433 1201 3684 1256 sanitatis

2096 1293 2416 1349 medicinam
2459 1293 2749 1363 deposcere
2795 1291 3015 1347 studeas
3038 1332 3052 1356 ,
3096 1299 3152 1345 et
3193 1305 3543 1362 quoscunque
3568 1291 3684 1348 Deo

2095 1383 2315 1439 Christo
2340 1381 2523 1437 ﬁdeles
2552 1382 2793 1436 invenies
2820 1379 3076 1444 famulos,
3124 1389 3336 1451 tuaeque
3362 1384 3686 1437 reverentia:

2097 1488 2264 1529 sacrae
2297 1473 2599 1529 dilectionis
2618 1472 2832 1528 vinculo
2860 1471 3162 1541 conjunctis
3187 1487 3273 1527 me
3299 1474 3685 1529 commendare

2097 1580 2282 1621 curam
2305 1564 2539 1629 habeas;
2571 1563 2648 1636 [et
2668 1564 2901 1619 maxime
2923 1564 3142 1619 domino
3180 1577 3300 1619 meo
3328 1563 3682 1620 dilectissimo

2098 1657 2263 1713 Leoni
2289 1671 2460 1728 papae,
2487 1655 2816 1726 Paulinoque
2836 1656 3178 1725 patriarchae,
3208 1665 3265 1710 et
3285 1655 3449 1711 Petro
3476 1655 3681 1712 Medio-

764 1730 971 1821 corona.
998 1730 1170 1818 laudis
1206 1762 1263 1816 in
1300 1760 1388 1814 die
1426 1756 1641 1811 Domini
1671 1753 1842 1808 nostri
1869 1751 1993 1806 Jesu
2029 1730 2072 1789 θ
2101 1750 2305 1805 lanensi
2333 1748 2736 1818 archiepiscopo
2762 1788 2776 1811 ,
2821 1763 2923 1802 nec
2966 1763 3072 1803 non
3133 1747 3363 1804 aliorum
3410 1747 3682 1820 religiosae

304 1848 311 1857 “
412 1860 615 1917 Christi
643 1871 697 1917 te
728 1870 954 1930 tuosque
979 1863 1361 1926 consequatur.

481 1952 734 2020 Quaedam
784 1950 1114 2022 apologetica
1160 1948 1325 2003 verba
1374 1945 1482 2001 tuis
1520 1944 1726 1999 inserta
1752 1939 1997 2010 legebam

413 2045 647 2109 litteris,
693 2043 970 2098 aestimans
1016 2054 1103 2096 me
1152 2037 1315 2094 irasci
1372 2051 1473 2107 pro
1525 2033 1757 2104 quodam
1803 2030 1993 2092 fratre,

411 2136 555 2204 quod
603 2135 824 2190 omnino
866 2149 973 2188 non
1012 2130 1115 2186 feci
1149 2148 1162 2184 :
1213 2128 1324 2201 [vel
1367 2129 1436 2181 ab
1470 2125 1575 2180 alio
1622 2124 1809 2178 audire
1852 2121 1997 2191 quod

412 2226 625 2295 scripsi,
656 2225 799 2295 quod
818 2223 1125 2278 nullatenus
1158 2233 1346 2275 verum
1377 2217 1495 2272 fuit.
1565 2214 1670 2270 Sed
1701 2222 1760 2268 ut
1796 2213 1873 2268 rei
1900 2212 1995 2267 tibi

412 2321 694 2375 veritatem
719 2318 1028 2381 ostendam,
1066 2314 1283 2372 occasio
1308 2309 1469 2381 hujus
1498 2308 1838 2382 cogitationis
1863 2307 1996 2362 mihi

413 2408 515 2464 fuit
554 2426 620 2466 ex
664 2425 729 2464 eo
764 2394 906 2479 quod
940 2407 1167 2462 alterum
1217 2401 1529 2467 abstraxisti
1551 2417 1580 2455 a
1610 2414 1725 2465 me,
1758 2400 1848 2469 qui
1870 2413 1997 2469 pro-

413 2500 615 2557 fectum
650 2500 828 2555 facere
882 2498 1077 2570 potuit.
1170 2495 1329 2551 Salva
1384 2493 1687 2549 certissime
1731 2481 1997 2547 charitate

414 2590 600 2662 aperui
647 2588 1008 2658 suspicionem
1056 2600 1269 2649 meam,
1319 2582 1452 2639 nihil
1491 2581 1696 2637 sinistri
1723 2580 1997 2636 :estimans

415 2692 563 2736 tuam
591 2681 656 2737 de
677 2679 813 2735 meis
832 2676 1029 2732 litteris
1052 2674 1483 2732 benevolentiam
1520 2670 1814 2740 suspicari,
1845 2670 1996 2741 quasi

413 2774 549 2828 alter
579 2780 802 2843 propter
844 2783 1019 2826 meam
1063 2783 1172 2824 non
1214 2765 1499 2838 proﬁceret
1539 2762 1917 2834 negligentiam
1943 2761 1996 2833 ;]

414 2864 542 2921 dum
589 2860 871 2916 verissime
919 2873 1041 2913 eum
1082 2871 1260 2911 meum
1308 2869 1430 2910 esse
1474 2858 1721 2923 putarem
1743 2893 1758 2916 ,
1801 2852 1845 2907 si
1877 2859 2000 2905 tuus

412 2969 533 3008 esse
546 2953 825 3016 voluisset,
849 2965 1050 3005 cavens
1066 2948 1197 3003 illud
1217 2947 1437 3004 Senecae
1450 2945 1709 3014 sapientis
1730 2944 1961 3016 elogium
1984 2962 1994 2996 :

2098 1844 2220 1897 vitae
2245 1843 2517 1905 virorum,
2548 1853 2775 1910 quorum
2811 1839 3029 1893 nomina
3060 1840 3264 1910 scripta
3290 1846 3417 1894 sunt
3439 1838 3495 1894 in
3525 1840 3684 1896 caelis

2098 1932 2266 2005 (Phil.
2296 1949 2374 1999 1v,
2399 1932 2518 2006 3)],
2549 1941 2613 1987 ut
2648 1943 2849 1988 nostrae
2866 1932 3154 2002 parvitatis
3191 1948 3384 1988 nomen
3411 1935 3465 1988 iu
3490 1936 3681 1990 cordi-

2097 2026 2197 2080 bus
2223 2025 2541 2080 conscribas
2588 2025 2867 2092 deprecor,
2915 2032 3180 2094 quatenus
3218 2039 3285 2079 ex
3326 2025 3682 2096 plurimorum

2096 2115 2348 2185 precibus
2374 2122 2686 2169 sanctorum
2712 2154 2727 2179 ,
2767 2114 2998 2184 plurima
3039 2114 3169 2169 mihi
3199 2126 3544 2184 peccatorum
3572 2118 3685 2172 sol-

2096 2214 2295 2260 vantur
2320 2207 2555 2261 vincula.
2596 2206 2677 2259 Tu
2699 2220 2849 2271 vero,
2879 2206 3220 2261 sanctissime
3241 2207 3419 2273 Pater,
3442 2210 3685 2278 paciﬁczc

2099 2309 2305 2349 ramum
2326 2295 2483 2350 olivae
2511 2311 2606 2350 ore
2632 2293 2812 2350 ferens
2840 2296 2892 2350 in
2923 2311 3105 2351 arcam
3127 2295 3339 2351 Domini
3364 2296 3530 2370 (Gen.
3558 2315 3679 2365 vm,

2100 2386 2209 2456 li),
2255 2385 2459 2441 alienas
2505 2386 2811 2456 iniquorum
2871 2386 3237 2445 dissensiones
3284 2398 3405 2445 tuas
3444 2390 3683 2447 facesse

2098 2479 2394 2543 mercedes,
2419 2493 2679 2534 revocans
2698 2493 2792 2534 eos
2812 2480 2880 2534 ad
2907 2488 3107 2537 sanctae
3142 2483 3290 2552 pacis
3311 2485 3679 2549 concordiam,

2097 2567 2404 2639 utpopulus
2432 2569 2662 2634 rectori,
2709 2578 2765 2625 et
2809 2585 2940 2641 grex
2981 2573 3213 2642 pastori,
3253 2582 3307 2629 et
3332 2571 3426 2629 ﬁlii
3457 2578 3684 2646 proprio

2097 2659 2351 2715 obediant
2380 2659 2548 2725 Patri,
2577 2668 2633 2715 et
2650 2659 2811 2717 Pater
2831 2661 2956 2718 ﬁliis
2982 2663 3167 2733 praesit
3202 2665 3257 2719 in
3286 2680 3419 2735 pace
3447 2676 3504 2720 et
3531 2682 3683 2721 man-

2100 2749 2402 2814 suetudine,
2421 2751 2557 2805 utin
2574 2752 2824 2807 omnibus
2847 2769 2955 2808 una
2978 2754 3049 2809 sit
3064 2755 3347 2812 charitatis
3368 2761 3679 2822 concordia,

2098 2858 2168 2897 ne
2210 2857 2321 2912 qua
2368 2843 2521 2897 radix
2567 2842 2706 2898 ultra
2754 2846 3134 2902 amaritudinis
3178 2863 3359 2904 ramos
3401 2860 3683 2905 venenati:

2100 2933 2449 2989 dissensionis
2499 2934 2762 3003 pullulare
2821 2938 2994 3006 possit
3042 2937 3069 2978 ἀ
3116 2939 3258 2994 inter
3311 2943 3682 2999 sanctissimas

414 3043 588 3098 Meum
631 3050 685 3097 et
726 3049 875 3095 tuum
906 3038 1137 3093 mundus
1157 3037 1438 3092 destruxit.
1482 3034 1661 3107 [Nihil
1688 3043 1796 3088 tam
1837 3031 1997 3087 fami-
2025 3072 2071 3134 Ο
2102 3023 2480 3125 ecclesiasticae
2516 3024 2791 3094 dignitatis
2808 3041 3087 3096 personas.
3127 3027 3211 3083 Sit
3235 3032 3289 3085 in
3311 3046 3407 3086 ore
3438 3041 3528 3088 tuo
3549 3032 3676 3088 tuba

416 3134 549 3188 Iiare
596 3134 648 3185 in
692 3144 963 3201 quoquam
1006 3136 1219 3183 tuorum
1268 3128 1497 3182 sentiasr
1526 3126 1666 3197 apud
1709 3140 1824 3189 me;
1864 3123 1997 3179 nihil

2100 3114 2366 3201 veritatis,
2394 3123 2452 3168 ut
2473 3128 2578 3183 pax
2604 3123 2658 3169 et
2683 3118 2883 3172 veritas
2914 3132 2980 3172 ex
3016 3118 3124 3173 tuis
3150 3134 3367 3190 semper
3390 3122 3681 3178 audiantur

415 3222 650 3279 alienum
678 3235 745 3275 ex
766 3219 901 3275 meis
930 3218 1108 3274 sciens
1151 3218 1291 3287 apud
1338 3215 1439 3287 te.]
1492 3214 1629 3283 Quia
1674 3214 1814 3285 quod
1858 3213 1999 3268 Deus

413 3311 709 3382 conjunxit,
736 3309 889 3365 homo
911 3326 1014 3364 non
1037 3317 1240 3380 separet
1269 3305 1484 3378 (Matth.
1509 3321 1621 3368 XIX,
1650 3304 1739 3376 6);
1779 3318 1879 3360 nec
1911 3303 1996 3359 lo-

415 3402 803 3466 cisxdividatur,
853 3400 997 3471 quod
1026 3398 1296 3455 mentibus
1336 3395 1698 3466 conjungitur.
1762 3395 1865 3452 Ubi
1893 3411 1997 3451 una

413 3506 500 3556 est
526 3496 802 3561 charitas,
847 3495 921 3552 ibi
956 3492 1171 3549 diversa
1212 3506 1319 3547 non
1355 3496 1438 3545 est
1485 3488 1754 3544 voluntas.
1813 3486 1998 3560 [Quod

415 3605 545 3647 vero
566 3598 659 3644 tua
678 3588 825 3642 bona
849 3601 949 3657 pro
970 3585 1263 3640 multorum
1287 3582 1460 3639 salute
1485 3580 1843 3653 providentia,
1875 3594 1999 3636 sua-

414 3680 644 3734 dendum
686 3678 818 3734 mihi
863 3676 1071 3732 censuit
1114 3674 1431 3732 dulcissimo
1479 3688 1600 3728 meo
1634 3672 1828 3737 David,
1871 3683 1894 3712 α
1932 3672 1999 3726 de

348 3808 358 3821 .
417 3773 704 3826 missorum
747 3769 1008 3824 electione
1034 3808 1050 3833 ,
1089 3767 1182 3836 qui
1233 3767 1539 3822 discurrere
1577 3762 1836 3834 iubentur
1885 3763 1996 3836 (ad)

413 3864 647 3934 justitias
667 3861 969 3925 faciendas,
999 3860 1140 3915 scias
1165 3858 1470 3915 certissime
1488 3866 1544 3913 et
1572 3858 1677 3913 hoc
1694 3871 1783 3912 me
1806 3856 2000 3928 saepius

417 3955 628 4015 fecisse,
680 3960 736 4007 et
785 3950 897 4005 suis
937 3962 1153 4020 quoque
1204 3950 1434 4005 suadere
1479 3947 1824 4005 consiliariis.
1892 3946 1998 4005 Sed

416 4045 553 4117 proh
578 4042 756 4098 dolor!
804 4040 915 4096 rari
963 4039 1329 4103 inveniuntur,
1379 4054 1610 4111 quorum
1641 4039 1853 4111 ingrata
1876 4036 1996 4111 [F.,

414 4132 652 4206 ﬁrmata]
682 4133 737 4187 in
776 4130 875 4187 'Dei
923 4131 1118 4186 timore
1155 4145 1310 4185 mens
1343 4144 1558 4185 omnem
1593 4137 1815 4199 respuat
1848 4128 2001 4200 cupi-

415 4226 659 4288 ditatem,
699 4230 753 4275 et
790 4221 871 4274 via
898 4219 1045 4288 regia
1070 4218 1212 4273 inter
1240 4232 1502 4287 personas
1529 4216 1753 4272 divitum
1781 4226 1835 4272 et
1869 4231 2001 4287 pau-

415 4330 606 4387 perum
636 4311 882 4367 miserias
900 4324 1128 4381 pergere
1152 4308 1314 4374 velit,
1344 4306 1631 4364 Salomone
1660 4315 1950 4364 attestante
1977 4323 1994 4362 :

2098 3200 2284 3268 labiis;
2334 3212 2392 3259 et
2421 3206 2565 3275 quod
2602 3203 2887 3262 Psalmista
2930 3209 3156 3276 cecinit,
3210 3226 3316 3267 non
3345 3212 3515 3267 solum
3541 3214 3594 3269 in
3625 3223 3678 3271 te

2100 3293 2402 3364 linpleatur,
2448 3296 2545 3350 sed
2572 3298 2737 3352 etiam
2755 3312 2858 3367 per
2883 3300 3013 3354 tein
3058 3300 3256 3358 multos
3283 3303 3543 3373 proﬁciat,
3581 3305 3676 3361 ubi

2100 3386 2177 3439 ait
2210 3404 2223 3440 :
2267 3387 2635 3443 Misericordia
2660 3401 2709 3444 et
2739 3393 2926 3447 veritas
2970 3393 3304 3449 obviaverimt
3348 3397 3466 3464 sibi,
3502 3414 3610 3469 pax
3628 3412 3678 3454 ct

2089 3479 2302 3548 justitia
2343 3481 2626 3552 complexa:
2664 3493 2786 3539 sunt
2828 3501 2882 3540 se
2922 3482 3094 3557 (Paul.
3149 3503 3367 3555 Lxxxrv,
3415 3490 3523 3561 li).
3564 3491 3678 3547 Hoc

2097 3577 2183 3624 est
2206 3585 2344 3640 opus
2366 3579 2515 3626 tuum
2544 3573 2602 3627 in
2625 3574 2728 3629 hac
2752 3577 3005 3645 praesenti
3034 3576 3183 3644 luce;
3218 3579 3333 3634 haec
3361 3589 3446 3635 est
3466 3596 3681 3640 merces

2100 3665 2191 3712 tua
2234 3660 2288 3715 in
2330 3669 2533 3717 interna
2573 3662 2763 3732 gloria.
2815 3664 2907 3721 Ait
2953 3668 3098 3723 enim
3138 3668 3351 3739 quidam
3397 3680 3553 3742 poeta
3606 3674 3678 3728 de

2097 3764 2262 3821 opere
2279 3753 2539 3809 carminis
2561 3756 2864 3828 evangelici
2885 3775 2907 3811 τ

2221 3842 2326 3911 ﬂos
2341 3857 2464 3907 opus
2484 3845 2577 3911 bpc
2597 3851 2781 3911 etenim
2803 3846 2961 3911 forsan
2995 3862 3076 3900 me
3099 3850 3359 3902 subtrahet
3382 3855 3529 3911 iane:

2220 3898 2358 3958 Tunc
2375 3898 2485 3958 eum
2502 3907 2819 3961 ﬁammivoma
2836 3898 2990 3973 iudex
3013 3898 3367 3965 descenderat}
3384 3898 3522 3965 me;

2098 3988 2283 4045 Dicam
2314 4004 2416 4063 ego
2440 4008 2455 4044 :

2220 4081 2327 4153 l_loc
2342 4095 2465 4145 opus
2487 4083 2578 4153 hec
2601 4085 2900 4153 etenimpon
2924 4086 3081 4153 solum
3102 4089 3361 4141 subtrahet
3380 4091 3519 4153 igne,

2218 4142 2292 4195 Te
2310 4142 2426 4206 jam,
2445 4147 2534 4196 sed
2557 4145 2694 4196 faciat
2714 4149 2821 4197 αωιί
2845 4151 3178 4201 conscendere
3204 4154 3251 4201 in
3275 4142 3456 4203 arcem.

2097 4227 2237 4299 Lege
2291 4226 2555 4296 feliciter,
2604 4238 2658 4285 et
2686 4231 2962 4289 humiliter
3002 4250 3272 4306 agnosce,
3304 4244 3361 4292 et
3409 4239 3678 4295 veraciter

2095 4318 2315 4390 perﬁce,
2344 4335 2465 4390 quae
2507 4322 2746 4378 Charitas
2771 4324 3005 4394 scripsit,
3033 4333 3088 4382 et
3114 4324 3362 4385 Christus
3389 4329 3676 4386 demanda-

424 4405 647 4461 κηποι-α
666 4411 930 4459 επωσαηι
958 4400 1118 4456 corda
1137 4400 1473 4471 prudentum,
1494 4407 1544 4453 et
1565 4399 1864 4453 subvertant
1884 4414 1996 4453 uer-

2096 4410 2195 4474 vit,
2217 4418 2276 4464 ut
2302 4409 2453 4465 ﬁant.

418 4497 482 4550 ba
500 4496 766 4566 justorum
812 4491 1000 4564 (Eccli.
1028 4507 1122 4557 xx,
1150 4491 1248 4557 3i;
1298 4489 1471 4546 Exod.
1498 4505 1663 4554 xxm,
1690 4489 1767 4562 8).
1826 4489 1884 4545 Si
1914 4498 1992 4544 ta-

418 4600 541 4640 men
583 4583 714 4653 justi
753 4589 916 4648 sunt,
963 4597 1192 4651 quorum
1235 4580 1402 4636 verba
1437 4581 1700 4637 sceierata
1731 4581 1994 4652 cupiditas

418 4679 732 4731 subvertere
748 4672 986 4742 poterit:
1015 4671 1098 4726 vel
1124 4672 1419 4741 prudentes
1450 4679 1596 4727 recte
1621 4672 1727 4727 dici
1748 4681 1990 4743 possunt,

419 4778 650 4837 quorum
692 4764 854 4819 corda
902 4760 1219 4817 muneribus
1260 4771 1620 4816 excaecantur.
1683 4761 1894 4826 Radix,
1938 4769 1996 4816 ut

417 4856 706 4930 Apostolus
733 4856 848 4921 ait,
898 4853 1130 4909 omnium
1177 4852 1435 4906 malorum
1463 4853 1722 4923 cupiditas
1771 4852 1823 4923 (I
1855 4852 1990 4907 Tim.

418 4969 494 5017 vi,
530 4948 638 5023 l0),
668 4963 832 5019 quam
855 4946 947 5017 qui
973 4945 1236 5013 sequitur,
1260 4944 1406 4999 nullo
1432 4944 1591 4999 modo
1613 4944 1755 4998 viam
1771 4943 1998 5012 iustitiae

489 5074 515 5104 ι
556 5057 808 5115 Fratrum
842 5066 890 5112 et
918 5071 1177 5112 sororum.
1200 5053 1456 5109 Alcuinus
1473 5053 1577 5110 hoc
1593 5053 1711 5108 loco
1723 5053 1997 5109 Arnonem

418 5149 450 5188 e
467 5132 695 5187 fratrum
725 5143 945 5184 suorum
991 5139 1218 5195 numero
1241 5124 1374 5179 satis
1393 5132 1577 5195 aperte
1604 5120 1891 5180 excludere
1914 5124 1998 5180 vi-

398 5220 409 5231 ν’
419 5205 594 5260 detur.
626 5200 764 5257 Vide
782 5207 1031 5267 nostram,
1046 5193 1435 5267 praefationem.

492 5271 522 5313 δ
561 5267 981 5338 Transalpinas
1008 5261 1159 5321 A'rno
1208 5266 1372 5338 igitur
1400 5272 1530 5338 tunc
1565 5272 1716 5338 trans
1743 5261 1904 5338 Alpes
1942 5264 1998 5338 in

420 5339 591 5407 Italia,
618 5340 730 5395 imo
749 5331 936 5394 Roma:
959 5335 1079 5401 fuit,
1101 5331 1253 5407 quod
1272 5350 1340 5391 ex
1367 5335 1488 5391 aliis
1513 5336 1675 5391 etiam
1699 5331 1861 5403 hujus
1888 5334 1999 5406 epi-

422 5409 575 5467 stola
605 5410 787 5464 verbis
820 5407 1125 5462 innotescit.

494 5489 517 5519 α
560 5474 637 5533 Dc
666 5479 944 5534 missorum
986 5475 1251 5533 electione.
1292 5476 1404 5532 Hoc
1424 5474 1657 5531 Arnonis
1696 5481 1750 5529 et
1786 5473 2000 5529 Alcuini

421 5546 709 5606 consilium
728 5546 953 5603 Carolus
977 5555 1195 5603 secutus
1243 5546 1457 5601 videtur
1485 5560 1626 5601 anno
1653 5544 1778 5602 802.
1819 5562 1837 5595 ι
1858 5541 1999 5597 Piis-

422 5618 596 5674 simus
620 5617 765 5671 enim
792 5617 1103 5685 imperator,
1127 5626 1188 5673 ut
1237 5614 1471 5685 loquitur
1500 5615 1804 5670 Cbronicon
1842 5610 2002 5685 _Mois-

424 5688 690 5751 siacense,
706 5682 886 5755 noluit
900 5687 1243 5755 pauperiores
1270 5682 1456 5739 vassos
1478 5699 1606 5739 suos
1633 5682 2001 5755 transmittere

425 5758 494 5816 ad
513 5755 750 5828 inﬁtias
774 5753 1060 5811 faciendas.
1082 5764 1303 5825 propter
1325 5768 1578 5817 munera;
1608 5755 1700 5808 sed
1721 5753 1883 5823 elegit
1906 5766 1997 5804 ar-

2565 4514 2588 4543 °
2626 4503 2958 4561 EPISTOLA
2991 4506 3225 4565 CXXXI.

2602 4613 2668 4650 AD
2706 4611 2924 4651 DOIINU!
2963 4613 3159 4655 REGEI.

2696 4688 2882 4761 (Anno
2917 4690 3075 4764 son.)

2098 4776 2258 4832 Mittit
2288 4794 2381 4851 per
2401 4779 2660 4849 famulum
2688 4798 2841 4837 suum
2869 4800 3047 4839 sacros
3079 4785 3238 4841 libros
3271 4805 3302 4842 a
3331 4805 3387 4844 sc
3429 4792 3485 4845 in
3511 4808 3674 4848 unum

2445 4865 2633 4921 corpus
2657 4851 2895 4907 collectos
2928 4863 2977 4909 ct
2999 4856 3318 4913 emendatos.

2168 4941 2395 4998 Domino
2434 4943 2930 5002 desiderantissimo
2959 4948 3258 5019 meritoque
3278 4951 3494 5008 amabili
3508 4953 3679 5010 David

2096 5056 2462 5130 eliicpiscopos
2503 5065 2569 5130 et
2602 5055 2852 5130 reliquos
2878 5058 3157 5130 episcopos
3190 5067 3246 5115 et
3289 5062 3513 5119 abbates
3553 5081 3678 5120 cum

2097 5126 2321 5209 ducibus
2348 5133 2405 5209 et
2433 5127 2739 5209 comitibus,
2765 5128 2854 5197 qui
2877 5126 2990 5209 jam
3027 5126 3162 5198 opus
3197 5146 3304 5186 non
3323 5132 3562 5190 habeant
3588 5150 3680 5191 su-

2095 5211 2193 5269 per
2210 5200 2520 5269 innocentes
2544 5211 2767 5269 munera
2797 5200 3063 5269 accipere,
3088 5209 3194 5256 etc.
3226 5220 3244 5254 ο

2165 5265 2192 5306 ά
2234 5263 2383 5344 I_nter
2405 5267 2761 5344 sanctissimas
2785 5263 3150 5344 ecclesiastica;
3192 5272 3465 5344 dignitatis
3497 5290 3683 5344 perso-

2099 5353 2214 5407 nas.
2237 5335 2430 5407 Roma:
2452 5335 2637 5405 utique
2666 5352 2826 5392 causa
2865 5336 3059 5394 Leonis
3086 5337 3151 5394 Ill
3174 5335 3514 5407 dissidentes,
3540 5351 3596 5398 et
3618 5344 3682 5397 ﬁ-

2098 5406 2212 5460 nito
2235 5405 2361 5484 licet
2388 5416 2572 5459 contra
2602 5407 2899 5484 parricidas
2914 5408 3122 5484 judicio
3141 5452 3155 5474 ,
3206 5408 3441 5468 nondum
3468 5405 3684 5484 integre

2099 5476 2438 5548 conciliatos;
2462 5488 2581 5542 quae
2606 5491 2692 5548 res
2712 5476 2923 5548 Arnum
2938 5480 3275 5548 potissimum
3304 5476 3682 5540 commendata

2101 5545 2220 5626 fuit,
2248 5552 2316 5626 ut_
2332 5557 2396 5626 ex
2410 5544 2524 5626 hac
2547 5545 2777 5626 epistola
2806 5544 2964 5626 plane
2982 5559 3222 5626 constat.
3255 5550 3501 5626 Pertinet
3522 5568 3685 5626 frgi)

2102 5617 2215 5683 haec
2235 5613 2477 5697 epistola
2503 5613 2627 5697 meo
2651 5613 2867 5697 quidem
2900 5617 3128 5697 judicio,
3159 5621 3225 5697 ad
3250 5616 3451 5697 annum
3477 5622 3607 5697 8ίηίἼ

2175 5698 2198 5725 ε
2237 5682 2376 5739 Εοὶὶῑ.
2403 5682 2769 5751 ριιρτρειι.’ἳο,
2806 5704 2868 5744 ex
2901 5682 3019 5745 'nts.
3062 5682 3314 5760 (Froben.
3343 5694 3506 5764 epist.
3534 5693 3679 5762 l05).
