4070 6182
341 358 452 412 569

1779 350 2134 407 EPISTOLE
2145 392 2156 403 .

3515 359 3623 413 370

344 469 481 540 regi.
518 466 748 522 Albinus
770 465 1053 536 praesentis
1093 461 1467 534 prosperitatis
1494 471 1546 514 et
1571 469 1784 516 aeterna:
1807 462 1935 516 hea-
1965 466 2012 526 Α
2040 459 2093 514 in
2115 460 2299 525 corde,
2329 460 2408 515 fas
2435 477 2553 519 esse
2582 464 2792 520 videtur
2829 469 3145 537 opportunis
3173 468 3380 526 vicibus
3408 470 3620 529 littera-

341 560 593 617 titudinis
621 558 678 613 in
703 556 920 613 Christo
946 555 1195 612 salutem.

416 650 521 705 Diu
550 648 858 705 deliberans
883 648 1012 718 quid
1046 646 1243 703 mentis
1269 660 1400 703 mea:
1434 647 1649 701 devotio
1673 647 1741 701 ad
1765 645 1936 716 splen-

341 740 533 795 dorem
556 738 854 810 imperialis
881 739 1138 808 potentia:
1175 747 1368 794 vestra:
1395 749 1557 808 atque
1586 747 1935 809 augmentum

338 830 741 902 opulentissimi
773 831 1014 885 thesauri
1068 829 1269 891 vestri,
1319 830 1562 885 muneris
1608 829 1934 899 condignum

342 924 589 993 reperire
614 922 919 993 potuisset,
971 935 1037 976 ne
1084 921 1413 991 ingeniolum
1464 920 1629 975 animi
1661 919 1785 984 mei,
1813 919 1935 974 aliis

339 1013 558 1070 diversa
582 1012 894 1068 divitiarum
916 1012 1056 1067 dona
1102 1009 1470 1075 oﬁ‘ercmibue,
1503 1011 1614 1066 otio
1644 1011 1936 1081 torpuisset

341 1108 517 1176 inani,
549 1116 605 1163 et
642 1107 829 1162 vacuis
857 1106 1107 1160 inanibus
1138 1105 1420 1176 parvitatis
1461 1104 1619 1177 15.74.
1648 1119 1781 1160 mea:
1808 1104 1936 1159 mis-

340 1216 438 1254 sus
458 1206 586 1252 ante
607 1196 803 1253 faciem
831 1195 1181 1250 beatitudinis
1210 1202 1403 1250 vestra:
1423 1195 1687 1249 venisset:
1718 1194 1935 1250 tandem

341 1289 554 1360 Spiritu
599 1297 788 1344 sancto
815 1287 1113 1356 inspirante
1159 1286 1359 1350 inveni,
1394 1287 1538 1355 quod
1561 1299 1681 1373 meo
1717 1285 1936 1340 nomine

345 1388 675 1450 competeret.
702 1377 916 1442 olferrc,
946 1388 1000 1432 et
1042 1376 1170 1447 quid
1201 1385 1391 1432 vestrae
1436 1376 1735 1447 prudentia:
1788 1392 1936 1431 ama-

342 1473 449 1529 bile
475 1487 598 1527 esse
629 1471 914 1541 potuisset.
952 1470 1093 1539 Ergo
1120 1469 1173 1524 in
1200 1477 1396 1524 vestrm
1441 1467 1654 1539 pietatis
1678 1469 1936 1525 sacratis-

340 1566 477 1619 sima
507 1562 868 1619 sollicitudine
922 1577 1027 1617 non
1078 1560 1240 1615 dubie
1264 1567 1412 1630 patet
1439 1560 1566 1629 quid
1619 1575 1716 1631 per
1757 1575 1853 1616 vos
1881 1560 1936 1614 in

340 1657 510 1713 totius
539 1654 797 1712 Ecclesia:
825 1653 1051 1709 salutem
1091 1652 1328 1722 Spiritus
1373 1662 1594 1707 sanctus
1639 1658 1931 1721 operetur:

339 1756 397 1801 et
431 1745 654 1816 quantis
683 1744 1061 1799 universorum
1097 1742 1333 1799 ﬁdelium
1379 1741 1630 1811 precibus
1658 1742 1730 1797 sit
1753 1749 1938 1811 optan-

2042 566 2160 604 rum
2193 549 2339 606 foras
2369 553 2665 609 scintillare
2691 556 2871 612 ofﬁcio
2906 577 2917 611 :
2957 574 3044 628 ne,
3076 560 3441 617 taciturnitate
3491 563 3623 618 vile-

2012 638 2177 706 'scat,
2200 658 2318 712 qua:
2338 643 2493 698 novis
2520 660 2730 715 semper
2769 647 3151 729 beneﬁciorum
3175 649 3426 707 fomentis
3454 655 3625 707 nutri-

2043 739 2147 783 tur.
2176 730 2312 786 Ecce
2340 731 2565 789 Flaccus
2593 736 2752 790 eﬁ'cto
2788 752 3017 807 corpore
3043 780 3058 804 ,
3109 740 3358 796 militaris
3409 743 3626 814 cingulo

2041 820 2241 876 laboris
2260 820 2525 892 deposito,
2549 829 2841 881 secundum
2868 828 3167 899 piissimum
3198 832 3399 887 domini
3420 835 3501 888 sui
3525 834 3620 888 Da-

2042 909 2129 963 vid
2164 912 2446 966 consilium
2474 954 2488 980 ,
2532 914 2721 971 devote
2746 915 2858 971 Deo
2878 917 2975 973 soli
3005 919 3186 988 quieta
3236 936 3368 990 pace
3420 924 3625 978 servire

2044 1009 2154 1056 toto
2176 1001 2337 1074 elegit
2381 1002 2678 1060 desiderio:
2712 1007 2841 1076 quid
2867 1006 3059 1080 [Edit.,
3093 1010 3260 1084 quod]
3294 1012 3484 1068 iterum
3526 1029 3623 1085 pu-

2042 1105 2143 1160 gna
2154 1104 2209 1143 re
2239 1092 2475 1163 cogitur,
2499 1101 2552 1148 et
2577 1094 2676 1149 sub
2709 1094 2856 1152 fasce
2877 1113 3153 1154 armorum
3197 1100 3482 1169 desudare,
3508 1118 3630 1175 quae

2045 1183 2243 1239 inﬁrmi
2270 1187 2512 1257 corporis
2537 1188 2765 1261 denegat
2811 1189 3075 1262 fragilitas
3109 1194 3175 1249 de
3208 1202 3354 1249 terra
3392 1205 3625 1252 tantum-

2043 1276 2202 1330 modo
2226 1275 2425 1331 levare.
2469 1276 2580 1333 Nisi
2609 1278 2788 1336 forsan
2834 1283 3179 1353 subsequenti
3226 1295 3467 1357 tempore
3512 1288 3632 1359 ejus

2006 1367 2448 1437 -tnisericordia,
2509 1373 2602 1440 qui
2652 1371 2839 1428 allevat
2877 1372 3065 1440 elisos,
3120 1374 3269 1431 solvit
3313 1379 3628 1449 compeditos

2046 1457 2217 1527 (Psal.
2245 1475 2399 1525 CXLV,
2423 1460 2501 1531 8),
2524 1462 2668 1519 vires
2703 1465 2751 1519 ei
2782 1474 3038 1536 praestare
3067 1468 3332 1538 dignetur.
3476 1538 3481 1543 ξ

2115 1548 2277 1604 Forte
2311 1553 2528 1622 quidam
2585 1555 2828 1612 dicturus
2872 1566 2956 1614 est
2998 1559 3351 1618 dialecticus:
3393 1562 3631 1620 Consilio

2045 1639 2206 1705 valet,
2239 1642 2323 1695 cui
2350 1634 2721 1701 fortitudinem
2751 1663 2951 1704 annosa
2984 1661 3144 1721 negat
3166 1651 3471 1710 inﬁrmitas.
3520 1653 3630 1711 Sed

2046 1733 2123 1788 illi
2152 1735 2313 1799 etiam
2338 1735 2615 1792 verissima
2642 1743 2837 1811 Opponi
2859 1744 3056 1812 poterit
3086 1749 3394 1816 responsio:
3428 1748 3630 1820 Siquid

339 1805 492 1902 dum,
529 1843 592 1890 ut
614 1835 669 1889 in
698 1849 913 1889 omnem
958 1833 1183 1904 gloriam
1207 1843 1441 1887 veStram
1466 1833 1788 1889 extendatur
1836 1833 1939 1888 im-
1970 1805 2014 1865 Β
2041 1826 2258 1897 dignum
2289 1826 2341 1882 in
2366 1830 2529 1885 corde
2552 1830 2787 1902 viguerit
2808 1832 3007 1899 Flacci,
3038 1835 3138 1889 hoc
3161 1846 3329 1892 totum
3356 1840 3409 1896 in
3437 1855 3627 1897 sacra-

337 1926 575 1997 perium,
601 1935 656 1980 et
684 1933 745 1979 ut
784 1925 931 1979 intus
972 1923 1042 1979 sit
1069 1924 1322 1978 omnibus
1347 1924 1458 1978 Deo
1504 1923 1750 1980 ﬁdelibus
1796 1938 1940 1978 ama-

335 2014 469 2080 bile,
499 2023 558 2070 et
582 2014 723 2070 foris
769 2013 1127 2069 sanctissimis
1176 2010 1301 2085 μὴ,
1325 2010 1565 2083 cunctis]
1594 2011 1807 2068 Domini
1848 2013 1940 2067 ad-

334 2105 597 2162 versariis
625 2104 886 2161 terribile.
912 2103 1019 2160 Sed
1043 2105 1303 2174 quaerenti
1331 2104 1460 2158 mihi
1485 2113 1541 2159 ct
1570 2104 1936 2159 consideranti

340 2200 476 2255 nihil
532 2199 748 2270 dignius
807 2196 1154 2269 pacatissimo
1212 2196 1403 2251 honori
1460 2204 1643 2250 vestro
1704 2194 1936 2250 inveniri

336 2307 499 2361 posse
523 2331 538 2355 ,
606 2305 768 2361 quam
800 2301 826 2329 ει
885 2288 1191 2342 divinorum
1240 2301 1463 2342 munera
1499 2286 1802 2341 librorum:
1841 2284 1934 2356 qui

340 2383 547 2452 Spiritu
572 2391 761 2437 sancto
805 2380 1059 2440 dictante,
1089 2388 1146 2433 et
1170 2377 1387 2434 Christo
1420 2378 1532 2433 Deo
1554 2378 1894 2433 ministrante
1917 2418 1934 2442 ,

339 2475 407 2529 ad
434 2474 666 2528 salutem
694 2471 863 2526 totius
891 2469 1112 2525 humani
1161 2470 1374 2539 generis
1396 2509 1411 2530 .
1457 2469 1696 2525 caelestis
1748 2468 1936 2539 gratia:

338 2564 548 2619 calamo
573 2561 868 2631 conscripti
889 2567 1034 2622 sunt.
1053 2574 1190 2629 quos
1225 2559 1278 2613 in
1316 2558 1479 2613 unius
1497 2558 1787 2614 clarissimi
1814 2571 1938 2613 cor-

339 2661 486 2730 poris
516 2658 864 2714 sanctitatem
905 2670 1201 2719 connexos,
1226 2662 1390 2723 atque
1427 2651 1709 2723 diligenter
1752 2666 1936 2706 emcn-

340 2754 494 2808 datos
522 2759 720 2807 vestrze
776 2749 1095 2804 clarissima:
1132 2746 1455 2803 Auctoritati
1480 2744 1620 2816 (per)
1656 2745 1799 2799 hunc
1827 2743 1937 2798 cla-

338 2842 614 2899 rissimum
636 2840 804 2895 ﬁlium
833 2848 1107 2903 vestrum,
1123 2838 1386 2908 vobisque
1403 2835 1615 2892 ﬁdelem
1644 2833 1929 2898 famulum,

341 2934 573 3004 dirigere
599 2932 819 2988 curavi:
847 2939 1113 3001 quatenus
1147 2929 1322 2999 plenis
1352 2928 1608 2983 manibus
1647 2926 1934 2997 iucundis-

342 3027 480 3081 simo
501 3032 698 3080 vestra:
728 3023 1008 3094 dignitatis
1042 3023 1284 3078 adstaret
1329 3019 1591 3076 servitio:
1624 3018 1731 3085 Qui
1777 3017 1935 3088 longa

340 3115 520 3173 fessus
541 3115 881 3179 inﬁrmitate,
910 3114 1018 3168 Deo
1043 3114 1361 3178 miserante,
1387 3113 1514 3167 dum
1542 3108 1932 3183 aliquantulum
1959 3151 2008 3213 ϐ

341 3207 639 3272 convaluit,
660 3205 862 3261 aﬁ'atim
899 3214 1136 3260 vestram
1164 3205 1316 3260 adire
1342 3203 1932 3286 festinabagpietatem.

341 3294 449 3351 Sed
480 3306 538 3352 et
576 3295 938 3366 lacrymarum
979 3294 1294 3350 mmmseula
1318 3309 1564 3349 mearum
1595 3294 1648 3348 in
1673 3294 1938 3350 orationi-

342 3387 446 3440 bus
465 3386 612 3455 apnd
643 3395 885 3442 sanctum
911 3386 1203 3441 Martinam
1229 3426 1244 3451 ,
1293 3400 1393 3457 pro
1441 3385 1936 3441 desiderantissima

316 3460 705 3533 'Auctoritatis
730 3488 919 3535 vestrae
962 3479 1321 3549 prosperitate
1377 3478 1532 3533 vobis
1585 3477 1729 3534 ﬁdeli
1755 3486 1937 3534 transb

341 3567 507 3623 mitto
532 3572 833 3637 sponsione.
887 3568 984 3624 Ille
1029 3569 1250 3634 serviat,
1276 3569 1418 3624 sicut
1469 3566 1664 3634 decet,
1712 3568 1938 3625 Domino

341 3659 624 3728 piissimo:
660 3659 774 3731 Ego
797 3661 965 3717 orabo
994 3676 1094 3731 pro
1135 3660 1362 3715 Domino
1406 3658 1780 3725 dilectissimo,
1805 3674 1938 3729 quo-

340 3751 502 3806 modo
532 3751 709 3805 sancti
738 3750 973 3821 Spiritus
1000 3751 1236 3807 visitatio
1266 3767 1362 3807 cor
1403 3766 1584 3806 meum
1632 3750 1939 3806 illuminare

341 3841 673 3912 dignabitur.
702 3839 760 3896 Si
786 3842 915 3912 quid
938 3842 1103 3913 igitur
1126 3842 1316 3898 melius
1340 3843 1537 3897 mentis
1562 3856 1698 3897 mea:
1725 3843 1938 3898 devotio

338 3933 587 3989 invenire
623 3934 922 3997 valuisset,
975 3934 1160 4003 utique
1203 3948 1373 4003 prona
1416 3932 1691 3989 voluntate
1712 3924 1766 3987 in
1812 3948 1938 4002 aug-

336 4039 584 4086 mentum
610 4029 836 4085 honoris
858 4028 1024 4084 vestri
1060 4027 1334 4084 oﬁerrcm.

803 4165 831 4205 δ
871 4163 1201 4220 EPISTOLA
1240 4163 1500 4220 CXXXII.

863 4291 925 4328 AD
964 4290 1183 4330 DOMNU“
1226 4290 1423 4330 REGEI.

939 4386 1126 4447 (Anno
1162 4387 1325 4459 801.)

339 4501 426 4555 Ad
461 4500 644 4572 aulam
667 4510 880 4572 vocatus
908 4516 962 4554 se
987 4501 1049 4555 ob
1094 4511 1403 4555 senectutem
1432 4511 1679 4564 excusat;
1720 4518 1813 4556 nec
1838 4520 1934 4558 suo
1964 4517 2014 4572 ι)

413 4571 636 4626 consitio
662 4571 894 4641 indigere
915 4572 1354 4642 sapientissimum
1375 4589 1545 4643 regem
1567 4573 1860 4643 proﬁtetur.

416 4687 642 4741 Domino
666 4686 863 4741 merito
892 4685 1166 4749 laudabili,
1183 4693 1239 4741 et
1263 4687 1413 4742 omni
1447 4686 1730 4743 charitatis
1757 4687 1938 4744 ofﬁcio

342 4777 743 4849 amplectendo,
770 4776 1033 4845 nobisque
1060 4776 1286 4831 nimium
1312 4776 1812 4833 desiderantissimo
1833 4779 1938 4832 Da-

340 4870 435 4923 vid
462 4869 598 4939 regi,
620 4867 954 4923 humillimus
979 4876 1178 4923 sanctze
1208 4868 1301 4923 Dei
1331 4868 1587 4923 Ecclesia:
1613 4869 1939 4926 vernaculus

344 4958 573 5014 Albinus
597 4967 913 5029 perpetuam
937 4968 1150 5015 mternte
1176 4959 1361 5030 gloria:
1386 4959 1636 5014 salutem.

416 5050 550 5115 Quia
574 5049 791 5104 flamma
816 5057 1093 5120 perpetuae
1139 5046 1657 5122 charitatis'jugiter
1700 5054 1939 5109 ardescit

418 5236 463 5299 8A
483 5224 792 5299 Divinarum
822 5241 1039 5299 munera
1062 5225 1334 5299 librorum.
1368 5229 1632 5299 Loquitur
1652 5230 1732 5285 de
1752 5231 1937 5286 codice

339 5291 729 5372 S._Sc_ripturae
755 5296 1303 5372 vulgat_:e__eglitionis,
1335 5291 1497 5372 quam
1539 5301 1790 5357 hortante
1834 5300 1936 5356 Ca—

338 5361 462 5420 rolo
488 5361 682 5437 Magno
717 5380 749 5420 a
798 5361 1184 5437 multiplicibus
1223 5361 1645 5427 exscribcntium
1688 5372 1937 5427 librario—

334 5449 466 5507 ΠΨ
496 5435 661 5507 χίιὶἰε
685 5435 967 5507 purgavit.
1000 5437 1075 5492 De
1119 5454 1229 5507 quo
1274 5443 1459 5498 codice
1511 5442 1639 5497 alibi
1680 5443 1933 5498 diximus.

332 5504 467 5559 νεά.
495 5504 637 5561 Mah.
684 5504 950 5562 libfxxvt
978 5504 1199 5571 Annal.,
1231 5526 1283 5564 n.
1312 5510 1552 5567 6|.Puto
1598 5513 1701 5568 hoc
1743 5530 1938 5570 munus

326 5576 414 5628 ab
438 5574 670 5631 Alcuino
709 5576 948 5653 oblatum
982 5578 1147 5653 fuisse
1174 5578 1399 5653 Carolo,
1455 5583 1801 5653 imperatoria
1840 5600 1935 5639 eo-

329 5663 479 5725 rona
508 5661 680 5725 nuper
718 5647 1004 5725 rigditttito:
1040 5648 1119 5702 Ad
1144 5649 1479 5725 spiendorent
1510 5647 1801 5724 iiuperialis
1846 5673 1937 5725 po-

319 5717 546 5785 lentim,
561 5718 682 5773 aliis
708 5718 870 5773 etiam
887 5719 1090 5775 diversa
1119 5717 1420 5777 divitiarum
1445 5717 1602 5787 domi,
1630 5725 1820 5782 eadem
1846 5717 1938 5781 bc-

2043 1918 2250 1974 tissimo
2273 1921 2504 1988 pectoris
2526 1922 2779 1979 thesauro
2807 1926 2926 1995 pius
2942 1927 3186 1997 possidet
3209 1929 3396 1987 David.
3422 1932 3481 2003 In
3510 1943 3629 1989 tan—

2040 2017 2153 2063 tum
2179 2050 2195 2074 ,
2243 2019 2303 2065 ut
2329 2012 2417 2066 ubi
2461 2012 2548 2068 ille
2574 2022 2675 2077 est,
2707 2015 2780 2070 ibi
2832 2017 2994 2072 etiam
3015 2027 3071 2074 et
3102 2019 3344 2078 Flaccus.
3382 2024 3626 2095 Respon-

2038 2098 2166 2154 deat
2185 2116 2283 2170 pro
2309 2101 2555 2171 utrisque
2608 2106 2895 2163 amborum
2934 2109 3287 2168 divitissimus
3329 2116 3624 2183 sapientue.

2037 2190 2105 2245 Et
2130 2199 2191 2244 ut
2213 2192 2530 2264 simpliciter
2560 2194 2715 2266 155
2742 2197 2938 2264 dicam,
2972 2201 3114 2270 quod
3160 2204 3290 2259 mihi
3314 2206 3633 2276 simpliciter

2037 2281 2320 2352 deprecari
2364 2299 2589 2341 necesse
2635 2298 2718 2343 est
2741 2304 2763 2345 ε
2793 2306 2861 2346 ne
2890 2308 3075 2362 quaeso
3107 2306 3294 2353 sancta
3335 2314 3490 2357 mens
3525 2301 3630 2356 Do-

2038 2374 2169 2429 mini
2199 2377 2305 2431 mei
2328 2377 2597 2437 irascatur
2621 2382 2861 2438 tarditati
2892 2401 3056 2451 meae,
3088 2390 3232 2458 quod
3263 2392 3423 2447 modo
3441 2394 3626 2449 venire

2038 2468 2144 2522 non
2176 2468 2405 2524 valeam.
2437 2471 2555 2527 Erit
2577 2474 2795 2541 iterum,
2827 2478 2872 2533 si
2897 2479 3008 2534 Deo
3032 2481 3333 2550 placuerit,
3385 2494 3631 2558 tempore

2036 2569 2359 2630 opportuno.
2387 2561 2497 2619 Nec
2517 2580 2693 2620 meam
2721 2583 2846 2625 reor
2866 2569 3205 2628 devotionem
3225 2587 3420 2632 vestrae
3442 2583 3624 2637 excel—

2038 2650 2218 2706 lentiae
2239 2652 2294 2709 in
2319 2653 2500 2723 aliquo
2531 2654 2649 2710 loco
2681 2657 2804 2726 plus
2828 2660 3087 2730 prodesse
3107 2679 3286 2733 posse,
3309 2682 3469 2737 quam
3500 2673 3631 2727 assi-

2038 2742 2159 2796 duis
2183 2743 2324 2814 apud
2349 2753 2594 2800 sanctum
2627 2746 2915 2805 Martinum
2942 2753 3279 2813 orationibus
3301 2797 3316 2824 ,
3364 2768 3631 2828 quatenus

2038 2834 2219 2890 divina
2244 2835 2551 2905 clementia,
2581 2854 2702 2910 quae
2729 2857 2827 2898 vos
2869 2858 2967 2915 per
2989 2846 3229 2917 singulos
3276 2851 3626 2921 magistratus

2040 2938 2062 2965 ο
2095 2928 2147 2982 in
2197 2927 2518 3011 altissimum
2542 2933 2818 2990 saecularis
2844 2938 3099 3007 potentiae
3134 2941 3313 2997 evexit
3337 2942 3622 3008 honorem,

2037 3032 2102 3073 eo
2119 3017 2358 3091 longtcva
2378 3024 2740 3093 prosperitate
2764 3028 2839 3082 uti
2861 3030 3143 3093 concedat,
3176 3041 3338 3104 atque
3364 3051 3429 3091 ex
3458 3037 3623 3107 hujus

2038 3108 2386 3168 sublimitatis
2418 3114 2680 3184 dignitate
2712 3118 2779 3172 ad
2803 3119 3010 3191 apicem
3034 3124 3225 3179 aeterni
3251 3126 3400 3197 regni
3434 3142 3627 3185 ascen-

2039 3201 2167 3257 dere
2191 3201 2373 3259 faciat.
2398 3204 2517 3274 Quo
2565 3209 2935 3267 misericordia
2956 3222 3014 3268 et
3041 3212 3274 3283 iustitia,
3299 3217 3413 3273 Deo
3458 3221 3627 3276 mise-

2040 3302 2216 3361 rante,
2236 3305 2476 3353 vestram
2505 3299 2739 3365 deducat
2790 3302 3198 3362 beatitudinem.
3231 3307 3323 3367 llle
3353 3309 3519 3367 homo
3545 3328 3631 3366 ro-

2038 3395 2125 3441 cte
2155 3385 2389 3444 feliciter
2429 3389 2557 3446 felix
2590 3393 2695 3449 dici
2731 3396 2950 3464 poterit,
2980 3398 3071 3467 qui
3111 3400 3177 3455 de
3224 3400 3327 3457 hac
3372 3404 3625 3472 praesenti

2038 3474 2296 3533 felicitate
2324 3480 2389 3535 ad
2424 3490 2685 3542 aeternam
2730 3488 3029 3542 merebitur
3060 3491 3347 3557 pervenire
3395 3489 3627 3547 felicita—

2041 3576 2170 3622 tem.
2196 3568 2263 3624 Et
2290 3569 2602 3641 implebitur
2630 3573 2682 3631 in
2716 3588 2782 3628 eo
2825 3574 3186 3645 pulcherrima
3213 3577 3355 3635 illius
3374 3581 3630 3638 versiculi

2038 3660 2367 3729 promissio:
2399 3661 2753 3719 Ambulabunt
2801 3666 2969 3720 sancti
3015 3666 3080 3721 de
3126 3669 3312 3726 virtute
3363 3673 3434 3729 in,
3468 3674 3631 3730 virm—

2038 3758 2173 3815 tem,
2228 3751 2390 3808 donec
2438 3751 2678 3809 videatur
2726 3753 2864 3810 Deus
2922 3755 3140 3813 deorum
3177 3760 3234 3816 in
3272 3759 3405 3821 Sion
3443 3762 3627 3834 (Ptol.

2039 3854 2270 3906 Lxxxut,
2292 3841 2369 3910 8).

2106 3950 2264 4007 Alma
2300 3953 2397 4008 Dei
2434 3952 2637 4011 Christi
2670 3958 2872 4013 tribuat
2909 3959 3006 4016 tibi
3036 3974 3200 4032 regna
3221 3973 3463 4034 potestas

2177 4043 2358 4099 Aurea
2387 4060 2510 4101 cum
2540 4048 2766 4115 sanctis,
2793 4050 2983 4115 David,
3017 4051 3071 4106 in
3101 4068 3226 4107 arce
3257 4054 3387 4123 poli.

2113 4137 2389 4194 Discindat
2412 4139 2659 4195 chartam
2681 4142 2853 4208 mitis,
2878 4158 3029 4214 rogo,
3062 4144 3282 4199 dextera
3312 4146 3511 4211 David:L

2183 4230 2471 4288 Victricem
2499 4230 2663 4288 faciat
2690 4248 2852 4303 quam
2884 4234 3026 4290 Deus
3049 4236 3417 4306 omnipotens.

2466 4342 2491 4383 ἀ
2533 4343 2873 4403 EPISTOLA
2912 4348 3197 4404 CXXXIII:

2569 4455 2636 4493 AD
2676 4456 2893 4511 nomen
2934 4457 3153 4502 unum-

2661 4529 2838 4598 (Anno
2862 4530 3022 4604 80+.)

2043 4614 2320 4699 Signiﬁcat
2356 4616 2551 4699 obitum
2591 4615 2947 4699 dlaganfredi.
2990 4620 3291 4699 intercedit
3311 4644 3406 4697 pro
3444 4628 3626 4699 [ratri-

2111 4685 2205 4766 Qus
2234 4696 2281 4739 et
2305 4686 2521 4766 ecclesia
2547 4685 2714 4766 sancti
2743 4687 2900 4766 Petri.
2918 4685 3485 4766 urbis__Beneventamc;
3506 4717 3624 4756 cum

2111 4754 2493 4810 Beneventanis
2514 4755 2791 4812 clementer
2814 4760 2900 4829 agi
2920 4761 3205 4833 supplicat.

2110 4864 2293 4921 Gloria
2321 4875 2377 4923 et
2417 4866 2534 4924 laus
2560 4869 2670 4925 Deo
2692 4871 3049 4942 omnipotenti
3086 4891 3185 4947 pro
3220 4878 3393 4935 salute
3415 4889 3471 4936 et
3496 4898 3623 4952 pro-

2037 4957 2298 5026 speritate
2325 4965 2503 5013 vestra
2529 4998 2546 5024 ,
2579 4959 2895 5017 dulcissime
2940 4965 3013 5018 mi
3059 4965 3226 5022 David
3249 5009 3264 5032 ,
3318 4978 3481 5039 atque
3526 4986 3627 5041 pro

2038 5047 2185 5099 omni
2208 5047 2415 5102 honore
2432 5056 2487 5102 et
2513 5049 2801 5119 sapientia,
2825 5052 2879 5107 in
2900 5054 3102 5124 quibus
3130 5065 3182 5111 te
3207 5059 3423 5127 speciali
3452 5065 3622 5131 gratia

2039 5223 2274 5349 rosione,
2303 5226 2937 5350 oggqentibuml’ertinet
2978 5246 3109 5302 ergo
3140 5234 3367 5301 epistola
3403 5236 3471 5292 ad
3522 5238 3626 5292 iui-

2063 5310 2171 5349 tum
2201 5310 2325 5349 anm
2456 5335 2471 5349 .
3502 5338 3525 5339 η

2038 5304 2471 5349 ηυηιθηηὶδυι.
3502 5338 3525 5339 η

2111 5365 2137 5405 b
2162 5365 2688 5443 lildit..Quercet.rl7
2711 5383 2775 5443 es
2803 5384 2904 5443 ms.
2940 5367 3196 5443 (Froben.
3224 5373 3381 5443 104.),
3570 5412 3585 5425 κ

2113 5434 2233 5508 ¢_I_n
2268 5434 2580 5508 altissimum
2595 5437 2874 5508 swculgaris
2902 5434 3146 5508 potentia:
3168 5445 3332 5501 erexit
3349 5434 3620 5505 honorem.

2041 5507 2117 5560 Ex
2149 5505 2232 5584 his
2259 5506 2438 5584 verbis
2463 5507 2695 5577 coniicio
2737 5505 2991 5563 Carolum
3009 5517 3151 5584 tunc
3177 5512 3495 5584 dignitatem
3523 5518 3625 5573 im.

2040 5576 2389 5657 peratoriarn,
2416 5592 2539 5660 qua:
2568 5576 2733 5667 Super
2760 5580 3109 5667 omnes'alias
3139 5576 3429 5667 spculares
3446 5586 3621 5667 digni-

2040 5656 2199 5727 tates
2227 5646 2450 5727 eminet,
2491 5646 2897 5727 jan1_'adeptu_tit
2942 5649 3129 5709 fuisse.
3176 5654 3415 5727 ldpistola
3460 5646 3624 5727 igitur:

2040 5665 2180 5702 tates
2227 5665 2450 5711 eminet,
2491 5665 2603 5718 3am
2646 5665 2897 5773 adeptum
2942 5665 3129 5709 IUISSC.
3176 5665 3389 5726 ltptstot

2040 5718 2239 5787 scripta
2263 5726 2345 5796 est
2369 5733 2509 5773 anno
2541 5717 2638 5773 80l
2679 5735 2740 5774 ve
2786 5720 2969 5791 aliquo
3064 5725 3312 5781 steriore.

2111 5788 2135 5827 ἀ
2177 5788 2320 5843 Edzt.
2358 5787 2604 5856 Qucrcct.
2634 5790 2701 5844 21
2729 5807 2793 5848 ex
2827 5808 2926 5848 ms.
2959 5740 3224 5865 (ﬁobcn.
3247 5796 3389 5860 l05.)

2262 5805 2320 5843 :t.
2358 5805 2604 5856 quercu.
2635 5805 2701 5844 21
2729 5807 2793 5848 cx
2827 5808 2926 5848 ms.
2959 5805 3224 5863 (Froben.
3247 5805 3401 5863 105.).
