4054 6182
516 359 616 418 371

1382 359 1441 412 Β.
1485 358 1544 412 ι’.
1586 356 1811 412 Αιιιιῖςι
1852 352 1983 419 SEU
2022 353 2083 406 Λ]

2187 351 2299 407 JINI
2337 353 2616 408 OPERUM
2651 352 2831 406 PARS
2867 353 2906 406 ι.
3668 351 3773 408 5ῗῖ

517 473 766 530 omnibus
795 471 1150 542 supercellerc
1177 467 1322 524 fecit.
1351 470 1613 540 Perpetua
1635 447 1932 540 gratiarum
1955 467 2096 521 actio
2127 461 2170 522 Δ
2199 466 2314 520 Act.
2344 481 2464 532 xm,
2495 467 2608 537 2‘2).
2638 467 2694 521 Id
2722 473 2826 530 est,
2855 464 2984 518 mibi
3019 475 3230 520 servate
3252 460 3566 530 vindictam,
3593 471 3651 520 et
3680 480 3778 537 ego

516 570 748 627 resonet,
771 567 826 615 et
857 561 1072 616 assidua
1101 567 1410 616 sanctarum
1445 560 1761 614 intercessio
1788 558 2094 612 orationum

519 653 586 707 ad
616 652 784 706 Deum
835 651 1118 723 dirigatur,
1173 659 1439 721 quatenus
1467 651 1704 721 longzeva
1736 648 2096 720 prosperitate

515 743 748 798 feliciter
777 742 926 798 vivas
958 783 975 810 ,
1025 743 1206 799 valeas
1234 750 1288 798 et
1314 759 1506 814 regnes
1532 743 1600 798 ad
1623 741 2013 797 correctionem
2041 747 2096 794 et

513 833 896 890 exaltationem
927 842 1128 889 sanctae
1156 849 1267 889 suae.
1310 833 1565 889 Ecclesia:
1593 872 1610 896 ,
1682 839 1744 886 ut
1793 831 1894 886 sub
1919 835 2096 900 prote-

515 925 696 981 ctione
721 928 829 980 tuae
855 925 1173 982 venerandae
1200 925 1486 994 potestatis
1531 939 1718 980 secura
1757 923 1938 994 quiete
1984 921 2094 978 Deo

515 1010 802 1069 deserviat.
841 1012 1016 1068 Eﬁudi
1045 1014 1249 1083 pridem
1291 1029 1482 1084 preces
1512 1011 1918 1082 supplicationis
1959 1025 2095 1065 mea:

512 1113 612 1173 per
641 1102 938 1160 Candidum
979 1091 1238 1158 famulum
1274 1111 1534 1168 vestrum,
1583 1117 1720 1172 quas
1751 1117 1944 1171 precor
1987 1099 2094 1155 cle-

513 1194 679 1249 menti
709 1193 889 1248 animo
913 1203 1147 1248 vestram
1187 1194 1462 1262 suscipere
1504 1193 1782 1262 pietatem.
1825 1189 2092 1260 Quidquid

512 1287 724 1342 animus
753 1286 1016 1358 suggessit
1049 1300 1204 1340 meus
1259 1285 1409 1352 mihi,
1460 1291 1630 1340 totum
1671 1281 1794 1338 misi
1841 1283 1894 1336 in
1933 1295 2094 1336 aures

509 1379 648 1450 ejus,
673 1387 734 1434 ut
755 1385 1102 1434 conservaret
1121 1379 1174 1432 in
1205 1376 1387 1442 corde,
1414 1382 1714 1446 vestraetme
1736 1373 1972 1429 veridico
1997 1387 2093 1428 ore

509 1476 814 1539 patesceret
836 1467 1048 1538 pietati.

580 1561 687 1618 Sed
709 1561 831 1616 novi
864 1575 1045 1616 rerum
1085 1569 1310 1615 eventus
1355 1575 1522 1615 novos
1555 1559 1783 1624 iterum,
1811 1555 2092 1614 charitatis

505 1665 682 1728 penna
708 1697 724 1723 ,
769 1669 994 1711 exarare
1022 1669 1194 1708 meam
1223 1653 1559 1708 devotionem
1587 1651 1766 1720 apices
1799 1650 2092 1706 exhortan-

507 1757 617 1804 tur.
645 1747 839 1804 Audivi
864 1747 1152 1816 siquidem,
1199 1745 1346 1814 quod
1385 1744 1503 1800 sine
1533 1744 1718 1799 dolore
1749 1751 1803 1798 et
1834 1741 2092 1813 lacrymis

507 1855 616 1898 non
661 1841 856 1906 dicam,
892 1815 1350 1909 aibiaganl‘rcdum
1379 1836 1590 1892 tilelem
1633 1846 1871 1890 vestrum
1906 1835 2089 1890 nobis—
2119 1815 2167 1875 Β

503 1942 611 2003 que
657 1931 1037 1987 charissimum
1093 1931 1326 1984 amicum
1385 1929 1437 1984 in
1503 1929 1876 1985 Beneventana
1945 1927 2086 1982 diem

503 2022 702 2078 obiisse
724 2022 919 2092 patria.
949 2021 1103 2076 Unde
1133 2029 1356 2090 rogatus
1383 2033 1502 2074 sum
1521 2033 1552 2072 a
1581 2017 1841 2073 fratribus
1863 2018 1892 2058 ι’
1913 2018 2086 2072 sancti

508 2113 656 2168 Petri
701 2112 911 2166 litteras
941 2112 1174 2181 dirigere
1211 2109 1437 2166 bonitati
1472 2117 1664 2163 vestrae
1685 2149 1701 2173 ,
1731 2123 1831 2178 pro
1881 2106 2088 2162 cellulis

507 2201 575 2258 ad
600 2184 717 2258 eam
747 2201 1046 2271 antiquitus
1069 2199 1463 2271 pertinentibus
1477 2199 1782 2262 ecclesiam,
1801 2206 1860 2252 ut
1879 2213 2087 2253 merces

504 2301 683 2348 vestra
712 2301 860 2350 esset
885 2307 948 2347 ex
983 2291 1196 2346 illarum
1228 2290 1518 2362 aliquibus,
1549 2289 1594 2344 si
1623 2297 1816 2344 vestra:
1840 2287 2088 2342 videatur

503 2383 884 2453 providentia);
925 2381 1174 2438 similiter
1203 2389 1258 2436 et
1283 2396 1384 2450 pro
1409 2380 1550 2435 atrio
1577 2379 1730 2434 intra-
1749 2392 1934 2435 muros
1961 2377 2102 2433 civi-'

503 2474 630 2529 tatis
661 2514 676 2539 ,
727 2471 867 2528 unde
897 2469 1154 2527 fratribus
1189 2472 1358 2526 sancti
1397 2469 1542 2526 Petri
1574 2469 1836 2524 habitatio
1860 2468 2085 2524 honesta

501 2562 740 2618 construi
763 2561 1046 2632 potuisset.
1070 2559 1150 2616 Dc
1175 2561 1260 2616 his
1284 2561 1536 2617 omnibus
1563 2569 1744 2614 vestra
1781 2557 2086 2615 consideret

501 2654 734 2718 bonitas,
762 2652 890 2722 quid
917 2651 1028 2708 Deo
1053 2651 1298 2722 placeat,
1323 2659 1616 2722 vestroque
1660 2651 1864 2706 nomini
1915 2651 2082 2708 ἰιοιιο-

505 2743 678 2798 rabile
707 2742 822 2808 ﬁat,
849 2751 905 2798 et
933 2740 1162 2797 bonitati
1187 2741 1436 2798 amabile.

573 2832 681 2888 Sed
708 2832 880 2888 multo
909 2830 1082 2902 major
1106 2839 1162 2888 et
1195 2832 1317 2904 plus
1365 2833 1672 2888 necessaria
1707 2829 1907 2904 populo
1925 2830 2086 2888 Chri-

501 2923 678 2980 stiano
703 2937 862 2978 causa
884 2924 1145 2990 occurrit,
1173 2939 1360 2994 preces
1376 2933 1652 2995 prostrato
1671 2924 1945 2982 eﬂ'undere
1965 2940 2088 2981 cor-

497 3027 631 3084 pore
660 3021 786 3068 ante
812 3014 978 3082 pedes
1005 3013 1220 3083 pietatis
1249 3023 1463 3072 vestrm.
1493 3015 1707 3083 Primo,
1735 3028 1804 3072 ne
1829 3013 2085 3072 irascaris

495 3104 826 3160 ﬁdelissima:
848 3105 1102 3159 cbari’tati
1137 3121 1272 3162 mea:
1296 3147 1313 3173 ,
1344 3122 1448 3177 qua
1471 3122 1560 3162 me
1597 3108 1832 3164 maxime
1870 3108 2082 3164 debito-

2145 586 2148 590 ί
2196 559 2448 628 pugnabo
2477 573 2578 628 pro
2607 558 2780 612 vobis.
2817 555 2952 610 Nam
2994 553 3184 620 David,
3209 555 3276 610 de
3303 565 3411 624 quo
3439 556 3556 624 ipse
3601 555 3778 612 Domi-

2195 664 2298 704 nus
2329 657 2434 702 tam
2457 648 2685 703 sublime
2700 647 2925 718 protulit
2949 647 3350 713 testimonium;
3385 645 3569 702 Inveni
3601 644 3769 702 David

2193 739 2364 810 ﬁlium
2386 739 2533 794 Iesse
2559 741 2725 793 virum
2762 737 3046 793 secundum
3077 753 3168 792 cor
3193 753 3364 791 meum
3395 737 3484 806 (ΙΙ
3508 736 3640 808 Reg.
3662 753 3777 805 xu,

2192 831 2306 904 23).
2337 831 2454 902 Ipse
2497 833 2662 902 igitur
2702 830 2880 886 Semei
2923 831 3024 885 sibi
3056 829 3464 886 maledicentem
3505 831 3779 899 prohibuit

2193 924 2407 988 occidi,
2440 934 2631 994 optans
2667 924 2766 978 sibi
2798 938 2896 993 pro
2936 921 3194 994 patientia
3246 921 3570 978 humilitatis
3606 935 3718 979 sua:
3744 939 3774 978 a

2195 1015 2306 1071 Deo
2331 1016 2446 1070 dari
2477 1016 2926 1070 benedictionem.

2265 1127 2390 1183 llaec
2419 1129 2582 1183 etiam
2619 1128 2945 1184 acutissima:
2983 1129 3260 1199 sapientiae
3291 1127 3630 1200 investigatio
3672 1129 3775 1186 dis-

2193 1227 2398 1289 ponat,
2443 1221 2738 1276 secundum
2761 1221 2987 1276 rationis
3013 1221 3352 1280 vivacitatem
3399 1231 3455 1278 et
3480 1223 3772 1278 secundum

2195 1310 2426 1364 salutem
2473 1309 2506 1364 li
2531 1311 2711 1366 lelium
2740 1321 2953 1367 tuorum
2985 1313 3336 1369 considerans
3363 1313 3632 1383 quomodo
3652 1315 3767 1370 ani-

2194 1417 2312 1455 mus
2338 1401 2548 1456 illorum
2585 1403 2702 1458 sine
2745 1404 3028 1472 przesentia
3053 1405 3406 1462 beatitudinis
3425 1415 3530 1461 tum
3557 1407 3773 1478 lengnm

2193 1491 2414 1546 sufferat
2445 1493 2704 1548 laborem.
2737 1494 2906 1549 Deum
2943 1495 3133 1550 invoco
3181 1503 3373 1552 testem
3411 1496 3589 1552 cordis
3618 1496 3726 1552 mei
3753 1539 3772 1567 ,

2193 1587 2308 1642 bznc
2351 1587 2414 1657 pl-
2437 1603 2503 1641 na
2534 1586 2659 1648 dde.
2691 1597 2745 1644 et
2771 1588 3012 1660 perfecto
3041 1593 3416 1661 prosperitatis
3469 1601 3662 1649 vestra:
3715 1595 3768 1650 in

2192 1681 2443 1734 omnibus
2468 1679 2734 1736 desiderio
2768 1681 3068 1752 scripsisse,
3096 1683 3389 1739 obsecrans
3413 1683 3640 1753 supplici
3668 1683 3765 1740 de-

2193 1774 2428 1839 votione,
2453 1775 2570 1830 bare
2613 1773 2798 1829 eadem
2824 1775 3094 1844 patienter
3119 1785 3354 1842 vestram
3379 1777 3556 1848 legere
3588 1779 3764 1834 beati-

2193 1867 2468 1931 tudinem,
2515 1882 2616 1922 nec
2663 1867 2863 1936 aliquid
2908 1868 3198 1922 iracundia:
3242 1869 3296 1923 in
3339 1885 3514 1924 meam
3570 1871 3774 1927 habere

2185 1958 2682 2030 praesumptionem,
2723 1957 2850 2012 talia
2899 1965 3094 2014 vestrm
3134 1959 3428 2028 ingerentis
3469 1961 3772 2031 sapientia.

2185 2048 2338 2104 Licet
2369 2049 2606 2104 Charitas
2636 2063 2754 2103 mea
2793 2047 2957 2104 stulta
2985 2049 3154 2105 videri
3185 2049 3394 2118 valeat,
3421 2059 3600 2107 tamen
3627 2069 3772 2108 nun-

2185 2153 2345 2208 quam
2377 2139 2640 2202 inﬁdelis,
2663 2155 2766 2194 nec
2795 2140 2846 2194 in
2886 2139 3108 2196 minimo
3136 2157 3238 2198 nec
3262 2143 3314 2197 in
3358 2143 3600 2199 maximo
3623 2145 3774 2202 inve-

2185 2231 2290 2286 niri
2329 2231 2548 2302 poterit.
2596 2231 2816 2288 Fiducia
2858 2232 3002 2288 cnim
3025 2233 3422 2304 probatissimae
3445 2235 3777 2294 humilitatis

2186 2327 2380 2376 vestrae
2409 2322 2525 2377 haec
2555 2322 2794 2378 scribere
2818 2324 3180 2394 praesumpsit.

2259 2432 2420 2488 Forte
2447 2433 2700 2502 quislibet
2737 2434 2871 2490 dicit
2913 2449 2928 2488 :
2976 2435 3104 2504 quid
3155 2435 3246 2491 ille
3283 2437 3448 2494 homo
3475 2437 3671 2510 alienis
3713 2455 3775 2495 se

2187 2527 2386 2597 ingerit
2431 2526 2640 2582 rebus?
2684 2525 2800 2582 Non
2857 2527 3111 2597 agnoscit
3145 2529 3278 2585 nihil
3344 2531 3480 2588 mibi
3533 2531 3772 2590 alienum

2185 2628 2382 2674 vestrae
2407 2620 2786 2690 prosperitatis
2799 2636 2922 2677 esse
2935 2622 3154 2688 debere,
3175 2637 3336 2692 quam
3358 2639 3520 2694 super
3541 2625 3772 2682 salutem

2187 2710 2435 2780 corporis
2467 2710 2574 2765 mei
2599 2710 2682 2767 vel
2710 2711 2835 2766 vita:
2858 2725 2991 2767 mete
3018 2711 3410 2782 longmvitatem
3433 2713 3662 2786 diligere
3679 2731 3769 2770 me

2187 2810 2382 2857 testor.
2417 2801 2498 2856 Tu
2523 2801 2858 2873 prosperitas
2892 2802 3066 2872 regni,
3089 2811 3147 2858 tu
3177 2803 3326 2860 salus
3345 2805 3551 2874 populi,
3591 2814 3650 2861 tu
3679 2805 3776 2862 de-

2186 2909 2282 2950 cus
2309 2893 2588 2960 Ecclesiaa,
2619 2902 2680 2950 tu
2703 2895 2945 2951 omnium
2983 2897 3250 2966 protectio
3272 2896 3506 2953 ﬁdelium
3527 2897 3769 2964 Christi;

2186 2985 2342 3042 nobis
2387 2985 2556 3056 igitur
2603 2985 2705 3041 sub
2741 2985 2930 3040 umbra
2977 2985 3251 3056 potentiae,
3291 2995 3348 3042 et
3391 2987 3492 3042 sub
3535 2987 3776 3070 tegmine

2185 3077 2402 3147 pictatis
2427 3085 2566 3142 ture,
2600 3077 2782 3132 divina
2810 3079 3081 3134 concessit
3105 3079 3282 3148 gratia
3319 3079 3628 3152 religiosam
3669 3081 3775 3138 du-

495 3206 615 3250 rem
644 3193 961 3264 benignitati
1009 3203 1206 3252 vestrae
1243 3169 1526 3252 verissime
1551 3212 1802 3269 agnosco.
1830 3196 2082 3254 Secundo
2105 3197 2154 3260 ϐ
2186 3183 2314 3269 θέτε
2342 3169 2512 3269 Y‘Pi‘m
2535 3209 2550 3236 ’
2581 3175 2758 3269 itqu
2779 3183 2975 3269 ⁶θ⁰¹¹Γ³
2997 3169 3321 3269 “hic?”
3351 3170 3568 3269 (immo
3589 3172 3777 3228 deser-

497 3283 663 3338 etiam
701 3280 838 3348 loco,
866 3291 921 3338 et
949 3285 1052 3339 hoc
1084 3285 1276 3340 intimo
1302 3286 1481 3340 cordis
1513 3285 1704 3341 all‘ectu
1731 3287 1985 3358 deposco,
2017 3295 2080 3342 ut

497 3379 837 3434 sanctissima
865 3379 1142 3448 sapientire
1164 3387 1356 3434 vestrae
1379 3381 1743 3436 consideratio
1772 3383 2078 3452 provideat,

496 3467 626 3540 quid
655 3471 766 3527 Deo
783 3471 1026 3542 placeat,
1054 3472 1141 3528 vel
1170 3473 1297 3542 quid
1323 3473 1519 3544 populo
1542 3474 1790 3544 proficiat
1813 3474 2079 3531 Christia-

497 3577 568 3616 no
602 3569 624 3600 ι
652 3561 723 3616 de
748 3561 1093 3633 expeditione
1117 3563 1298 3618 hostili
1327 3563 1381 3618 in
1404 3563 1778 3618 Beneventana
1813 3567 1983 3632 terra,
2011 3581 2080 3621 ne

495 3651 671 3721 majus
704 3651 805 3706 sibi
831 3653 1046 3706 eveniat
1071 3652 1327 3707 damnum
1346 3651 1414 3708 de
1441 3652 1686 3709 ﬁdelibus
1703 3655 1832 3710 tuis.
1865 3653 2080 3726 Optime

499 3733 660 3810 156
687 3741 830 3795 nosti
859 3741 1130 3810 quomodo
1173 3743 1352 3798 divina
1375 3759 1474 3814 pro
1512 3753 1566 3798 te
1587 3746 1863 3815 pugnabat
1892 3747 2078 3816 pravi-

495 3827 697 3881 dentia.
727 3827 946 3884 Patrem
970 3870 986 3895 ,
1023 3827 1356 3903 fratremque
1386 3831 1544 3902 hujus
1567 3833 1594 3872 ά
1635 3834 1935 3904 impiissimi
1977 3833 2079 3891 bo-

496 3915 661 3971 minis
689 3916 743 3971 in
773 3917 924 3974 brevi
961 3919 1084 3974 tulit
1117 3921 1368 3978 articulo.
1411 3921 1504 3979 Sic
1548 3923 1731 3987 etiam,
1766 3925 1845 3979 sic
1871 3925 2031 3980 faciet
2059 3969 2076 3994 ,

492 4006 765 4064 credimus
795 4047 810 4075 ,
857 4010 903 4064 si
955 4010 1099 4067 illius
1127 4019 1312 4067 sancta
1335 4012 1582 4070 voluntas
1610 4014 1888 4086 disponit,
1937 4025 1998 4072 ut
2022 4025 2080 4072 et

493 4100 599 4156 iste
623 4108 834 4172 pereat,
851 4102 968 4157 sine
995 4102 1179 4172 aliquo
1212 4104 1450 4160 ﬁdelium
1477 4105 1679 4162 damno
1715 4117 1933 4164 tuorum
1957 4124 2078 4165 eve-

493 4191 628 4246 niat.
662 4185 812 4247 Talia
843 4200 1072 4262 possunt
1121 4193 1235 4249 fere
1274 4195 1466 4251 melius
1497 4208 1566 4250 ex
1597 4198 1826 4254 consilio
1853 4239 1868 4264 ,
1912 4215 2076 4270 quam

495 4288 682 4349 aperta
714 4281 1123 4351 expugnatione,
1154 4297 1250 4352 per
1275 4291 1492 4354 tempus
1517 4285 1680 4343 tinem
1711 4287 1930 4344 habere.
1958 4289 2076 4356 Quo

495 4372 618 4442 plus
644 4371 894 4428 bumiliat
919 4389 976 4429 se
998 4374 1160 4430 homo
1190 4376 1292 4432 sub
1333 4391 1495 4432 manu
1523 4379 1910 4450 omnipotentis
1940 4381 2074 4448 Dei,

494 4477 562 4517 eo
589 4462 747 4518 citius
778 4463 1015 4520 vindicat
1036 4465 1261 4537 injurias
1289 4483 1568 4525 servorum
1593 4509 1612 4534 ,
1637 4471 1728 4540 qui
1771 4471 1846 4526 ait
1883 4485 1899 4525 :
1939 4471 2073 4527 Mihi

2181 3258 2318 3314 vire.
2355 3234 2482 3314 ideo
2522 3234 2752 3314 sollicita
2781 3266 2965 3314 mente
2987 3234 3044 3315 et
3072 3260 3162 3330 pia
3190 3261 3510 3325 intentione,
3543 3278 3643 3332 pro
3671 3270 3775 3318 tua

2178 3349 2544 3418 prosperitate
2577 3356 2632 3402 et
2675 3347 2850 3404 salute
2889 3364 3076 3404 curam
3113 3349 3314 3406 habere
3353 3359 3411 3406 et
3433 3351 3779 3410 intercedere

2173 3439 2380 3508 justum
2419 3446 2476 3492 et
2515 3439 2881 3497 necessarium
2908 3441 3194 3508 habemus,
3217 3442 3434 3498 domine
3455 3432 3775 3500 desiderari-

2179 3529 2388 3584 tissime
2421 3538 2583 3600 atque
2607 3529 2752 3585 omni
2777 3530 2981 3586 honore
3007 3531 3316 3603 dignissime
3343 3533 3512 3590 David
3548 3541 3682 3594 rex!

2519 3663 2676 3738 157
2709 3679 2733 3708 ο
2769 3665 3103 3725 EPISTOLA
3138 3666 3418 3724 CXXXIV.

2695 3797 2763 3836 AD
2800 3797 3018 3838 DOINUI
3044 3798 3244 3839 ιιεοειι.

2783 3893 2964 3966 (Anno
2997 3893 3152 3968 sm.)

2179 3999 2393 4056 Gratias
2418 4003 2526 4073 agit
2550 4017 2644 4072 pro
2669 4001 2986 4126 boni/actis:
3025 4015 3074 4058 et
3101 4016 3156 4059 ut
3185 4005 3249 4060 ob
3285 4008 3519 4077 corporis
3543 4009 3798 4126 infriari.

2249 4081 2406 4126 tatem
2451 4072 2592 4126 apud
2637 4071 2700 4126 S.
2807 4076 3037 4126 artimtm
3083 4075 3181 4126 sibi
3228 4078 3544 4126 renuiescere
3606 4079 3763 4126 item-

2249 4081 2418 4194 tate";
2451 4071 2592 4194 apud
2637 4071 2700 4128 S.
2747 4071 3037 4130 Martinam
3083 4075 3181 4130 sibi
3228 4071 3544 4148 requiescere
3586 4071 3765 4145 (ἐι-σαι,

2247 4159 2378 4212 supp
2400 4159 2482 4196 ica
2511 4180 2526 4195 .

2247 4274 2476 4329 Domino
2518 4274 2762 4345 piissimo
2811 4275 2979 4332 David
3022 4278 3167 4349 regi,
3215 4277 3445 4336 Albinus
3486 4289 3768 4350 perpetua:

2176 4363 2527 4418 beatitudinis
2555 4363 2804 4418 salutem.
3014 4421 3028 4438 κ

2198 4452 2468 4506 “Summa
2507 4452 2648 4508 Deus
2684 4453 2923 4510 Trinitas
2975 4465 3168 4513 vestrae
3206 4458 3470 4524 bonitati,
3511 4459 3772 4518 manium

495 4556 796 4622 vindictam,
824 4573 917 4626 ego
951 4558 1233 4614 retribuam
1257 4560 1436 4632 (Rom.
1454 4578 1554 4628 xu,
1583 4563 1645 4617 l9
1667 4579 1684 4629 ;
1705 4562 1866 4620 Hebr.
1894 4581 1950 4632 ι,
1976 4557 2066 4632 50;

2187 4543 2518 4600 lilectissime
2573 4544 2741 4600 David
2763 4583 2782 4612 ,
2840 4554 3042 4602 :etema
3091 4551 3343 4606 restituat
3399 4549 3768 4619 beatitudine,

569 4726 1062 4814 {greganfredum
1081 4729 1248 4814 iiuna
1277 4733 1536 4814 eumdem
1558 4749 1678 4791 esse
1702 4737 1976 4803 existimo,
2005 4740 2074 4794 ad

493 4811 656 4868 quem
678 4801 878 4868 scripta
900 4807 984 4854 est
1011 4817 1041 4855 e
1077 4801 1234 4858 istola
1264 4801 1354 4858 42.
1963 4801 1970 4803 ’

567 4867 596 4908 b
623 4865 900 4923 Fratribus
932 4869 992 4924 S.
1022 4817 1187 4924 gem.
1213 4871 1328 4927 Hoc
1354 4873 1419 4928 de
1443 4875 1778 4930 monasterio
1803 4875 2072 4932 Beneven-

497 4944 627 4992 tano
661 4936 895 5012 S_._l_’etri
935 4939 1006 5012 ad
1041 4939 1242 5012 Corpus
1267 4943 1436 5006 dictu,
1475 4959 1602 5012 qua:
1643 4946 1802 5000 modo
1831 4947 2091 5004 Ecclesia‘

492 5007 802 5132 parmcialis
827 5016 930 5074 est,
977 5007 1442 5081 interpretandum
1480 5007 1696 5070 videtur
1735 5015 2064 5086 Mabillouio,

518 5077 590 5132 tb.
616 5094 763 5132 xxvu
788 5079 983 5132 Annal.
1011 5095 1159 5132 num.
1191 5080 1245 5132 6.

518 5077 590 5134 ib.
616 5094 763 5132 xxvu
788 5079 983 5134 Annal.
1011 5077 1159 5134 num.
1191 5080 1246 5138 6.

569 5161 591 5188 ε
627 5149 1052 5230 De_expeditio_rte
1077 5150 1413 5230 bqstili_,-_etc.
1442 5153 1931 5230 [imgintelligenda
1950 5160 2069 5230 exi-

495 5218 658 5300 stimo
767 5218 1317 5300 expediti9ne_hostili
1337 5240 1498 5294 quam
1524 5218 1788 5300 Pippittus
1795 5228 1950 5300 jussu
1960 5229 2070 5300 VCa-

500 5287 624 5352 roli,
655 5290 781 5366 dum
803 5287 944 5366 anno
963 5291 1070 5348 800
1104 5292 1328 5366 Romam
1355 5287 1707 5366 pergerei,’et
1731 5287 1925 5356 ite'rum
1940 5299 2067 5354 dum

502 5312 624 5352 run,
655 5312 781 5344 uuln
803 5312 944 5344 anno
963 5312 1070 5348 δυυ
1104 5312 1328 5348 nontam
1397 5312 1628 5366 ergeret,
1651 5312 1707 5352 et
1731 5312 1925 5356 iterum
1940 5312 2062 5354 dum

497 5373 640 5450 329°
668 5357 1034 5450 94.391595
1071 5312 1774 5450 idvers‘iiﬁeim‘jellmﬂos
1796 5371 2062 5450 ,ευεοριξίι-

497 5425 892 5504 Vid._Annales
912 5425 1243 5504 Francorum
1271 5435 1491 5504 Tiliani,
1521 5437 1810 5494 Loiseliani
1832 5450 1886 5494 et
1915 5425 2026 5494 alii.

565 5495 595 5535 ἀ
619 5498 923 5573 ἔπιεὶὶδσξιηὶ
941 5502 1184 5559 hominis.
1208 5495 1576 5562 Grimoaldum
1605 5509 1700 5563 abs
1725 5510 1886 5564 dubio
1915 5517 2068 5563 notat
2096 5566 2104 5573 ,

493 5563 1146 5646 ducemjieneventannm
1169 5615 1185 5638 ,
1229 5577 1321 5644 qui
1361 5579 1504 5646 patri
1551 5577 1764 5646 Arigiso
1789 5619 1804 5645 ,
1835 5563 2065 5633 consen-

491 5635 873 5720 tiente_(}arolo
897 5638 1104 5720 Magno,
1133 5635 1405 5720 successit
1417 5662 1560 5702 anno
1579 5635 1700 5720 Ἱξέ,
1718 5635 1916 5720 postea
1935 5663 2065 5720 vero

494 5704 712 5784 rebellis
755 5705 931 5784 (actus
969 5704 1060 5784 diu
1090 5704 1220 5784 cum
1257 5713 1482 5784 Pippino
1515 5704 1773 5772 conﬂiii't.
1801 5719 1922 5772 Vid.
1967 5717 2066 5772 Er-

495 5731 712 5762 rcncuts
755 5731 931 5762 lautus
969 5731 1060 5765 mu
1099 5731 1220 5766 cum
1259 5731 1314 5766 I’l
1355 5731 1482 5784 pmo
1515 5731 1773 5772 conmxn.
1808 5731 1922 5772 για.
1967 5731 2066 5772 Er-

495 5777 790 5848 chempcrti
833 5777 970 5831 Hist.
1011 5731 1356 5851 Longobartf
1383 5784 1668 5840 Beneventi
1707 5787 1845 5858 apud
1871 5787 2066 5846 Murali

2181 4739 2384 4819 Script.
2409 4741 2536 4819 tier.
2563 4741 2680 4798 ltal.
2705 4744 2916 4819 tam",
2937 4753 3078 4819 part.
3103 4763 3144 4811 ι,
3162 4761 3287 4819 pag.
3305 4747 3430 4805 238.
3455 4747 3766 4805 Grimoaldi

2217 4811 2334 4888 ater
2357 4811 2623 4888 Arigisus,
2649 4822 2705 4888 et
2750 4813 2918 4870 frater
2939 4811 3276 4888 'ﬂomoaldu's
3321 4819 3376 4872 in
3411 4819 3589 4888 brevi,
3612 4819 3768 4888 quod

2227 4881 2436 4958 lcuinus
2475 4883 2565 4938 hic
2593 4883 2848 4951 insinuat,
2882 4885 3076 4941 sublati
3103 4895 3236 4955 sunt
3261 4887 3508 4944 articulo.
3552 4881 3769 4958 Nempe

2177 4968 2287 5025 uno
2312 4952 2609 5025 eodemque
2637 4970 2780 5009 anno
2804 4996 2819 5022 ,
2841 4971 2904 5010 ac
2926 4971 3062 5025 pene
3097 4952 3286 5012 eodem
3316 4972 3502 5014 mense
3526 4952 3766 5013 mortui.

2175 5023 2483 5098 concordat
2509 5023 2788 5098 ddi-ianus
2815 5023 2957 5098 papa
3000 5026 3075 5098 in
3093 5029 3250 5098 epist.
3285 5031 3354 5086 88
3386 5028 3520 5084 Cod.
3569 5027 3766 5083 Carol.

2175 5093 2269 5148 ubi
2299 5094 2365 5148 ad
2392 5092 2855 5170 Carolum_sc_ribit
2889 5092 2907 5150 Ξ
2933 5117 2952 5146 ι
2982 5095 3083 5163 Qui
3113 5092 3390 5170 venientes
3421 5098 3770 5170 (Athalgisus

2175 5178 2300 5240 cum
2345 5163 2610 5240 exercitu)
2640 5164 2734 5220 Dei
2748 5175 2912 5240 nutu,
2933 5181 3032 5240 per
3059 5165 3312 5238 suffragia
3341 5163 3714 5240 apostolorum
3744 5209 3766 5234 ,

2175 5232 2836 5310 ma‘lignantinm'consilia
2860 5232 3137 5310 dissipata
3152 5232 3494 5310 repererunt,
3517 5253 3585 5294 eo
3607 5232 3770 5310 quod

2173 5303 2706 5389 Aricinisum‘dttcem
2737 5305 2820 5358 vel
2859 5303 3028 5389 ipsius
3059 5303 3235 5389 lilium
3257 5303 3768 5389 _}Valdonem_§§_o-

2178 5373 2450 5446 moaldum
2489 5371 2779 5446 legendum
2801 5371 3074 5433 existimat
3115 5377 3360 5434 Cointius
3411 5393 3552 5434 anno
3601 5371 3714 5436 787
3748 5418 3770 5446 ,

2171 5457 2319 5496 num.
2357 5440 2446 5510 16)
2473 5439 2784 5498 defunctum
2811 5446 3152 5502 invenerunt.
3185 5467 3204 5502 ι

2228 5522 2262 5590 ,“j
2292 5510 2430 5590 Edil-
2481 5510 2731 5578 Quercet.
2765 5515 2847 5590 i9_
2869 5531 2935 5572 ex
2964 5533 3067 5590 ms.
3097 5517 3331 5574 Froben.
3367 5515 3513 5590 1076.;
3539 5513 3772 5590 Scripta

2165 5577 2364 5653 fuiteo
2395 5577 2637 5653 tempore
2692 5599 2799 5653 quo
2826 5583 2942 5653 jam
2986 5589 3131 5644 vires
3175 5589 3376 5646 sensim
3418 5577 3774 5647 deiicere'et

2166 5650 2519 5730 :egritudines'
2551 5650 2884 5730 invalescere
2913 5659 3114 5730 sensit,
3154 5667 3216 5713 ut
3244 5659 3298 5730 in
3324 5659 3598 5730 prioribus
3635 5658 3773 5728 epi-

2167 5721 2320 5798 stolis
2364 5722 2531 5798 etiam
2577 5726 2962 5798 conqueritur;
3012 5721 3138 5783 data
3185 5721 3346 5798 igitur
3383 5729 3574 5784 eodem
3609 5721 3774 5784 anno

2169 5789 2265 5846 801
2298 5791 2379 5848 vel
2407 5791 2584 5862 aliquo
2609 5789 2912 5862 posteriori.
