4070 6182
332 296 446 354 573

1729 296 2085 353 EPISTOLA:
2097 338 2110 351 .

3496 301 3605 357 an

334 411 601 483 quidquid
652 409 870 479 pietatis
904 408 990 462 vel
1036 408 1381 480 benignitatis
1427 410 1478 462 in
1533 424 1616 467 tne
1666 410 1921 492 famulum
1956 412 1997 469 Α
2027 418 2136 463 ceat
2173 408 2268 465 lux
2307 419 2470 463 vestra
2514 411 3050 490 coramhominibus,
3094 422 3149 466 at
3195 412 3396 467 videant
3445 430 3608 484 opem

335 512 581 560 vestrum
606 544 621 569 ,
672 501 813 557 sicut
856 500 1027 571 prima
1067 501 1368 571 cognitione
1417 502 1679 557 adventus
1719 504 1826 557 mei
1861 504 1930 557 ad

337 612 435 649 vos
472 593 896 651 misericorditer
943 593 1305 662 promisistis;
1360 595 1432 649 ita
1477 594 1660 679 ompia
1702 594 1930 651 fideliter

339 680 624 754 implestis,
671 690 726 736 et
754 682 820 736 ad
847 682 1122 736 cumulum
1154 682 1476 752 plenissimae
1517 685 1761 739 veritatis
1808 699 1927 753 qua:

337 790 557 842 semper
586 773 752 828 vestri
781 773 1018 842 pectoris
1062 773 1259 828 insidet
1287 775 1558 838 thesauro,
1616 775 1926 846 centuplum

338 866 665 931 addidistis;
721 872 780 919 ut
805 873 1126 920 cunctorum
1167 865 1287 921 luce
1321 867 1520 922 clarius
1567 867 1738 923 oculis
1779 876 1931 937 pate-

338 956 480 1023 scit,
528 954 861 1024 auribusque
892 970 990 1026 per
1036 956 1358 1027 longinquas
1397 966 1660 1012 terrarum
1709 966 1929 1013 resonat

336 1046 653 1102 multorum.
702 1046 844 1114 Quid
886 1047 1027 1100 enim
1076 1047 1197 1102 addi
1223 1048 1395 1116 potuit
1424 1046 1663 1103 felicitati
1690 1049 1931 1121 peregri—

292 1208 307 1217 .
336 1136 576 1192 nationis
600 1150 755 1201 mem,
786 1136 871 1189 vel
902 1144 1093 1191 vestr-.e
1124 1136 1618 1203 bonitatisjudicio,
1655 1136 1818 1207 super
1842 1154 1929 1193 me

338 1228 520 1285 minus
550 1225 713 1295 digno
737 1226 822 1281 his
841 1227 1090 1280 erunibus
1116 1227 1377 1282 donorum
1403 1227 1779 1295 largitionibus
1797 1228 1822 1280 ?
1844 1228 1930 1284 vel

300 1318 311 1331 ‘
336 1316 527 1389 quales
560 1317 860 1388 gratiarum
890 1316 1130 1391 actim’tes
1158 1325 1351 1371 vestra:
1380 1316 1765 1391 misericordiae
1801 1334 1931 1374 con-

338 1388 531 1479 dignas
555 1406 863 1477 persolvere
892 1388 1129 1476 possunt,
1179 1406 1280 1460 nisi
1306 1388 1563 1476 perpetua
1595 1408 1697 1477 piae
1730 1409 1930 1464 oratio-

338 1499 425 1563 nis
452 1497 739 1555 sedulitate
769 1497 1256 1552 misericordissimi
1289 1497 1383 1551 Dei
1413 1499 1796 1567 omnipotentis
1822 1499 1931 1555 cle-

339 1588 595 1647 mentiam
628 1587 923 1657 deprecari,
961 1596 1225 1657 quatenus
1259 1596 1459 1643 teterna
1494 1591 1929 1646 remuneratione

338 1675 392 1730 in
421 1674 629 1735 cmlesti
658 1675 988 1737 beatitudine
1024 1676 1205 1730 omnia
1240 1676 1611 1748 multipliciter
1640 1679 1827 1734 reddat
1871 1680 1924 1734 in

337 1778 513 1821 meam
553 1772 748 1821 vestra:
785 1764 1101 1836 largissimae
1130 1766 1385 1821 bonitatis
1424 1765 1707 1823 benefacta
1749 1769 1928 1838 parvi-
1962 1748 2005 1807 Β

338 1858 550 1915 tatem?
587 1856 740 1925 Quod
768 1866 828 1912 ut
865 1872 1039 1912 meam
1078 1857 1239 1912 liceat
1281 1858 1421 1927 apud
1458 1870 1704 1913 sanctum
1746 1858 1929 1915 Marti-

338 1964 468 2005 num
496 1948 736 2019 quotidie
764 1948 1076 2003 instantiam
1114 1963 1292 2018 agere,
1332 1948 1555 2019 supplex
1596 1949 1925 2020 suppliciter,

340 2042 563 2099 humilis
606 2041 921 2109 humiliter,
972 2043 1196 2097 devotus
1241 2040 1429 2097 devote
1483 2042 1709 2097 obsecro
1732 2083 1747 2107 ,
1801 2045 1926 2113 quia

336 2133 494 2189 valde
519 2131 823 2187 inﬁrmatus
848 2147 1075 2204 corpore
1101 2131 1177 2185 nil
1202 2131 1346 2187 aliud
1385 2131 1597 2187 itineris
1643 2133 1727 2189 vel
1774 2134 1925 2191 labo-

337 2228 415 2284 ris
449 2227 715 2298 perlicere
761 2226 937 2284 valeo.
982 2226 1171 2282 Omnis
1207 2226 1372 2296 igitur
1415 2226 1659 2296 corporis
1692 2227 1821 2287 mei.
1871 2235 1929 2282 ut

336 2331 464 2373 vere
492 2316 690 2381 fateor,
735 2318 971 2388 dignitas
1013 2325 1068 2371 et
1097 2314 1357 2371 fortitudo
1381 2316 1637 2381 recessit,
1683 2316 1837 2383 abiit,
1872 2325 1927 2373 et

335 2408 580 2479 quotidie
618 2407 822 2479 fugiet:
858 2425 959 2464 nec
986 2410 1039 2463 in
1065 2410 1187 2469 hoc,
1221 2416 1282 2463 ut
1305 2422 1578 2476 revereor,
1610 2409 1807 2465 saeculo
1838 2427 1972 2496 τεο.

338 2508 599 2557 vertetur.

409 2591 632 2662 Speravi
669 2600 832 2661 atque
859 2589 1036 2661 optavi
1067 2606 1152 2645 me
1199 2591 1487 2646 transactis
1516 2591 1709 2645 diebus
1733 2602 1927 2647 vestrae

338 2682 516 2740 adhuc
542 2683 625 2738 vel
664 2682 830 2738 semel
857 2681 1207 2737 beatitudinis
1237 2680 1428 2735 faciem
1458 2680 1660 2736 videre.
1711 2680 1818 2736 Sed
1843 2682 1927 2736 in-

341 2782 689 2846 gravescente
733 2772 931 2826 infirmi
974 2771 1218 2841 eorporis
1254 2771 1550 2833 lle‘ilitate,
1600 2771 1926 2827 omnimodis

338 2862 442 2919 hoc
465 2864 606 2919 idem
646 2862 762 2918 fieri
794 2878 897 2916 non
927 2876 1085 2932 posse
1112 2861 1394 2931 probatum
1442 2861 1635 2917 habeo.
1681 2858 1925 2931 Quapro-

337 2964 459 3024 pter
488 2955 749 3026 deprecor
802 2956 994 3006 vestne
1048 2951 1263 3007 invicta:
1317 2951 1570 3008 bonitatis
1618 2953 1924 3009 misericor-

336 3044 503 3109 diam,
548 3052 609 3099 ut
638 3043 940 3099 nullatenus
964 3058 1116 3099 mens
1146 3053 1334 3099 sancta
1356 3083 1373 3111 ,
1404 3043 1653 3099 voluntas
1691 3045 1918 3116 benigna

336 3228 710 3298 compassione
735 3227 934 3282 fessum
978 3227 1235 3281 concedat
1263 3227 1620 3296 requiescere,
1667 3230 1924 3284 orationi-

335 3319 547 3386 husque
573 3333 671 3386 pro
691 3316 845 3373 vobis
872 3318 1094 3382 instare,
1119 3324 1173 3371 et
1193 3315 1487 3386 praevenire
1506 3313 1699 3370 faciem
1738 3318 1922 3372 aeterni

312 3405 539 3475 indicis
585 3406 639 3459 in
696 3405 1028 3460 confessione
1070 3414 1126 3460 et
1172 3404 1445 3475 lacrymis.
1500 3403 1570 3460 Ut
1614 3405 1659 3459 si
1710 3421 1924 3477 quoquo

336 3495 527 3561 modo,
566 3494 675 3550 Deo
695 3493 812 3550 Jesu
844 3496 1153 3561 miserante,
1181 3495 1496 3550 metuendus
1525 3496 1730 3566 antiqui
1755 3498 1927 3554 hostis

335 3586 720 3642 accusationes
745 3587 971 3641 evadere
1000 3586 1225 3651 valeam,
1273 3595 1327 3641 et
1352 3582 1587 3656 aliquem
1613 3598 1922 3643 sanctorum

336 3676 541 3733 habere
587 3675 885 3745 adjutorem
936 3691 1185 3740 merear,
1241 3692 1451 3731 mecum
1506 3687 1780 3759 stantem,
1826 3690 1943 3750 pro

339 3783 564 3841 meaque
603 3770 1019 3826 intercedentem
1048 3766 1360 3839 fragilitate,
1409 3785 1477 3824 ne
1509 3771 1692 3825 tradar
1736 3770 1789 3825 in
1810 3788 1927 3826 ma-

340 3878 442 3917 nus
470 3862 808 3916 inimicorum
837 3876 1077 3915 meorum
1105 3857 1293 3932 (Eccli.
1329 3875 1402 3924 tv,
1430 3860 1544 3927 29.).

411 3951 454 4009 0
484 3968 649 4023 quam
691 3951 958 4006 timendus
1005 3959 1087 4005 est
1134 3951 1281 4004 omni
1311 3948 1511 4006 homini
1550 3949 1663 4003 dies
1709 3947 1829 4011 ille,
1874 3958 1926 4004 et

236 4066 251 4079 -
338 4059 499 4114 quam
535 4043 896 4098 necessarium
926 4050 1008 4097 est
1032 4042 1318 4112 unicuique
1339 4056 1645 4113 praeparare
1667 4057 1726 4097 se
1747 4042 1801 4097 in
1828 4058 1923 4097 oc-

338 4150 555 4190 cursum
586 4134 797 4189 Domini
830 4136 922 4188 Dei
947 4134 1065 4188 sni!
1099 4135 1349 4189 hortante
1377 4150 1474 4189 nos
1496 4135 1608 4205 ipsa
1639 4134 1778 4201 luce,
1807 4149 1927 4204 qua:

339 4225 609 4280 illuminat
633 4240 844 4280 omnem
877 4225 1168 4289 hominem,
1201 4233 1361 4294 atque
1386 4224 1689 4280 clamante:
1729 4227 1924 4279 Ambu-

340 4315 464 4379 late,
495 4316 623 4369 dum
660 4313 827 4368 lucem
848 4315 1066 4379 habetis,
1106 4331 1168 4367 ne
1210 4331 1295 4368 vos
1333 4313 1555 4368 tenebra:
1593 4315 1925 4383 comprehen-

1946 3094 1995 3157 Ο

335 3153 461 3207 qua:
490 3137 543 3191 in
571 3138 727 3192 vobis
760 3144 861 3202 est,
902 3152 1035 3193 mete
1061 3137 1326 3191 irascatur
1355 3136 1673 3202 infirmitati,
1708 3138 1801 3194 sed
1834 3138 1921 3208 pia
1947 3135 1995 3157 “

2030 508 2195 553 vestra
2222 498 2375 565 bona,
2396 509 2443 552 et
2466 487 2753 569 gloriﬁcent
2782 500 2988 556 Patrem
3015 513 3235 559 vestrum
3259 504 3349 576 qui
3386 505 3443 561 in
3466 505 3614 561 colis

2027 599 2101 643 est
2124 588 2339 661 (Matth.
2372 605 2423 654 v,
2456 588 2563 660 16).

2098 703 2267 756 David
2297 703 2351 757 in
2377 712 2638 759 aeternum
2670 713 2848 761 tecum
2874 708 2945 762 sit
2970 710 3145 778 gratia
3174 708 3405 771 Christi.

2064 826 2075 835 -
2170 793 2241 849 Ut
2266 795 2466 863 vigens,
2497 779 2698 863 valeas,
2727 797 2900 853 vietor
2925 798 2978 852 in
3004 801 3139 855 orbe
3163 809 3372 870 potens.

2096 883 2227 939 Post
2246 883 2361 940 haec
2389 895 2444 943 et
2467 894 2653 941 teneas
2679 886 2918 947 coelestia
2943 904 3111 961 regna
3138 892 3351 956 beatus,

2164 973 2301 1029 Cum
2338 976 2541 1031 sanctis
2565 978 2772 1046 pariter
2797 994 3011 1050 semper
3039 981 3094 1036 in
3118 996 3246 1037 arce
3261 982 3393 1052 poli.

2099 1064 2374 1136 Multiplici
2394 1066 2643 1127 Christus
2670 1070 2860 1126 reddat
2903 1072 3001 1129 tibi
3026 1088 3255 1128 munera
3289 1076 3454 1139 mitis,
3549 1120 3558 1135 ς

2169 1158 2227 1213 in
2252 1174 2338 1214 me
2359 1168 2491 1229 quot
2511 1161 2723 1216 bonitas
2748 1162 2974 1217 contulit
2990 1178 3122 1219 ecce
3138 1172 3255 1219 tua.

2098 1245 2354 1303 Gramina
2374 1258 2507 1320 quot
2528 1250 2688 1306 tellus
2716 1252 2933 1317 habeat,
2960 1252 3046 1308 vel
3068 1253 3222 1309 littus
3240 1270 3438 1310 arenas
3466 1273 3493 1316 ξ

2171 1340 2273 1395 Τοι
2300 1342 2590 1398 miserante
2621 1342 2746 1407 Deo,
2782 1344 2973 1410 David,
3002 1345 3203 1400 habeto
3229 1346 3373 1401 vale.

2096 1432 2330 1503 inclytus
2362 1434 2582 1490 aeternis
2604 1435 2774 1490 David
2798 1433 3029 1491 feliciter
3054 1422 3232 1500 annis,

2170 1524 2228 1578 In
2251 1523 2469 1581 Christo
2494 1526 2705 1582 meritis
2736 1526 2883 1582 vivat
2908 1527 3108 1597 nitique
3134 1529 3319 1583 sacris.

2456 1670 2479 1698 ι
2512 1657 2843 1714 EPISTULA
2882 1657 3143 1714 CXXXV.

2523 1767 2548 1807 δ
2575 1784 2642 1821 AD
2671 1784 3081 1825 .\'.\Tll.\NMZLEM.

2635 1876 2811 1948 (Anno
2855 1877 2951 1934 80!
2967 1878 3011 1950 .)Δ

2032 1990 2240 2047 Excitat
2285 1992 2354 2045 ad
2382 1993 2664 2062 pietatem;
2712 1992 3037 2062 commendat
3083 1993 3169 2048 illi
3202 2010 3387 2050 curam
3434 1996 3491 2051 in
3526 1997 3609 2051 in-

2096 2062 2358 2116 struendis
2379 2060 2670 2132 uirginibus
2716 2060 2902 2132 Lucia_
2920 2072 2969 2116 et
3004 2061 3276 2119 Columba.
3322 2064 3615 2122 Committi:

2097 2132 2176 2186 illi
2203 2130 2478 2207 epistolam
2490 2147 2638 2207 _cum_
2659 2147 2825 2189 sacra:
2867 2130 3153 2203 Scriptum
3190 2151 3402 2193 munera
3438 2138 3608 2207 porri-

2097 2199 2317 2273 gendum
2347 2201 2455 2272 regi
2480 2199 2695 2255 Carolo.

2094 2311 2320 2367 Albinus
2346 2309 2669 2367 Nathanaeli
2694 2310 2951 2367 salutem.

2096 2404 2397 2475 Cognoscat
2422 2409 2475 2457 te
2512 2402 2567 2457 in
2598 2402 2992 2472 benedictione,
3019 2406 3112 2476 qui
3148 2407 3363 2478 agnitus
3388 2414 3475 2464 est
3497 2422 3529 2463 a
3554 2414 3609 2463 te

2023 2501 2185 2555 beato
2224 2497 2550 2568 praedicante
2591 2496 2859 2567 Philippo,
2910 2498 3003 2567 qui
3046 2507 3101 2556 te
3133 2501 3234 2555 sub
3263 2498 3369 2555 ficu
3409 2499 3618 2558 veteris

2025 2588 2203 2642 delicti
2249 2585 2461 2641 vocavit
2506 2585 2573 2640 ad
2601 2585 2777 2640 virum
2822 2585 2890 2640 de
2933 2585 3241 2654 Nazareth;
3276 2589 3380 2659 'qui
3412 2597 3464 2645 te
3491 2591 3617 2646 sine

2024 2680 2147 2736 dolo
2192 2677 2490 2733 lsraelitam
2532 2692 2651 2732 esse
2681 2676 2981 2744 concedat,
3025 2686 3086 2733 ut
3117 2679 3311 2750 dignus
3357 2678 3612 2736 elliciaris

2025 2788 2132 2828 non
2175 2771 2347 2828 solum
2395 2769 2577 2825 verbis
2621 2769 2823 2827 dicere.
2876 2770 2970 2826 sed
3022 2778 3078 2825 et
3127 2785 3290 2840 opere
3339 2770 3611 2841 implere:

2026 2861 2215 2928 Rabbi,
2244 2872 2301 2916 tu
2321 2879 2375 2917 es
2398 2860 2572 2917 Filius
2600 2862 2716 2927 Dei,
2737 2870 2794 2916 tu
2815 2878 2871 2917 es
2895 2860 3008 2917 Rea:
3031 2861 3201 2916 Israel
3230 2861 3412 2933 (Joau.
3436 2879 3479 2929 ι,
3506 2863 3607 2918 45-

2023 2953 2134 3026 49).
2167 2954 2321 3009 Hunc
2345 2968 2593 3023 sequere,
2633 2953 2802 3008 donec
2824 2952 3006 3008 videas
3033 2967 3157 3008 eum
3177 2967 3302 3007 cum
3322 2952 3481 3008 beato
3506 2952 3608 3010 Pe-

2024 3051 2110 3099 tro
2136 3050 2192 3098 et
2214 3041 2339 3099 [iliis
2362 3038 2602 3097 Zebedaai
2615 3049 2847 3096 stantem
2875 3042 2928 3096 in
2957 3041 3138 3099 littore
3167 3048 3221 3098 et
3241 3041 3561 3101 clamantem
3589 3063 3601 3101 :

2026 3132 2216 3187 Mittite
2259 3141 2365 3187 rete
2405 3132 2459 3186 in
2503 3131 2766 3186 dexteram
2798 3133 3012 3203 navigii,
3032 3142 3080 3187 et
3119 3133 3387 3191 invenietis
3421 3134 3603 3208 (Joan.

2024 3239 2135 3289 xxi,
2165 3223 2218 3295 6)
2245 3240 2260 3289 ;
2301 3223 2377 3278 uti
2403 3230 2522 3293 post
2553 3223 2688 3276 hanc
2712 3223 3067 3292 piscationem
3095 3226 3163 3279 ad
3187 3224 3496 3282 convivium
3522 3242 3611 3284 vo-

2023 3328 2178 3376 catus
2214 3319 2426 3375 dicatur
2468 3317 2567 3373 tibi
2616 3318 2758 3373 inter
2797 3327 3024 3374 caeteros
3063 3326 3263 3375 sancta:
3294 3319 3616 3389 piscationis

2023 3411 2231 3467 socios:
2281 3408 2409 3465 Veni
2438 3418 2487 3463 et
2530 3409 2727 3479 prande
2774 3409 2937 3482 (Ibid.
2975 3426 3105 3464 vers.
3157 3409 3268 3481 12).
3320 3410 3467 3478 Quid
3503 3412 3615 3468 hoc

2023 3486 2271 3558 convivio
2296 3500 2547 3556 dulcius?
2595 3500 2733 3567 Quid
2759 3501 2860 3556 hac
2883 3501 3168 3570 praesentia
3202 3502 3454 3558 beatius?
3503 3502 3611 3559 Ubi

2024 3594 2409 3664 sempiternum
2436 3592 2583 3646 nullo
2628 3591 2733 3646 line
2771 3592 3037 3647 clauditur
3062 3592 3341 3663 gaudium,
3367 3594 3437 3649 ad
3462 3595 3606 3663 quod

2026 3684 2396 3743 tantummodo
2424 3682 2601 3750 magni
2624 3683 2798 3750 pisces
2825 3682 3140 3753 seligentur,
3173 3684 3267 3753 qui
3290 3699 3401 3741 non
3430 3686 3604 3743 scisso

2026 3777 2130 3834 reti
2185 3774 2476 3847 apostolica
2522 3773 2665 3844 capti
2711 3781 2837 3829 sunt
2864 3774 3264 3844 praedicatione.
3315 3775 3606 3837 Crescente

2024 3882 2251 3923 numero
2271 3867 2342 3922 ab
2372 3880 2480 3922 uno
2520 3879 2691 3934 ustae
2723 3863 2791 3919 ad
2826 3863 3014 3921 decem
3040 3876 3097 3922 et
3119 3876 3348 3937 septem,
3389 3878 3610 3941 propter

2027 3959 2341 4030 decalogum
2368 3967 2423 4011 et
2451 3965 2656 4025 septem
2682 3956 2856 4012 sancti
2886 3956 3117 4025 Spiritus
3144 3957 3320 4013 dona:
3356 3960 3429 4016 de
3453 3958 3617 4028 cuius

2028 4047 2237 4103 numeri
2261 4046 2398 4101 mira
2425 4043 2690 4101 divisione
2716 4052 2771 4099 et
2800 4043 3191 4115 significatione
3213 4044 3341 4100 olim
3364 4061 3456 4102 me
3474 4047 3611 4103 acri-

2026 4138 2201 4208 psisse
2230 4151 2490 4201 memoro,
2514 4134 2838 4205 dominoque
2860 4132 3160 4192 meoDavid
3189 4135 3408 4201 dixisse,
3435 4136 3619 4194 calido

2027 4226 2310 4286 charitatis
2326 4226 2521 4291 corde,
2555 4236 2577 4265 α
2613 4226 2670 4281 in
2694 4224 2934 4282 fervente
2974 4225 3238 4284 naturalis
3261 4242 3415 4298 aqua:
3453 4225 3617 4300 [Νι.

2030 4320 2213 4396 atque]
2239 4308 2449 4385 balneo,
2496 4322 2588 4378 ubi
2621 4331 2689 4385 te,
2722 4322 2958 4389 alumne,
3000 4332 3325 4394 praeeuntem
3355 4339 3621 4381 malum

336 4406 468 4461 dant
499 4405 683 4477 (Joan.
717 4420 814 4469 xu,
844 4403 956 4472 '55).
987 4402 1092 4459 Sed
1126 4413 1180 4458 et
1209 4405 1475 4473 quomodo
1501 4403 1553 4458 in
1580 4419 1643 4459 ea
1673 4404 1791 4458 luce
1814 4419 1925 4458 am—
1957 4443 2004 4501 Β
2030 4416 2241 4485 ignoro.

340 4497 525 4556 .Julare
551 4496 861 4557 debeamus,
895 4495 999 4550 alio
1024 4496 1257 4550 ostendit
1286 4495 1424 4561 loco,
1455 4496 1640 4551 dicens
1672 4514 1686 4549 :
1722 4495 1812 4551 Sic
1843 4495 1925 4550 lu-

415 4687 439 4716 ·
463 4674 697 4744 Froben.
727 4673 886 4744 epist.
916 4671 1035 4729 185.

412 4746 441 4785 δ
474 4746 551 4800 Ad
586 4740 989 4798 Nutha-naelem.
1045 4741 1146 4809 Qui
1188 4757 1317 4796 vero
1368 4740 1587 4796 nomine
1628 4741 1924 4810 appellatus

342 4824 425 4869 est
447 4812 1240 4885 FridigisussctLFredegisus,
1264 4819 1428 4885 prout
1448 4812 1650 4885 _notavi_
1673 4811 1739 4864 ad
1764 4810 1922 4885 epist.

348 4885 445 4941 118
476 4880 642 4954 (nunc
683 4882 826 4954 157).
856 4882 935 4936 Ex
962 4883 1063 4937 hac
1084 4880 1321 4954 epistola
1341 4881 1586 4954 novimus
1610 4881 1779 4954 _ht_tnc_
1819 4880 1927 4936 Na-

345 4949 646 5009 thanaelem
676 4949 798 5007 esse
841 4954 1057 5007 missum
1100 4949 1248 5005 illum
1295 4949 1923 5014 Alcuini,,clarissimum

340 5025 511 5092 ﬁlium
538 5032 586 5076 et
609 5020 816 5092 ﬁdelem
842 5020 1099 5092 {amittunt
1128 5019 1304 5092 Caroli
1336 5021 1502 5092 regis,
1526 5020 1926 5092 perquetnni-

342 5089 539 5147 mirum
567 5089 824 5147 Alcuinus
843 5089 1034 5145 eidem
1062 5089 1274 5153 Carolo,
1318 5108 1335 5139 ‹
1366 5089 1435 5144 ad
1461 5089 1799 5157 splendorem
1825 5089 1927 5143 im-

338 5162 561 5231 perialis
582 5161 834 5231 potentiae
855 5161 1051 5215 obtulit
1083 5159 1383 5215 divinorum
1412 5173 1636 5231 munera
1665 5158 1923 5231 librorum

341 5226 374 5286 Ξι
402 5247 462 5302 se
492 5226 776 5302 diligenter
809 5231 1211 5302 emendaturum
1241 5242 1403 5299 atque
1452 5229 1505 5283 in
1540 5228 1704 5302 unius
1735 5226 1926 5302 claris—

341 5300 464 5356 simi
492 5296 1105 5371 corporissanctitatem
1132 5296 1522 5371 connevomm,
1562 5296 1930 5371 i_t_tt_loquitur

336 5371 397 5427 in
418 5366 706 5442 epistfl03
736 5368 903 5441 (nunc
930 5369 1074 5440 151).
1104 5370 1235 5425 Vide
1258 5370 1417 5433 infra,
1442 5370 1546 5424 col.
1579 5366 1707 5431 575,
1734 5375 1845 5421 not.
1875 5380 1923 5420 α.

414 5452 439 5482 ο
467 5438 536 5496 In
581 5440 807 5506 fervente
838 5479 851 5492 .
888 5478 902 5493 .
938 5479 952 5494 .
987 5439 1189 5493 balneo.
1241 5439 1393 5506 Quod
1436 5436 1661 5493 Carolus
1704 5436 1929 5506 Magnus

636 5454 807 5494 ruente
838 5479 851 5492 .
888 5478 902 5493 .
938 5479 952 5494 .
987 5454 1189 5493 οαιηεο.
1241 5454 1393 5494 υιιοα
1436 5454 1661 5493 υαῑοιιιε

414 5440 536 5496 οἸη
581 5440 807 5511 fervente
838 5479 851 5492 .
888 5478 902 5493 .
938 5479 952 5494 .
987 5440 1189 5493 balneo.
1241 5440 1393 5506 Quod
1436 5440 1661 5493 Carolus
1704 5440 1929 5507 Magnus

333 5510 943 5587 Aquisgrani‘eutruxit,
976 5516 1113 5563 teste
1131 5518 1300 5587 poeta
1345 5523 1638 5587 anonymo,
1665 5508 1931 5587 seu-ipso-

336 5576 455 5639 mét
485 5576 713 5649 Alcuino
741 5579 797 5634 in
825 5587 1072 5649 poemate
1108 5576 1171 5631 de
1199 5576 1388 5649 Garolo
1428 5576 1649 5649 Magno
1668 5586 1719 5649 et
1742 5576 1929 5632 Leonis

411 5668 495 5716 pa:
532 5649 601 5705 ad
631 5648 781 5703 illum
804 5646 1047 5711 adventu,
1070 5661 1215 5702 vers.
1244 5646 1369 5712 106,
1393 5646 1536 5716 quod
1561 5647 1686 5704 vide
1711 5648 1765 5702 in
1794 5655 1933 5703 tom.

411 5670 495 5716 pte
532 5670 599 5705 aa
631 5670 781 5703 mum
804 5670 1047 5711 aaaeruu,
1073 5670 1215 5702 vers.
1244 5670 1369 5712 ιυυ,
1393 5670 1536 5715 quuu

332 5670 586 5790 ﬁahuius
608 5718 864 5776 editionis
891 5719 1033 5775 inter
1052 5732 1216 5788 opera
1242 5715 1420 5772 dubia.
1443 5715 1515 5769 lbi
1545 5733 1559 5769 :

2101 4508 2285 4563 Saluta
2311 4508 2335 4547 δ
2377 4507 2597 4564 Luciam
2647 4522 2890 4564 sororem
2938 4517 3178 4564 nostram
3215 4510 3455 4566 etliliam
3502 4510 3617 4567 Co-

2182 4682 2271 4731 lltc
2294 4682 2375 4730 alii
2398 4682 2617 4732 thermas
2631 4681 2812 4731 calidas
2831 4682 3055 4737 reperire
3081 4679 3315 4741 labrum,

2180 4743 2361 4792 Balnea
2381 4750 2556 4801 sponte
2580 4755 2669 4792 sua
2684 4742 2930 4799 ferventia
2954 4742 3083 4792 mole
3102 4743 3389 4801 recludunt,

2182 4803 2463 4866 lﬂarmorets
2486 4805 2716 4866 gradibus
2729 4803 2946 4866 speciosa
2967 4802 3140 4853 ερόιιὴ
3165 4806 3397 4866 pangud't:

2180 4862 2308 4927 [om
2330 4865 2476 4914 nimio
2492 4862 2731 4915 bttlleutis
2752 4862 2890 4927 aquae
2915 4863 3107 4927 fervere
3131 4862 3293 4914 calore

2316 4933 2477 4975 cessat
2498 4940 2511 4975 :
2537 4933 2705 4988 partes
2720 4925 2857 4976 rivos
2871 4926 3074 4976 deducit
3096 4926 3146 4975 in
3165 4937 3345 4977 omnes

2232 5001 2252 5033 r
2293 5001 2345 5035 IS.

2232 5001 2345 5035 τοις.

2028 5086 2453 5158 EtEginhardus
2481 5088 2548 5158 in,
2586 5088 2709 5143 Vita
2747 5085 2928 5142 Caroli
2960 5085 3148 5158 Magni
3172 5088 3336 5144 deep
3379 5090 3616 5147 scribit;

2033 5175 2051 5207 ι
2083 5152 2458 5227 Delectabatur
2481 5157 2643 5211 etiam
2667 5158 2954 5226 vaporibus
2993 5152 3253 5227 aq'uarum
3285 5159 3609 5216 naturaliter-

2029 5225 2334 5296 ealentium,
2368 5224 2635 5294 frequenti
2680 5224 2867 5281 natatu
2910 5224 3105 5296 corpus
3153 5242 3411 5283 exercens
3435 5267 3451 5283 .
3493 5268 3508 5284 .
3534 5267 3552 5284 .
3583 5270 3600 5285 .

2028 5294 2110 5366 Ob
2137 5295 2238 5349 hoc
2271 5295 2436 5366 etiam
2470 5295 2800 5366 Aquisgrani
2835 5294 3038 5366 regiam
3068 5294 3354 5351 exstruxit.
3385 5315 3405 5350 ι
3447 5299 3622 5366 Apud.

2028 5365 2297 5436 Bouquet.
2323 5363 2520 5436 Script:
2550 5363 2681 5436 Bcf.
2709 5363 3007 5436 Gall._tom.
3036 5366 3099 5432 ν,
3124 5380 3243 5436 pag.
3273 5366 3362 5435 98,
3396 5384 3450 5421 n.
3472 5363 3566 5426 22.

2097 5381 2297 5445 »ικιιιειξιῒ
2323 5381 2520 5433 acrrpr.
2550 5381 2677 5419 uer.
2709 5381 2846 5420 uati.
2876 5381 3007 5419 tom.
3044 5381 3243 5490 V,J)ag.
3273 5381 3362 5435 νδ,
3396 5384 3450 5421 n.
3472 5381 3566 5426 22.

2097 5433 2126 5474 ἀ
2164 5433 2381 5488 Laetam
2406 5445 2452 5487 et
2477 5432 2801 5488 Columbam.
2844 5434 3034 5489 Exstat
3074 5450 3105 5489 a
3163 5437 3378 5492 easdem
3402 5437 3458 5492 in
3478 5437 3601 5495 cod.

2029 5503 2316 5574 Harleiauo
2342 5502 2585 5574 epistola,
2620 5504 2843 5574 scripta,
2895 5504 3021 5558 dum
3047 5506 3490 5562 commentarium
3548 5508 3619 5564 in.

2029 5575 2233 5648 Evang.
2262 5572 2321 5626 S.
2352 5572 2575 5627 Joannis
2611 5572 2747 5641 jam'
2771 5575 2976 5648 integre
3008 5575 3309 5648 absolutum
3362 5576 3428 5632 ad
3481 5576 3615 5648 illas

2030 5644 2216 5709 mittit,
2259 5656 2430 5719 quam
2457 5651 2740 5719 propterea
2764 5644 2945 5699 eidem
2959 5644 3346 5707 commentario
3367 5646 3602 5719 praeﬂui-

2033 5729 2169 5779 mus,
2221 5711 2315 5769 ubi
2339 5711 2487 5768 illam
2523 5711 2792 5769 causulas.
