4070 6182
489 309 594 367 375

1333 302 1390 355 Β.
1433 301 1494 355 F.
1535 297 1757 354 ALBlNl
1796 296 1925 352 SEU
1965 291 2239 349 ALCUINI
2277 292 2558 350 OPERUM
2593 292 2772 346 PARS
2810 291 2849 344 Ι.

3625 293 3734 349 576

486 424 725 478 lumbam
750 439 761 474 :
788 420 1078 488 deprecare
1098 429 1189 470 eas
1214 427 1478 468 memores
1489 426 1609 467 esse
1621 398 2065 466 senectutismeze
2091 404 2139 466 Α
2166 402 2378 458 silentia
2399 401 2772 463 considerata;
2804 410 2859 454 et
2894 400 2978 455 cui
3006 401 3177 466 dicas,
3218 400 3504 471 diligenter
3528 402 3741 458 exam'...

493 517 546 571 in
563 512 733 569 sacris
752 507 1106 572 orationibus,
1135 516 1191 562 et
1214 505 1403 560 salutis
1414 494 1593 559 sutelin
1612 501 1768 557 bonis
1782 497 2063 571 operibus;

492 620 592 660 nec
619 603 722 658 illis
739 608 841 656 tua:
859 598 1108 654 decorem
1135 596 1409 667 sapientia:
1437 594 1756 656 abscondas,
1776 592 1871 647 sed
1904 591 2066 660 irriga

493 698 746 752 florentes
762 695 917 749 bonae
929 690 1282 749 voluntatisin
1297 690 1376 743 eis
1391 687 1618 743 areolas.
1641 685 1778 752 Quid
1790 683 2067 753 pulchrius

493 784 773 855 sapientiae
807 782 1049 842 ﬂoribus.
1083 780 1176 849 qui
1220 792 1495 848 nunquam
1518 772 1902 831 marcescunt?
1930 770 2069 838 Quid

494 876 735 933 scientia;
775 873 976 930 divitiis
1020 870 1355 941 locupletius,
1397 882 1518 939 qua;
1554 879 1829 935 nunquam
1866 863 2068 918 exhau-

495 966 742 1022 riuntur?
759 966 841 1022 Ad
861 966 961 1020 has
980 965 1271 1020 exhortare
1292 975 1416 1026 eas;
1440 959 1623 1014 vivant
1645 957 1699 1011 in
1720 954 2069 1011 meditatione

494 1058 628 1128 legis
642 1057 738 1113 Dei
758 1057 846 1113 die
865 1071 931 1111 ac
944 1062 1123 1119 nocte,
1144 1061 1205 1108 ut
1224 1067 1349 1107 eum
1384 1051 1659 1107 inveniant
1674 1063 1835 1118 quem
1855 1046 2070 1116 scripsit

495 1146 706 1219 Moyses
730 1148 785 1203 in
811 1147 928 1218 lege
945 1151 1001 1201 et
1021 1143 1316 1215 propheta.
1345 1142 1583 1196 Teneant
1602 1154 1749 1204 eum,
1773 1152 1872 1193 nec
1890 1136 2070 1192 dimit-

453 1245 637 1320 'tant,
651 1236 824 1293 donec
858 1235 1270 1292 introducantur
1312 1232 1367 1287 in
1401 1232 1615 1287 cellaria
1644 1230 1838 1301 regalis
1864 1228 2066 1300 glorite,

495 1338 556 1383 ut
609 1327 856 1383 ordinata
898 1323 1163 1380 charitate
1197 1320 1419 1377 ﬂoribus
1465 1327 1681 1375 eterna:
1725 1316 2069 1373 beatitudinis

497 1417 810 1481 fulciantur,
839 1414 1086 1469 mittente
1105 1412 1316 1482 Sponso
1337 1409 1406 1466 de
1441 1398 1686 1465 thalami
1703 1422 1801 1463 suo
1827 1420 2066 1476 pnesen-

501 1508 568 1562 tis
596 1506 968 1577 prosperitatis
994 1505 1182 1560 laevam
1215 1504 1315 1558 sub
1337 1501 1512 1572 capite
1538 1515 1744 1565 earum,
1771 1506 1826 1554 et
1848 1498 2067 1553 dextera

498 1606 713 1652 reternaa
738 1596 1085 1652 beatitudinis
1101 1594 1436 1664 amplexetur
1449 1607 1560 1648 eas.

570 1703 596 1731 ι
623 1688 916 1759 Epistolam
939 1702 1069 1743 vero
1091 1686 1374 1756 parvitatis
1408 1699 1562 1749 meae,
1586 1698 1707 1739 cum
1729 1682 2067 1737 sanctissimo

2166 499 2371 548 uatum.
2439 490 2549 547 Nec
2596 498 2646 545 te
2670 490 2860 545 alienis
2894 490 3138 546 immisce
3163 491 3608 558 dissensionibus,
3639 508 3743 550 nec

2166 591 2221 639 te
2271 590 2559 653 praetereat
2606 581 2863 637 horarum
2912 581 3206 651 psalmodia
3246 589 3585 650 sanctarum;
3640 597 3744 641 nec

2166 675 2451 729 missarum
2474 674 2707 728 maxima
2728 673 2898 728 virtus
2921 674 2974 728 in
2994 688 3219 743 corpore
3251 672 3473 740 Christi,
3491 690 3592 731 nec
3616 673 3743 731 cha-

2167 764 2301 819 ritas
2334 762 2494 819 desit.

2239 853 2471 923 chatur
2497 861 2622 907 ante
2645 861 2699 908 te
2726 854 2885 909 lectio
2914 861 3121 919 sancta,
3145 868 3242 924 per
3277 869 3439 924 quam
3480 853 3596 910 fieri
3621 871 3744 925 pos-

2166 943 2274 999 sint
2292 944 2359 997 ad
2385 944 2640 999 convivas
2670 944 2832 999 verba
2854 944 3272 1015 prmdicationis.
3310 934 3415 1000 ‘Sit
3441 955 3586 1001 tuum
3610 945 3747 1000 velle

2167 1044 2222 1093 et
2246 1037 2387 1110 nolle
2424 1037 2492 1092 ad
2515 1037 2713 1092 mentis
2750 1051 2931 1091 arcem
2978 1036 3349 1103 constitutum,
3377 1053 3447 1094 ne
3481 1036 3747 1109 paenitere

2166 1126 2378 1198 cogaris
2415 1127 2482 1181 de
2505 1124 2745 1195 quolibet
2763 1123 2929 1179 facto.
2974 1123 3106 1179 Esto
3130 1139 3426 1196 pauperum
3460 1132 3635 1195 pater,
3683 1133 3748 1180 ut

2166 1217 2233 1273 de
2256 1231 2394 1287 pane
2413 1224 2507 1270 tuo
2534 1215 2878 1280 manducent,
2908 1198 3034 1284 quia
3057 1214 3111 1268 in
3134 1229 3368 1285 paupere
3388 1213 3634 1270 Christus
3658 1230 3748 1272 re-

2166 1308 2365 1364 ficitur.
2421 1305 2594 1373 Quam
2632 1304 2760 1360 felix
2782 1319 2992 1372 mensa,
3020 1305 3074 1359 in
3099 1320 3203 1374 qua
3232 1313 3315 1359 est
3335 1306 3559 1360 conviva
3585 1304 3748 1361 Chri-

2165 1405 2300 1453 stus.
2351 1396 2481 1451 Esto
2507 1394 2992 1464 irreprehcnsihilis
3017 1402 3072 1449 et
3094 1409 3304 1449 morum
3316 1394 3602 1465 dignitate,
3630 1410 3750 1449 ma-

2165 1485 2391 1557 gniﬁcus
2438 1485 2495 1539 in
2543 1484 2847 1548 sanctitate,
2887 1482 3169 1539 laudabilis
3198 1484 3251 1537 in
3280 1482 3489 1539 ratione
3521 1482 3633 1538 dati
3686 1493 3744 1539 et

2166 1577 2393 1649 accepti,
2426 1575 2698 1646 iucundus
2732 1575 2788 1629 in
2837 1574 3047 1639 verbis,
3090 1573 3327 1644 gaudens
3372 1573 3427 1629 in
3492 1582 3746 1644 aspatu,

2165 1666 2319 1722 laetus
2348 1665 2417 1720 ad
2449 1665 2693 1727 miseros,
2726 1663 2909 1734 largus
2935 1662 3001 1718 ad
3029 1675 3318 1733 pauperes,
3351 1661 3598 1717 omnibus
3628 1676 3748 1717 om-

497 1743 691 1835 divina;
720 1743 1013 1848 Scriptura:
1065 1743 1307 1843 munere,
1358 1776 1445 1831 die
1500 1743 1704 1830 Natalis
1752 1773 1984 1838 Domini,
2015 1779 2072 1827 et
2098 1743 2145 1803 Β
2174 1760 2262 1815 ﬂia
2298 1759 2729 1832 [Με-οάοηηῑθ,
2774 1756 2917 1811 "uno
2965 1753 3145 1831 ³εεηδα]
3194 1752 3387 1820 {aet-US.
3415 1763 3492 1848 ill
3517 1770 3581 1848 εξ
3619 1770 3750 1848 ἔοικ’

500 1872 679 1928 verbis
708 1871 1047 1927 salutationis
1094 1868 1334 1939 paciﬁcis
1367 1867 1532 1924 redde
1560 1867 1778 1922 domino
1818 1879 1940 1920 meo
1971 1864 2073 1919 Da-

495 1964 586 2018 vid
613 1962 697 2018 cui
730 1968 909 2018 tantas
936 1969 1116 2033 grates
1137 1968 1194 2017 et
1222 1960 1407 2015 laudes
1455 1959 1663 2030 agimus
1689 1973 1788 2027 pro
1823 1957 2071 2012 omnibus

499 2054 656 2110 bonis
690 2070 810 2124 quae
830 2054 963 2109 mihi
993 2053 1234 2123 meisque
1280 2051 1405 2106 filiis
1442 2050 1691 2116 faciebat,
1718 2058 1945 2119 quantas
1972 2049 2070 2103 ha-

500 2144 592 2200 bet
622 2144 762 2200 liber
799 2144 888 2199 ille
914 2143 1180 2216 syllabas;
1209 2150 1265 2198 et
1293 2150 1468 2201 tantas
1500 2155 1532 2196 a
1561 2142 1672 2197 Deo
1701 2140 1819 2197 dari
1854 2140 2072 2197 benedi—

499 2233 708 2289 ctiones
733 2233 808 2289 illi
836 2244 1106 2303 optamus,
1153 2241 1368 2304 quanta:
1410 2232 1463 2288 in
1509 2246 1575 2287 eo
1600 2231 1793 2287 litterae
1822 2231 2075 2302 leguntur

500 2323 736 2395 scripta.

575 2424 707 2495 Vive
730 2436 840 2496 Deo
864 2437 1012 2507 felix,
1046 2438 1149 2494 till!
1184 2437 1498 2495 florentibus
1520 2439 1697 2505 annis,

647 2533 717 2590 Ut
744 2540 798 2589 te
824 2539 1108 2591 conservet
1126 2531 1285 2589 Jesus
1311 2531 1511 2602 ubique
1533 2539 1675 2587 tuus.

572 2625 688 2692 Quo
708 2624 823 2680 sine
845 2624 921 2679 nil
938 2624 1155 2695 prodest
1176 2623 1428 2694 cuiquam
1449 2639 1582 2694 vaga
1604 2621 1773 2694 gloria
1795 2622 1967 2687 smcli;

644 2713 778 2781 Nate
796 2729 1004 2773 memor
1024 2714 1200 2772 Patris
1216 2729 1429 2785 semper
1452 2722 1630 2769 amate
1652 2714 1789 2770 vale.

886 2916 891 2917 ί
933 2846 962 2885 δ
1000 2840 1332 2899 EPISTOLA
1367 2842 1653 2898 cxxxvr.

1119 2972 1185 3010 AD
1224 2968 1460 3010 EUIIDEII.

503 3072 1326 3148 Ad'coneersationemjtonestam
1347 3080 1393 3125 et
1418 3070 1710 3148 religiosa!"
1746 3072 1979 3135 animat;
2022 3081 2071 3125 et
2097 3083 2146 3148 ο

574 3142 726 3197 citari
753 3141 938 3213 suadet
951 3140 1233 3213 columbas
1258 3140 1534 3196 coronatas
1567 3140 1836 3196 volitantes
1861 3158 1954 3213 per
1981 3158 2073 3195 ca-

572 3228 743 3266 meras
777 3210 980 3281 palatii.

577 3320 892 3376 Dulcissimo
930 3319 1039 3376 lilio
1084 3336 1205 3375 meo
1251 3319 1603 3375 Nathanaheli
1637 3319 1863 3375 Albinus
1912 3319 2074 3375 Pater

504 3409 751 3467 salutem.
892 3411 904 3417 ’
1951 3453 1971 3472 ,

578 3501 817 3558 Obsecro
842 3512 916 3566 te,
956 3500 1028 3555 illi
1056 3501 1127 3555 mi
1160 3500 1499 3568 charissime,
1526 3511 1588 3557 ut
1610 3501 1722 3557 vita
1748 3510 1840 3558 tua
1880 3503 1975 3559 fiat
2020 3512 2077 3559 et

506 3594 844 3650 conversatio
871 3593 1118 3658 honesta,
1169 3600 1225 3648 et
1275 3593 1542 3666 religiosa,
1586 3603 1748 3666 atque
1775 3597 1891 3652 sine
1930 3596 2079 3653 omni

505 3683 942 3752 reprehensione,
964 3682 1018 3737 in
1033 3691 1291 3754 quantum
1313 3685 1433 3741 ﬁeri
1453 3687 1642 3757 possit,
1674 3703 1855 3742 coram
1891 3688 2001 3745 Deo
2025 3697 2079 3744 et

508 3785 695 3827 coram
715 3772 1042 3837 hominibus,
1100 3782 1161 3829 ut
1184 3774 1513 3847 intelligatur
1532 3786 1730 3849 quanta
1777 3779 2079 3836 eruditione

509 3859 735 3916 edoctus
759 3860 928 3917 fuisti.
985 3862 1257 3921 Sanctitas
1305 3874 1399 3922 tua
1444 3875 1498 3923 et
1535 3868 1857 3926 venerabilis
1893 3869 2079 3941 religio

510 3950 731 4008 lausest
760 3954 895 4008 mihi
919 3956 1057 4024 apud
1081 3956 1326 4013 homines
1368 3966 1423 4013 et
1466 3974 1673 4015 merces
1712 3961 1851 4030 apud
1887 3961 2076 4018 Deum.

510 4039 629 4097 Non
667 4042 887 4099 veniant
933 4055 1202 4102 coronatae
1232 4047 1491 4103 columba:
1534 4049 1602 4103 ad
1643 4048 1908 4106 fenestras
1935 4059 2077 4117 tuas,

505 4145 631 4202 qua}
662 4133 848 4189 volant
886 4150 985 4205 per
1020 4151 1261 4192 cameras
1278 4137 1493 4207 palatii:
1552 4138 1663 4194 Nec
1683 4138 1808 4208 equi
1837 4138 2079 4195 indomiti

506 4222 810 4293 irrumpent
828 4225 963 4281 ostia
989 4241 1216 4281 camerae
1232 4241 1251 4280 :
1278 4242 1378 4282 nec
1399 4226 1493 4281 tibi
1516 4227 1587 4281 sit
1605 4243 1853 4309 ursprum
1879 4227 2083 4283 saltan-

511 4313 758 4372 tiumora
780 4313 982 4388 [Forte,
1015 4316 1196 4390 hora],
1238 4317 1332 4373 sed
1361 4316 1677 4373 clericorum
1701 4316 2076 4387 psallentium;

509 4401 620 4459 sint
634 4404 801 4460 verba
844 4405 899 4461 in
922 4406 1150 4462 veritate
1168 4407 1433 4473 modesta,
1461 4414 1517 4463 et
1536 4422 1640 4462 vox
1668 4415 1984 4478 temperata,
2022 4416 2079 4464 et

2108 4459 2161 4521 D

2171 1852 2350 1916 nibus,
2379 1851 2576 1907 Christi
2603 1849 2777 1922 gratia
2814 1853 3193 1917 consequente,
3217 1845 3515 1901 mercedem
3546 1846 3751 1901 habere

2112 1958 2119 1963 ‘
2171 1942 2453 1998 merearis.

2588 2032 2607 2058 ί
2651 2016 2985 2075 EPISTOLA
3024 2016 3326 2074 CXXXVII.

2584 2128 2649 2167 AD
2671 2126 3047 2168 οιηιουωιυωί
3085 2125 3345 2166 εοιιιτειι.

2795 2201 2969 2275 (Anno
2989 2202 3085 2259 θοι
3099 2203 3139 2273 .)

2172 2291 2504 2362 [infantulum
2529 2300 2578 2346 et
2601 2291 2817 2362 fratrem
2839 2292 3150 2362 erudiendos
3176 2306 3231 2344 se
3259 2289 3521 2362 suscipere
3532 2288 3746 2362 ﬁgniﬁg

2242 2359 2347 2418 eat.
2392 2359 2649 2421 Hortatur
2670 2361 2739 2414 ad
2780 2360 2935 2430 ﬁdele
2952 2362 3241 2424 servitium,
3268 2369 3333 2430 et
3379 2359 3750 2430 consiliahregi

2241 2430 2562 2502 prwatanda.
2594 2428 2789 2502 Cavere
2807 2430 3019 2502 sibi,“
3056 2429 3570 2502 rastqndanturbem
3588 2428 3753 2483 Bene-

2244 2498 2518 2556 rentanam
2551 2501 2782 2566 abitura,
2806 2501 2992 2555 suadet
3021 2518 3054 2554 a
3074 2501 3230 2555 noxio
3255 2498 3430 2554 Italia
3457 2515 3598 2553 aere.

2245 2593 2375 2649 Viro
2402 2591 2655 2648 laudabili
2694 2591 2722 2632 ά
2748 2590 3078 2663 Chrodgario
3115 2590 3300 2647 comiti
3318 2588 3547 2645 Albinus
3568 2589 3752 2645 diaco-

2175 2698 2278 2738 nus
2297 2682 2546 2738 salutem.

2243 2773 2571 2830 Litterarum
2599 2771 2795 2844 legatio
2839 2786 2947 2827 non
2981 2779 3064 2827 est
3090 2769 3410 2843 spernenda,
3439 2767 3534 2824 ubi
3554 2767 3754 2840 lingua

2175 2866 2407 2926 oﬂlcium
2420 2867 2490 2923 ob
2510 2864 2801 2923 amicitiam
2822 2861 3247 2935 conjungendam
3262 2859 3623 2932 longinquitas
3644 2868 3753 2929 ter-

2178 2973 2360 3014 rarum
2387 2957 2628 3027 abstulit.
2668 2955 2823 3013 Unde
2844 2970 2945 3026 ego
2976 2955 3095 3021 tibi,
3122 2952 3427 3010 venerande
3438 2950 3631 3014 amice,
3652 2950 3755 3005 hos

2178 3048 2360 3117 apices
2405 3061 2540 3103 mea)
2576 3045 2878 3103 devotionis
2928 3045 3160 3116 dirigere
3212 3041 3418 3107 curavi,
3463 3042 3757 3097 obsecrans

2175 3147 2234 3194 ut
2259 3137 2401 3194 ﬁdeli
2422 3137 2687 3192 charitate
2706 3135 2980 3192 orationes
2996 3149 3146 3189 meas
3176 3133 3316 3188 inter
3334 3130 3600 3202 spiritales
3619 3128 3758 3184 ami-

2173 3245 2267 3286 cos
2289 3237 2430 3293 tuos,
2446 3241 2764 3298 quocunque
2782 3223 3111 3297 perrexeris,
3127 3222 3498 3278 commendare
3511 3221 3752 3275 studeas.

2243 3318 2449 3375 Bonum
2484 3315 2807 3373 infantulum
2855 3315 3013 3371 nobis
3039 3313 3106 3370 ad
3156 3311 3503 3368 erudiendum
3548 3309 3757 3365 direxi-

2176 3408 2294 3472 stis,
2346 3407 2508 3462 etiam
2535 3422 2660 3461 cum
2690 3405 2858 3460 fratre
2876 3403 3031 3460 valde
3077 3402 3361 3469 laudabili,
3385 3399 3535 3472 cujus
3571 3414 3756 3458 mores

2176 3498 2332 3554 nobis
2354 3498 2554 3568 optime
2572 3496 2917 3560 conveniunt,
2943 3495 2996 3549 in
3019 3493 3166 3569 omni
3190 3491 3447 3562 religione
3467 3498 3523 3545 et
3548 3488 3757 3546 sancti-

2176 3597 2288 3645 tate
2309 3596 2410 3669 ;‘et
2454 3586 2818 3643 necessarium
2843 3593 2925 3641 est
2964 3581 3242 3649 infantulo,
3266 3595 3424 3651 quem
3459 3579 3643 3645 velim,
3696 3590 3759 3636 ut

2178 3681 2339 3737 citius
2367 3679 2613 3735 remittas
2641 3679 2708 3733 ad
2736 3694 2856 3733 nos.

2249 3771 2360 3828 Nec
2390 3772 2507 3838 tibi,
2547 3772 2825 3842 deprecor,
2856 3783 3145 3826 onerosum
3187 3780 3306 3822 esse
3330 3764 3635 3819 litterarum
3660 3762 3762 3817 ad-

2180 3867 2402 3923 monitio
2429 3863 2538 3938 (Ita
2563 3863 2679 3919 cod.
2713 3862 2843 3933 ms.)
2869 3877 3133 3927 mearum,
3162 3858 3415 3930 quoniam
3439 3865 3567 3926 opto
3618 3863 3675 3933 te
3698 3855 3757 3910 in

2179 3958 2276 4015 Dei
2323 3956 2596 4013 voluntate
2637 3952 2921 4025 proficere,
2949 3959 3003 4005 et
3042 3950 3271 4006 salutem
3308 3945 3517 4019 operari
3557 3945 3757 4002 anima:

2180 4061 2285 4105 tua:
2306 4050 2360 4104 in
2383 4046 2740 4118 eleemosynis
2763 4046 2828 4100 ad
2854 4060 3136 4117 pauperes,
3164 4052 3217 4100 et
3235 4041 3447 4111 iustitia
3458 4042 3526 4095 ad
3545 4053 3755 4103 omnes,

2179 4151 2236 4198 et
2264 4139 2632 4196 misericordia
2660 4138 2728 4194 ad
2769 4137 2997 4193 miseros
3029 4145 3085 4192 et
3117 4135 3356 4192 consiliis
3406 4131 3585 4196 bonis,
3635 4147 3759 4201 qua:

2180 4230 2376 4286 domno
2400 4227 2715 4299 imperatori
2741 4237 2796 4282 et
2827 4242 2993 4297 regno
3020 4226 3350 4282 Francorum
3379 4223 3662 4295 proﬁciant
3689 4223 3757 4276 ad

2181 4321 2407 4378 salutem
2420 4326 2475 4376 et
2493 4317 2733 4389 prosperi
2742 4326 2924 4371 tatem.

2249 4412 2465 4480 Audivi,
2490 4427 2588 4468 vos
2611 4412 2782 4467 ituros
2805 4426 2923 4467 esse
2946 4421 2969 4450 θ
3002 4412 3070 4466 ad
3091 4409 3410 4465 vastandam
3427 4408 3760 4462 Beneventa-

582 4525 609 4554 ιι
649 4512 939 4585 Ερὶειοΐαιη
965 4534 1081 4572 vero
1106 4519 1374 4589 parvitatis
1404 4532 1549 4573 mem.
1599 4520 1724 4576 Haec
1756 4528 1883 4576 este
1922 4521 2078 4576 istola
2108 4512 2148 4521 ⁷
2184 4521 2407 4602 Magnus
2460 4537 2479 4570 ι
2513 4519 2671 4573 Anno
2714 4518 2817 4573 800
2865 4519 3134 4601 Moguntia
3174 4517 3402 4573 Romam
3453 4515 3756 4585 profectus,

582 4584 614 4638 5
642 4581 806 4644 (nunc
835 4585 980 4644 151).
1020 4589 1086 4641 ad
1109 4589 1361 4642 domuum
1409 4606 1613 4644 regem.
1661 4606 1821 4644 uuam
1867 4538 1942 4644 illi
1973 4608 2079 4644 una
2181 4601 2477 4644 excrettum
2507 4604 2630 4644 cum
2652 4588 2876 4644 Pinnino
2899 4589 3008 4643 lilio
3038 4589 3092 4642 in
3120 4588 3619 4643 Beneventanorum
3653 4594 3756 4640 ter-

512 4581 614 4638 105
642 4581 980 4666 (nuncdl’rl),
1020 4581 1613 4666 addomnumfegem,
1661 4606 1821 4659 quam
1867 4581 1942 4646 illi
1973 4608 2079 4666 una

509 4667 629 4731 cum
665 4657 993 4731 tenuissimo
1028 4657 1220 4711 divina:
1271 4657 1567 4731 Scriptura
1604 4657 1816 4716 munere
1852 4677 1949 4731 per
1976 4662 2082 4717 Nae

511 4721 838 4800 thanaelem;
877 4727 968 4796 qui
1011 4735 1257 4795 superata
1280 4721 1442 4800 longa
1484 4728 1792 4800 inﬁrmitate
1818 4721 1883 4785 ad
1913 4731 2107 4800 impe—-

512 4796 785 4873 uiatorem“
801 4793 987 4873 [toruae
1006 4793 1614 4873 coronandurn'a/rntin;
1644 4799 1902 4873 festinavit
1927 4841 1942 4864 ,
1972 4793 2081 4870 ipse

508 4860 597 4948 die
621 4861 1038 4948 gemini,
1078 4881 1183 4937 quo
1211 4866 1326 4948 ipso
1352 4860 1802 4948 Carolusimperii
1824 4860 2079 4948 coronam

510 4929 751 5056 ἒῶιὲεξέε
776 4932 843 4988 ΠΙ
862 4929 1071 4990 summo
1094 4929 1349 5006 pontiﬁce
1391 4937 1615 5006 accepit,
1648 4929 1782 4992 tradi
1807 4947 1861 4994 et
1896 4939 2079 4995 oll'erri

582 5089 612 5129 ι’
649 5090 881 5162 Eroben.
910 5093 1068 5162 epist.
1112 5092 1235 5149 186.

586 5171 609 5199 ο
652 5159 883 5218 Froben.
922 5159 1078 5233 epist.
1112 5163 1230 5220 187.

578 5251 967 5340 flC/zrngario
997 5256 1230 5340 'Cmniti.
1412 5259 2080 5340 illo.silent__veteres_scri-

508 5331 724 5406 ptores:
759 5324 930 5406 fuisse
966 5343 1095 5384 vero
1123 5328 1270 5384 illum
1301 5329 1352 5385 in
1384 5331 1643 5406 comitatu
1680 5331 1888 5406 Pippini
1914 5331 2080 5389 Italia

509 5395 673 5463 regis,
718 5410 749 5450 a
776 5395 967 5454 Carolo
992 5408 1166 5472 patre,
1191 5409 1473 5472 postquam
1502 5401 1547 5457 is
1574 5395 1760 5472 Romae
1780 5395 2079 5472 imperator

512 5472 800 5537 coronatus
832 5476 888 5525 et
909 5468 1271 5537 proclamatus
1297 5468 1414 5537 fuit,
1445 5477 1500 5525 et
1521 5472 1644 5527 dum
1673 5471 1796 5527 inde
1822 5468 2073 5528 annoSOl

509 5528 857 5608 ipFranciam
880 5528 1107 5593 reditum
1131 5550 1360 5608 pararet,
1390 5528 1457 5596 ad
1478 5541 1856 5596 devastandam
1878 5548 2076 5596 terram

511 5597 1084 5679 Beneventanamcum
1114 5597 1357 5665 exercitui
1397 5610 1566 5673 missi,
1618 5625 1686 5665 ex
1728 5610 1832 5665 hac
1855 5610 2077 5679 epistola

512 5668 817 5747 inualescit.
849 5672 1109 5747 Vid._not.
1143 5694 1255 5747 seq.

587 5753 611 5782 ⁸
647 5741 730 5799 Ad
774 5745 1074 5799 vastandam
1113 5741 1520 5801 Beneventanum
1550 5749 1792 5818 patriam.
1855 5749 2077 5806 Carolus

2181 4588 2477 4646 exercitum
2507 4604 2630 4644 cum
2652 4588 2876 4659 Pippino
2899 4588 3008 4643 lilio
3038 4589 3092 4659 in
3120 4588 3762 4659 Beneventanortlmter-

2184 4676 2272 4715 ras
2290 4660 2587 4730 praedatum
2605 4660 2686 4730 ire
2701 4655 2881 4728 jussit,
2917 4678 2934 4710 ι
2963 4668 3022 4714 ut
3046 4658 3247 4730 habent
3277 4656 3511 4712 Annales
3536 4655 3759 4730 'l‘ilianj1
3794 4682 3801 4688 -

2179 4724 2471 4786 Loiseliani
2521 4740 2578 4786 et
2638 4724 2921 4792 Métenses,
2988 4729 3128 4797 apud
3185 4727 3474 4797 Bouquet.,
3526 4724 3759 4797 tom._V

2182 4800 2381 4870 Script.
2423 4798 2551 4853 Rer.
2580 4797 2717 4854 Gali.
2751 4799 2857 4853 Sed
2880 4814 2988 4870 quo
3012 4793 3202 4870 minus
3233 4793 3515 4851 Alcuinum
3549 4794 3655 4870 hoc
3682 4793 3762 4870 lo-

2181 4885 2246 4925 co
2269 4862 2334 4923 de
2365 4869 2468 4923 ista
2512 4870 2853 4936 expeditione
2898 4862 3298 4937 intelligendum
3321 4880 3590 4937 censeam,
3618 4862 3762 4937 facit

2179 4953 2377 5009 nomen
2422 4933 2771 5009 imperatoris,
2821 4938 2965 5009 quod
2998 4933 3308 5009 Caroloﬂhic
3334 4936 3543 5009 tribuit,
3567 4933 3751 5009 admo-

2179 5023 2313 5064 nens
2342 5002 2748 5078 Chrodgarium.
2769 5017 2824 5062 ut
2839 5002 2994 5062 bonis
3017 5008 3255 5078 consiliis
3270 5006 3382 5063 suis
3396 5002 3645 5078 consulat
3655 5003 3763 5078 im-

2177 5080 2408 5149 peratori
2423 5086 2477 5133 et
2487 5073 2833 5149 prosperitati
2848 5078 3174 5132 Francorum
3184 5077 3580 5149 ._Narraut‘vcro
3570 5073 3763 5149 _iidcm

2179 5144 2502 5213 annalistm,'
2526 5144 2937 5216 imperatorem,
2974 5162 3114 5201 anno
3151 5147 3246 5202 80l
3286 5144 3541 5201 omnibus
3570 5144 3763 5198 Romae

2178 5217 2316 5272 bene
2342 5217 2705 5288 dispositis,_t
2735 5232 2942 5288 manu
2957 5216 3128 5288 imissa
3151 5219 3204 5272 in
3231 5216 3762 5288 Beneventanus}!-

2176 5280 2469 5409 R‘teditioné,
2499 5301 2620 5339 cum
2642 5285 2866 5356 Pippino
2895 5287 3004 5368 min
3023 5302 3138 5347 suo,
3171 5295 3290 5355 post
3308 5283 3513 5340 Pascha
3537 5299 3612 5338 vu
3637 5280 3758 5336 Kal.

2234 5373 2302 5409 an
2329 5356 2494 5409 Roma
2525 5353 2841 5409 profectum.
2865 5372 3077 5409 venisse
3103 5356 3401 5409 Snoletum.
3432 5361 3537 5409 etc.
3572 5373 3597 5405 ι
3623 5349 3758 5406 etde

2234 5358 2302 5410 aii
2329 5349 2494 5425 Roma
2525 5349 2841 5423 profectum,
2865 5357 3077 5411 venisse
3103 5349 3405 5425 Spoletum,
3432 5361 3537 5425 etc.
3572 5373 3597 5405 ι
3623 5359 3679 5425 et
3691 5349 3765 5406 de

2179 5424 2281 5479 hac
2308 5421 2642 5494 expeditione
2669 5425 2809 5494 loqui
2839 5427 3118 5481 Alcuinum
3146 5421 3419 5494 existimo.
3471 5421 3764 5494 Degeadetn
3801 5473 3807 5477 .

2178 5493 2302 5548 vide
2338 5491 2497 5547 etiam
2542 5493 2699 5575 epist.
2737 5491 2857 5549 ’105
2887 5496 3050 5620 ἳηυῃο
3079 5496 3223 5561 155).
3276 5493 3362 5561 (⁸)
3390 5491 3766 5574 Chrodgarius

2178 5561 2317 5617 forte
2343 5572 2423 5618 est
2446 5563 2734 5618 Rothanus
2762 5565 2888 5620 (lict
2911 5581 3098 5620 ιρι-ως.
3152 5581 3246 5620 seu
3268 5562 3603 5620 Rotaerutsl.
3650 5560 3766 5615 dua:

2177 5561 2317 5617 forte
2343 5572 2423 5618 est
2446 5560 2734 5618 Rotliarius
2762 5560 3098 5636 (Rotherius,
3152 5560 3246 5620 seu
3268 5560 3603 5636 liotgerius),
3650 5560 3767 5615 dua:

2243 5701 2306 5759 (‘l
2333 5699 2444 5748 llmc
2467 5700 2513 5747 iu
2534 5700 2667 5749 calce
2694 5701 2963 5757 voluminis,
2986 5703 3043 5748 ad
3068 5702 3196 5749 hunc
3216 5700 3389 5759 locum,
3417 5703 3465 5750 in
3491 5702 3609 5750 edit.
3638 5699 3761 5750 Prov

2180 5761 2332 5824 bcuii,
2356 5762 2482 5811 inter
2511 5765 2680 5812 [τι-αέα
2705 5770 2753 5812 et
2781 5761 3044 5822 Δάαι-θεία,
3074 5760 3319 5824 leguntur.
