4070 6182
368 337 468 394 577

1775 317 2156 376 EPISTOLE.

3508 323 3614 378 578

370 466 488 507 nam
529 445 778 518 patriam.
828 441 948 496 Scis
999 440 1199 508 optime
1242 435 1399 507 quale
1423 431 1719 505 periculum
1743 433 1816 487 ibi
1844 433 1943 486 im-
1972 434 2016 492 Α
2046 445 2169 485 cum
2192 429 2416 499 Pippino
2440 432 2600 495 dixit;
2625 433 2976 502 apostolicum
3001 448 3126 488 suos
3148 449 3405 503 superare
3435 436 3618 489 θάνεν.

369 542 532 598 minet
559 537 679 601 tibi,
708 549 732 577 ι
769 541 990 604 propter
1016 530 1353 602 pestilentem
1383 527 1526 581 illius
1553 539 1710 580 terra:
1737 540 1939 580 aerem.

369 634 488 691 Ideo
537 628 672 686 nihil
719 626 962 683 dimittas
991 623 1442 678 inconsideratum
1481 635 1660 674 rerum
1697 628 1940 682 tuarum;

371 722 600 779 maxime
621 733 690 774 ne
715 716 823 771 ulla
844 723 990 770 retro
1010 727 1172 782 super
1196 720 1250 766 te
1301 711 1498 766 clamet
1521 708 1806 776 injustitia,
1859 707 1944 761 vel

369 811 652 881 cujuslibet
679 808 848 878 culpa:
875 804 1216 876 negligentia.
1268 802 1430 858 Utere
1451 801 1710 868 sapientia
1753 805 1843 851 tua
1875 797 1942 851 ad

369 906 593 962 salutem
621 902 718 957 tibi
744 899 1150 969 sempiternam,
1171 895 1295 964 quia
1322 893 1410 948 illa
1433 890 1803 946 tantummodo
1816 904 1942 943 vera

371 1005 452 1052 est
474 992 717 1055 scientia,
740 1005 859 1060 quae
879 996 1191 1059 perpetuam
1206 984 1512 1040 hominibus
1536 988 1756 1052 praestat
1773 979 1943 1036 beati-

371 1085 631 1142 tudinem.
661 1079 801 1150 Opto
838 1087 890 1134 te
910 1077 1141 1133 feliciter
1164 1076 1346 1130 vivere
1385 1074 1439 1129 in
1463 1075 1577 1128 haec
1598 1083 1837 1141 tempora
1863 1078 1944 1125 at-

369 1191 476 1250 que
497 1177 555 1231 in
587 1174 786 1243 futura,
817 1169 1120 1226 venerande
1143 1167 1345 1222 amice!

773 1285 801 1325 δ
840 1281 1172 1338 EPISTOLA
1210 1278 1534 1336 CXXXVIII.
1626 1228 1644 1244 .

835 1414 898 1452 AD
919 1410 1158 1452 SOROREI
1186 1410 1255 1448 ΕΤ
1279 1407 1484 1448 ῐ-ἸιιΑιι.

977 1507 1155 1579 (Anno
1180 1503 1332 1576 801.)

372 1603 646 1674 Signiﬁcat
671 1607 922 1674 quantum
945 1596 1156 1652 a'stimet
1185 1593 1394 1674 illarum
1418 1591 1723 1674 anticitiqm.
1774 1589 1944 1674 Dele:

438 1658 534 1727 lici'
571 1658 751 1725 nuntio
795 1666 961 1722 Roma
989 1675 1195 1733 accepto
1233 1663 1496 1733 certiores
1527 1661 1712 1733 reddit.
1739 1658 1942 1733 ‘Miltit

436 1742 690 1825 quosdam
709 1747 974 1825 tractatus
1135 1731 1692 1825 Dedte_fl‘escribertdos.
1728 1728 1804 1783 De
1822 1744 1942 1799 pro-
1970 1764 2018 1825 Β

437 1804 554 1883 ρνἱα
573 1828 672 1865 sua
689 1806 979 1864 ualetudine
992 1804 1111 1859 illas
1135 1804 1367 1858 instruit.

439 1922 783 1978 Charissimre
807 1919 862 1973 in
885 1917 1100 1973 Christo
1124 1928 1146 1956 ο
1172 1915 1343 1970 sorori
1373 1924 1426 1970 et
1453 1913 1573 1968 lilize
1598 1913 1941 1983 gratissimze,

369 2015 533 2071 Pater
564 2018 834 2082 perpetuae
859 2007 1206 2064 beatitudinis
1232 2007 1481 2061 salutem.

442 2106 711 2172 Quantum
740 2104 882 2157 inter
901 2117 999 2176 nos
1025 2115 1203 2155 rerum
1249 2107 1473 2154 eventus
1497 2098 1728 2168 probare
1751 2096 1939 2166 potuit,

367 2210 586 2265 semper
613 2195 682 2248 ab
725 2192 880 2246 initio
931 2189 1250 2260 cognitionis
1287 2197 1486 2244 nostra}
1513 2188 1716 2257 optime
1745 2185 1945 2242 nostris

367 2287 614 2357 partibus
649 2290 882 2337 vestram
910 2281 1206 2334 bonitatem
1232 2279 1442 2335 fidelem
1464 2279 1786 2334 invenimus.
1813 2277 1945 2331 Pro—

369 2377 495 2432 inde
543 2373 747 2445 gratias
784 2379 837 2426 et
883 2371 1068 2425 laudes
1104 2371 1215 2424 Deo
1251 2369 1604 2438 omnipotenti
1658 2378 1946 2438 perpetuas

370 2482 532 2538 agere
551 2479 765 2534 aequum
796 2463 1071 2524 habemus,
1099 2461 1189 2530 qui
1215 2460 1393 2520 nobis,
1421 2458 1670 2529 quamvis
1691 2457 1941 2527 indignis,

371 2571 481 2616 tam
511 2561 672 2616 clara:
699 2557 974 2628 dignitatis
1007 2564 1062 2610 et
1089 2565 1196 2610 tam
1237 2555 1476 2624 probata:
1515 2551 1638 2608 fidei
1679 2551 1946 2607 concessit

374 2651 685 2710 amicitiam,
713 2655 787 2710 et,
841 2648 984 2716 quod
1004 2661 1128 2701 raro
1165 2646 1306 2699 inter
1355 2643 1783 2712 consanguineas
1823 2657 1946 2710 per—

374 2756 531 2795 sonas
559 2738 788 2793 inveniri
810 2737 1025 2805 poterit,
1056 2736 1108 2790 in
1135 2735 1435 2806 peregrinis
1464 2732 1769 2788 nominibus
1794 2746 1946 2800 repe-

375 2836 481 2889 rire
515 2831 864 2902 perdonavit;
903 2829 1171 2898 quamvis,
1221 2837 1482 2898 quantum
1529 2827 1596 2881 ad
1626 2824 1947 2881 Christiana:

375 2923 495 2978 ﬁdei
518 2923 834 2978 societatem
872 2920 1048 2974 nullus
1075 2920 1177 2974 dici
1207 2920 1398 2974 debeat
1419 2917 1752 2986 peregrinus,
1779 2931 1949 2985 quan-

375 3023 486 3067 tum
501 3027 632 3068 vero
660 3013 727 3067 ad
753 3011 933 3066 seculi
961 3011 1205 3066 exsilium
1240 3024 1427 3065 omnes
1443 3006 1714 3078 peregrini
1739 3021 1944 3069 sumus,

377 3104 585 3158 dicente
611 3101 889 3156 Psalmista
915 3116 929 3154 :
996 3101 1108 3155 Heu
1142 3101 1290 3164 mihi,
1319 3101 1442 3170 quia
1467 3097 1810 3170 peregrinatio
1830 3114 1944 3151 mea
1975 3103 2020 3165 ρ

375 3193 680 3264 prolongata
718 3201 793 3244 est
850 3189 1020 3261 (Paul.
1052 3206 1198 3253 cxlx,
1232 3189 1308 3258 5).
1375 3189 1632 3243 Exsilium
1673 3196 1756 3242 est
1794 3187 1946 3241 babi-

377 3285 507 3339 tatio
532 3283 692 3353 hujus
713 3283 858 3346 vitae,
882 3283 1133 3351 quoniam
1162 3283 1306 3354 cogit
1339 3298 1438 3336 nos
1464 3283 1529 3335 ad
1565 3281 1800 3336 Patriam
1823 3296 1947 3350 pro-

377 3389 588 3443 perare,
613 3376 677 3427 de
701 3389 802 3443 qua
824 3373 1045 3428 dicitur:
1087 3373 1237 3428 Beati
1281 3373 1370 3444 qui
1411 3373 1646 3427 habitant
1694 3374 1750 3426 in
1793 3372 1947 3424 domo

380 3473 494 3529 tua,
521 3462 758 3525 Domine,
783 3465 838 3516 in
867 3462 1114 3516 saxulum
1149 3462 1328 3517 διεθηιὶ
1363 3461 1651 3516 laudabunt
1693 3471 1742 3515 te
1771 3459 1942 3533 (Psal.

380 3570 608 3619 Lxxxm,
633 3554 708 3622 5).
746 3554 892 3609 Felix
925 3563 1009 3610 est
1042 3555 1131 3624 qui
1160 3555 1226 3610 de
1253 3554 1435 3610 labore
1473 3555 1539 3608 ad
1568 3554 1805 3623 requiem
1829 3569 1948 3623 per-

378 3645 572 3707 veniet,
602 3645 655 3698 in
677 3659 780 3713 qua
806 3645 922 3699 sine
946 3645 1091 3699 omni
1115 3646 1515 3714 perturbatione
1547 3643 1809 3699 animivel
1829 3659 1952 3699 cor-

377 3736 527 3806 poris
562 3735 707 3789 vivet
739 3736 790 3788 ia
816 3743 1100 3790 aeternum.

446 3827 668 3882 Placido
693 3827 870 3881 animo
890 3835 1079 3882 vestrae
1103 3827 1316 3898 pietatis
1342 3829 1672 3896 suscepimus
1689 3829 1947 3899 eulogias,

380 3919 571 3972 devoto
597 3918 946 3985 deprecantes
970 3917 1146 3970 animo
1187 3917 1281 3972 Dei
1311 3917 1645 3972 clementiam
1665 3957 1681 3980 ,
1713 3917 1950 3985 longzcva

379 4010 740 4078 prosperitate
765 4024 858 4062 vos
887 4007 1110 4062 feliciter
1137 4009 1189 4062 in
1218 4008 1320 4063 hoc
1343 4007 1538 4062 saeculo
1564 4008 1743 4062 vivere
1762 4047 1776 4072 ,
1805 4015 1858 4061 et
1884 4007 1953 4061 ad

377 4110 637 4155 :cternam
663 4099 1046 4154 beatitudinem
1073 4108 1194 4170 post
1219 4100 1377 4170 hujus
1416 4099 1626 4154 labores
1667 4099 1788 4153 vitae
1825 4114 1949 4168 per-

377 4193 588 4246 venire.

446 4279 723 4339 Candidus
767 4287 947 4333 noster
989 4278 1054 4333 de
1098 4277 1266 4332 floma
1309 4292 1560 4332 reversus
1603 4285 1725 4343 est,
1771 4278 1951 4331 omnia

377 4385 639 4444 prospera
666 4368 788 4423 inde
821 4367 1059 4424 referens
1094 4369 1161 4423 de
1186 4368 1400 4422 domino
1425 4383 1543 4423 meo
1577 4367 1740 4422 David
1764 4377 1818 4424 et
1839 4384 1953 4423 om-

2045 524 2218 578 sarios
2249 521 2532 587 referebat,
2551 534 2604 578 et
2631 525 2683 577 in
2709 541 2899 596 magna
2919 541 3037 580 esse
3060 527 3232 596 gratia
3253 543 3375 581 cum
3401 528 3617 582 domino

2045 617 2390 684 imperatore.

2116 706 2398 761 ’I‘ractatus
2425 723 2560 777 quos
2581 710 2810 775 rogastis
2832 708 3148 774 direximus,
3178 711 3530 780 deprecantes
3558 723 3618 764 ut

2044 797 2362 864 quantocius
2412 795 2717 850 scribantur
2766 805 2822 850 et
2873 799 3234 863 remittantur,
3291 801 3416 868 quia
3462 801 3618 854 nobis

2045 888 2200 942 valde
2227 889 2526 952 necessarii
2565 897 2689 943 sunt
2721 897 2940 957 propter
2973 890 3262 958 legentium
3307 891 3613 954 utilitatem,

2044 993 2180 1049 quos
2225 978 2471 1033 dominus
2519 978 2661 1032 Beda
2705 975 2856 1048 [Ms.,
2892 977 3088 1049 Baeda]
3129 980 3384 1048 magister
3429 989 3613 1034 noster

2045 1083 2292 1124 sermone
2333 1067 2559 1136 simplici
2597 1068 2696 1121 sub
2731 1081 2890 1122 sensu
2928 1069 3108 1122 subtili
3137 1070 3452 1139 composuit.
3497 1069 3621 1124 Ideo

2045 1159 2161 1227 ejus
2196 1159 2453 1229 Opuscula
2493 1159 2646 1212 vobis
2689 1159 2920 1229 dirigere
2957 1160 3296 1223 curavimus,
3338 1161 3462 1230 quia
3503 1159 3621 1229 ejus

2047 1251 2278 1305 maxime
2307 1250 2447 1304 dicta
2473 1265 2569 1303 vos
2594 1249 2896 1302 desiderare
2925 1249 3283 1304 intelleximus
3301 1288 3314 1304 .

2118 1342 2192 1394 De
2215 1354 2332 1394 mea
2356 1354 2484 1394 vero
2514 1339 2741 1393 sanitate
2769 1339 2905 1392 scito
2933 1338 3072 1407 quod
3113 1340 3307 1407 partim
3335 1339 3502 1395 febris
3536 1357 3620 1396 re-

2045 1431 2228 1494 cessit,
2255 1429 2450 1494 partim
2485 1429 2766 1483 remansit.
2794 1429 2877 1482 Ad
2903 1429 3273 1500 castigandum
3304 1441 3617 1501 permanet;

2046 1523 2139 1576 sed
2189 1522 2367 1575 minus
2397 1521 2604 1575 meritis
2649 1520 2782 1574 meis
2809 1521 3047 1590 pepercit
3083 1521 3210 1576 mihi
3242 1522 3415 1591 pietas
3444 1523 3621 1576 divina

2045 1622 2100 1669 et
2144 1614 2558 1669 intercessiones
2613 1621 2921 1667 sanctorum
2971 1626 3210 1666 suorum.
3281 1613 3387 1668 Sed
3445 1615 3621 1670 adhuc

2047 1711 2214 1758 restat
2264 1701 2531 1757 maximus
2579 1702 2740 1756 timor
2759 1703 2824 1756 de
2857 1702 3059 1770 judicio
3103 1703 3215 1765 Dei,
3250 1719 3409 1772 quem
3445 1705 3622 1758 nullus

2044 1795 2279 1864 elTugerc
2305 1793 2463 1847 valet.
2504 1792 2732 1846 Tantum
2778 1794 3007 1862 castiget
3035 1809 3130 1847 nos
3161 1795 3244 1863 pia
3277 1795 3619 1849 miseratione

2035 1885 2285 1955 perpetui
2311 1883 2486 1937 Patris
2510 1883 2753 1946 bonitas,
2789 1892 2846 1938 et
2870 1899 2974 1937 non
3007 1886 3182 1938 tradat
3209 1900 3306 1937 nos
3338 1885 3388 1938 in
3429 1901 3623 1939 manus

2043 1975 2382 2029 inimicorum
2417 1978 2720 2026 nostrorum
2761 1989 2774 2025 :
2818 1972 2910 2026 Cui
2935 1973 3129 2042 srepius
3165 1972 3338 2028 dicam
3370 1989 3384 2026 :
3415 1973 3556 2026 Erue
3585 1990 3617 2026 a

2043 2065 2243 2134 framea
2265 2063 2495 2116 animam
2521 2074 2758 2126 meam,et
2786 2063 2850 2116 de
2879 2080 3037 2116 manu
3058 2065 3202 2119 canis
3223 2067 3432 2118 unicam
3454 2083 3623 2119 meum

2044 2154 2216 2227 (Psal.
2253 2170 2380 2218 XXI,
2416 2153 2529 2222 2i).
2577 2153 2709 2206 Item
2746 2167 2762 2206 :
2813 2151 2856 2207 Ο
2889 2153 3128 2217 Domine,
3179 2154 3345 2208 libera
3392 2157 3624 2209 animam

2041 2263 2232 2310 meum,
2248 2247 2544 2300 misericors
2558 2254 2606 2299 et
2627 2245 2905 2299 miserator
2925 2245 3181 2300 Dominus
3196 2245 3368 2316 (Prol.
3386 2263 3528 2309 cxrv,
3543 2247 3620 2316 4),

2043 2347 2104 2391 ut
2131 2337 2244 2391 ﬁeri
2270 2336 2442 2405 possit
2466 2335 2607 2405 quod
2637 2333 2862 2389 dicitur:
2889 2334 3136 2401 Benedic,
3155 2337 3332 2390 animo
3357 2353 3492 2402 mea,
3510 2336 3625 2391 Do-

2043 2429 2244 2482 minum
2287 2426 2459 2498 (Paul.
2498 2443 2590 2490 cu,
2616 2425 2691 2495 'I).
2720 2425 2898 2496 Atque
2925 2427 3118 2482 iterum
3153 2445 3167 2480 :
3196 2427 3404 2494 Lauda,
3444 2430 3622 2483 anima

2044 2537 2182 2584 mea,
2207 2519 2483 2573 Dominum
2507 2517 2678 2587 (Psal.
2703 2534 2855 2579 CXLV,
2879 2518 2957 2588 2).
2984 2518 3067 2574 Sit
3092 2536 3278 2574 nomen
3302 2520 3516 2575 Domini
3537 2521 3625 2575 be-

2047 2610 2307 2664 nedictum
2350 2624 2415 2662 ea:
2457 2607 2555 2661 hoc
2599 2624 2735 2662 nunc
2767 2618 2816 2661 et
2857 2625 3019 2677 usque
3056 2611 3111 2662 in
3162 2609 3411 2662 swculum
3450 2609 3623 2680 (Psal.

2047 2717 2193 2764 uxr,
2225 2699 2333 2770 l7).
2383 2689 2647 2767 Perpetua
2693 2700 3068 2754 benedictione
3113 2700 3292 2754 divina
3331 2715 3426 2755 vos
3453 2703 3625 2771 gratia

2046 2804 2308 2846 coronare
2358 2788 2638 2859 dignetur,
2700 2789 3060 2845 dilectissimze
3125 2791 3178 2846 in
3250 2791 3476 2848 Domino
3536 2793 3629 2848 do-

2047 2883 2206 2936 minae
2230 2881 2248 2933 ι

2478 3001 2502 3031 ε
2543 2989 2869 3044 EPISTOLA
2911 2989 3198 3046 CXXXIX.

2507 3101 2572 3138 AD
2597 3099 2837 3139 SOROREH
2865 3098 2934 3139 ΕΤ
2961 3099 3164 3139 FILIAI.

2604 3175 2780 3247 (Anno
2810 3174 3064 3247 incerto.)

2047 3285 2369 3341 Charitatem
2415 3296 2463 3340 et
2507 3286 2776 3340 lectionem
2815 3294 3010 3355 sancta?
3042 3283 3333 3355 Scriptura:
3360 3300 3476 3337 cum
3507 3301 3628 3339 ora-

2577 3357 2715 3410 tione
2738 3354 3085 3410 commendat.

2119 3466 2488 3521 Dilectissimis
2546 3466 2598 3519 in
2645 3463 2862 3519 Christo
2915 3465 3172 3534 personis
3198 3465 3370 3518 sorori
3406 3472 3462 3518 et
3504 3463 3629 3518 ﬁlia:

2047 3555 2430 3625 sempiternam
2458 3568 2703 3624 supernae
2731 3553 3076 3606 beatitudinis
3098 3551 3343 3606 salutem.

2118 3643 2256 3710 Quid
2291 3653 2374 3698 est
2408 3643 2550 3712 quod
2573 3649 2753 3696 vestra
2787 3646 2936 3693 tanto
2968 3648 3206 3709 tempore
3249 3639 3417 3693 tacuit
3440 3640 3627 3696 chari-

2048 3738 2167 3790 tas?
2220 3733 2470 3804 Nunquid
2526 3733 2690 3786 verba
2740 3729 3059 3785 defecerunt
3111 3731 3477 3797 salutationis,
3531 3749 3626 3789 seu

2048 3842 2226 3881 causa:
2256 3841 2360 3879 non
2399 3830 2826 3893 supervenerunt
2854 3838 3084 3892 quarum
3121 3825 3394 3881 notionem
3435 3827 3625 3881 charta

2050 3934 2148 3974 nec
2177 3914 2415 3970 deferret
2435 3915 2502 3968 ad
2530 3929 2690 3967 aures
2718 3915 2960 3967 nostras?
2989 3913 3235 3983 Nunquid
3267 3917 3628 3988 longinquitas

2049 4019 2319 4066 terrarum
2347 4008 2626 4063 charitatis
2645 4006 2980 4061 dulcedinem
3009 4021 3259 4076 scparare
3281 4011 3457 4075 debet,
3475 4010 3629 4078 cujus

2051 4101 2319 4154 flammam
2359 4115 2457 4154 nec
2484 4098 2822 4169 profunditas
2854 4097 3132 4152 fluminum
3153 4139 3167 4162 ,
3198 4115 3297 4154 nec
3323 4100 3497 4172 pelagi
3528 4102 3628 4155 im-

2051 4191 2336 4254 mensitas,
2379 4189 2532 4260 juxta
2573 4187 2781 4243 Cantici
2833 4203 3170 4254 sermonem,
3216 4189 3369 4243 obrui
3421 4197 3631 4259 poterat

2052 4280 2226 4350 (Cant.
2269 4297 2390 4345 vin,
2427 4280 2501 4350 7),
2535 4280 2588 4334 in
2617 4295 2723 4348 qua
2759 4279 2870 4333 sola
2899 4280 2988 4348 qui
3018 4280 3318 4346 offenderit,
3357 4281 3525 4350 factus
3552 4293 3628 4338 est

2051 4373 2281 4426 omnium
2309 4388 2427 4424 reus
2455 4371 2594 4440 (Jac.
2627 4387 2688 4435 ιι,
2720 4371 2827 4439 10).
2877 4370 2919 4424 II
2940 4391 2949 4418 ι
2971 4385 3003 4424 c
3028 4380 3111 4424 est
3139 4387 3256 4440 quze
3277 4387 3438 4442 super
3460 4372 3629 4428 bonos

377 4465 539 4521 nibus
586 4461 830 4518 fidelibus
877 4460 1028 4525 suis;
1079 4459 1268 4514 filiolos
1313 4467 1524 4514 nostros
1567 4457 1592 4498 ἀ
1635 4459 1951 4514 remansisse
1985 4449 2029 4506 Ι)
2053 4475 2109 4518 et
2132 4465 2302 4518 malos
2322 4461 2696 4534 Splendcscere
2717 4459 2896 4526 debet,
2923 4467 2984 4513 ut
3010 4460 3081 4514 sit
3108 4461 3266 4515 homo
3302 4468 3549 4516 terrenus
3573 4463 3627 4518 in

376 4615 664 4675 maximus,
719 4610 1059 4681 Pythagorea:
1109 4609 1301 4679 lingua:
1349 4613 1616 4681 probatus,
1640 4619 1687 4664 et
1735 4593 1955 4681 signifer

377 4685 649 4763 egregius;
677 4678 821 4734 ortus
845 4678 909 4760 ea:
933 4678 1486 4763 raucorumgenere,
1511 4678 1805 4763 clariorque
1831 4678 1955 4763 aga-

377 4749 678 4808 memnonio
701 4751 927 4820 germine
958 4750 1011 4801 in
1037 4749 1182 4802 curia
1209 4749 1416 4818 Pippini
1443 4750 1576 4818 regis
1606 4749 1743 4803 altus
1769 4751 1956 4804 nobili-

379 4834 478 4886 ter,
514 4831 646 4885 etc.,
686 4829 746 4872 ut
792 4819 985 4889 legitur
1011 4819 1063 4872 in
1092 4818 1214 4889 Vita
1233 4819 1402 4872 sancti
1432 4818 1791 4873 Austremonii
1817 4821 1955 4888 apud

382 4893 668 4960 llouquet.,
699 4887 906 4944 tomﬁV
938 4889 1134 4958 Script.
1175 4887 1395 4960 Franc.,
1441 4904 1560 4958 pag.
1601 4889 1713 4960 45%
1752 4899 1805 4942 et
1824 4887 1953 4960 74770.

380 4962 458 5016 De
481 4958 548 5016 eo
570 4961 754 5022 etiam,
771 4969 1025 5028 tanquam
1051 4958 1328 5012 conditore
1349 4959 1656 5014 monasterii
1679 4958 1955 5014 Caroll'eu-

382 5033 456 5085 sis
497 5029 828 5085 Theodulfus
854 5028 1253 5084 Aurelianensis
1277 5043 1446 5082 carm.
1481 5045 1600 5094 vnt,
1640 5031 1786 5093 ihid.,
1826 5045 1948 5100 pag.

379 5101 506 5157 ΩΙ.
537 5101 611 5155 ita
642 5101 814 5154 canit:

492 5142 506 5163 ,
537 5109 611 5155 ita
642 5109 814 5154 canit:

476 5215 702 5277 Denique
727 5213 982 5277 Rotharius
1005 5227 1166 5277 eomes
1186 5216 1376 5277 ingens,
1403 5215 1608 5276 inclytus
1632 5213 1794 5270 heros,

567 5276 784 5337 Coniuge
807 5290 914 5326 cum
941 5276 1149 5326 Eufrasia
1171 5276 1385 5327 condidit
1404 5277 1530 5324 istud
1547 5289 1685 5337 opus.

455 5389 480 5449 ει
509 5376 1056 5449 Propterpestilentem
1071 5379 1212 5434 illius
1238 5390 1392 5434 teme
1421 5396 1612 5433 aerem.
1643 5377 1796 5449 IIunc
1817 5391 1958 5449 anno

384 5445 490 5519 793
520 5445 791 5519 exercitus
817 5449 854 5502 F
861 5465 1142 5504 raucorum
1165 5458 1415 5519 expertus
1446 5459 1547 5511 est,
1585 5458 1644 5502 ut
1671 5447 1866 5519 legitur
1904 5447 1958 5499 in

382 5517 682 5574 Annalibus
716 5518 1178 5574 Moissiacensibus
1203 5516 1267 5572 ad
1292 5521 1439 5573 illum
1457 5533 1684 5572 annum:
1725 5538 1743 5566 ι
1771 5516 1957 5586 Inipsa

384 5587 562 5643 hieme
591 5590 890 5657 transmisit
940 5605 1030 5643 rex
1062 5589 1288 5644 Carolus
1313 5590 1444 5643 duos
1469 5590 1604 5642 lilios
1625 5603 1752 5642 suos
1781 5585 1961 5657 Pippi-

384 5673 514 5712 num
557 5667 612 5712 ct
654 5653 981 5713 Ludovicnm
1033 5675 1152 5713 cum
1187 5659 1427 5711 exercitu
1479 5674 1672 5724 magno
1717 5659 1769 5711 in
1816 5653 1959 5710 terra

388 5727 784 5785 Beneventana.
826 5730 884 5784 Et
920 5731 1055 5785 facta
1081 5736 1164 5784 est
1191 5729 1259 5782 illi
1290 5727 1455 5782 fames
1486 5725 1805 5783 validissima
1834 5766 1844 5779 .
1871 5765 1884 5778 .
1905 5767 1917 5778 .
1943 5765 1954 5778 .

2054 4628 2218 4683 super
2233 4611 2530 4683 exercitum
2559 4610 2646 4678 qui
2683 4609 2990 4683 advenerat,
3019 4609 3092 4683 ita
3135 4619 3195 4664 ut
3222 4610 3497 4683 aliquanti
3526 4629 3628 4669 nec

2056 4681 2168 4752 ipsa
2191 4681 2606 4751 Quadragcsima
2631 4696 2690 4734 se
2708 4681 2774 4734 ab
2797 4695 2893 4734 esu
2919 4681 3160 4734 carnium
3187 4681 3458 4737 abstinere
3502 4699 3626 4753 pos-

2054 4761 2196 4808 sent.
2229 4771 2248 4803 ι

2128 4824 2156 4863 ι)
2196 4820 2428 4876 Froben.
2459 4819 2617 4888 epist.
2647 4818 2764 4874 l88.

2128 4905 2150 4932 ο
2195 4891 2378 4945 Sorori
2418 4900 2464 4942 et
2509 4889 2654 4958 ﬁlia'.
2698 4889 2857 4944 Gislae
2887 4891 3059 4945 sorori
3103 4899 3158 4946 et
3196 4890 3466 4945 Rictrudae
3500 4891 3627 4946 filiae

2055 4963 2299 5031 fortassis
2321 5001 2335 5023 ,
2367 4961 2560 5028 quibus
2584 4961 3024 5014 commentarium
3051 4961 3104 5014 in
3134 4961 3475 5031 Evangelium
3498 4972 3625 5015 san-

2055 5033 2126 5087 cti
2169 5030 2388 5084 Joannis
2428 5031 2654 5095 dicavit;
2685 5039 2740 5085 et
2767 5047 2901 5099 quas
2930 5032 2983 5085 in
3015 5031 3116 5086 alia
3156 5030 3382 5100 epistola
3426 5031 3628 5100 codicis

2059 5101 2348 5161 Ilarleiani,
2375 5115 2534 5168 quam
2561 5093 2711 5155 initio
2736 5093 2972 5168 ejusicm
3009 5093 3378 5155 commentarii
3403 5093 3626 5155 exhibe-

2057 5173 2263 5226 bimus.
2319 5171 2537 5240 ian-iam
2570 5179 2623 5224 et
2667 5169 2977 5224 Columbam
3021 5171 3266 5240 appellat.
3297 5169 3379 5240 Ad
3413 5171 3626 5224 easdem

2056 5241 2283 5308 scriptas
2309 5240 2472 5293 fuisse
2493 5239 2626 5293 alias
2646 5241 2777 5294 duas
2798 5239 3061 5308 epistolas
3075 5242 3190 5294 cod.
3209 5239 3474 5294 Iiarleiani
3513 5241 3628 5293 exi-

2057 5311 2236 5380 θήκης),
2281 5323 2421 5361 anno
2463 5308 2696 5374 incerto;
2748 5325 2882 5378 quas
2919 5320 3200 5380 propterea
3250 5311 3373 5365 huic
3403 5308 3627 5379 conjun-
3719 5355 3736 5372 .

2058 5378 2255 5448 gelidas
2283 5392 2399 5430 CSSt‘.
2424 5380 2628 5448 censui.

2130 5448 2154 5518 li
2202 5447 2530 5518 Remansisse
2553 5463 2668 5500 cum
2702 5447 2941 5518 Pippino.
2973 5448 3028 5502 In
3058 5449 3207 5504 Italia
3237 5449 3441 5504 scilicet
3470 5463 3499 5502 a
3525 5446 3631 5504 Ca-

2059 5517 2174 5589 rolo
2203 5516 2474 5589 anno
2501 5515 3062 5589 Iluma_in'l“rauciam
3092 5521 3346 5573 redeunte.
3367 5560 3381 5582 ,
3412 5535 3510 5589 pro
3535 5534 3631 5573 ex-

2059 5587 2326 5656 peditione
2355 5585 2543 5639 bellica
2575 5587 2626 5640 in
2656 5585 3056 5646 Beneventanos
3077 5591 3280 5646 relicto.
3319 5585 3448 5644 Vide
3474 5598 3632 5644 notas

2059 5657 2297 5727 epistulae
2323 5657 2567 5725 proxime
2597 5658 2980 5714 antecedentis.

2137 5740 2158 5766 ε
2201 5727 2428 5782 Froben.
2462 5729 2620 5794 epist.
2663 5727 2776 5782 I89.
