4054 6182
367 290 477 348 579

1225 281 1284 334 B.
1323 278 1382 332 F.
1423 274 1647 331 ALBINl
1687 272 1817 328 SEU
1854 268 2129 326 ALCUINI
2166 268 2450 326 OPERUM
2487 267 2667 322 PARS
2703 267 2742 321 Ι.

3509 267 3612 324 580

358 415 432 457 ω
451 399 756 470 perfectus,
801 396 934 450 sicut
976 391 1137 446 Pater
1177 390 1265 459 qui
1308 388 1364 442 in
1389 385 1528 442 cadis
1554 393 1650 449 est,
1678 382 1936 455 perfectus
1964 381 2014 441 Δ
2040 377 2221 470 generi
2263 377 2516 432 misertus
2541 382 2658 470 est;
2710 384 2765 470 et
2795 375 3055 444 quidquid
3085 376 3210 430 boni
3237 376 3512 447 egerimus
3548 381 3619 433 ad

363 501 443 547 εει
466 489 677 560 (Manli.
702 503 758 552 ν,
784 484 899 554 ts).

443 580 583 648 Ergo
624 576 791 630 Filius
825 571 1125 634 charitatis,
1173 569 1313 623 ﬁlius
1357 576 1442 623 est
1487 567 1601 631 Dei,
1647 564 1773 635 quia
1805 562 1944 616 Deus

368 670 601 724 caerites
643 676 716 719 est
748 664 797 736 (Ι
821 664 979 718 Joan.
1013 678 1087 725 iv,
1116 661 1224 731 l6),
1254 659 1408 728 cujus
1441 658 1533 712 lux
1575 656 1738 712 corda
1771 666 1947 708 veStra

371 757 698 815 suilicieuter
736 755 992 821 irradiet;
1034 752 1188 820 cujus
1230 750 1454 805 dulcedo
1502 756 1721 818 pectora
1768 756 1977 808 vestra,

374 846 712 903 abundanter
740 843 967 901 reﬁciat.
1013 841 1137 895 lhec
1163 847 1248 895 est
1273 850 1482 893 summa
1508 835 1749 889 omnium
1777 833 1943 887 hono-

378 953 497 992 rum
521 953 536 1003 ;
566 937 682 991 hanc
707 942 790 990 est
811 934 1012 1004 optima
1040 947 1184 1001 pars.
1215 944 1335 998 qure
1356 941 1628 995 nunquam
1651 923 1949 985 auferetur,

376 1027 477 1084 sed
503 1026 675 1096 magis
702 1033 863 1092 atque
890 1023 1059 1092 magis
1088 1021 1142 1075 in
1170 1032 1387 1088 pectore
1417 1016 1664 1071 habentis
1686 1013 1947 1075 ardescit;

377 1117 446 1173 de
462 1130 571 1186 qua
590 1114 696 1168 duo
708 1113 956 1168 dixerunt
980 1109 1246 1179 discipuli,
1267 1107 1481 1177 cognita
1501 1103 1713 1160 Domini
1738 1102 1877 1156 facie
1897 1102 1952 1155 in

378 1203 640 1258 fractione
661 1202 815 1271 panis
843 1218 856 1254 :
888 1199 1077 1253 Nonne
1114 1214 1206 1250 cor
1232 1206 1467 1250 nostrum
1504 1194 1700 1248 ardens
1745 1201 1856 1245 erat
1900 1192 1954 1245 in

380 1295 548 1359 nobis,
590 1293 715 1345 dum
744 1292 1043 1361 loqueretur
1074 1289 1130 1341 in
1161 1288 1266 1352 via,
1295 1295 1343 1340 et
1377 1286 1601 1355 aperiret
1626 1283 1773 1338 nobis
1811 1282 1958 1336 Scri-

373 1383 750 1453 pturas?(Luc.
778 1397 926 1445 xxxv,
954 1378 1067 1449 52.)
1104 1379 1207 1434 Vos
1233 1392 1355 1435 eam
1385 1377 1440 1432 in
1481 1374 1779 1445 Scripturis
1812 1389 1959 1442 qum-

384 1475 489 1529 rite
519 1474 722 1529 sanctis
743 1513 758 1537 ,
790 1472 1148 1527 intentissime
1189 1477 1491 1526 scrutantes
1516 1483 1631 1534 eas,
1660 1474 1720 1523 ut
1762 1481 1960 1537 cogno-

380 1566 546 1620 scatis
574 1565 854 1618 Dominum
884 1562 1034 1633 vobis
1062 1562 1364 1631 loquentem
1396 1560 1448 1613 in
1476 1558 1576 1614 eis.

334 1716 339 1719 _
457 1655 597 1722 Quid
624 1654 833 1709 dulcius
858 1662 941 1707 est
982 1668 1140 1721 quam
1175 1651 1268 1705 Dei
1296 1647 1683 1718 omnipotentis
1708 1644 1811 1700 frui
1834 1659 1963 1700 con-

319 1720 345 1748 ⁸
385 1720 749 1800 fabulatioue?
795 1744 921 1812 quia
966 1720 1056 1810 qui
1105 1741 1233 1811 legit
1261 1738 1653 1795 sacratissimos
1686 1749 1963 1790 sermones

385 1835 627 1898 Domini.
664 1848 760 1903 per
787 1842 1001 1888 sanctos
1028 1847 1153 1891 suos
1190 1832 1346 1886 nobis
1375 1829 1632 1893 traditos,
1676 1828 1846 1885 Deum
1888 1826 1965 1880 lo-

387 1935 641 1995 quentem
668 1924 886 1989 audiet;
931 1932 985 1976 et
1011 1922 1104 1992 qui
1129 1930 1268 1987 orat,
1314 1923 1424 1977 Deo
1461 1921 1716 1990 loquitur.
1759 1918 1853 1974 Hac
1878 1933 1965 1973 sa-

388 2019 709 2074 cratissimae
757 2017 1156 2072 vicissitudines
1182 2015 1326 2072 diem
1353 2024 1409 2068 et
1436 2023 1648 2069 noctem
1677 2012 1876 2067 ducant
1911 2012 1964 2067 in

384 2107 789 2179 jubilationem;
845 2122 951 2162 nec
999 2105 1274 2161 smcularis
1331 2104 1612 2172 occupatio
1665 2101 1964 2172 spiritalem

390 2199 618 2253 subruat
662 2198 1084 2267 jucunditatem;
1125 2197 1251 2265 quia
1290 2196 1500 2251 vanitas
1527 2194 1821 2249 vanitatum
1859 2202 1964 2259 est,

392 2286 552 2355 hujus
593 2286 772 2342 saeculi
813 2285 1018 2342 deliciae
1062 2293 1119 2340 et
1160 2284 1282 2342 falsi
1324 2300 1565 2350 amores;
1617 2284 1741 2352 quia
1777 2298 1966 2338 omnes

392 2374 552 2443 hujus
597 2376 720 2431 vita:
754 2375 1120 2446 jucunditates
1157 2374 1303 2431 velut
1329 2375 1521 2430 umbra
1567 2381 1882 2437 transeunt,
1914 2381 1969 2427 et

394 2467 542 2521 velut
566 2481 756 2536 spuma
799 2480 962 2535 super
999 2479 1196 2534 aquam
1232 2463 1391 2518 facile
1427 2464 1774 2532 dissipantur.
1820 2462 1965 2526 Ideo,

398 2556 761 2612 dilectissime
784 2564 841 2611 et
866 2554 1212 2610 nobilissimae
1237 2554 1493 2625 virgines,
1524 2553 1971 2609 animas-vestras

397 2646 628 2701 inomni
665 2644 950 2699 sanctitate
992 2651 1048 2697 et
1091 2642 1347 2714 religione
1398 2641 1750 2710 lectionisque
1794 2639 1971 2695 studio

398 2746 646 2794 exercete
665 2779 680 2804 ,
711 2747 773 2793 ut
812 2736 1045 2806 Spiritus
1081 2743 1300 2790 sanctus
1328 2733 1393 2788 de
1419 2732 1557 2790 ctelo
1587 2740 1778 2788 vestra:
1805 2733 1970 2788 devo-

401 2829 563 2883 tionis
599 2828 760 2883 corda
800 2827 994 2896 smpius
1043 2825 1263 2879 visitare
1302 2824 1577 2894 dignetur,
1611 2823 1703 2893 qui
1750 2831 1971 2893 pectora

404 2920 708 2974 inhabitare
743 2917 1076 2989 dignoscitur
1105 2915 1369 2972 charitate
1405 2913 1595 2985 plena,
1628 2914 1763 2969 etin
1788 2921 1972 2968 sancta

404 3012 664 3083 sapientia
688 3009 918 3064 sollicita
948 3015 1124 3065 mente
1156 3007 1431 3062 sudantes.

477 3101 604 3157 Haec
622 3100 849 3154 interim
886 3106 1088 3154 sanctae
1131 3097 1436 3153 dilectionis
1463 3096 1668 3151 calamo
1695 3093 1978 3166 praelibare

406 3192 611 3249 curavi.
641 3190 904 3266 Caeterum
930 3190 975 3245 si
998 3198 1233 3259 paterna:
1255 3188 1545 3242 voluntatis
1569 3185 1814 3241 effectum
1842 3186 1981 3244 scire

408 3298 595 3340 curam
627 3279 853 3347 habetis,
875 3283 1066 3337 scitote
1087 3280 1325 3352 quotidie
1349 3279 1687 3333 infirmitates
1711 3294 1980 3344 crescere,

408 3381 467 3428 et
488 3372 652 3426 variis
692 3385 886 3458 corpu.s
932 3369 1210 3424 debilitare
1260 3365 1554 3428 doloribus,
1600 3373 1655 3419 et
1695 3365 1980 3419 Dominum

404 3460 713 3533 pulsantem
745 3453 967 3527 januas,
1011 3458 1054 3513 si
1103 3455 1409 3527 vigilantem
1456 3454 1686 3509 inveniat
1726 3453 1983 3508 famulum

410 3564 599 3614 suum;
650 3534 963 3619 vigiliasque
1005 3545 1199 3600 vestris
1249 3542 1460 3612 adjutus
1508 3542 1985 3598 intercessionibus

413 3641 681 3698 custodire
726 3650 959 3704 sanctas,
1000 3652 1066 3692 ne
1110 3652 1197 3692 me
1237 3637 1289 3691 in
1331 3635 1509 3693 saeculi
1548 3634 1987 3705 occupationibus

416 3727 770 3789 dormientem
800 3731 1050 3793 inveniat,
1083 3729 1170 3799 qui
1198 3729 1456 3798 apostolis
1481 3728 1593 3783 suis
1608 3727 1876 3798 'prazcepit
1901 3726 1985 3781 di-

416 3837 546 3877 cens
577 3839 590 3876 :
616 3818 849 3889 'Vigilate
888 3830 935 3874 et
978 3829 1145 3885 orate,
1191 3836 1253 3873 ne
1288 3819 1489 3873 intretis
1536 3819 1590 3871 in
1619 3818 1985 3882 tentationem;

417 3914 633 3983 spiritus
661 3911 867 3983 quidem
904 3920 1172 3981 promptus
1210 3919 1308 3976 est,
1350 3926 1472 3963 caro
1504 3907 1648 3981 [Ms.,
1677 3906 1785 3980 cor]
1817 3917 1988 3961 autem

412 4002 632 4072 inﬁrma
666 4000 881 4074 (Matth.
927 4016 1077 4065 xxvi,
1113 3999 1223 4071 41).
1274 3999 1521 4055 Vestram
1561 3997 1902 4052 sanctitatem
1936 3996 1988 4051 in

421 4093 670 4148 omnibus
697 4092 850 4148 bonis
890 4090 1081 4146 ﬂorere
1103 4134 1117 4156 ,
1152 4100 1207 4145 et
1232 4091 1298 4143 ad
1324 4097 1640 4160 perpetuam
1670 4089 1812 4144 Deus
1836 4088 1991 4143 Jcsus

421 4182 683 4255 proﬁcere
712 4182 876 4237 faciat
907 4180 1213 4236 felicitatem
1231 4221 1245 4246 ,
1284 4195 1439 4235 soror
1461 4180 1513 4233 in
1543 4178 1757 4235 Christo
1787 4181 1991 4236 charis-

418 4275 597 4330 sima!
682 4308 685 4311 »

917 4352 944 4381 ι
981 4337 1313 4395 EPlSTOLA
1346 4337 1501 4393 CXL.

862 4427 930 4465 AD
966 4425 1206 4466 SOROREI
1245 4423 1313 4464 ΕΤ
1351 4425 1554 4463 FILIAII.

433 4505 629 4563 Suadet
650 4506 704 4560 in
719 4506 975 4575 prosperis
1002 4514 1049 4558 et
1073 4504 1302 4559 adversfs
1324 4520 1528 4558 servare
1556 4504 1996 4575 (equanimitatem

500 4572 731 4643 exemplo
750 4572 1069 4637 sanctorum,
1098 4590 1317 4644 quorum
1340 4575 1471 4628 vitas
1494 4572 1600 4628 vult
1616 4572 1720 4627 eas
1747 4572 1913 4643 legere
1936 4589 2000 4626 ea:

504 4644 739 4714 Dialogis
758 4645 923 4701 sancti
945 4643 1181 4714 Gregorii
1204 4659 1373 4713 papw.

504 4735 561 4789 In
589 4733 805 4790 Christo
831 4734 1161 4791 charissimis
1184 4734 1427 4804 personis
1460 4733 1632 4788 sorori
1663 4741 1716 4788 et
1732 4733 1860 4789 illis:
1886 4734 2003 4805 pie~

440 4839 523 4885 tas
548 4836 769 4899 paterna
796 4828 1040 4883 salutem.

508 4919 721 4975 Gratias
760 4918 967 4989 agimus
1006 4917 1199 4971 divina
1228 4914 1526 4970 clementia:
1570 4913 1637 4967 de
1664 4922 1843 4967 vestra
1881 4928 2008 4982 pro~

441 5011 696 5082 speritate
721 5018 778 5063 et
802 5009 973 5063 salute
992 5048 1004 5071 ,
1042 5014 1099 5060 et
1123 5007 1190 5060 de
1218 5005 1464 5059 omnibus
1488 5002 1642 5058 bonis
1664 5043 1679 5064 ,
1720 5016 1839 5071 qum
1867 5002 2010 5057 illius

2002 3057 2049 3119 Β

2046 468 2192 524 illius
2230 481 2444 538 semper
2488 465 2692 521 referre
2720 464 3103 535 Benignitatem
3132 506 3148 530 ,
3189 467 3307 521 sine
3332 482 3440 537 qua
3460 507 3475 533 ,
3505 469 3622 539 ipsa

2046 560 2284 614 Vcritate
2311 564 2617 620 attestante,
2648 555 2783 610 nihil
2824 555 3037 610 edicere
3079 555 3320 610 valemus
3354 570 3371 609 :
3419 557 3474 610 in
3512 572 3627 628 qua

2045 651 2287 705 bonitate
2316 658 2494 705 vestra
2535 662 2751 717 semper
2797 647 3124 701 unanimitas
3150 647 3271 701 laeta
3308 657 3627 717 remaneat;

2049 759 2148 798 nec
2173 743 2587 799 adversitatihus
2620 739 2835 805 saeculi,
2863 739 2949 794 vel
2987 739 3393 796 intidelitatibus
3438 742 3626 798 mundi

2049 845 2351 891 amatorum
2379 833 2553 904 frangi
2581 832 2776 896 debet,
2816 845 2917 885 nec
2942 831 3212 885 tristitiam
3239 832 3467 894 habere,
3500 833 3630 889 licet

2051 929 2207 984 nobis
2234 927 2399 981 multa
2428 926 2678 981 eveniant
2705 927 2950 980 adversa.
2981 923 3073 979 Sic
3098 933 3180 979 est
3214 923 3373 992 hujus
3391 941 3632 995 praesen-

2053 1018 2123 1074 tis
2142 1019 2266 1072 vitze
2293 1018 2546 1080 varietas,
2576 1024 2636 1069 ut
2659 1029 2915 1086 prospera
2938 1030 3152 1086 semper
3176 1017 3506 1071 misceantur
3538 1018 3635 1073 ad-

2054 1111 2246 1175 versis,
2276 1110 2415 1183 sicut
2439 1109 2552 1163 dies
2574 1116 2731 1163 nocte
2753 1115 3021 1173 mutatur;
3051 1109 3418 1165 sicut'sanitas
3438 1125 3637 1181 corpo-

2057 1202 2134 1257 ris
2164 1201 2368 1255 morbis
2404 1199 2904 1270 supervenientibus
2941 1198 3199 1265 ailicitur;
3240 1199 3379 1254 sicut
3411 1200 3510 1255 llos
3546 1200 3637 1269 ju-

2056 1291 2290 1345 ventutis
2349 1296 2623 1344 senectute
2677 1289 3086 1358 superveniente
3124 1291 3440 1357 marcescit;
3496 1293 3640 1347 sicut

2058 1383 2262 1437 aestatis
2290 1380 2651 1450 tranquillitas
2679 1374 3048 1435 liibernalibus
3073 1382 3324 1437 atteritur
3348 1390 3640 1453 tempesta-

2059 1474 2221 1528 tibus.
2260 1473 2329 1526 At
2371 1471 2505 1525 nihil
2550 1470 2739 1525 horum
2786 1470 3089 1539 religiosam
3130 1481 3363 1526 mentem
3412 1472 3645 1546 fatigare

2059 1561 2238 1627 debet,
2264 1563 2357 1617 sed
2384 1577 2595 1631 semper
2623 1560 2798 1616 stabili
2840 1569 3023 1617 tenore
3048 1571 3224 1617 erecta
3252 1578 3347 1633 spe
3375 1565 3442 1619 ad
3470 1564 3644 1622 Deum

2064 1655 2218 1710 ﬁrma
2247 1653 2515 1709 soliditate
2546 1652 2835 1707 immobilis
2856 1668 3197 1722 permanere.
3233 1654 3383 1710 Unde
3406 1664 3465 1711 et
3489 1656 3646 1711 testi-

1990 1719 2035 1777 .
2066 1744 2313 1800 iicatione
2351 1743 2518 1813 ipsius
2542 1742 2797 1798 Veritatis
2836 1719 3070 1797 Joannes
3097 1741 3334 1813 Baptista
3365 1745 3643 1814 laudatur,

2064 1837 2206 1909 quod
2254 1850 2362 1890 non
2389 1842 2536 1890 esset
2574 1834 2779 1889 arundo
2806 1842 2952 1889 vento
2990 1834 3188 1903 agitata
3214 1834 3364 1904 (Luc.
3397 1851 3496 1900 vn,
3523 1835 3644 1907 24),

2065 1927 2119 1981 id
2145 1934 2249 1990 est,
2291 1939 2392 1979 nec
2421 1922 2837 1979 adversitatihus
2861 1923 3066 1989 steculi,
3092 1939 3195 1979 nec
3224 1926 3652 1994 reprehensione
3734 1986 3741 1993 ,

2064 2010 2357 2080 invidiosa;
2386 2013 2470 2069 vel
2495 2013 2660 2069 etiam
2689 2012 2993 2085 adulatione
3020 2011 3268 2079 subdola,
3310 2014 3394 2071 vel
3423 2030 3651 2085 prospe—

2065 2106 2225 2160 ritate
2252 2103 2526 2159 arridente
2551 2118 2584 2158 a
2606 2102 2922 2160 stabilitatis
2950 2102 3271 2157 rectitudine
3293 2113 3528 2159 mentem
3550 2106 3649 2162 de-

2067 2196 2269 2251 clinare
2289 2194 2457 2250 voluit
2483 2192 2634 2265 [Ms.,
2652 2192 2862 2264 valuit];
2879 2192 2971 2247 sed
2995 2206 3205 2262 semper
3224 2193 3416 2262 aequali
3444 2197 3654 2251 mentis

2067 2285 2333 2342 soliditate
2357 2299 2476 2355 qua:
2505 2283 2731 2338 adversa
2755 2282 2998 2351 pertulit,
3021 2283 3105 2336 vel
3133 2282 3254 2336 laeta
3288 2284 3649 2352 temperavit;

2068 2376 2220 2446 cujus
2248 2376 2492 2446 exemplo
2534 2384 2729 2432 vestrae
2754 2376 2998 2430 ﬁrmetur
3038 2374 3090 2429 in
3119 2375 3250 2438 Deo,
3282 2375 3655 2434 dilectissime

2069 2486 2331 2542 personte,
2362 2469 2678 2525 exercitatio
2718 2469 2933 2523 mentis.
2980 2467 3275 2523 Proﬁciunt
3320 2468 3466 2522 enim
3505 2481 3653 2537 saepe

2072 2561 2414 2625 tentationes,
2437 2568 2497 2614 ut
2518 2558 2739 2628 probata
2757 2558 3017 2629 patientia
3038 2558 3092 2612 in
3116 2558 3417 2613 mercedem
3438 2567 3662 2615 alemus

2073 2650 2446 2706 retributionis
2471 2658 2699 2706 crescat.

2144 2739 2297 2796 Sicut
2346 2754 2537 2794 aurum
2580 2739 2704 2808 igne
2735 2739 2994 2808 probatur
3014 2777 3030 2802 ,
3089 2737 3165 2791 ita
3212 2735 3655 2808 tribulationibus

2075 2847 2228 2887 mens
2252 2830 2556 2885 Christiana
2576 2806 2933 2892 esaminatur,
2957 2829 3168 2884 dicente
3179 2806 3491 2897 Scriptura:
3521 2826 3661 2893 Fili,

2076 2923 2326 2977 accedens
2355 2922 2424 2975 ad
2444 2921 2741 2976 servitutem
2756 2920 2876 2987 Dei,
2901 2935 3143 2991 prepare
3168 2919 3404 2972 animum
3423 2929 3570 2971 tuum
3588 2920 3661 2973 ad

2079 3013 2417 3066 tentationem
2438 3011 2628 3081 (Eccli.
2658 3027 2721 3075 ιι,
2754 3011 2829 3081 1),
2856 3025 2962 3065 non
2991 3010 3058 3066 ad
3088 3009 3453 3065 securitatem.
3481 3009 3659 3064 Robur

2089 3109 2204 3157 rate
2234 3100 2588 3169 vosmetipsas
2632 3100 2895 3168 exemplis
2937 3107 3268 3162 sanctorum,
3300 3098 3540 3167 legentes
3564 3113 3656 3167 pet

2087 3193 2235 3247 vices
2261 3191 2474 3246 illorum
2499 3191 2623 3245 vita:
2652 3189 2960 3245 dulcissima
2982 3188 3247 3258 exempla,
3273 3196 3329 3243 et
3352 3196 3661 3244 sanctorum

2088 3283 2376 3339 verborum
2423 3282 2758 3336 hortamenta
2806 3280 3149 3344 necessaria;
3205 3280 3275 3334 sit
3315 3278 3524 3334 illorum
3551 3278 3670 3333 vita

2090 3374 2242 3429 vobis
2270 3373 2323 3426 in
2356 3370 2650 3443 speculum.
2677 3369 2812 3424 Nam
2842 3371 2996 3424 fessis
3023 3370 3218 3424 mentis
3245 3385 3471 3424 acumen
3500 3368 3663 3424 levio-

2096 3464 2170 3519 ris
2212 3462 2458 3517 lectionis
2487 3461 2822 3530 interpositio
2858 3475 3001 3529 smpe
3029 3459 3221 3514 reﬁcit.
3250 3458 3372 3512 Ideo
3398 3458 3666 3514 diilicilior

2093 3552 2146 3606 in
2194 3549 2488 3621 apostolica
2537 3548 2858 3603 auctoritate
2903 3561 3094 3602 sensus
3132 3560 3231 3605 vos,
3266 3544 3453 3614 procul
3499 3545 3673 3600 dubio

2092 3643 2288 3712 smpius
2316 3640 2542 3711 fatigare
2567 3641 2762 3705 habet;
2794 3639 2887 3694 sed
2916 3646 3096 3714 tenete
3119 3652 3259 3692 nunc
3282 3638 3336 3690 ia
3365 3652 3558 3692 manus
3581 3636 3669 3691 vel

2092 3735 2244 3791 Vitas
2267 3732 2522 3793 Patrum,
2552 3730 2634 3785 vel
2659 3729 2917 3785 miracula
2951 3738 3262 3785 sanctorum
3284 3768 3299 3792 ,
3340 3744 3570 3798 quorum
3615 3729 3672 3783 in

2094 3824 2316 3894 dialogis
2357 3821 2502 3878 beati
2531 3820 2794 3891 Gregorii,
2827 3820 3062 3877 doctoris
3088 3820 3285 3885 nostri,
3328 3820 3493 3875 multa
3521 3820 3677 3875 inve-

2092 3914 2316 3970 niuntur
2335 3911 2671 3975 lucidissima
2698 3918 2918 3966 exarata
2951 3910 3278 3979 eloquentia,
3305 3919 3360 3965 et
3386 3910 3679 3967 sententiis

2094 4014 2294 4073 sanctae
2324 4004 2617 4073 Scriptum
2643 4016 2853 4072 semper
2888 4001 3221 4057 confirmata.
3270 4000 3395 4056 Ηεο
3431 4009 3487 4057 et
3532 4001 3674 4057 inter

2095 4113 2191 4152 vos
2208 4095 2471 4160 conferre,
2502 4102 2557 4150 et
2583 4095 2636 4148 in
2668 4093 2928 4149 conviviis
2964 4092 3085 4147 aliis
3115 4092 3275 4146 edere
3294 4089 3407 4158 jam
3437 4092 3518 4147 sic
3545 4108 3677 4146 con-

2097 4186 2431 4242 suetudinem
2458 4184 2727 4254 incipietis
2736 4183 2950 4247 habere,
2968 4182 3121 4237 valde
3137 4182 3290 4237 vobis
3301 4197 3421 4237 esse
3432 4181 3672 4250 jucunda

2096 4277 2491 4332 arbitrantium.
2547 4274 2696 4330 Sicut
2747 4273 3057 4329 diversitate
3100 4273 3345 4328 ciborum
3401 4271 3672 4328 fastidium

2097 4368 2439 4424 manducanti
2467 4366 2686 4431 tollitur,
2720 4365 2796 4420 ita
2818 4366 3078 4420 varietate
3109 4364 3353 4419 lectionis
3377 4378 3524 4421 tuens
3549 4361 3670 4418 reﬂ.

2096 4461 2235 4515 citur
2253 4458 2481 4527 legentis
2509 4473 2527 4511 :
2566 4471 2796 4527 quorum
2818 4457 3057 4510 omnium
3081 4465 3265 4511 vestra
3292 4456 3532 4511 charitas
3548 4469 3677 4509 cou-

2096 4548 2330 4604 siderata
2358 4545 2692 4615 providentia
2750 4546 2948 4608 videat,
3002 4544 3132 4613 quid
3169 4544 3254 4598 cui
3310 4541 3540 4613 tempori
3596 4535 3684 4597 vel

2098 4655 2203 4709 qua
2241 4653 2469 4708 persona
2497 4638 2818 4704 conveniat,
2877 4645 2937 4691 ut
2972 4636 3186 4707 plurimi
3232 4637 3424 4691 vestris
3459 4636 3684 4705 optimis

2100 4728 2555 4784 admonitionibus
2591 4726 2660 4783 ad
2695 4726 2920 4785 salutem
2960 4727 3257 4781 animarum
3296 4741 3517 4782 suarum
3552 4740 3682 4797 pro-

2104 4820 2307 4876 ﬁciant.

2128 4946 2137 4953 ·
2176 4920 2301 4974 Haec
2324 4919 2514 4987 scripsi
2545 4926 2769 4990 paterna
2789 4915 3172 4981 admonitione,
3194 4914 3482 4971 utdilectio
3502 4924 3688 4970 vestra

2110 5010 2162 5063 in
2191 5010 2332 5064 hanc
2359 5010 2600 5063 chartam
2639 5023 2813 5074 meam
2865 5008 3058 5076 saepius
3086 5007 3278 5061 habeat
3319 5006 3684 5076 praesentiam,

444 5098 726 5154 ineiTa'bilis
765 5095 1126 5152 misericordia
1174 5093 1325 5148 VONS
1371 5091 1720 5157 θοηδοηίινίιῖ
1759 5092 1920 5145 etiam
1957 5098 2014 5145 ει
2109 5099 2250 5153 sicut
2296 5099 2536 5153 charilas
2586 5106 2763 5152 vestra
2811 5106 3007 5152 nostris
3054 5096 3217 5150 menti
3261 5096 3489 5150 firmiter
3523 5095 3690 5151 inﬁxa

447 5193 588 5248 illius
634 5192 885 5247 continua
930 5189 1202 5244 voluntate
1251 5187 1529 5242 laudamus
1576 5186 1869 5256 pietatem,
1920 5186 2012 5255 qui

442 5283 605 5337 nobis
628 5282 753 5337 licet
781 5281 1012 5352 indignis
1040 5289 1145 5334 tam
1178 5278 1333 5335 ﬁdele
1366 5276 1650 5342 solatium,
1685 5283 1740 5330 et
1765 5285 1875 5331 tam
1901 5275 2006 5329 dul.

2113 5191 2368 5245 manebit.
2401 5191 2586 5245 Videte
2608 5204 2771 5258 quam
2796 5187 3013 5257 planum
3035 5196 3119 5244 est
3156 5186 3455 5257 intelligere
3476 5186 3530 5240 in
3554 5187 3689 5241 cha~

2114 5281 2275 5334 ritate
2298 5288 2501 5341 mutua,
2529 5277 2670 5348 quod
2708 5278 2762 5331 in
2790 5277 3208 5347 Evangelioipse
3234 5277 3494 5332 Dominus
3509 5276 3651 5331 dixit
3675 5291 3691 5329 :

450 5385 568 5427 cem
596 5372 912 5427 charitatem
946 5371 999 5424 in
1040 5379 1216 5426 vestra
1245 5369 1529 5424 dilectione
1580 5366 1805 5422 contulit
1831 5381 1845 5419 :
1878 5364 2019 5420 unde
2119 5367 2219 5423 Ubi
2248 5377 2366 5421 sunt
2397 5367 2501 5420 duo
2528 5364 2603 5419 vel
2631 5376 2735 5419 tres
2765 5366 3063 5435 congregati
3088 5367 3143 5443 in
3189 5367 3395 5420 nomine
3427 5380 3541 5418 meo
3565 5403 3582 5428 ,
3619 5363 3695 5417 ibi

451 5470 507 5517 et
530 5463 887 5519 necessarium
914 5470 997 5518 est
1019 5461 1266 5516 omnibus
1290 5460 1341 5514 in
1371 5460 1586 5515 Christo
1610 5459 1697 5530 pie
1719 5459 2021 5513 viventibus
2115 5473 2234 5512 sum
2268 5458 2325 5510 in
2361 5456 2530 5510 medio
2555 5471 2736 5509 eorum
2772 5454 2983 5527 (Matth.
3017 5470 3174 5521 XVI“,
3196 5454 3309 5527 20).
3338 5453 3454 5509 Νοη
3484 5459 3696 5507 tantum

454 5552 600 5610 illius
627 5552 1107 5621 supereminenqu
1135 5550 1355 5605 laudare
1380 5550 1629 5620 gratiam,
1661 5563 1765 5621 qua
1788 5548 2022 5602 humano
2124 5549 2223 5603 hoc
2273 5546 2344 5602 de
2384 5544 2668 5615 prteseutia
2703 5545 2964 5615 corporali
3004 5544 3203 5600 dictum
3254 5548 3503 5614 putemus
3527 5582 3542 5607 ,
3596 5540 3701 5599 sed

530 5702 557 5728 τι
594 5682 820 5740 Froben.
847 5681 1001 5751 epist.
1038 5678 1158 5733 190.
