4070 6182
349 330 454 388 581

1769 328 2147 385 EPISTOLE.

3519 332 3629 394 588

351 442 526 511 mgis
562 441 629 496 de
677 439 963 510 prtesentia
1001 448 1201 496 sancta:
1248 439 1561 504 charitatis,
1588 456 1706 511 quin
1740 440 1941 509 diﬂ'uu
1970 446 2009 501 Δ
2041 441 2187 496 tione
2226 455 2350 495 cum
2379 456 2539 513 grege
2572 444 2664 499 tibi
2698 443 2939 515 subjecto
2966 447 3018 502 in
3044 455 3263 503 sternte
3282 447 3635 507 beatitudinis

346 545 428 591 at
445 550 540 606 per
561 532 820 605 Spiritum
845 543 1084 588 sanctum
1112 535 1168 588 in
1200 533 1443 588 cordibus
1471 535 1661 589 nostris
1680 532 1858 604 (Rom.
1882 549 1937 601 v,

347 624 433 698 5).
454 624 728 680 Habentes
754 624 1072 679 thesaurum
1100 639 1242 678 vera:
1282 624 1588 680 dilectionis
1614 624 1668 678 in
1709 624 1942 692 pectori-

347 717 458 774 bus
479 714 715 781 nostris,
745 714 871 769 inde
916 716 1286 785 unusquisque
1313 715 1476 770 alium
1511 713 1726 783 adjuvet
1749 730 1941 770 secun-

349 807 483 862 dum
504 820 816 861 mensuram
834 805 1143 862 donationis
1156 805 1383 870 Christi,
1416 807 1529 862 sive
1550 806 1605 861 in
1626 806 1817 862 solatio
1839 821 1941 862 sat-

347 895 554 953 cularis
578 895 952 961 necessitatis,
997 896 1113 952 sive
1170 897 1224 951 in
1260 897 1635 952 communione
1680 896 1940 965 spiritalis

348 986 613 1041 doctrinm
666 1002 681 1038 ε
724 983 794 1038 Et
839 984 927 1039 ubi
965 984 1083 1039 haec
1120 983 1290 1050 ﬁant,
1342 986 1415 1040 ibi
1453 987 1815 1041 certissimum
1857 994 1944 1041 est

348 1078 630 1135 Christum
658 1077 855 1133 essein
884 1078 1080 1140 medio,
1102 1078 1197 1147 qui
1221 1078 1287 1134 de
1308 1079 1471 1134 corde
1497 1079 1747 1151 religioso
1767 1081 1821 1134 in
1845 1095 1942 1135 cor

348 1169 576 1225 alterius
612 1168 895 1225 charitatis
946 1169 1267 1223 suavitatem
1295 1169 1568 1236 diffundit,
1618 1180 1678 1225 ut
1705 1172 1778 1227 sit
1832 1188 1938 1226 una

351 1262 641 1318 concordia
681 1261 922 1316 omnium
948 1259 1118 1315 Deum
1150 1259 1504 1331 diligendum,
1545 1270 1602 1317 et
1629 1278 1745 1317 una
1766 1263 1941 1333 pietas

350 1353 583 1409 invicem
613 1368 674 1409 se
700 1352 1087 1422 adjuvantium.

424 1444 553 1500 Haec
574 1459 670 1498 vos
702 1443 917 1498 assidua
943 1443 1355 1499 considerantes
1376 1441 1679 1506 dulcedine,
1728 1445 1936 1500 nostri-

352 1549 462 1604 que
488 1548 779 1597 memores,
811 1531 1027 1587 Christo
1053 1533 1368 1598 miscrante,
1399 1548 1629 1602 semper
1653 1535 1722 1590 de
1769 1534 1856 1589 die
1882 1535 1937 1588 in

354 1624 498 1680 diem
520 1623 572 1678 in
592 1623 862 1679 charitate
887 1622 1134 1686 erescite,
1160 1623 1216 1675 in
1245 1622 1348 1677 ﬁde
1373 1622 1768 1679 conﬁrmamini
1800 1632 1857 1678 et
1882 1624 1939 1678 in

353 1731 451 1787 spe
471 1717 664 1771 divinae
689 1715 949 1770 bonitatis
967 1713 1336 1770 indeﬁcientes
1355 1723 1555 1771 aeterna
1580 1716 1938 1787 prosperitate

2047 545 2236 600 regno.

2112 620 2189 674 De
2215 636 2334 674 mea
2362 636 2493 675 vero
2520 626 2877 692 prosperitate
2914 628 3144 696 gaudeat
3186 629 3486 698 paternitas
3514 637 3630 698 tua,

2040 711 2293 780 quoniam
2325 712 2582 767 Dominus
2628 714 2786 777 Deus,
2823 718 2911 787 qui
2940 718 3222 786 mortiﬁcat
3276 728 3327 773 et
3374 721 3625 790 viviﬁcat,

2040 799 2276 854 vulnerat
2298 811 2347 855 et
2376 802 2610 855 medetur
2650 803 2700 875 (1
2736 804 2865 874 Reg.
2902 821 2962 868 ιι,
2989 805 3067 875 6),
3098 808 3387 877 castigavit
3415 824 3502 864 me
3529 824 3629 880 per

2021 888 2245 943 Pascha
2274 889 2442 944 multa
2459 890 2689 945 febrium
2713 892 3090 962 ﬁagellatione,
3112 904 3167 948 et
3192 911 3328 966 pene
3349 898 3417 952 ad
3438 898 3630 968 despe-

2041 979 2304 1034 rationem
2331 980 2455 1035 vita:
2474 980 2714 1035 deduxit.
2742 982 2847 1037 Sed
2865 983 3120 1039 misertus
3145 994 3229 1040 est
3251 986 3383 1039 mihi
3404 987 3475 1042 ob
3502 1003 3626 1058 pre-

2039 1089 2131 1129 ces
2155 1088 2435 1129 servorum
2462 1089 2723 1140 suorum;
2764 1077 2857 1130 sed
2900 1086 3143 1131 remanet
3168 1078 3516 1146 quotidianus
3543 1079 3620 1133 la-

2037 1162 2140 1217 bor
2164 1162 2406 1232 ejusdem
2430 1164 2823 1235 castigationis,
2853 1180 2959 1219 non
2986 1173 3166 1219 tamen
3194 1181 3368 1235 usque
3392 1169 3459 1221 ad
3481 1167 3631 1237 peri-

2040 1250 2218 1307 culum
2239 1252 2385 1311 vitae.
2418 1253 2511 1308 sed
2542 1269 2714 1324 usque
2741 1254 2808 1308 ad
2865 1255 3321 1321 emundationem,
3370 1265 3433 1311 ut
3479 1264 3630 1326 opto,

2038 1343 2358 1400 delictorum
2410 1360 2677 1402 meorum.
2733 1348 2809 1402 Te
2860 1363 2990 1403 vero
3024 1351 3264 1419 quotidie
3304 1367 3425 1407 mea
3473 1365 3631 1407 mens

2040 1434 2134 1488 Dei
2158 1436 2546 1503 omnipotentis
2574 1436 2875 1492 clementia:
2905 1441 3284 1495 commendare
3305 1440 3507 1505 studet,
3537 1456 3632 1512 op-

2040 1536 2162 1582 tans
2183 1538 2242 1581 ut
2265 1528 2517 1599 proﬁcias
2547 1529 2600 1583 in
2621 1530 2767 1585 omni
2792 1531 2934 1585 bono
2953 1532 3006 1585 in
3031 1542 3320 1602 conspectu
3351 1534 3469 1589 Dei.
3491 1531 3629 1588 Cor-

2039 1631 2171 1686 pore
2200 1633 2332 1671 vero
2384 1620 2772 1688 propembdum
2823 1630 3071 1675 emortuo
3120 1622 3298 1676 vivida
3345 1623 3633 1678 charitatis

2043 1706 2221 1762 virtus
2250 1707 2381 1761 vivit
2422 1709 2473 1762 in
2503 1719 2723 1779 pectore
2744 1751 2757 1773 ,
2796 1724 2984 1766 amans
3009 1721 3082 1777 te,
3113 1711 3284 1767 frater
3309 1714 3381 1767 mi
3410 1713 3628 1784 Aquila,
3677 1744 3708 1784 υ

351 1806 549 1872 valete,
576 1807 894 1862 charissima
923 1814 978 1860 et
993 1803 1383 1874 iucundissima
1410 1806 1711 1863 dilectionis
1735 1814 1938 1863 sancta:
1971 1800 2012 1858 ll
2041 1807 2099 1852 ut
2126 1798 2342 1853 Patrem
2362 1839 2377 1863 ν
2409 1800 2660 1868 ‘lm‘niam
2692 1794 2902 1856 ﬁdelem
2932 1810 2986 1857 ιθ
3015 1818 3229 1874 semper
3272 1806 3493 1875 Ρνοδτινί
3517 1824 3532 1873 ;
3567 1818 3623 1862 ει

355 1895 575 1951 nomina
595 1896 611 1950 ε

838 1997 864 2027 ι
904 1984 1239 2045 EPISTOLA
1274 1985 1453 2041 CXLI.

741 2086 807 2130 λυ
850 2092 1080 2140 λρωιωι
1132 2091 1230 2133 εει]
1280 2091 1550 2131 ARNONEM.

758 2166 935 2238 (Anno
964 2167 1089 2234 801,
1121 2177 1244 2237 post
1271 2164 1526 2239 Pascha.)

353 2255 594 2329 Hcmiuit
613 2272 731 2329 cum
752 2258 945 2326 gaudio
973 2259 1038 2312 de
1064 2259 1403 2329 prosperitate
1437 2268 1485 2312 et
1507 2256 1825 2329 exultatione
1848 2274 1930 2329 re—

468 2329 526 2384 is.
555 2327 709 2398 Cupit
752 2329 943 2381 instrui
993 2327 1071 2382 de
1101 2327 1260 2382 causa
1288 2328 1467 2382 domui
1514 2328 1802 2398 Apostolici
1823 2369 1839 2392 ,
1877 2328 1942 2381 de

473 2407 790 2452 cnecentana
818 2401 1185 2463 controversia,
1233 2407 1280 2452 et
1326 2398 1388 2453 de
1416 2399 1546 2452 actis
1587 2398 1644 2452 in
1687 2409 1941 2453 conventu

424 2469 805 2537 episcoporum.
835 2466 1009 2537 Refert
1029 2478 1223 2522 statum
1250 2484 1359 2522 sua:
1392 2467 1724 2522 valetudinis.

427 2567 749 2625 Venerando
775 2566 954 2634 Patri,
985 2577 1040 2625 et
1067 2568 1121 2623 in
1164 2568 1422 2624 membris
1447 2567 1649 2624 Christi
1672 2569 1942 2625 excellen-

354 2659 566 2714 tissimo
613 2657 821 2726 Aquilae
864 2658 1338 2729 archispeculatori
1367 2657 1594 2712 Albinus
1619 2659 1847 2715 devotus
1886 2660 1941 2714 in

354 2748 622 2806 charitate
648 2746 820 2802 frater
845 2748 1154 2803 indcﬁciens
1185 2746 1388 2820 [Forte,
1417 2746 1804 2820 indeﬁcientis]
1824 2747 1945 2819 glo—

352 2837 452 2893 riic
476 2838 726 2893 salutem.

430 2923 682 2983 Gaudens
709 2926 953 2995 gaudebo
1002 2926 1067 2982 de
1095 2926 1197 2982 ﬁde
1224 2936 1278 2983 et
1304 2928 1569 2984 charitate
1595 2928 1945 2985 beatitudinis

356 3029 589 3084 vestrm;
633 3019 699 3074 de
734 3017 1115 3089 prosperitate,
1167 3019 1338 3075 salute
1392 3028 1446 3075 et
1501 3020 1823 3078 exaltatione
1865 3023 1942 3094 pii

358 3110 617 3181 principis
640 3109 1050 3181 triumphatoris
1079 3111 1389 3180 magni,etb
1405 3113 1620 3181 gloriosi
1651 3115 1943 3186 imperato-

360 3201 461 3266 ris,
486 3211 540 3257 ct
565 3200 914 3255 nobilissima:
936 3199 1103 3272 prolis
1125 3201 1295 3265 illius,
1328 3202 1670 3274 ﬁdeliumque
1698 3206 1941 3260 omnium

360 3290 477 3361 ejus
504 3289 871 3344 incolumitate
901 3308 913 3343 :
952 3290 1056 3345 nisi
1087 3293 1193 3346 duo
1240 3290 1527 3348 defuerunt
1557 3295 1610 3347 in
1635 3295 1832 3351 litteris
1857 3310 1946 3353 ve-

361 3379 494 3434 stris
508 3380 574 3433 de
592 3380 779 3434 domno
801 3375 1095 3449 apostolico
1117 3389 1267 3451 patre
1287 3391 1493 3448 nostro,
1523 3385 1759 3454 qualiter
1785 3387 1943 3458 longa

362 3469 594 3524 certatio
614 3470 843 3540 pastoris
870 3479 925 3526 et
952 3471 1131 3541 populi
1162 3473 1446 3526 terminata
1467 3482 1641 3540 esset;
1672 3483 1727 3529 et
1750 3476 1816 3532 de
1842 3475 1945 3531 Be-

360 3569 663 3618 neventano
717 3564 1104 3617 controversia.
1176 3562 1441 3631 Quoniam
1510 3566 1771 3623 sollicitus
1822 3582 1943 3622 sum

359 3653 518 3709 valde
539 3653 608 3708 de
632 3653 757 3709 ﬁliis
781 3655 940 3719 meis,
971 3670 1197 3724 quorum
1227 3656 1357 3710 mihi
1384 3657 1571 3724 vitam,
1601 3666 1657 3713 et
1678 3646 1942 3725 salutem,

359 3754 415 3799 et
438 3742 722 3800 benefacta
754 3744 1159 3815 pernecessaria
1186 3761 1304 3802 esse
1334 3754 1386 3801 tu
1408 3747 1521 3819 ipse
1558 3749 1758 3818 optime
1781 3750 1941 3806 nosti.

359 3832 429 3888 Et
457 3834 626 3888 miror
654 3850 754 3889 cur
784 3834 1045 3904 sapientia
1075 3842 1131 3891 et
1157 3835 1381 3891 consilio
1412 3848 1433 3876 ο
1467 3846 1765 3893 conventus
1807 3839 1947 3893 mul-

365 3933 543 3979 torum
565 3926 635 3979 ob
648 3925 969 3995 regniistius
984 3914 1349 4003 integritatem
1370 3943 1585 3997 quoquo
1605 3930 1762 3984 modo
1784 3945 1944 3985 causa

364 4016 967 4087 disceptationisimpim
987 4032 1092 4070 non
1116 4016 1405 4072 ﬁniretur:
1434 4018 1591 4072 simul
1614 4019 1779 4073 etiam
1803 4019 1947 4074 solli-

363 4105 500 4161 citus
526 4120 648 4161 sum
670 4105 858 4161 audire
882 4106 1010 4176 quid
1036 4106 1090 4160 in
1118 4115 1268 4161 tarto
1290 4116 1508 4176 tamque
1536 4108 1798 4179 praeclaro
1819 4126 1945 4165 con-

365 4204 522 4250 ventu
573 4196 642 4251 de
671 4204 818 4251 statu
844 4204 1045 4252 sanctze
1094 4196 1350 4253 Ecclesiae
1374 4198 1745 4266 ordinaretur,
1794 4209 1849 4255 et
1882 4202 1949 4257 de

365 4283 643 4339 catholica:
686 4284 811 4339 ﬁdei
850 4284 1142 4352 ﬁrmitate;
1198 4300 1299 4340 nec
1321 4293 1433 4341 tam
1471 4268 1678 4342 diutino
1704 4296 1947 4360 tempore

364 4377 761 4432 advenientium
789 4379 1130 4433 conversatio
1168 4379 1286 4434 sine
1330 4394 1526 4451 magno
1548 4379 1793 4450 quolibet
1821 4398 1947 4453 pro-

2036 1889 2179 1958 quod
2209 1888 2316 1941 rari
2360 1889 2578 1954 habent;
2610 1890 2661 1943 in
2689 1891 2962 1961 prosperis
2990 1899 3046 1947 et
3075 1894 3317 1949 adversis
3341 1894 3629 1965 :cqualiter

2037 1976 2280 2045 ejusdem
2302 1978 2467 2033 animi
2495 1995 2617 2035 esse
2644 1981 2697 2034 in
2739 1982 2971 2049 amicos;
2999 2000 3099 2039 nec
3119 1984 3185 2039 de
3213 1986 3317 2040 hoc
3344 1987 3423 2040 tui
3449 1987 3632 2043 cordis

2039 2072 2299 2125 thesauro
2331 2071 2555 2126 cuilibet
2575 2073 2825 2129 dubitare
2854 2074 2935 2130 las
2968 2091 3088 2131 esse
3124 2076 3318 2143 fateor,
3352 2079 3480 2148 quia
3504 2078 3633 2133 cha-

2038 2160 2167 2214 ritas
2187 2158 2287 2213 Dei
2310 2160 2507 2229 diffusa
2526 2170 2601 2214 est
2628 2162 2680 2214 in
2715 2164 2877 2218 corde
2899 2173 3010 2228 tuo,
3058 2165 3217 2219 simul
3237 2166 3401 2220 etiam
3428 2174 3483 2221 et
3504 2180 3633 2237 pro-

2039 2250 2191 2315 ximi,
2215 2268 2308 2320 per
2328 2249 2587 2320 Spiritum
2613 2262 2851 2305 sanctum
2872 2293 2887 2319 ,
2931 2255 3023 2324 qui
3058 2255 3214 2308 datus
3241 2265 3317 2309 est
3362 2256 3510 2309 nobis
3529 2295 3545 2321 ,
3572 2263 3633 2309 ut

2038 2339 2320 2412 diligamus
2378 2341 2636 2408 invicem,
2694 2343 2830 2396 sicut
2890 2354 2940 2398 et
2998 2343 3235 2399 Christus
3292 2344 3477 2401 dilexit
3534 2362 3633 2401 nos

2042 2430 2221 2501 (Rom.
2246 2448 2300 2496 v,
2332 2431 2409 2504 5).

2112 2521 2369 2577 Desidere
2397 2522 2624 2577 multum
2649 2531 2845 2576 vestra:
2865 2521 3172 2578 dilectionis
3195 2523 3390 2579 faciem
3424 2523 3632 2589 videre,

2040 2617 2096 2664 et
2110 2611 2493 2666 Consolationis
2516 2618 2620 2665 tute
2640 2611 2833 2665 solatio
2849 2609 3037 2666 foveri.
3063 2612 3298 2682 Tempus
3318 2615 3637 2669 esttrternis

2040 2699 2329 2770 providere
2352 2699 2544 2755 diebus
2562 2740 2577 2765 ,
2623 2714 2745 2770 qua:
2770 2700 2884 2755 sola
2906 2715 3044 2771 pene
3069 2702 3334 2771 sapientia
3358 2712 3508 2758 recte
3519 2704 3633 2758 dici

2040 2791 2259 2860 poterit.
2293 2790 2645 2845 Ssecularium
2671 2804 2855 2847 rerum
2878 2791 3215 2862 providentia
3240 2807 3412 2863 pauco
3432 2792 3634 2863 prode-

1933 2884 1942 2957 ς
2043 2881 2114 2935 rit
2139 2892 2383 2952 tempore
2407 2899 2424 2949 ;
2473 2893 2748 2954 perpetua:
2776 2900 2908 2941 vero
2934 2886 3312 2957 prosperitatis
3339 2886 3633 2957 providen—

2043 2974 2116 3028 tia
2144 2974 2292 3031 nullo
2321 2974 2427 3031 ﬁne
2469 2976 2783 3041 claudetur;
2822 2994 2945 3048 quae
2987 2977 3225 3034 fraterna
3270 2977 3635 3034 collocutione

2042 3067 2269 3121 multum
2296 3067 2561 3139 proﬁcere
2581 3071 2783 3127 nemini
2811 3072 3033 3127 dubium
3055 3086 3176 3129 esse
3196 3073 3376 3138 debet,
3406 3072 3624 3127 dicente

1967 3138 2014 3201 ο
2045 3158 2161 3230 ipsa
2186 3138 2426 3216 Veritate
2452 3176 2468 3215 :
2498 3160 2601 3216 Ubi
2621 3173 2741 3217 sunt
2770 3163 2876 3218 duo
2898 3163 2974 3218 vel
2998 3174 3101 3218 tres
3131 3166 3429 3235 congregati
3450 3164 3507 3217 in
3539 3179 3633 3217 no-

2044 3250 2183 3305 mine
2208 3267 2321 3307 meo
2340 3292 2356 3319 ,
2381 3252 2453 3306 ibi
2479 3269 2595 3307 sum
2612 3255 2668 3308 in
2690 3255 2860 3309 medio
2880 3271 3059 3310 eorum
3088 3254 3304 3328 (Matth.
3334 3271 3489 3321 xvm,
3511 3254 3629 3327 20).

2042 3337 2182 3406 Quid
2212 3341 2391 3397 deerit
2430 3342 2554 3398 boni
2582 3345 2812 3410 consilii,
2842 3345 2932 3400 ubi
2956 3354 3143 3401 tantus
3169 3346 3436 3400 mediator
3464 3345 3633 3401 inter-

2042 3446 2161 3488 esse
2191 3433 2559 3505 dignoscitur?
2599 3435 2928 3493 incolumem
2972 3437 3357 3493 beatitudinem
3386 3445 3558 3503 tuam,
3581 3443 3634 3490 et

2042 3520 2295 3592 plurimis
2320 3525 2578 3595 prodesse
2598 3527 2654 3581 in
2669 3528 2908 3583 consiliis
2927 3536 2982 3583 et
2999 3528 3279 3598 exemplis,
3303 3527 3474 3581 multo
3496 3535 3633 3581 tem-

2041 3629 2175 3684 pore
2196 3614 2379 3669 divina
2405 3617 2682 3671 custodire
2702 3618 2953 3687 dignetur
2976 3618 3173 3687 gratia,
3203 3618 3418 3673 domine
3457 3626 3636 3688 pater,

2043 3701 2141 3768 ﬁli,
2172 3702 2345 3758 frater
2371 3712 2427 3759 et
2444 3705 2647 3761 amice!

2501 3792 2529 3831 ἀ
2570 3793 2903 3851 EPISTOLA
2943 3795 3144 3853 CXLII.

2468 3900 2538 3938 ΔΙ)
2588 3900 2831 3942 ειιλτιωε
2888 3904 3204 3946 ευωεηδεε.

2538 3976 2718 4048 (Circa
2754 3995 2957 4034 annum
2978 3980 3128 4052 80!.)

2046 4065 2307 4144 Hortatur
2344 4070 2413 4125 ad
2454 4070 2726 4142 religiosas
2768 4073 3003 4144 virtutes.
3051 4071 3210 4126 Mittit
3255 4074 3474 4144 pallium
3525 4088 3632 4131 στος

2121 4140 2320 4261 racimlu
2365 4157 2460 4210 pro
2501 4140 2715 4213 corpore
2741 4143 2911 4197 sancti
2934 4142 3223 4212 Bonifatii,
3251 4140 3298 4198 ct
3337 4144 3633 4201 chartulam

2121 4226 2276 4261 ηιμδα
2302 4228 2404 4261 em.

2115 4226 2404 4267 ηιτςδαιρηι.

2115 4298 2508 4368 Sanctissimis,
2539 4303 2800 4375 nobisque
2828 4320 2948 4359 cum
2978 4306 3126 4360 omni
3155 4305 3421 4361 charitate
3450 4306 3634 4365 colen-

2043 4389 2125 4445 dis
2151 4402 2174 4430 ο
2202 4391 2457 4445 fratribus
2483 4393 2655 4447 sancti
2689 4392 2953 4449 Bonifacii
2997 4394 3174 4451 Patris
3211 4405 3266 4452 ct
3303 4400 3636 4467 protectoris

364 4466 505 4523 fectu
530 4466 825 4523 Christiani
850 4468 1033 4539 populi
1076 4468 1193 4523 ﬁeri
1220 4470 1424 4524 debuit.
1450 4470 1563 4526 Tua
1592 4486 1722 4527 vero
1748 4475 1946 4528 sancti-
1979 4488 2024 4546 υ
2051 4481 2244 4545 nostri,
2278 4481 2494 4535 humilis
2522 4480 2683 4537 levita
2730 4483 3016 4550 Alcuinus,
3044 4495 3261 4541 :cterna:
3282 4466 3635 4547 beatitudinis

363 4565 467 4627 tas,
495 4569 687 4631 pastor
711 4561 1042 4632 dignissime,
1064 4577 1282 4633 gregem
1298 4561 1520 4629 Christi,
1552 4571 1657 4620 tua)
1685 4565 1943 4622 sollicitu-

366 4646 475 4704 dini
501 4651 958 4723 commendatum,
985 4652 1133 4706 omni
1164 4667 1293 4706 cura
1320 4668 1419 4722 per
1444 4669 1646 4723 pascua
1672 4664 1944 4727 perpetua

364 4737 488 4796 vitae
515 4740 703 4806 ducat,
733 4749 997 4810 quatenus
1036 4740 1316 4811 multiplici
1346 4742 1583 4812 gaudeas
1626 4758 1941 4800 remanem-

434 4860 461 4933 ξ
499 4846 748 4933 ιζ’φδςη..
774 4852 929 4933 epist.
963 4851 1103 4933 19L.
1219 4832 1297 4933 mi
1490 4932 1494 4933 γ
1911 4828 1940 4857 ί

435 4918 464 4995 li
516 4917 748 4995 Cloriosi
800 4917 1149 4991 imperatoris.
1219 4918 1363 4995 illnc
1409 4932 1559 4995 patet
1618 4937 1945 4995 prtcsentem

366 4988 803 5061 epistolampost
843 4988 1121 5061 acceptam
1153 5008 1183 5046 a
1209 4988 1482 5048 Carolo—in
1509 4988 1686 5049 Natali
1734 4996 1944 5052 Domini

369 5058 493 5113 anni
518 5058 630 5138 8ορ
655 5058 1065 5138 imperatoriam
1080 5062 1427 5138 dignitatem;
1460 5074 1516 5118 et
1536 5066 1772 5138 quidem,
1799 5077 1949 5138 post-

369 5144 527 5204 quam
568 5129 829 5204 Alcuinus
862 5133 930 5185 ab
975 5129 1331 5204 inﬁrmitate,
1357 5149 1464 5203 qua
1511 5129 1573 5190 se
1613 5150 1709 5204 per
1737 5129 1947 5193 Pascha

369 5198 641 5276 amictum
655 5200 819 5255 fuisse
845 5203 1076 5276 asserit,
1093 5203 1338 5259 nonnihil
1360 5198 1662 5274 respiravit,
1691 5207 1947 5276 εει-ἐριθίαι

372 5270 558 5333 fuisse,
588 5270 643 5324 id
669 5279 780 5336 est,
808 5287 952 5325 anno
981 5272 1105 5328 80L

438 5350 463 5377 α
504 5339 1139 5414 οοηυεηέᾳῖςληιιιιιοναηι.
1180 5342 1411 5397 «Fecit,
1447 5360 1681 5414 namque
1723 5345 1950 5402 Carolus

371 5405 593 5487 Βοωῳρ
605 5405 837 5465 πηοεοῦ
856 5431 873 5462 ι
893 5422 1215 5487 conventum
1240 5416 1529 5469 maximum
1550 5405 1946 5487 episcoporum,

369 5491 462 5554 seu
486 5478 888 5554 abbatumheum
915 5480 1271 5554 presbyteris,
1289 5493 1345 5537 et
1364 5478 1696 5549 diaconibus,
1712 5478 1951 5543 etcomi;

373 5548 531 5623 tibus,
566 5565 662 5623 seu
686 5551 893 5622 reliquo
911 5548 1108 5623 popqu
1134 5552 1467 5623 Christiano;
1496 5576 1514 5607 ι
1545 5556 1612 5609 ad
1635 5548 1952 5612 esamiuan-
1994 5576 2007 5591 ο

372 5618 498 5697 dam
534 5621 743 5697 scilicet
789 5618 852 5697 et
891 5618 1292 5697 dijudicandam
1336 5618 1775 5697 causamLeouis
1798 5643 1951 5697 papae

376 5688 439 5743 Ill
458 5698 522 5765 et
551 5690 655 5765 alia
685 5694 893 5765 tamin
931 5688 1158 5765 publicis
1188 5708 1361 5765 Aquam
1388 5695 1765 5751 ecclesiasticis
1794 5688 1953 5752 iulius

376 5758 698 5817 ordinanda.
719 5762 821 5828 Qui
851 5758 1141 5820 conventus
1186 5758 1239 5816 in
1281 5763 1508 5819 alterum
1548 5780 1744 5822 annum
1774 5768 1947 5822 conti-

2044 4570 2098 4624 in
2130 4570 2348 4625 Christo
2371 4571 2628 4626 salutem.

2115 4654 2318 4714 Memor
2345 4661 2665 4718 dulcissimm
2691 4663 2993 4720 dilectionis
3017 4675 3213 4723 vestrae
3236 4709 3252 4733 ,
3290 4684 3397 4740 qua
3426 4687 3512 4727 me
3535 4670 3634 4729 be-

2043 4753 2355 4824 nignissime
2383 4770 2507 4810 cum
2539 4755 2685 4812 omni
2713 4760 2909 4828 gaudio
2954 4760 3082 4817 olim
3132 4761 3153 4802 τ
3182 4764 3498 4835 suscepistis
3530 4782 3543 4819 :
3570 4774 3633 4821 et

2043 4874 2240 4920 nuatus
2266 4865 2384 4933 fuit,
2414 4877 2473 4921 ut
2513 4868 2757 4925 referunt
2794 4870 3033 4927 Annales
3064 4872 3398 4930 Francorum
3438 4874 3629 4935 Loise-

2044 4935 2172 5016 liav‘ii
2185 4947 2259 5016 _et
2279 4937 2367 5016 alii
2397 4940 2533 5016 apud
2560 4940 2840 5016 Bouquet.,
2873 4952 3000 4997 tom.
3028 4943 3071 4999 V
3097 4945 3290 5016 smpius
3320 4946 3557 5005 laudato.

2114 5004 2139 5044 δ
2184 5004 2599 5078 [mitem—epist.
2632 5004 2752 5064 192.
2829 5004 2835 5006 Ἴ
3166 5004 3188 5016 ’
3462 5049 3464 5052 μ

2119 5086 2144 5113 ο
2187 5074 2670 5158 Fratribus-sancti
2699 5081 3432 5158 “Bonifatii._Fuldensihus,
3479 5089 3627 5158 quod

2046 5147 2431 5230 monasterium
2454 5158 2673 5204 sanctus
2698 5147 3008 5230 Denifacius
3017 5151 3290 5221 fundavit;
3316 5147 3629 5230 ibidemque

2046 5222 2169 5320 post
2190 5215 2481 5320 Scripsum
2512 5220 2836 5320 martyrium:
2854 5222 3102 5320 lsepultus
3125 5233 3225 5320 est.

2111 5285 2145 5364 ,τ
2186 5285 2414 5364 Meolim
2443 5285 2760 5364 suscepistis.
2802 5285 3087 5364 Alcuinuln
3129 5294 3418 5363 aliquando
3438 5295 3627 5356 Fuldtu

2049 5350 2218 5426 fuisse
2268 5354 2393 5409 hinc
2437 5350 2652 5426 quidem
2687 5369 2937 5420 constat;
2997 5350 3260 5417 incertum
3309 5350 3626 5424 tamchcm

2048 5422 2307 5509 l'mquitur
2330 5422 2506 5509 utrum
2534 5428 2602 5481 ibi
2617 5430 2852 5509 scholam
2868 5433 3137 5509 aperuerit
3152 5434 3470 5509 litterasque
3489 5422 3629 5509 ipse~

2048 5495 2456 5571 met_docuer_it,_
2486 5507 2644 5571 prem
2677 5495 2975 5571 Tritheniio
3027 5501 3253 5571 aliisque
3298 5495 3472 5562 visum
3504 5495 3623 5564 .est.

2048 5561 2277 5634 Credam
2323 5561 2673 5621 nihilominus
2724 5569 3009 5624 Alcuinum
3056 5572 3132 5626 ibi
3167 5561 3330 5631 'haud
3367 5561 3623 5634 rotiosutii

2050 5630 2234 5709 fuisse,
2285 5643 2340 5709 et
2362 5651 2464 5705 pro
2491 5652 2589 5709 suo
2617 5638 2669 5691 iu
2700 5640 2940 5695 scientiis
2960 5630 3335 5709 promovendis
3388 5630 3623 5709 fervore,

2051 5701 2630 5779 ll‘uldensihu's___saltcm
2677 5711 2878 5779 optima
2912 5701 2979 5765 ad
3004 5713 3177 5768 bonas
3223 5701 3431 5771 litteras
3456 5701 3617 5771 exeo-

2052 5771 2235 5830 lendas
2270 5776 2493 5832 collsilia
2540 5771 2888 5851 suggessissc.
2935 5781 3048 5837 Hoc
3093 5784 3335 5852 profecto
3384 5785 3621 5838 cilicium
