4070 6182
307 260 412 317 385

1713 239 2072 298 EPISTOLIE
2083 281 2096 294 .

382 374 500 430 Misi
554 385 580 413 ι
636 366 937 425 chartulam
1000 364 1272 420 Missalcm
1341 360 1528 424 vobis,
1579 374 1613 413 ο
1665 358 1893 411 sanctis-
1922 354 1970 415 Α
1994 365 2092 414 xu,
2120 348 2217 420 5');
2266 357 2393 402 tunc
2423 362 2551 402 vera
2597 344 2914 418 probabitur
2958 345 3230 411 amicitia,
3280 343 3410 402 dum
3448 345 3587 404 falsa

308 466 437 522 simi
460 459 790 534 presbyteri,
848 465 908 510 nt
937 456 1185 510 habeatis
1210 451 1435 524 singulis
1461 451 1671 514 diebus,
1698 448 1895 517 quibus

308 567 503 628 preces
555 551 670 605 Deo
733 547 967 617 dirigere
1029 543 1252 599 cuilibet
1300 541 1543 612 placeat;
1574 537 1790 608 quando
1836 536 1891 591 in

310 639 575 700 honorem
622 644 826 695 sancta:
885 632 1198 697 Trinitatis;
1249 630 1464 700 quando
1501 629 1568 684 de
1610 641 1796 681 amore
1815 640 1899 682 sa-

313 731 562 806 pientiae;
612 725 916 798 quandode
964 723 1296 794 poenitentiae
1336 720 1627 791 lacrymis;
1684 719 1898 790 quando

312 824 386 882 de
410 820 679 878 charitate
727 815 988 888 perfecta,
1020 815 1104 868 vel
1130 814 1343 883 quando
1365 812 1435 883 ad
1455 810 1709 881 suffragia
1737 826 1901 880 ange-

316 915 421 969 lica
444 909 788 984 postulanda,
819 907 905 962 vel
943 906 1183 961 omnium
1216 912 1526 961 sanctorum
1558 903 1782 958 cuilibet
1806 917 1901 972 po-

316 1005 524 1061 stulare
555 1000 765 1073 placet;
817 997 903 1052 vel
930 998 1094 1052 etiam
1134 997 1179 1050 si
1206 996 1329 1065 quis
1349 1009 1447 1065 pro
1484 994 1723 1063 peccatis
1750 992 1895 1056 suis;

319 1097 403 1154 vel
435 1113 536 1168 pro
560 1094 803 1165 quolibet
836 1091 1011 1146 amico
1037 1092 1279 1156 vivente;
1310 1099 1365 1145 et
1387 1090 1551 1145 etiam
1589 1104 1688 1160 pro
1711 1087 1901 1143 amicis

319 1188 595 1261 plurimis;
637 1184 722 1239 vel
749 1185 916 1239 etiam
964 1183 1224 1237 fratribus
1266 1182 1331 1236 de
1367 1183 1469 1237 hoc
1511 1180 1710 1235 suaequ
1750 1195 1902 1235 rece-

320 1279 577 1335 dentibus
604 1276 783 1331 facere
808 1273 936 1327 velit
977 1273 1281 1335 orationes;
1310 1272 1393 1326 vel
1414 1274 1629 1341 quando
1656 1270 1901 1341 speciali-

320 1381 410 1425 ter
442 1354 617 1424 beata:
675 1365 859 1421 Mariae
906 1363 1181 1435 genitricis
1215 1363 1307 1416 Dci
1361 1362 1582 1431 virginis
1629 1371 1903 1431 perpetua?

321 1456 603 1530 deprecari
622 1454 754 1511 velit
781 1453 1230 1517 intercessiones;
1280 1452 1362 1505 vel
1386 1453 1551 1506 etiam
1574 1450 1901 1506 sanctissimi

322 1548 500 1603 Patris
537 1546 703 1600 vestri
729 1543 987 1599 Bonifacii
1009 1551 1225 1598 cantare
1256 1543 1376 1611 quis
1401 1542 1547 1607 velit,
1589 1550 1645 1597 et
1664 1557 1901 1613 prazsen-

323 1638 457 1693 tiam
482 1637 629 1692 illius
653 1635 952 1706 piissimam
979 1633 1241 1688 advocare
1273 1633 1544 1703 precibus.
1572 1632 1699 1687 Huic
1722 1632 1903 1687 omnia

1994 440 2230 498 cessabit
2265 438 2521 494 adulatio.
2572 438 2719 493 Multi
2766 438 3087 509 promittunt
3119 439 3458 505 societatem,
3487 444 3585 496 sed

1995 531 2150 601 pauci
2190 529 2519 585 custodiunt.
2572 528 2683 584 Nec
2719 529 2957 594 mirum;
3009 527 3137 597 quia
3169 528 3324 582 πηριιὶ
3348 538 3473 583 sunt
3497 545 3589 584 ω-

1996 622 2122 685 eati,
2163 621 2321 691 pauci
2359 635 2475 673 vero
2521 619 2669 673 electi
2698 618 2914 692 (Matth.
2947 634 3041 685 xx,
3071 618 3182 692 16).
3229 618 3335 675 Sed
3363 620 3586 695 quid‘atl

1998 711 2158 767 haec?
2221 710 2422 782 λυθείη
2446 726 2504 765 se
2526 711 2691 765 homo
2726 710 2854 772 Deo,
2910 718 2968 763 et
3004 710 3225 766 habebit
3248 719 3445 767 cuncta
3468 724 3591 782 quae

2000 801 2303 857 necessaria
2331 808 2473 855 sunt.
2503 797 2733 864 Quwrite
2756 801 2983 869 primum
3004 816 3218 870 regnum
3247 800 3345 854 Dei
3365 810 3414 854 et
3435 799 3591 869 iusti.

1999 894 2126 947 tiam
2149 892 2285 961 ejus,
2315 900 2364 943 et
2396 890 2577 942 onmia-
2608 888 2928 959 adficientur
2948 888 3087 942 vobis
3112 888 3327 958 (Matth.
3355 905 3434 953 vr,
3468 886 3586 957 35).

1999 980 2220 1037 Dolores
2245 991 2300 1034 et
2343 978 2720 1033 tribulationes
2752 976 2915 1046 hujus
2939 977 3063 1031 vitae
3099 993 3199 1031 nos
3225 978 3464 1047 quotidie
3491 978 3590 1032 ad-

2001 1083 2221 1131 monent
2250 1075 2359 1128 Deo
2397 1072 2572 1142 jungi,
2607 1080 2820 1126 terrena
2859 1059 3062 1143 fugere,
3112 1072 3351 1126 coelestia
3377 1086 3587 1127 amare.

2003 1164 2109 1220 Sed
2138 1165 2414 1234 heu,proh
2438 1163 2627 1218 dolor!
2663 1164 2747 1217 his
2769 1172 3020 1233 optamus
3050 1163 3284 1217 miseriis
3306 1162 3401 1216 diu
3424 1162 3594 1216 inter-

2003 1270 2144 1320 esse,
2172 1264 2226 1309 et
2253 1254 2432 1308 minus
2468 1261 2781 1323 perpetuam
2822 1252 3115 1321 quaerimus
3170 1252 3456 1322 requiem;
3501 1267 3600 1308 no-

2003 1348 2133 1402 stris
2156 1346 2425 1401 inhiamus
2450 1343 2853 1414 cupiditatibns,
2887 1344 3062 1401 minus
3085 1343 3177 1398 Dei
3206 1346 3493 1415 praeceptis
3517 1347 3599 1398 ill-

2004 1443 2294 1505 hwrcntes,
2325 1439 2417 1509 qui
2447 1448 2670 1509 paterna
2700 1438 2900 1505 pietate
2926 1453 3027 1493 nos
3053 1438 3303 1508 castigat,
3334 1446 3393 1492 ut
3416 1437 3598 1491 animo

2005 1533 2122 1587 haec
2152 1530 2465 1600 temporalia
2491 1528 2761 1600 fugiamus
2785 1570 2798 1591 ,
2850 1537 2907 1584 et
2939 1530 3006 1582 ad
3030 1536 3231 1582 aeterna
3258 1526 3597 1590 festinemus,

2007 1619 2099 1675 ubi
2143 1634 2272 1674 vera
2311 1627 2396 1673 est
2437 1618 2731 1673 beatitudo.
2781 1617 2852 1673 Ut
2879 1621 2945 1673 ad
2989 1619 3130 1672 hanc
3157 1617 3441 1689 pervenire
3480 1631 3598 1672 mo-

323 1727 611 1784 charitatis
655 1704 853 1784 intuitu
878 1725 1028 1781 vobis
1051 1724 1283 1794 dirigere
1333 1724 1661 1787 curavimus,
1715 1723 1905 1792 deprc-
1942 1704 1980 1761 Β
2011 1726 2153 1776 rear.
2203 1708 2314 1765 Deo
2362 1710 2693 1773 miserante.
2745 1716 2835 1763 tua
2867 1725 2953 1764 me
2983 1710 3245 1765 sanctitas
3289 1708 3600 1764 orationum

324 1827 516 1874 cantes
569 1817 927 1872 humilitatem
994 1822 1250 1878 vestram,
1314 1814 1545 1884 benigne
1610 1813 1903 1883 suscip‘bre,

323 1907 473 1979 quod
513 1907 827 1979 plenissima
856 1906 1120 1961 charitate
1174 1905 1327 1959 vobis
1365 1904 1669 1974 dirigimus.
1722 1903 1909 1958 Faciat

326 1998 590 2070 quislibet
622 1997 690 2053 de
714 1998 814 2061 eis,
868 1995 1226 2065 quodcunque
1273 1995 1505 2063 placeat,
1532 2004 1587 2048 et
1618 2011 1684 2048 ne
1717 2010 1803 2048 me
1825 2008 1910 2050 re-

328 2089 631 2159 prehendat
660 2088 712 2142 in
761 2087 1043 2142 charitatis
1077 2084 1269 2139 ollicio.
1326 2084 1706 2155 Unusquisque
1763 2086 1909 2141 enim

332 2184 387 2235 in
411 2195 511 2236 suo
557 2194 719 2234 sensu
748 2179 1004 2241 abundet,
1033 2184 1088 2231 et
1126 2190 1340 2246 semper
1367 2175 1533 2231 faciat
1563 2178 1673 2230 Deo
1694 2176 1908 2246 placita,

330 2282 388 2324 et
433 2269 690 2325 omnibus
726 2270 949 2329 sanctis,
976 2275 1240 2338 quatenus
1265 2282 1388 2320 cum
1412 2266 1517 2321 illis
1538 2275 1792 2338 perpetua
1829 2267 1911 2321 vi-

332 2364 485 2417 sione
532 2359 745 2414 Domini
787 2360 958 2414 nostri
996 2358 1124 2413 Jesu
1176 2358 1375 2412 Christi
1430 2356 1534 2411 frui
1569 2358 1713 2427 digni
1769 2359 1914 2411 inve-

336 2455 518 2508 niautu
528 2470 572 2507 r.
1416 2450 1419 2455 λ

408 2545 508 2600 Mei
535 2557 831 2599 memorem
853 2551 1096 2597 sanetam
1120 2542 1505 2597 beatitudinem
1541 2550 1773 2595 vestram
1811 2542 1914 2594 Do-

337 2638 515 2691 minus
563 2638 708 2692 Deus
745 2636 801 2689 in
841 2634 988 2690 omni
1030 2633 1390 2705 postulatione
1419 2642 1606 2688 sancta
1638 2633 1913 2696 exaudiat,

339 2737 392 2783 et
414 2735 735 2799 prasentem
763 2726 1101 2791 felicitatem,
1146 2724 1493 2794 futuramque
1526 2724 1913 2779 beatitudinem

345 2820 494 2873 vobis
538 2818 849 2874 condonare
894 2817 1165 2886 dignetur,
1200 2815 1538 2870 dilectissimi
1566 2813 1781 2870 fratres.
1822 2814 1920 2868 De-

345 2925 532 2979 precor
558 2918 619 2962 ut
646 2909 801 2963 nobis
831 2922 926 2978 per
966 2906 1175 2961 litteras
1208 2906 1555 2961 beatitudinis
1581 2912 1775 2960 vestra:
1823 2921 1921 2959 no-

346 3010 457 3054 tum
499 3000 729 3064 faciatis,
768 2999 816 3055 si
866 3000 949 3053 b:e
986 2998 1055 3052 ad
1084 3012 1182 3053 vos
1216 2997 1564 3066 pervenerint
1597 2995 1806 3058 litterae,
1862 3003 1968 3066 et;

1944 3048 1992 3112 Ο

343 3093 472 3163 quid
498 3093 694 3148 exinde
716 3100 913 3147 vestra:
964 3091 1174 3161 placeat
1204 3089 1526 3160 prudentiae.
1556 3086 1712 3156 Quod
1740 3101 1921 3142 meum

343 3197 430 3241 est
454 3186 576 3251 feci,
599 3185 882 3242 charitatis
912 3185 1140 3254 impleas
1170 3181 1405 3238 ollicium
1457 3184 1511 3236 in
1539 3195 1722 3236 amore
1747 3189 1803 3235 et
1828 3180 1926 3234 bo-

344 3291 478 3335 nore
498 3277 710 3335 Domini
728 3278 900 3333 nostri
923 3274 1048 3330 Jesu
1082 3276 1307 3330 Christi.

709 3390 866 3462 158
901 3390 929 3430 ι’
966 3387 1300 3444 EPISTOLA
1345 3387 1567 3443 CXLIII.

950 3499 1016 3537 AD
1056 3498 1325 3537 ARNONEH.

738 3627 741 3630 ,
957 3571 1132 3641 (Anno
1165 3570 1314 3642 801.)

344 3663 535 3729 Illam,
562 3672 617 3716 ut
644 3663 714 3717 ad
751 3663 811 3719 S.
863 3661 1152 3717 Martinam
1183 3664 1370 3728 veniat,
1407 3663 1633 3716 invitat:
1675 3662 1744 3716 ad
1785 3660 1931 3716 caele-

646 3736 746 3788 stia
767 3735 988 3804 aspirat,
1014 3745 1061 3786 et
1085 3750 1181 3805 pro
1208 3749 1263 3788 se
1297 3735 1441 3787 arari
1470 3734 1630 3803 cupit.

418 3848 633 3919 Optimo
659 3848 873 3919 pessuli
897 3846 1103 3918 Aquila:
1131 3847 1353 3904 Albinus
1381 3849 1628 3904 salutem.

420 3940 685 3995 Occurrat
711 3938 974 4003 chartula,
1023 3939 1306 3994 charitatis
1343 3939 1553 3995 calamo
1608 3937 1929 4009 conscripta,

350 4040 551 4084 vestra:
583 4029 927 4093 reverentiae,
964 4026 1135 4083 frater
1161 4028 1682 4093 desiderantissime,
1712 4029 1820 4083 tuis
1848 4044 1937 4086 su-

351 4138 583 4177 surrans
606 4122 849 4186 auribus,
876 4130 936 4175 ut
963 4122 1166 4186 venias,
1210 4121 1257 4177 si
1292 4116 1418 4175 ‘ﬁeri
1442 4109 1632 4194 possit,
1660 4121 1728 4177 ad
1751 4120 1935 4176 limina

2007 1797 2278 1869 suffragiis
2320 1796 2551 1865 adjuvet.
2598 1797 2906 1852 Periculum
2952 1812 3133 1851 meum
3174 1798 3324 1861 novi,
3375 1807 3602 1866 peccata

2008 1903 2127 1943 mea
2156 1878 2409 1958 agnosco.
2433 1886 2557 1943 Ideo
2581 1887 2804 1957 supplex
2832 1901 3112 1942 servorum
3139 1885 3341 1942 Christi
3365 1886 3600 1957 deposco

2008 1978 2443 2040 intercessiones,
2495 1983 2554 2030 ut
2598 1977 2705 2030 mei
2765 1976 3146 2030 misereantur.
3196 1974 3334 2044 Spes
3388 1984 3445 2029 et
3473 1990 3626 2030 con--

2009 2069 2204 2139 solatio
2247 2082 2368 2122 mea
2393 2068 2637 2123 omnium
2666 2067 2996 2137 Redemptor
3021 2067 3164 2122 Deus
3203 2067 3472 2133 Christus,
3511 2068 3602 2124 cui

2010 2159 2128 2215 laus
2151 2168 2208 2214 et
2234 2159 2531 2230 gratiarum
2554 2159 2697 2214 actio
2724 2174 2824 2230 pro
2844 2158 3096 2214 omnibus
3122 2158 3297 2224 bonis,
3323 2174 3444 2228 qua:
3465 2148 3600 2215 mihi

2013 2250 2248 2321 gratuita
2283 2250 2486 2319 pietate
2511 2251 2783 2305 concessit
2805 2251 2858 2304 in
2885 2252 2988 2306 hoc
3015 2252 3230 2307 saeculo.

2087 2340 2218 2395 Vive
2252 2339 2363 2393 Deo
2387 2336 2535 2403 felix,
2565 2340 2763 2395 mundo
2792 2355 2915 2394 nam
2944 2341 3127 2397 vivere
3157 2357 3306 2397 mors
3327 2350 3451 2409 est;

2161 2430 2299 2484 Vera
2330 2429 2547 2501 quidem
2575 2439 2660 2485 est
2688 2431 2892 2485 homini
2916 2431 3101 2487 vivere
3124 2433 3236 2487 vita
3264 2432 3396 2490 Deo.

2474 2553 2497 2581 ε
2535 2539 2868 2596 EPISTOLA
2907 2539 3133 2595 CXLIV.

2614 2645 2681 2683 AD
2729 2643 3007 2682 ARNONEM:

2625 2717 2804 2789 (Anno
2842 2716 2994 2788 801.)

2020 2813 2282 2866 Arnonem
2317 2810 2386 2863 ad
2417 2808 2477 2864 S.
2523 2806 2813 2863 Martinam
2840 2807 3011 2861 uidere
3029 2848 3044 2871 ,
3069 2818 3117 2863 et
3142 2825 3259 2862 cum
3285 2807 3376 2864 illo
3405 2810 3471 2865 de
3496 2812 3612 2868 uitta

2088 2897 2200 2934 alue
2238 2880 2526 2952 rationibus
2578 2879 2800 2952 consilia
2839 2879 2973 2932 inire
2998 2877 3282 2944 desiderat,
3323 2891 3605 2952 antequam

2094 2967 2159 3005 ea:
2182 2951 2282 3004 hac
2314 2951 2416 3004 rita
2434 2948 2680 3003 decedere
2706 2957 2944 3019 cogatur.

2094 3040 2540 3096 Dominomerito
2571 3038 2786 3094 amabili
2815 3037 3022 3110 Aquila:
3049 3039 3139 3113 pio
3182 3040 3401 3114 pmuli
3432 3050 3488 3098 et
3515 3056 3615 3111 pa-

2025 3131 2204 3196 cifica,
2231 3130 2459 3185 Albinus
2480 3129 2727 3185 salutem.

2094 3223 2360 3293 Perpetua
2384 3220 2627 3277 charitas
2661 3221 3003 3278 occasionem
3029 3235 3244 3291 semper
3272 3223 3507 3281 inveniet
3531 3235 3622 3279 sa-

2028 3312 2305 3368 lutationis
2327 3312 2396 3367 ad
2416 3311 2673 3377 anticum,
2720 3320 2782 3389 ut
2804 3312 3038 3385 gaudeat
3076 3313 3131 3368 in
3157 3311 3388 3371 lectione
3412 3314 3619 3372 littera-

2029 3420 2149 3459 rum
2175 3404 2389 3460 animus
2417 3398 2609 3467 ﬁdelis,
2639 3403 2728 3459 cui
2751 3419 2858 3459 non
2883 3412 2967 3460 est
2989 3404 3173 3460 datum
3201 3406 3370 3461 tutari
3401 3407 3453 3460 in
3483 3421 3621 3476 prm-

2028 3494 2204 3548 sentia
2232 3492 2532 3549 oculorum.
2584 3491 2693 3548 Sed
2718 3493 2909 3548 melior
2931 3500 3018 3547 est
3056 3493 3230 3549 ﬁdelis
3271 3494 3437 3549 animi
3461 3508 3621 3565 aspe-

2029 3592 2150 3639 ctus
2195 3584 2249 3638 in
2298 3583 2604 3647 charitate,
2660 3583 2807 3635 omni
2853 3581 3048 3635 intuitu
3098 3583 3440 3652 papillarum.
3495 3583 3624 3640 Ideo

2031 3674 2213 3728 animo
2240 3671 2555 3743 spiritaliter
2584 3670 2731 3725 Deus
2776 3670 3141 3739 inspiciendus
3166 3679 3278 3736 est,
3324 3688 3428 3727 non
3451 3672 3623 3739 oculis

2032 3764 2360 3828 carnalibus,
2410 3776 2546 3831 quos
2565 3766 2891 3816 communest
2909 3761 3176 3817 habemus
3193 3777 3317 3831 cum
3355 3763 3625 3820 vermicu-

2035 3855 2137 3911 lis:
2167 3851 2322 3921 cujus
2341 3852 2478 3907 visio
2505 3851 2682 3907 omnis
2700 3859 2784 3907 est
2803 3851 3101 3915 beatitudo.
3130 3868 3251 3922 qua:
3273 3855 3476 3933 sanctis
3500 3870 3626 3925 pru-

2035 3945 2267 4001 mittitur
2294 3944 2348 4001 in
2377 3944 2708 4013 sempiterna
2733 3943 2926 4014 gloria,
2956 3960 2987 3996 a
3014 3959 3121 4012 qua
3145 3943 3405 4006 tolluntur
3446 3945 3621 4015 impii,

2037 4053 2105 4093 ne
2129 4037 2352 4092 videant
2386 4035 2611 4107 gloriam
2644 4034 2765 4091 Dei.
2804 4034 2888 4090 Ad
2917 4035 3056 4090 bane
3096 4042 3369 4104 perpetua:
3392 4033 3627 4090 beatituc

2037 4127 2178 4183 dinis
2203 4126 2468 4182 visionem
2495 4141 2594 4182 nos
2638 4126 2872 4181 invicem
2900 4126 3273 4189 exbortemur,
3303 4124 3432 4194 quia
3458 4125 3626 4195 frater

352 4209 773 4284 beati[.\lartini]
800 4210 977 4265 Patris
1001 4212 1192 4277 nostri,
1219 4211 1646 4282 protectorisque
1670 4212 1859 4275 vestri,
1881 4220 1939 4267 ut
2039 4235 2072 4272 a
2117 4217 2281 4288 fratre
2323 4218 2561 4288 adjutus,
2607 4217 2789 4271 civitas
2814 4226 2889 4271 est
2911 4218 3068 4286 ﬁrnta
3114 4214 3295 4287 (Prov.
3326 4231 3481 4280 xvm,
3511 4213 3622 4287 l9).

357 4316 488 4361 tuus
541 4315 720 4361 tecum
773 4302 1025 4360 familiari
1078 4304 1362 4361 collatione
1419 4302 1688 4378 [Albinus]
1739 4305 1940 4360 sodalis
2044 4307 2271 4380 [Tamen
2321 4309 2366 4363 si
2399 4309 2513 4364 haec
2543 4323 2712 4374 vera,
2758 4324 2879 4379 qua:
2924 4309 3035 4365 dixi
3084 4309 3152 4363 de
3186 4307 3354 4363 animi
3396 4308 3623 4373 visione,

357 4412 524 4469 agere
565 4405 806 4452 extrema
834 4395 1169 4451 salutationis
1195 4397 1360 4452 verba
1394 4395 1604 4451 valeat:
1638 4396 1764 4466 quia
1790 4395 1940 4451 festi-
1969 4410 2021 4471 ι)
2041 4401 2192 4455 valde
2217 4415 2346 4454 vera
2374 4400 2543 4454 videri
2569 4396 2817 4469 debeant]
2840 4398 3111 4467 quoddam
3130 4396 3262 4450 mihi
3286 4395 3625 4467 dispendium

357 4489 614 4548 natbora
652 4486 930 4543 divisionis
963 4487 1108 4541 inter
1141 4484 1358 4553 fratres,
1408 4489 1764 4559 scparationis
1803 4488 1944 4544 inter
2043 4508 2162 4548 esse
2205 4491 2258 4545 in
2288 4490 2531 4545 absentia
2575 4488 2733 4544 faciei
2759 4497 2955 4544 vestrae
2983 4488 3174 4554 video,
3227 4485 3360 4559 [non
3404 4498 3630 4560 propter

358 4580 588 4634 amicos.
629 4577 790 4632 Ennti
816 4577 1013 4631 homini
1058 4578 1115 4631 in
1152 4577 1365 4632 domum
1393 4579 1700 4633 aeternitatis
1724 4594 1854 4643 ante,
1894 4587 1944 4631 et
2044 4583 2224 4654 nigros
2250 4582 2303 4636 in
2328 4582 2503 4652 capite
2544 4581 2783 4653 capillos,
2812 4581 2906 4636 sed
2930 4590 3150 4652 propter
3174 4580 3360 4635 oculos
3383 4581 3631 4638 dulcissi-

360 4671 803 4726 circumeuntibus
827 4671 967 4724 circa
991 4686 1109 4723 eum
1131 4670 1185 4724 in
1204 4670 1377 4741 platea
1396 4670 1754 4742 plangentibus
1770 4671 1941 4744 (Eccl.

434 4797 460 4826 ⁸
502 4783 629 4837 Misi
669 4782 927 4838 cartalam
960 4782 1249 4847 Missalcm,
1277 4791 1383 4839 etc.
1430 4783 1674 4837 Similem
1705 4784 1852 4838 misit
1874 4784 1943 4839 ad

363 4854 658 4922 ωοιιεειιοε
695 4853 1031 4908 Vedastinos.
1063 4852 1185 4907 Vid.
1226 4854 1384 4922 epist.
1414 4851 1502 4906 51.
1524 4850 1727 4907 Auctor
1750 4853 1944 4908 Micro-

364 4921 471 4994 trgi
494 4921 803 4994 dcchcles.
860 4925 1076 4978 observ.
1109 4921 1359 4994 rcap.i640,
1393 4922 1726 4994 t_om._XVlIl
1754 4923 1950 4979 Biblio-

366 4991 543 5049 theae
564 4993 663 5048 SS.
694 4992 913 5047 Patrum
940 5009 1062 5063 pag.
1092 4991 1220 5059 489‘,
1239 4992 1383 5047 Edit.
1401 4991 1672 5063 Lugdun.,
1689 4994 1796 5047 ait:
1821 5013 1839 5045 ι
1864 4995 1949 5047 ΑΙ-

362 5063 588 5117 cuinmn
612 5072 803 5133 rogatu
826 5072 998 5119 sancti
1022 5063 1281 5119 Bonifacii
1309 5063 1699 5132 archiepiscopi
1728 5063 1949 5133 Mogun-

362 5135 470 5187 tini
523 5133 769 5188 missales
801 5137 1074 5189 orationes
1121 5135 1509 5203 composuisse,
1548 5143 1607 5186 nt
1648 5134 1949 5203 presbyteri

362 5204 518 5275 illius
552 5206 1051 5275 temporisknuper
1083 5204 1151 5259 ad
1200 5204 1358 5259 fidem
1395 5204 1667 5275 conversi,
1714 5204 1969 5275 nondum

359 5270 757 5357 ecdesiasticis
778 5270 990 5358 ciliciis
1036 5274 1318 5358 instructi,
1334 5274 1569 5358 nondum
1599 5271 1763 5358 etiam
1790 5270 1952 5326 libro-

362 5360 509 5427 rum.
535 5346 690 5416 copia
737 5344 1083 5428 prnditi,.v'el
1119 5344 1321 5428 aliquid
1373 5344 1653 5407 haberent,
1686 5356 1807 5398 cum
1847 5355 1954 5429 quo

359 5412 613 5485 oﬂctum
653 5429 811 5470 suum
853 5415 1093 5483 qualibet
1129 5416 1216 5469 dte
1240 5423 1459 5485 possent
1503 5414 1739 5485 erplcre.
1773 5432 1791 5464 ι
1848 5411 1953 5466 Sed

2046 4690 2184 4739 mos,
2231 4680 2288 4728 et
2316 4671 2603 4726 amabilem
2631 4670 2915 4727 cbaritatis
2963 4667 3254 4740 loquelam,
3299 4684 3462 4739 quam
3489 4670 3633 4727 inter

2045 4783 2417 4839 exercitatos:
2470 4797 2577 4836 non
2614 4788 2805 4849 rogatu
2849 4779 3022 4849 sancti
3070 4775 3351 4849 Bonifacii,
3398 4792 3637 4849 quocum

2046 4853 2305 4908 Aleuinus
2331 4853 2417 4906 vix
2448 4846 2893 4906 consuetudinem
2926 4848 3146 4910 habuit;
3186 4846 3280 4902 sed
3308 4863 3376 4902 ex
3396 4846 3634 4902 Charita-

2048 4934 2102 4978 te
2118 4938 2245 4994 erga
2268 4921 2463 4976 fratres
2486 4931 2676 4977 sancto
2699 4917 2975 4975 Bonifacio
3013 4916 3330 4981 servientes,
3355 4923 3411 4969 et
3436 4917 3491 4970 in
3533 4917 3633 4972 bu-

2050 4993 2133 5048 ius
2155 4993 2435 5047 honorem.

2042 5009 2578 5116 lusb'lgpgifglf'im.
2629 5059 2773 5115 nun.
2829 5058 3027 5114 lllabill.
3078 5057 3169 5123 tt,
3197 5056 3301 5127 ubi
3330 5052 3639 5127 inscripta:

2052 5132 2260 5202 Optimo
2283 5129 2495 5202 pratuli
2516 5132 2905 5202 euang/clivoque
2935 5128 3162 5202 doctori,
3191 5126 3399 5202 omisso
3420 5126 3636 5202 nomine

2051 5195 2741 5273 proprio:‘Mabillonius'es
2767 5195 3070 5273 conjectura
3100 5199 3165 5251 ad
3191 5195 3637 5273 Liudgerumjli:

2052 5266 2598 5342 litigardefordensem
2652 5266 3194 5342 episcopiumﬁatam
3242 5266 3471 5342 censuit.
3524 5266 3633 5321 Sed

2052 5333 2167 5395 haec
2199 5337 2509 5408 conjectura
2554 5354 2620 5393 ex
2652 5333 2770 5394 cod.
2820 5333 2932 5408 ms.
2972 5333 3168 5408 Salisb.
3218 5336 3516 5408 evertitur,
3551 5350 3639 5408 ex

2055 5425 2163 5481 quo
2191 5410 2279 5465 hic
2298 5403 2640 5481 emendatior
2654 5408 2859 5481 prodit.
2886 5406 3037 5463 Hanc
3057 5406 3341 5478 epistolam
3366 5421 3501 5481 cum_
3517 5403 3640 5461 aliis

361 5486 430 5539 in
458 5484 548 5539 his
567 5477 1441 5554 pluﬁmum'allttcinatur"auctor
1484 5477 1758 5554 praifatus,
1798 5490 1957 5554 prout
2048 5477 2238 5554 jungo,
2270 5480 2322 5534 in
2349 5479 2543 5554 quibus
2561 5477 2769 5545 crebra,
2796 5479 2864 5536 ob
2886 5477 3343 5550 ingravescentem
3366 5477 3640 5544 morbum,

359 5569 450 5637 ex_
475 5553 582 5608 hac
615 5554 845 5637 epistola
875 5554 1224 5637 manifestum
1249 5564 1364 5637 est;
1394 5553 1498 5608 nou
1524 5555 1669 5608 enim
1695 5553 1814 5609 has’
1833 5558 1957 5607 mis-

358 5624 521 5681 sales
539 5624 817 5695 orationes
832 5626 980 5680 misit
1004 5626 1073 5680 ad
1086 5624 1618 5695 presbyterosnnper
1633 5638 1922 5695 conversos
1940 5639 1954 5685 ;

358 5696 473 5751 sed
512 5694 581 5749 ad
611 5694 957 5767 presbyteros
986 5687 1280 5751 monachos
1319 5687 1409 5748 ditt
1436 5694 1489 5747 in
1524 5687 1715 5748 olliciis
1764 5694 1959 5749 divinis

2059 5550 2252 5605 mortis
2276 5550 2533 5605 memoria
2563 5560 2665 5606 est.

2133 5634 2155 5657 ν
2201 5621 2339 5675 Edit.
2368 5619 2566 5674 Mabill.
2598 5620 2684 5683 15,
2713 5619 2945 5677 Froben.
2976 5619 3098 5676 i08.
3138 5616 3404 5688 Integrior
3428 5617 3521 5674 hic
3545 5631 3633 5687 ειν
3682 5642 3689 5645 -

2067 5701 2221 5765 paret
2243 5705 2304 5745 ex
2341 5691 2458 5746 cod.
2485 5689 2683 5746 Salisb.
