4070 6182
497 269 610 330 387

1377 259 1438 314 Β.
1477 258 1538 312 ιε’.
1575 254 1800 312 ALBl‘Nl
1838 253 1967 310 εει]
2006 207 2281 313 ALCUINl
2311 253 2594 312 OPERUM
2629 253 2807 310 PARS
2844 253 2884 309 ι.

3647 250 3758 312 383

500 390 600 440 nos
657 380 888 437 ﬁdeliter
934 373 1136 432 habere
1188 369 1582 426 consuevimus.
1645 366 1760 438 Ego
1817 363 2084 434 siquidem
2111 365 2164 434 Α
2255 360 2506 420 Currenti
2531 360 3042 434 legatione,litterac
3065 360 3418 420 beatitudinis
3465 369 3572 424 tua:
3609 379 3770 422 vene.

499 483 764 532 avocatus
789 471 857 525 ad
887 466 1168 538 palatium,
1203 468 1422 534 prapter
1455 459 1822 514 infirmitatem
1861 471 2085 525 corpus-

499 568 605 625 culi
641 564 746 619 mei
779 560 966 615 venire
1000 569 1232 625 nequeo,
1261 561 1314 607 te
1346 551 1504 622 159
1546 557 1820 620 spectans,
1852 548 1960 604 vita
1992 563 2085 603 co-

499 662 652 722 mite,
679 655 732 709 in
757 654 918 708 domo
958 649 1056 703 Dei
1081 655 1137 702 et
1177 644 1350 700 sancti
1399 639 1655 712 Martini}.
1689 639 1747 696 Si
1775 654 1884 709 quo
1924 639 2084 694 melo

501 748 657 822 [Coit
683 744 853 807 Ioh,
873 740 935 796 Si
962 734 1272 807 aliquando]
1303 733 1627 822 desiderium
1653 731 1756 822 hoc
1779 729 1907 822 mihi
1935 743 2084 784 arua-

499 819 627 898 bile,
657 837 770 890 Deo
800 833 1114 893 miserante,
1139 824 1358 882 evenire
1400 821 1580 878 valeat
1607 819 1676 874 ad
1701 819 1930 874 invicem
1955 831 2084 871 con-

500 924 771 996 templari,
801 930 1090 988 antequam
1137 920 1419 983 rumpatur
1446 911 1568 964 vitta
1601 924 1783 972 aurea,
1809 915 1859 960 et
1906 915 2082 960 cmite-

500 1027 651 1071 ratur
678 1022 790 1068 rota
817 1025 975 1081 super
1002 1009 1198 1078 fontem
1247 1001 1446 1076 (Ercle.
1476 1016 1574 1064 xu,
1597 997 1670 1068 6),
1723 1005 1778 1056 et
1805 1005 1897 1050 eat
1923 997 2084 1050 homo

497 1107 739 1162 exterior
803 1103 855 1156 in
913 1101 1128 1155 domum
1179 1091 1498 1149 internitatis
1543 1104 1653 1146 sua:
1707 1086 2084 1158 plangentibus

495 1199 644 1252 circa
673 1210 796 1249 cum
815 1191 1042 1255 amicis;
1074 1196 1129 1242 et
1156 1185 1377 1256 spiritus
1405 1189 1711 1238 revertatur
1733 1180 1800 1233 ad
1818 1176 2082 1247 judicium

497 1287 660 1350 illius,
686 1284 777 1354 qui
803 1281 945 1336 dedit
975 1296 1092 1333 eum
1118 1275 1316 1348 (Ercle.
1341 1289 1440 1338 xu,
1473 1272 1548 1343 7).
1600 1268 1768 1338 llujus
1787 1283 1922 1324 vero
1938 1266 2085 1336 judi-

493 1377 566 1431 cii
605 1363 811 1430 terrore
859 1378 1002 1424 totus
1030 1365 1389 1423 eontremiseo
1412 1401 1428 1428 ,
1459 1360 1841 1428 stecularisque
1885 1357 2082 1429 negotii

495 1463 740 1534 demsito
763 1474 928 1516 onere
953 1459 1063 1512 Deo
1100 1455 1198 1512 soli
1227 1453 1453 1518 servire,
1495 1452 1622 1507 licet
1648 1451 1802 1521 pigro
1829 1449 1992 1504 corde
2028 1457 2086 1504 et

496 1559 749 1628 iunposito
767 1550 1183 1625 gradu,eligam,
1199 1562 1266 1602 ne
1286 1561 1374 1600 me
1396 1544 1838 1613 minusparatum
1863 1539 1980 1596 dies
1994 1540 2084 1596 illa

493 1665 594 1722 per
615 1645 798 1704 omnia
818 1642 1077 1698 inveniat.
1109 1638 1215 1694 Sed
1245 1637 1354 1692 Deo
1383 1635 1696 1696 miserante,
1739 1632 2084 1722 vitaqueco-

2185 463 2311 507 runt
2330 454 2396 510 ad
2420 469 2528 519 me,
2540 453 2874 510 suavissimae
2888 452 3228 509 salutationis
3253 464 3560 514 asserentes
3576 457 3772 524 verba.

2184 545 2380 614 quibus
2402 544 2525 600 laeto
2562 543 2812 614 perlectis
2833 543 3015 600 animo
3043 552 3172 598 nota
3214 545 3435 616 agnovi,
3465 544 3770 610 desiderata

2185 633 2544 700 consideravi,
2570 634 2694 691 laeta
2715 632 2912 706 [Hab.,
2943 633 3120 706 hctus]
3147 633 3388 704 legebam
3435 633 3490 688 in
3518 636 3769 694 euntibus

2185 727 2350 782 vestri
2375 727 2542 782 animi
2567 727 2964 783 sanctissimam
2989 727 3056 782 de
3089 727 3244 785 nobis
3267 726 3609 784 devo:ionem
3637 731 3771 802 vigi-

2185 815 2317 872 lare.
2371 814 2472 888 [Ad
2519 831 2654 887 quas
2678 817 2855 872 accito
2880 817 3092 870 notario
3119 824 3338 886 propter
3369 817 3768 877 festinationem

2183 907 2462 978 portitoris
2479 923 2650 978 pauca
2675 907 2977 964 rescribere
3001 909 3218 974 curavi;
3257 907 3492 962 maxime
3520 907 3644 978 quia
3668 924 3770 980 per

2183 1000 2482 1056 Candidum
2518 999 2687 1056 ﬁlium
2719 1008 2986 1062 nostrum,
3011 996 3222 1054 ﬁdelem
3247 995 3506 1052 famulum
3529 1008 3768 1056 vestrum
3831 1013 3840 1020 '

2187 1102 2208 1128 ε
2247 1092 2380 1145 duas
2411 1099 2536 1146 ante
2565 1090 2738 1149 direxi
2767 1087 3073 1152 chartulas,
3097 1103 3261 1142 unam
3291 1087 3360 1142 ad
3397 1086 3423 1126 ἀ
3471 1085 3759 1150 Gandolio-

2184 1179 2388 1252 villam,
2415 1179 2574 1234 aliam
2611 1179 2678 1232 ad
2715 1178 2886 1248 Aquis
2913 1176 3204 1248 palatium;
3238 1191 3397 1245 quem
3431 1191 3576 1242 reor,
3606 1178 3770 1232 mise-

2186 1277 2342 1324 rante
2367 1270 2496 1334 Deo,
2528 1277 2580 1324 te
2611 1280 2634 1308 ε
2663 1277 3024 1324 revertentem
3056 1268 3128 1324 ibi
3155 1267 3448 1332 invenisse,
3469 1267 3564 1336 qui
3585 1267 3771 1322 omnia:

2184 1362 2250 1416 de
2271 1360 2426 1416 nobis
2447 1359 2546 1416 tibi
2572 1361 2690 1414 viva
2730 1375 2866 1414 voce
2893 1359 3128 1430 pandere
3153 1359 3347 1430 potuit,
3374 1359 3645 1428 quomodo
3670 1359 3766 1414 Del

2184 1449 2468 1506 clementia
2491 1465 2654 1520 super
2683 1449 3051 1504 inﬁrmitatem
3079 1456 3132 1504 et
3163 1456 3495 1504 senectutem
3523 1456 3767 1504 nostram

2183 1541 2443 1612 respexit,
2472 1549 2528 1596 et
2557 1557 2656 1596 nos
2681 1541 2907 1611 paciﬁee
2930 1555 2960 1594 a
2988 1540 3218 1612 strepitu
3241 1540 3400 1610 hujus
3425 1541 3609 1595 saeculi
3633 1539 3768 1596 libe-

2184 1636 2358 1702 ravit;
2383 1644 2442 1690 ut
2477 1637 2658 1707 quieta
2688 1636 3095 1692 conversatione
3134 1643 3435 1705 spectarem
3473 1635 3615 1692 diem
3662 1649 3765 1690 ex-

493 1713 626 1797 mite
650 1737 874 1794 vulnera
897 1747 1016 1804 quae
1043 1729 1204 1798 hujus
1239 1725 1420 1794 saeculi
1451 1723 1670 1779 miseria
1695 1721 1828 1778 mihi
1853 1719 2080 1776 infelii‘i-
2114 1713 2154 1772 Β
2181 1733 2438 1793 tremum,
2464 1726 2558 1796 qui
2582 1739 2720 1797 pene
2748 1727 2948 1782 nemini
2973 1726 3128 1798 longe
3158 1735 3262 1794 est,
3287 1727 3383 1782 sed
3407 1727 3650 1803 maxime
3689 1728 3766 1786 ti-

495 1843 579 1888 ter
610 1829 903 1890 inﬂixerat,
949 1823 1246 1878 secundum
1288 1815 1513 1876 consilia
1556 1822 1750 1870 vestrae
1783 1811 2082 1868 sanctitatis

494 1919 700 1976 mederi
720 1913 1002 1987 aggrediar
1027 1929 1040 1966 :
1071 1911 1264 1979 hisque
1293 1905 1583 1964 transactis
1617 1905 1760 1962 inter
1783 1917 1883 1956 nos
1905 1901 2082 1957 consi-

491 2011 578 2064 liis
602 2007 771 2082 (quod
795 2005 910 2060 sine
951 2000 1210 2072 lacrymis
1239 2014 1345 2054 non
1373 1996 1518 2067 dico)
1567 1995 1815 2052 ultimum
1843 1993 1963 2048 vale
1989 1993 2082 2050 ﬁat

491 2103 657 2177 [inter
680 2099 929 2168 Aquilam
949 2103 1004 2150 et
1027 2089 1326 2162 Albinum].
1357 2090 1423 2148 Et
1445 2105 1544 2159 ego
1569 2086 1952 2158 perpetualiter
1974 2086 2080 2140 tuis

491 2189 848 2248 samtissimis
875 2185 1255 2240 corroboratus
1274 2179 1518 2238 consiliis
1539 2187 1700 2248 atque
1723 2177 2078 2240 orationibus,

489 2290 742 2352 spectans
781 2276 1035 2346 spectabo
1063 2273 1142 2346 [in
1169 2273 1290 2333 loco
1314 2269 1624 2342 prmiinito],
1673 2267 1884 2340 quando
1911 2284 2080 2322 rever-

490 2379 635 2425 tatur
659 2367 916 2422 Dominus
955 2380 1102 2418 meus
1127 2381 1160 2418 ο
1188 2362 1382 2432 nuptiis
1427 2358 1640 2432 pulsare
1657 2359 1886 2428 januam
1923 2356 2074 2428 (Luc.

489 2475 590 2523 xu,
616 2457 730 2528 36),
781 2471 850 2512 an
879 2454 1159 2511 custodem
1207 2453 1400 2508 domus
1435 2450 1745 2522 vigilantem
1800 2449 2074 2514 inveniat;

488 2548 756 2620 hujusque
803 2544 1051 2600 timendae
1079 2543 1229 2598 horte
1272 2548 1546 2595 momento
1591 2547 1830 2610 peracto,
1869 2538 2076 2592 utinam

487 2647 638 2696 tuam
677 2634 1064 2692 beatitudinem
1095 2638 1317 2702 prepter
1351 2631 1687 2686 necessarias
1717 2645 1814 2700 pro
1838 2629 2077 2700 peccatis

489 2728 624 2785 meis
684 2725 1097 2782 intercessiones
1153 2721 1499 2792 superstitem
1556 2721 1878 2790 relinquam.
1939 2718 2075 2787 Quia

490 2821 623 2880 ﬁdes
648 2819 701 2873 in
726 2816 984 2875 extremis
1017 2813 1296 2885 probatur,
1346 2828 1466 2882 qua:
1489 2826 1627 2883 pene
1655 2827 1778 2866 rara
1805 2810 2077 2866 invenitur

488 2915 544 2970 in
568 2911 898 2970 hominibus.
950 2907 1154 2964 Omnes
1179 2907 1322 2961 enim
1355 2905 1512 2960 valde
1554 2920 1618 2960 ea
1667 2905 1938 2975 indigent,
1981 2905 2075 2960 sed

485 3003 644 3073 pauci
669 3000 869 3056 habere
891 2997 1160 3052 videntur.
1185 2995 1320 3067 [Has
1351 3004 1402 3050 te
1429 3010 1534 3050 non
1563 2995 1743 3066 pigeat
1780 2996 1975 3066 saepius
1999 2995 2076 3050 le-

2180 1819 2406 1874 mendus
2433 1827 2516 1874 est
2544 1818 2596 1873 ei
2623 1818 2710 1873 cui
2751 1834 2916 1888 prope
2945 1833 3065 1873 esse
3095 1819 3408 1888 agnoscitur
3451 1826 3508 1874 et
3536 1817 3652 1886 jam
3703 1819 3764 1875 in

2173 1909 2354 1979 januis
2377 1909 2566 1982 stare.]
2595 1909 2709 1964 Tua
2729 1925 2858 1965 vero
2881 1911 3146 1966 sanctitas
3159 1910 3343 1982 vigilet
3363 1925 3524 1981 super
3539 1927 3763 1984 gregem

2179 2002 2402 2066 Christi,
2428 2017 2494 2056 ne
2523 2001 2720 2071 lupinis
2761 2001 3030 2056 morsibus
3065 2001 3262 2072 aliquis
3309 2001 3506 2073 [Mab.,
3529 2001 3760 2075 aliquid]

2183 2093 2341 2163 160
2371 2091 2510 2147 desit
2534 2093 2720 2162 gratim
2741 2091 2941 2148 Christi
2969 2093 3076 2147 tuis
3098 2091 3352 2161 subjectis
3379 2091 3758 2166 [F.,abieetis]

2178 2185 2634 2240 admonitionibus
2655 2186 2723 2240 ad
2750 2193 2802 2239 te
2831 2185 3145 2254 respiciens,
3167 2186 3293 2255 quia
3322 2186 3551 2255 perditio
3579 2184 3762 2252 cujus-

2177 2277 2308 2333 libet
2331 2278 2526 2332 animm
2547 2278 2778 2348 pastoris
2800 2286 2883 2331 est
2911 2273 3314 2332 detrimentum.
3341 2275 3362 2348 [
3383 2277 3400 2315 ί
3421 2277 3658 2334 Vocatus
3681 2275 3759 2332 l'ui

2177 2368 2244 2422 ad
2279 2368 2552 2423 dominum
2582 2382 2761 2422 meum
2791 2367 2983 2433 David,
3011 2369 3103 2424 sed
3154 2367 3464 2425 inﬁrmitate
3513 2368 3761 2424 tardatus

2178 2476 2283 2516 non
2306 2461 2450 2524 veni,
2474 2475 2570 2515 seu
2591 2467 2646 2514 et
2669 2459 2944 2515 voluntate
2969 2459 3042 2514 fui
3069 2457 3364 2531 detentus]
3394 2459 3488 2513 Ille
3520 2458 3647 2515 felix
3675 2469 3762 2516 est
3838 2492 3848 2500 -

2177 2551 2269 2621 qui
2295 2551 2646 2620 castigatione
2675 2550 2772 2605 Dei
2797 2559 3078 2606 catenatus
3099 2559 3207 2614 est,
3227 2549 3368 2604 etab
3389 2546 3548 2616 hujus
3573 2549 3758 2606 surculi

2181 2642 2407 2697 turbatis
2429 2642 2687 2696 liberatus
2711 2641 2980 2713 procellis.
3006 2640 3118 2698 Nec
3138 2656 3370 2710 unquam
3396 2648 3604 2696 tantum
3619 2641 3756 2697 divi-

2179 2733 2267 2788 tiis
2293 2733 2472 2788 smculi
2498 2733 2860 2790 circumfusus
2889 2733 3137 2798 lmtabar,
3158 2741 3419 2802 quantum
3447 2733 3758 2788 considera.

2178 2824 2320 2880 tione
2347 2827 2530 2896 quieta
2557 2825 2682 2882 vita:
2712 2840 2844 2882 mea:
2863 2827 3078 2896 gavisus
3107 2841 3246 2880 sum.
3277 2823 3439 2895 Opto.
3465 2824 3576 2880 Deo
3597 2823 3756 2879 mise-

2178 2925 2353 2982 rante,
2375 2926 2439 2976 ut
2472 2934 2570 2988 per
2599 2927 2748 2974 tuam
2775 2917 3040 2975 efﬁciatur
3087 2917 3459 2984 dilectionem,
3490 2917 3632 2988 quod
3659 2932 3756 2987 per

2179 3022 2352 3062 meam
2383 3010 2666 3079 segnitiem
2707 3008 2824 3064 ﬁeri
2861 3025 2965 3064 non
3005 3009 3228 3078 poterit,
3255 3009 3308 3064 id
3329 3017 3434 3074 est,
3465 3017 3525 3064 ut
3548 3009 3756 3080 ample-

486 3064 919 3163 gere'litterulas,
966 3097 1102 3155 quas
1134 3064 1387 3156 laerymis
1414 3064 1613 3139 dictavi
1627 3064 1888 3148 chortis;
1941 3099 2072 3154 qua-

2179 3097 2335 3152 xihus
2354 3105 2410 3152 et
2423 3064 2673 3168 alloquiis
2694 3099 2979 3154 eharitatis
2990 3064 3182 3154 vestra:
3195 3064 3356 3154 liceat
3519 3064 3754 3168 aliquam

485 3189 644 3236 tenus
687 3178 742 3233 in
771 3177 1028 3232 memoria
1057 3176 1274 3240 habeas,
1314 3174 1442 3244 quid
1481 3175 1718 3228 maxime
1752 3189 1782 3229 a
1809 3181 1862 3230 te
1891 3189 2072 3230 meum

483 3278 691 3342 spectet
735 3268 1094 3332 desiderium;
1133 3274 1191 3322 et
1216 3265 1362 3338 quod
1388 3265 1478 3318 vix
1501 3266 1774 3320 invenitur
1803 3266 1856 3320 in
1879 3279 2072 3335 quam—

484 3359 746 3434 plurimis,
776 3359 831 3413 in
859 3366 916 3414 te
949 3367 1161 3414 certum
1200 3356 1332 3412 mihi
1361 3356 1564 3410 habere
1608 3362 1866 3426 agnoscat
1890 3355 2069 3410 anima

485 3468 604 3509 mea
641 3453 694 3507 in
723 3451 840 3506 loco
865 3449 1248 3520 prmdestinato
1289 3445 1438 3518 sibi.]
1488 3446 1564 3501 Te
1588 3462 1716 3502 vero
1752 3447 1934 3502 divina
1959 3446 2071 3502 cle-

484 3543 705 3606 mentia,
748 3537 909 3596 Pater
947 3537 1469 3602 desiderantissime,
1521 3537 1688 3591 multo
1733 3545 1975 3608 tempore
2010 3537 2066 3592 in

481 3634 705 3690 servitio
729 3639 932 3688 sanctm
967 3628 1222 3684 Ecclesiae
1253 3635 1308 3682 et
1335 3627 1626 3683 multarum
1669 3627 1912 3698 profectu
1950 3629 2068 3684 ani-

482 3739 693 3779 marum
715 3723 980 3792 prolicere
1003 3719 1186 3784 faciat,
1213 3725 1427 3774 ut~eum
1453 3717 1733 3788 multiplici
1759 3717 1963 3774 laboris
1991 3719 2066 3791 tui

483 3814 660 3868 fructu
691 3811 757 3866 ad
799 3820 1057 3865 aeternam
1100 3808 1444 3864 laudabiliter
1482 3809 1769 3878 pervenire
1807 3811 2067 3865 merearis

481 3903 888 3960 beatitudinem.
903 3900 1102 3956 lterum
1116 3908 1278 3970 atque
1301 3899 1496 3954 iterum
1517 3900 1658 3965 dico,
1673 3909 1731 3955 et
1747 3915 1870 3955 cum
1892 3901 2067 3972 lacry-

481 3994 585 4048 mis
609 3992 750 4056 ilico,
796 3987 900 4046 mei
927 4005 1135 4046 menter
1154 3998 1292 4045 esto.
1335 3988 1690 4061 Omnipotens
1717 3991 1860 4046 Deus
1885 3999 1940 4046 te
1972 4007 2064 4047 cu-

479 4083 677 4140 stodiat
696 4091 752 4137 et
793 4081 846 4136 in
872 4081 1019 4136 omni
1054 4081 1291 4136 bonitate
1315 4079 1509 4134 ﬂorere
1533 4081 1816 4146 concedat,
1861 4081 2032 4138 dulcis
2049 4111 2062 4122 ο

479 4176 614 4230 sime
641 4183 698 4230 et
718 4173 956 4230 omnium
978 4171 1326 4226 dilectissime
1350 4171 1565 4242 pra-sul.

939 4281 969 4320 δ
1017 4279 1348 4335 EPISTOLA
1389 4277 1594 4336 CXLV.

839 4366 908 4406 λι)
933 4365 1178 4405 Αιῑεοκειι
1215 4365 1684 4407 Αιιοιιιειιιδοορυα.

1073 4421 1252 4492 (Anno
1279 4419 1430 4492 801.)

476 4492 824 4567 Ερὶειοζω-αιζ
843 4508 898 4567 se
919 4489 1092 4567 misere
1113 4489 1418 4567 respondet.
1432 4489 1636 4567 Rursus
1654 4493 1932 4567 prasentia
1957 4495 2057 4567 Αν-

545 4565 696 4618 nonia
716 4563 823 4633 frui
843 4560 1127 4626 desiderat,
1153 4559 1429 4632 impeditus
1464 4560 1572 4632 ipse
1611 4559 1781 4617 venire
1812 4563 1882 4619 ad
1909 4563 2056 4634 pala-

544 4719 770 4774 Domino
799 4717 992 4774 merito
1022 4718 1078 4773 in
1119 4717 1378 4772 membris
1421 4715 1624 4774 Christi
1679 4723 2052 4778 amantissimo

473 4807 707 4882 [Aquilae
737 4805 1161 4878 archiepiscopo]
1189 4805 1416 4862 Albinus
1444 4809 1848 4866 matricularius
1875 4814 2049 4868 sancti

471 4899 685 4956 Martini
715 4898 1097 4970 sempiternam
1133 4896 1384 4952 salutem.

538 5070 564 5100 I
611 5055 836 5112 Vocatus
883 5055 952 5108 ad
997 5053 1252 5125 palatium
1293 5064 1500 5125 propter
1541 5055 1891 5124 inﬁrmitates,
1936 5066 2044 5114 etc.

469 5127 587 5198 Yid.
609 5127 773 5198 epist.
799 5125 901 5198 lS-i
929 5124 1005 5198 ad;
1037 5124 1300 5198 Carolum'
1326 5125 1487 5198 paulg
1531 5135 1658 5180 ante
1693 5125 2041 5198 descriptam.

469 5193 682 5268 Scripta
709 5205 792 5251 est
819 5193 1074 5268 epistola],
1103 5197 1227 5268 dum
1258 5193 1406 5268 nunc
1443 5193 1613 5249 Roma
1654 5197 1857 5251 rediret
1875 5193 2046 5253 'anno

465 5264 748 5324 80l.‘Vide
776 5264 1246 5337 etiamepistolam
1277 5264 1366 5318 hic
1393 5273 1724 5337 sequentem.

539 5337 568 5422 lt
607 5335 978 5422 Edit.M_abill.
1000 5334 1528 5422 ξυλῖφιιιξμηιρθ).
1563 5335 1662 5392 llic
1706 5353 1836 5392 vero
1871 5338 2044 5410 magis

467 5405 674 5480 integra
701 5407 882 5478 prodit
903 5420 968 5461 ex
995 5401 1120 5460 cod.’
1145 5419 1245 5462 ms.
1277 5401 1514 5488 Salisbf.
1733 5475 1748 5488 .
1915 5401 1988 5489 κ’

469 5545 482 5547 _
537 5488 560 5515 ο
601 5477 839 5532 Duas....
893 5475 1180 5547 chartulas.
1225 5474 1380 5547 Duas
1435 5489 1677 5547 priores,
1733 5478 2041 5534 immediate

468 5545 609 5616 hanc
633 5548 1000 5616 praecedentes
1020 5544 1300 5616 fortassis?

531 5614 559 5686 tl
598 5613 679 5686 {id
705 5614 1165 5686 Candalforillam.
1194 5615 1324 5670 Rev.
1351 5623 1543 5686 auctor
1564 5615 1843 5686 Prodromi
1867 5613 2038 5686 Chro-

465 5683 568 5742 nicl
590 5683 992 5753 Gottvv'ieensis,
1021 5693 1162 5752 part.
1193 5700 1253 5746 η,
1277 5699 1330 5752 p.
1357 5685 1480 5751 819,
1503 5683 1804 5758 Cundulplri
1835 5683 2032 5756 rillam,

2085 4417 2138 4479 ο

2177 3188 2365 3244 horam
2391 3187 2614 3258 perfrui.
2642 3187 2758 3245 Non
2785 3197 2868 3244 est
2890 3189 3190 3260 episcopus,
3217 3189 3368 3258 cujus
3396 3188 3565 3260 magis
3595 3188 3756 3247 velim

2172 3280 2462 3348 praesentia
2512 3280 2612 3345 uti,
2657 3279 2952 3335 secundum
3001 3279 3096 3335 Dei
3135 3280 3555 3346 miserationem,
3585 3295 3753 3350 quam

2170 3379 2372 3425 vestra.
2403 3369 2555 3437 Quod
2583 3379 2643 3426 ut
2670 3371 2792 3436 ﬁat,
2824 3371 2910 3426 ille
2940 3369 3158 3437 efﬁciat,
3185 3371 3284 3442 qui
3304 3373 3384 3428 ait
3425 3389 3438 3424 :
3490 3369 3591 3424 Ubi
3625 3381 3752 3424 sunt

2170 3461 2274 3515 duo
2296 3460 2374 3516 rel
2393 3462 2497 3515 tres
2521 3461 2820 3532 congregati
2840 3462 2894 3516 in
2920 3462 3126 3516 nomine
3154 3459 3288 3526 meo,
3316 3461 3392 3515 ibi
3415 3477 3529 3515 sum
3564 3462 3620 3515 in
3651 3477 3752 3514 mc-

2168 3552 2254 3606 dio
2275 3549 2456 3606 eorum
2495 3551 2710 3623 (Matth.
2747 3569 2900 3617 xvtn,
2927 3553 3038 3627 20).
3094 3551 3394 3608 Periculum
3445 3562 3530 3607 est
3573 3552 3751 3622 fragili

2167 3642 2423 3697 animoin
2444 3643 2603 3714 hujus
2628 3644 2808 3700 surculi
2832 3659 3146 3715 permanere
3167 3639 3500 3712 tempestate.
3530 3642 3746 3698 Martha

2167 3723 2516 3791 ministrabat
2541 3735 2778 3802 Christo,
2799 3739 2891 3792 sed
2919 3746 3100 3794 tamen
3132 3736 3276 3792 circa
3310 3735 3542 3806 plurima
3581 3751 3752 3790 oceu-

2164 3834 2314 3896 pata,
2338 3827 2566 3882 Domino
2591 3827 2824 3893 dicente,
2855 3827 3053 3899 legitur
3071 3843 3192 3884 esse
3221 3846 3236 3882 :
3268 3823 3444 3883 Maria
3465 3843 3584 3882 vero
3608 3829 3750 3896 opti-

2164 3933 2304 3970 mam
2331 3927 2530 3988 partem
2551 3916 2720 3989 elegit,
2747 3935 2863 3990 quin
2895 3935 2996 3974 non
3019 3918 3291 3988 auferetur
3315 3918 3378 3973 ab
3418 3934 3480 3973 ea
3515 3918 3572 3972 in
3598 3933 3750 3972 auer-

2165 4027 2289 4064 num
2326 4009 2480 4083 (Luc.
2507 4028 2558 4073 x,
2588 4011 2680 4076 40,
2704 4005 2817 4085 ΖΞ).

2235 4095 2316 4170 [Si
2345 4099 2516 4170 placet
2556 4099 2689 4165 Deo,
2721 4109 2782 4154 ut
2817 4101 3002 4156 venias
3047 4102 3116 4156 ad
3174 4101 3360 4156 limina
3407 4099 3467 4156 S.
3527 4099 3743 4156 Martini

2163 4191 2387 4246 multum
2418 4191 2690 4257 desidero,
2719 4201 2845 4262 opto
2874 4203 3033 4264 atque
3063 4193 3341 4262 deprecor.
3393 4191 3488 4246 Sin
3531 4202 3742 4272 autem,

2158 4281 2242 4336 vel
2273 4281 2466 4336 litterae
2491 4291 2686 4336 vestra:
2717 4283 2936 4336 veniant
2958 4282 3240 4352 loquentes
3277 4283 3332 4338 in
3379 4298 3538 4338 aures
3559 4282 3740 4338 Albini

2163 4369 2259 4432 tui,
2285 4369 2362 4423 uti
2388 4385 2487 4440 per
2513 4371 2833 4442 portitorem
2877 4369 3090 4426 illarum
3136 4372 3434 4444 longiorem
3478 4371 3741 4427 chartula:

2162 4459 2356 4514 seriem
2377 4461 2530 4514 vobis
2553 4461 2786 4532 dirigere
2813 4461 3066 4536 valeam.]
3112 4463 3350 4520 Mirabar
3396 4464 3448 4518 in
3500 4463 3738 4534 quadam

2158 4547 2402 4603 chartula
2441 4549 2742 4606 dilectionis
2784 4559 2978 4608 vestra:
3027 4553 3296 4624 quoddam
3321 4553 3563 4618 verbum,
3588 4553 3738 4623 quod

2157 4639 2230 4695 ibi
2275 4639 2516 4712 legebam
2563 4641 2616 4697 in
2646 4659 2749 4710 eo;
2803 4643 2892 4698 ubi
2921 4652 3046 4716 post
3077 4653 3443 4715 competentes
3472 4651 3529 4700 et
3553 4643 3738 4700 animo

2155 4747 2278 4787 meo
2299 4733 2681 4790 desiderabiles
2705 4750 2896 4790 sensus
2923 4735 3128 4801 dixisti,
3153 4736 3296 4805 quod
3329 4742 3550 4806 propter
3572 4750 3737 4790 occu-

2152 4825 2396 4892 pationes
2422 4825 2494 4878 nil
2521 4825 2654 4882 mihi
2685 4825 3052 4882 transmittere
3079 4826 3348 4896 potuisses
3395 4823 3731 4891 munusculi;

2152 4914 2304 4986 quasi
2333 4915 2386 4970 in
2409 4931 2542 4972 auro
2577 4915 2662 4972 vel
2687 4925 2912 4988 argento
2945 4915 3187 4972 charitas
3215 4926 3400 4972 nostra
3434 4915 3740 4986 consistat;

2150 5084 2245 5141 seu
2275 5067 2729 5141 Gundum-t't'llam
2771 5087 2840 5141 ex
2873 5069 3054 5141 blinno
3082 5069 3152 5141 ad
3191 5085 3384 5141 pagum
3419 5069 3732 5128 Tullensem

2148 5139 2334 5202 refert,
2357 5149 2410 5194 et
2437 5139 2504 5195 de
2525 5140 2857 5196 Goudreville
2891 5142 2959 5197 ad
2987 5139 3465 5211 Mosellam'prope
3510 5141 3730 5198 Tullum

2148 5211 2564 5280 interpretatur;
2623 5211 2870 5278 quamvis
2915 5211 3299 5269 celeberrimus
3360 5211 3608 5268 Valesius
3669 5213 3725 5268 in

2145 5277 2268 5334 Not.
2300 5280 2616 5339 Galliarum,
2642 5295 2694 5339 υ.
2726 5281 2852 5339 259.
2877 5280 2928 5334 id
2953 5281 3020 5338 de
3045 5279 3357 5338 (ἐοίκασι-οων
3379 5283 3434 5336 in
3463 5296 3498 5339 ι)
3517 5297 3606 5339 eno
3631 5282 3724 5339 Va-

2145 5295 2268 5334 tv0t.
2300 5295 2616 5343 nautarum,
2642 5295 2694 5348 p.
2726 5295 2852 5344 non,
2877 5295 2928 5334 ta
2953 5295 3020 5338 oe
3045 5295 3357 5338 bonaecour
3379 5298 3434 5336 in
3462 5296 3498 5352 p
3517 5297 3606 5353 ego
3634 5295 3724 5339 Va-

2144 5351 2325 5404 brensi
2354 5363 2521 5419 prope
2539 5347 2789 5419 Con/laus
2813 5350 3069 5406 declaret.

2219 5431 2243 5458 ο
2269 5418 2651 5491 Revertentem,
2680 5418 2870 5486 Roma,
2889 5431 3038 5491 puto,
3067 5435 3165 5490 per
3179 5420 3632 5481 Gtutdolfuvillam
3651 5422 3727 5480 ad

2135 5486 2328 5557 Aquis
2339 5487 2616 5556 palatium.

2212 5553 2237 5638 ξε
2263 5553 2516 5638 iocatus
2553 5559 2632 5628 [ui
2681 5559 2748 5614 ad
2797 5560 3066 5618 dominum
3115 5579 3288 5618 meum
3345 5563 3538 5620 David.
3595 5563 3724 5621 Vid-

2136 5635 2296 5698 epist.
2320 5635 2578 5696 priorem.
