4070 6182
370 274 476 330 589

367 386 497 440 dum
537 393 686 440 tanta
716 393 823 450 est,
847 391 906 439 ut
934 400 1060 440 vere
1086 384 1282 451 fateor,
1311 388 1363 443 in
1412 391 1594 447 animo
1626 405 1747 446 meo

364 472 533 525 etiam
551 509 568 535 ,
601 479 663 525 ut
687 470 885 535 credo,
916 479 971 524 et
1000 470 1054 525 in
1081 479 1173 526 tuo
1203 490 1216 526 :
1248 482 1306 527 ut
1331 474 1383 528 in
1410 476 1813 544 comparatione
1833 474 1950 543 ejus

366 560 654 617 charitatis
678 560 857 615 omnis
884 561 1193 617 divitiarum
1223 565 1429 634 species
1454 567 1696 621 vilescat.
1732 567 1824 621 Illa
1865 578 1949 623 est

365 667 518 715 vera,
540 652 609 706 de
635 666 743 720 qua
775 652 934 706 modo
957 653 1242 723 scripsisti,
1268 656 1504 723 pericula
1528 654 1806 711 ﬂuminum
1842 675 1945 713 non

362 742 572 807 subire,
586 742 653 797 de
671 743 869 811 quibus
895 743 1124 799 dicitur:
1150 744 1400 800 Flumina
1422 746 1585 801 multa
1606 766 1712 805 non
1732 751 1945 806 obruent

362 833 677 887 charitatem
702 831 878 902 (Cant.
902 835 1114 908 vm,7).
1143 836 1267 890 Haec
1294 836 1473 907 vigeat
1504 838 1556 892 in
1576 840 1826 895 cordibus
1852 857 1949 895 no-

361 923 517 988 stris,
541 937 651 977 non
688 938 825 977 vana
852 925 972 977 auri
998 923 1081 978 vel
1114 925 1324 996 argenti
1355 926 1562 996 species
1607 944 1620 980 :
1676 943 1795 997 quae
1839 944 1944 984 non

360 1022 595 1082 prosunt
627 1013 1034 1083 possidentilus
1057 1014 1169 1080 illa,
1198 1014 1291 1069 sed
1321 1016 1494 1087 magis
1522 1017 1812 1081 obsistunt,
1843 1019 1944 1075 nisi

360 1104 446 1158 eis
465 1104 555 1173 qui
582 1103 671 1157 illa
686 1105 762 1158 uti
786 1104 853 1160 ad
880 1104 1105 1160 salutem
1132 1107 1326 1162 animae
1348 1124 1458 1164 suae
1488 1108 1540 1162 in
1571 1108 1945 1181 largitionibus

359 1210 661 1265 pauperum
695 1195 983 1252 didicerint
1029 1206 1086 1253 et
1119 1212 1280 1267 Opere
1300 1187 1646 1269 pel-fecerint.
1682 1201 1941 1273 Omnipo-

365 1294 486 1339 tens
513 1285 655 1340 Deus
673 1287 1014 1342 sanctitatem
1044 1294 1191 1342 tuam
1223 1289 1291 1343 ad
1322 1290 1611 1345 multorum
1650 1275 1942 1362 profectio-

361 1387 487 1431 nem
513 1374 687 1430 salute
713 1384 995 1447 perpetua,
1017 1377 1392 1434 benedictione
1435 1379 1575 1436 felici
1622 1382 1939 1438 incolumem

358 1475 643 1537 protegere
682 1476 737 1521 et
780 1467 1052 1524 custodire
1080 1469 1349 1540 dignetur,
1375 1471 1592 1529 domine
1620 1473 1780 1528 Pater
1807 1475 1940 1530 dile-

355 1545 602 1610 Ctissime
646 1564 700 1610 et
724 1556 1243 1623 desiderantissime,
1271 1568 1431 1631 atque
1476 1562 1679 1617 honore
1724 1564 1779 1618 in
1829 1564 1939 1621 Deo

356 1643 694 1715 dignissime.
827 1694 830 1695 ν
910 1664 917 1675 ·
1580 1648 1588 1663 ⁸

818 1776 846 1806 ι
883 1764 1215 1822 EPISTOLA
1250 1767 1474 1825 CXLVI.

462 1870 532 1908 ΔΙ)
569 1869 815 1911 ARNONEI
854 1873 1305 1915 ARCBIEPISCOPUII
1343 1876 1825 1920 SALISBURGENSEII.

958 1948 1138 2020 (Anno
1161 1950 1312 2024 802.)

350 2059 819 2140 Signiﬁcat_suum
855 2077 979 2140 erga
1004 2062 1264 2118 Arnonem
1291 2066 1557 2140 a/ftjctum.
1599 2070 1681 2123 Ad
1710 2073 1931 2140 qutrsita

426 2132 737 2211 respondere
755 2133 949 2202 partim
975 2143 1190 2211 recusat
1206 2175 1223 2199 ,
1255 2132 1447 2211 partim
1472 2132 1746 2207 promittit.
1776 2139 1932 2211 Regis

423 2201 645 2263 iustitia!
691 2201 922 2255 amorem
968 2201 1151 2256 laudat
1190 2222 1209 2258 :
1249 2201 1607 2261 ministrorum
1655 2201 1931 2266 avaritiam

422 2272 612 2345 carpit.
643 2271 805 2345 {littit
839 2288 957 2345 cum
996 2275 1297 2345 muneribus
1330 2278 1636 2345 opusculum
1662 2280 1717 2334 in
1751 2280 1933 2335 Eccle-

419 2340 618 2395 siasten
641 2340 941 2395 Salomonis
962 2342 1030 2395 ad
1052 2340 1470 2400 describendum.

422 2469 893 2529 Reverendissimo
917 2472 1062 2528 Patri
1095 2473 1299 2544 Aquila:
1327 2479 1730 2553 archiepiscopo
1755 2484 1932 2539 humi-

348 2559 418 2616 lis
442 2561 843 2618 matricularius
864 2561 1093 2620 Albinus
1119 2566 1365 2624 salutem.
1810 2624 1825 2640 ,

421 2651 574 2709 Nono
612 2653 729 2709 Kal.
769 2652 913 2710 Junii
957 2657 1090 2713 hora
1137 2662 1295 2716 tertia
1350 2663 1696 2720 beatitudinis
1739 2675 1931 2723 vestra:

348 2744 549 2800 missus
576 2745 642 2799 ad
672 2761 771 2800 nos
799 2749 1067 2816 pervenit,
1094 2750 1330 2820 horaque
1356 2769 1498 2809 nona
1545 2753 1784 2823 ejusdem
1823 2757 1930 2813 diei

350 2835 660 2891 necessario
698 2850 757 2890 se
795 2852 1138 2894 reversurum
1164 2842 1429 2910 pendisit.
1477 2842 1831 2914 Quapropter,
1875 2847 1929 2902 in
1982 2894 1993 2904 ,

352 2933 462 2979 tam
490 2934 721 2997 angusto
752 2929 1005 2998 temporis
1042 2930 1272 3009 articulo
1318 2947 1404 2987 me
1452 2935 1778 3001 constituto,
1823 2938 1928 2992 alia

351 3014 554 3070 dictare
576 3033 683 3071 non
707 3018 878 3088 potui,
895 3018 999 3074 nisi
1027 3020 1230 3091 gratias
1256 3023 1624 3079 tantummodo
1646 3039 1805 3096 agere
1831 3042 1928 3096 pro

1821 277 2198 336 EPlSTOlJE.

1799 408 1811 443 :
1860 390 1942 444 vel
1973 394 2018 452 Α
2049 390 2241 447 tiones.
2283 392 2387 448 Sed
2413 395 2551 458 heu,
2579 396 2714 465 prob
2751 396 2932 454 dolor!
2989 399 3142 454 multi
3181 409 3310 457 sunt
3356 417 3629 466 amatores

3522 299 3628 354 ιω

2049 480 2208 548 hujus
2238 482 2589 552 deceptionis,
2619 493 2675 541 et
2717 488 2874 556 pauci
2923 490 3157 545 cultores
3189 507 3441 549 verarum
3487 498 3627 555 divi-

2050 573 2243 626 tiarum
2292 574 2379 644 (ΙΙ
2405 574 2539 628 Tim.
2569 593 2650 641 ιιι,
2674 577 2737 648 4)
2756 618 2772 641 ,
2797 579 3007 634 dicente
3038 582 3151 651 ipsa
3178 584 3437 649 Veritate,
3469 586 3627 645 Multi

2048 670 2167 715 sunt
2209 664 2405 727 vocati,
2442 667 2596 734 pauci
2626 682 2744 722 vero
2786 667 2935 722 electi
2984 670 3199 741 (Matth.
3234 690 3326 739 xx,
3360 675 3465 747 l6).
3518 677 3628 735 Sed

2048 751 2192 805 inter
2232 769 2430 822 paucos
2469 758 2860 814 contendamus
2898 773 3037 825 esse,
3061 770 3119 816 ut
3164 764 3305 821 inter
3329 767 3623 825 electorum

2049 858 2332 897 numerum
2362 861 2668 900 mereamur
2704 849 2996 921 deputari.]

2117 931 2193 986 De
2223 935 2479 988 canonica
2503 936 2611 990 vita
2637 945 2693 990 et
2718 938 2950 1007 regulari
2979 939 3327 1005 institutione,
3353 946 3480 1014 quid
3498 962 3622 1005 mea

2046 1023 2259 1095 ignavia
2288 1025 2549 1093 scribere,
2579 1028 2662 1083 vel
2694 1037 2874 1083 vestra
2900 1032 3181 1099 occupatio
3216 1033 3435 1103 implere
3466 1048 3622 1106 pote-

2046 1114 2148 1169 rit?
2200 1116 2282 1170 vel
2322 1118 2449 1186 quid
2478 1120 2680 1173 sanctis
2707 1121 3004 1176 canonibus
3026 1124 3247 1189 addere,
3275 1126 3358 1178 vel
3389 1128 3623 1198 regulari

2045 1206 2353 1263 discretioni
2380 1224 2497 1264 mea
2519 1209 2716 1265 sufﬁcit
2745 1212 3035 1279 inperitia,
3058 1213 3143 1268 vel
3182 1222 3232 1269 te
3272 1215 3395 1269 inde
3439 1219 3624 1273 admo-

2044 1311 2196 1362 nere,
2224 1300 2366 1353 unde
2386 1300 2453 1353 ab
2484 1298 2707 1353 infantia
2733 1301 2975 1357 eruditus
2996 1300 3179 1357 fuisti?
3202 1304 3297 1358 Vel
3329 1306 3457 1373 quid
3485 1308 3626 1363 scire

2042 1386 2186 1442 valet
2204 1388 2269 1442 de
2279 1387 2482 1457 judicio
2496 1390 2737 1444 saeculari
2759 1407 2877 1446 mea
2897 1393 3162 1457 socordia,
3187 1394 3328 1449 inter
3345 1412 3465 1464 quae
3487 1414 3624 1455 nun-

2041 1494 2204 1546 quam
2231 1479 2345 1533 ﬁeri
2392 1480 2568 1534 volui?
2617 1490 2796 1536 mmet.-
2844 1482 3053 1537 si-mea
3096 1483 3365 1555 diligentia
3419 1487 3621 1557 aliquid

2041 1571 2164 1625 inde
2194 1587 2487 1642 agnoscere
2514 1573 2734 1642 poterit,
2763 1574 2888 1629 dum
2915 1583 3097 1631 certus
3126 1575 3291 1629 sciam
3318 1578 3445 1647 quid
3475 1596 3621 1650 quae.

2041 1674 2131 1713 ras
2167 1660 2378 1718 exinde.
2414 1662 2592 1730 segnis
2622 1678 2726 1717 non
2757 1678 2849 1717 ero
2878 1665 3003 1733 quid
3037 1665 3264 1719 sentiam
3311 1671 3616 1726 ostendere.

1965 1733 2011 1795 Β
2043 1766 2064 1793 ε
2098 1755 2172 1808 De
2192 1755 2467 1810 catholicae
2494 1756 2615 1811 ﬁdei
2641 1772 2770 1812 vero
2794 1759 3002 1814 ratione
3027 1767 3269 1830 tempore
3297 1773 3615 1832 opportuno,

2036 1844 2216 1899 divino
2238 1846 2532 1915 inspirante
2557 1846 2785 1916 Spiritu,
2807 1863 2914 1902 non
2937 1864 3022 1904 me
3044 1851 3249 1919 abnego
3270 1852 3470 1921 aliquid
3495 1856 3618 1909 inde

2035 1935 2378 1991 considerare
2403 1939 2694 1992 secundum
2724 1939 3112 1995 catholicorum
3141 1944 3340 2012 scripta
3365 1944 3608 2011 Patrum,

2035 2029 2197 2095 atque
2219 2027 2285 2080 ad
2301 2036 2493 2080 vestra:
2513 2037 2859 2097 augmentum
2879 2031 3180 2087 sanctitatis
3204 2034 3566 2090 transcribere
3597 2054 3612 2095 :

2034 2117 2178 2185 quod
2205 2117 2360 2172 valde
2389 2118 2755 2173 necessarium
2785 2120 2967 2175 multis
2996 2122 3168 2187 video,
3199 2126 3289 2194 qui
3312 2127 3485 2196 magis
3513 2144 3616 2182 sm-

2034 2207 2234 2261 cularia
2267 2217 2512 2277 quzerunt
2539 2225 2699 2278 quam
2746 2211 3072 2279 spiritualia,
3096 2215 3399 2270 nescientes
3443 2218 3608 2285 quod,

2034 2299 2328 2356 Secundum
2356 2298 2600 2369 Apostoli
2638 2300 2860 2364 dictum,
2890 2302 3208 2369 impossibile
3233 2314 3309 2358 est
3356 2306 3468 2360 sine
3505 2307 3611 2376 fine

2032 2387 2141 2442 Deo
2171 2387 2379 2458 placere
2419 2388 2605 2459 (Hebr.
2638 2405 2722 2453 si,
2747 2388 2822 2459 6).
2854 2389 2969 2460 (De
2992 2392 3328 2448 orationibus
3353 2407 3491 2448 vero
3512 2411 3614 2464 pro

2032 2478 2186 2532 vobis
2210 2478 2511 2533 nullatenus
2540 2493 2657 2532 mea
2687 2494 2839 2533 mens
2862 2480 3104 2536 oblivisci
3138 2491 3338 2552 potest,
3360 2484 3453 2539 sed
3476 2500 3617 2554 qua-

2033 2568 2156 2621 dam
2188 2568 2341 2622 suavi
2372 2569 2744 2623 recordatione
2781 2569 2835 2622 in
2873 2580 3162 2640 conspectu
3210 2572 3304 2627 Dei
3343 2583 3451 2628 tuae
3482 2576 3613 2629 bea-

2033 2657 2277 2713 titudinis
2317 2674 2512 2713 nomen
2558 2660 2711 2714 cordi
2749 2676 2870 2715 meo
2913 2661 3137 2715 inﬁxum
3168 2664 3615 2726 teneo,maxime

2030 2756 2156 2803 ante
2178 2747 2483 2817 sepulcrum
2508 2747 2833 2803 confessoris
2871 2749 3072 2804 Christi
3102 2760 3265 2819 atque
3293 2751 3613 2809 intercesso-

2030 2838 2108 2894 ris
2147 2840 2312 2893 vestri
2365 2840 2507 2894 beati
2549 2840 2786 2907 Martini,
2810 2841 2952 2896 inter
2986 2841 3360 2912 sacrificioque
3392 2853 3610 2900 sancto-

2029 2943 2150 2982 rum
2174 2928 2376 2983 Christi
2403 2931 2744 2985 sacerdotum
2767 2930 2895 2987 illud
2921 2931 3160 2986 scribere
3185 2930 3332 3004 feci].
3363 2933 3439 2988 De
3458 2944 3604 2991 statu

2029 3033 2160 3073 vero
2196 3019 2526 3077 inﬁrmitatis
2576 3038 2711 3076 mem
2748 3031 2800 3077 et
2826 3024 3140 3090 voluntatis,
3165 3026 3425 3081 candidus
3451 3043 3611 3083 meus

350 3107 658 3164 dulcissima
682 3109 963 3166 charitatis
995 3120 1188 3167 vestra:
1224 3113 1586 3170 muniﬁcentia
1602 3156 1617 3181 ,
1641 3127 1697 3171 et
1715 3116 1781 3172 de
1804 3135 1929 3175 san-

2033 3110 2129 3164 tibi
2154 3111 2334 3165 omnia
2360 3111 2542 3167 dicere
2576 3114 2765 3182 potuit.
2798 3113 3137 3185 Quapropter
3155 3114 3482 3186 superfluum
3521 3129 3611 3174 est

349 3207 452 3254 cun
478 3199 599 3255 ﬁdei
622 3202 964 3272 probatione,
999 3219 1161 3274 quam
1193 3220 1406 3276 semper
1433 3217 1613 3264 vestro
1640 3211 1818 3266 inesse
1835 3227 1930 3282 pc-

348 3291 490 3345 ctori
523 3293 677 3363 161
709 3295 980 3350 veraciter
997 3297 1331 3367 agnovimus.
1373 3288 1478 3353 Sed
1528 3300 1754 3356 multum
1796 3318 1930 3358 mete

352 3389 515 3435 nocet
537 3382 802 3437 devotioni
843 3384 1125 3441 inﬁdelitas
1154 3387 1532 3457 accipientium
1555 3390 1930 3449 litterasmeas

351 3472 511 3526 vobis
543 3472 859 3543 dirigendas.
888 3474 1024 3530 Nam
1057 3476 1277 3532 memini
1309 3493 1396 3533 me
1441 3494 1584 3535 anno
1627 3492 1926 3550 transacto,

352 3563 382 3603 1³
407 3563 561 3618 vobis
591 3564 655 3619 de
682 3565 831 3620 Italia
858 3568 1273 3635 revertentilms,
1295 3569 1429 3624 duas
1452 3572 1683 3644 dirigere
1706 3576 1927 3631 chartu-

348 3652 465 3719 las;
520 3655 772 3711 similiter
815 3658 974 3711 modo
1024 3657 1237 3712 obviam
1281 3669 1463 3715 vestro
1511 3663 1743 3718 adventu
1796 3667 1928 3721 duas

350 3747 623 3801 transmisi
656 3748 728 3801 ad
749 3747 1040 3817 palatium;
1089 3749 1181 3803 sed
1230 3752 1411 3805 nescio
1458 3768 1578 3821 quae
1618 3770 1682 3809 ex
1725 3756 1828 3811 illis
1860 3760 1926 3812 ad

344 3845 583 3891 vestram
612 3847 974 3907 pervenerunt
999 3839 1364 3909 praesentiam.
1394 3840 1565 3913 [Quia
1609 3845 1747 3898 sicut
1794 3846 1927 3902 mihi

348 3943 513 3984 suave
542 3928 645 3984 fuit
670 3938 862 3985 vestrae
888 3930 1229 3987 allocutionis
1258 3933 1507 3999 collatio,
1540 3936 1618 3990 sic
1671 3938 1801 3991 mihi
1840 3937 1928 4006 ju-

347 4024 583 4079 cundum
607 4035 689 4079 est
713 4016 1119 4082 satis'litteraria
1141 4028 1464 4083 salutatione
1475 4030 1671 4098 sepius
1689 4035 1926 4083 vestram

345 4115 622 4187 appellare
642 4119 1049 4185 auctoritatem;
1087 4128 1246 4190 atque
1275 4120 1328 4174 in
1377 4120 1701 4191 accipiendis
1730 4129 1926 4176 vestrae

345 4204 654 4262 dilectionis
687 4207 912 4273 litteris,
938 4210 1166 4264 multum
1214 4224 1299 4264 me
1344 4213 1578 4282 gaudere
1625 4212 1926 4267 certissime

346 4298 506 4363 scito,
533 4299 661 4368 quia
685 4316 789 4353 non
818 4308 902 4353 est
928 4300 1164 4370 pontifex
1197 4301 1251 4355 in
1292 4301 1394 4356 hoc
1437 4318 1624 4372 regno,
1647 4301 1798 4370 cujus
1840 4318 1927 4357 me

310 4410 317 4417 ν
345 4389 521 4459 magis
551 4387 677 4445 ﬁdei
703 4374 1046 4455 crediderim,
1073 4403 1167 4445 aut
1186 4392 1356 4463 magis
1376 4392 1495 4463 ejus
1514 4392 1742 4447 salutem
1773 4401 1924 4463 opta-

2033 3202 2236 3272 aliquid
2258 3201 2381 3258 inde
2403 3204 2663 3267 scribere,
2690 3206 2793 3260 nisi
2821 3207 2922 3261 hoc
2945 3212 3153 3260 tantum
3182 3207 3383 3273 dicere,
3409 3218 3469 3263 ut
3490 3225 3609 3264 om-

2033 3290 2118 3347 nis
2146 3293 2390 3362 corporis
2414 3294 2521 3349 mei
2547 3293 2782 3365 dignitas
2815 3297 3057 3362 recessit,
3083 3305 3139 3352 et
3163 3298 3439 3354 secutas-is
3465 3300 3612 3358 dele-

2032 3383 2197 3436 ctatio
2218 3383 2402 3452 procul
2432 3384 2658 3455 aufugit.
2709 3385 2786 3440 De
2829 3386 2970 3441 bona
3022 3386 3287 3456 siquidem
3335 3387 3611 3446 voluntate

2032 3477 2212 3531 domui
2266 3477 2610 3547 imperatoris
2652 3477 2808 3533 valde
2852 3488 3034 3534 certus
3075 3494 3229 3541 sum,
3256 3480 3397 3549 quod
3422 3481 3613 3536 amntis

1986 3599 1993 3605 ι
2031 3568 2098 3622 ad
2125 3568 2460 3623 rectitudinis
2484 3584 2728 3624 normam
2758 3569 2811 3622 in
2839 3582 3005 3638 regno
3025 3569 3124 3622 sibi
3149 3583 3179 3621 a
3203 3568 3315 3623 Deo
3343 3569 3473 3623 dato
3493 3570 3605 3624 dis-

2028 3658 2154 3728 poni
2197 3658 2468 3713 desiderat
2493 3676 2507 3712 :
2549 3658 2642 3712 sed
2678 3666 2854 3712 tantos
2880 3671 2987 3711 non
3014 3656 3178 3712 habet
3196 3656 3421 3727 iustitia:
3448 3658 3604 3727 adju-

2030 3758 2195 3812 tores,
2220 3756 2447 3817 quantos
2470 3748 2633 3801 etiam
2659 3748 3035 3811 subversores;
3078 3763 3179 3803 nec
3200 3756 3377 3805 tantos
3404 3751 3602 3820 praedi-

2027 3846 2262 3902 catores,
2276 3846 2506 3907 quantos
2520 3837 2877 3908 praedatores;
2899 3837 3022 3908 quia
3039 3838 3219 3909 plures
3234 3851 3383 3906 sunt,
3399 3832 3486 3913 qui
3506 3859 3604 3896 sua

2027 3929 2515 4000 desiderant,quam
2530 3930 2624 3983 Dei
2640 3929 2861 4001 (Philip.
2879 3945 2941 3995 ιι,
2952 3930 3184 4001 21).Tua
3196 3949 3328 3988 vero
3346 3936 3609 3990 sanctitas
3624 4006 3627 4013 ι

2027 4036 2057 4075 a
2075 4021 2287 4074 nemine
2300 4032 2522 4074 munera
2546 4020 2801 4089 suscipiat
2821 4036 2919 4090 pro
2937 4021 3132 4085 causis,
3149 4023 3272 4089 quia
3290 4023 3491 4092 optime
3510 4038 3605 4078 no-

2026 4111 2095 4166 sti
2124 4111 2175 4164 in
2202 4111 2318 4183 lege
2338 4111 2563 4178 dictum,
2584 4129 2801 4167 munera
2828 4120 3089 4167 exerceant
3111 4113 3270 4167 corda
3289 4115 3602 4183 sapientum,

2025 4213 2073 4256 et
2101 4201 2399 4257 subvertant
2428 4201 2577 4257 verba
2608 4203 2877 4272 justorum
2907 4202 3112 4273 (Exod.
3137 4219 3273 4258 χχιιι
3292 4204 3410 4275 ,8).
3446 4204 3615 4270 Quod-

2025 4293 2228 4348 malum
2245 4293 2407 4348 nimie
2433 4294 2573 4348 inter
2589 4292 2926 4350 Christianos
2944 4295 3109 4366 viget,
3125 4295 3250 4365 quia
3273 4296 3365 4365 qui
3384 4295 3602 4364 propria

2026 4401 2280 4458 Spernere
2293 4385 2571 4455 iubentur,
2590 4387 2763 4443 aliena
2784 4404 2907 4444 cum
2922 4388 3205 4459 iniquitate
3229 4388 3464 4458 rapiunt.
3490 4388 3604 4446 Hoc

346 4492 461 4533 rem
486 4480 541 4533 in
570 4479 820 4547 Domino,
842 4480 926 4534 vel
955 4481 1094 4536 illius
1141 4491 1328 4538 sancta
1379 4484 1743 4540 consolatione
1792 4487 1923 4553 frui,
1950 4466 1999 4526 Ῑ)
2027 4492 2154 4532 VCI'O
2172 4478 2403 4531 ῐῐιτιιίιῐιε
2424 4485 2515 4533 illa
2539 4479 2675 4533 bona
2698 4477 3031 4547 Ρτονίδεηῑὶθ
3047 4479 3329 4547 Nomm“
3350 4479 3605 4537 omnibus

344 4570 431 4623 vel
479 4568 533 4625 in
558 4569 813 4641 .loquela,
837 4570 921 4625 vel
951 4571 1003 4625 in
1034 4571 1230 4626 litteris
1261 4572 1642 4629 desiderarem.
1679 4573 1787 4643 Sed
1823 4577 1925 4630 mi-

343 4660 485 4715 seria
514 4657 675 4728 hujus
701 4661 883 4717 mundi
912 4659 1170 4733 disjungit
1199 4662 1424 4727 charos,
1461 4672 1516 4718 et
1542 4665 1925 4721 convenientes

341 4756 564 4821 separat
591 4751 822 4816 animos,
853 4759 1014 4820 atque
1036 4751 1312 4807 ardentius
1335 4753 1531 4808 exinde
1554 4770 1653 4808 nos
1676 4756 1832 4812 docet
1854 4756 1921 4811 ad

342 4854 463 4895 eam
493 4841 755 4897 festinare
779 4842 977 4908 vitam,
1016 4843 1107 4898 ubi
1154 4858 1429 4912 nunquam
1478 4844 1673 4899 charus
1725 4844 1918 4912 deerit,

344 4944 619 5002 nunquam
645 4933 894 4988 inimicus
929 4934 1130 5000 aderit;
1178 4932 1331 5003 cujus
1365 4934 1487 4988 vitm
1535 4936 1920 4993 beatitudinem

339 5022 431 5090 qui
453 5022 720 5093 agnoscit,
748 5021 906 5079 facile
924 5022 1085 5093 hujus
1105 5024 1286 5078 saeculi
1306 5024 1512 5093 spernit
1534 5025 1777 5091 delicias,
1799 5041 1921 5095 qua:

334 5114 447 5168 bon
475 5123 603 5168 sunt
626 5112 857 5181 deliciae,
885 5115 981 5169 sed
1019 5114 1396 5185 deceptiones;
1455 5130 1562 5170 non
1589 5115 1920 5183 dulcedines,

338 5204 434 5258 sed
464 5203 887 5271 mitudines;
918 5218 1026 5261 non
1045 5220 1191 5263 verae
1217 5206 1548 5271 divitiae,sed
1567 5206 1715 5261 falsae
1735 5207 1921 5262 adula-

410 5356 436 5385 ι
466 5344 621 5402 lianc
640 5345 801 5416 epist.
833 5347 1094 5403 hactenus
1118 5347 1374 5403 ineditam
1398 5347 1585 5401 damus
1607 5344 1773 5416 (nunc
1796 5344 1919 5416 ΗΟ)

337 5427 408 5488 _e_s
436 5414 804 5488 duobus—cod.
840 5433 974 5488 mss.
991 5458 1006 5483 ,
1037 5433 1146 5474 uno
1171 5416 1466 5488 Salisburg.
1485 5456 1501 5481 ,
1528 5414 1697 5472 altero
1719 5414 1920 5488 Sanct-

335 5480 799 5555 l'jtnmeramiano.
830 5487 960 5555 Qua:
983 5480 1138 5543 uncis
1160 5488 1363 5542 inclusa
1389 5480 1516 5543 sunt
1550 5488 1603 5541 in
1654 5486 1770 5543 solo
1794 5486 1913 5541 cod.

337 5548 538 5610 Salisb.
562 5548 849 5612 habentur.

412 5626 439 5665 δ
482 5623 637 5681 Vobis
665 5626 729 5682 de
750 5622 912 5681 Italia
928 5625 1311 5681 revertentibus.
1334 5625 1598 5681 Nimirum
1620 5641 1763 5682 anno
1786 5626 1911 5682 861.

337 5692 498 5760 ind
527 5712 656 5754 vero
684 5697 944 5753 Alcuinus
970 5697 1059 5752 hic
1097 5710 1201 5750 non
1232 5696 1487 5764 depriori
1512 5697 1689 5767 aliqua
1731 5711 1916 5752 rever-

2029 4576 2134 4623 tua
2152 4566 2471 4623 venerandae
2491 4568 2736 4623 veritatis
2760 4566 3082 4638 legationem
3098 4560 3491 4638 Vspectantibus.

2097 4658 2316 4713 Munera
2343 4674 2474 4714 vero
2520 4659 2822 4715 dilectionis
2867 4667 3061 4715 vestra:
3109 4660 3429 4716 suavissima
3478 4674 3601 4715 cum

2025 4753 2172 4808 omni
2228 4754 2425 4809 mentis
2479 4751 2758 4808 alacritate
2807 4752 3176 4823 suscepimus,
3225 4752 3352 4807 licet
3402 4750 3604 4807 nullius

2026 4860 2168 4900 nunc
2200 4860 2353 4900 mens
2374 4861 2494 4901 mea
2520 4845 2792 4902 desideret
2815 4842 3129 4898 munuscula
3169 4850 3390 4912 prepter
3433 4840 3597 4894 animi

2026 4937 2128 4991 mei
2156 4938 2427 5008 requiem;
2467 4943 2556 4991 tua
2587 4945 2764 4991 tamen
2797 4934 2930 4989 mihi
2976 4941 3103 4989 sunt
3147 4946 3359 5002 semper
3399 4929 3599 4995 dulcia,

2026 5046 2055 5081 ιι
2079 5030 2256 5084 axime
2277 5029 2331 5083 in
2362 5030 2714 5092 vestimentis,
2739 5043 2860 5099 quae
2904 5041 3023 5083 meo
3051 5024 3263 5096 corpori
3313 5022 3446 5078 satis
3495 5035 3595 5091 op—

2021 5127 2251 5188 portuna
2305 5135 2519 5190 semper
2564 5121 2800 5176 fuerunt.
2850 5117 3155 5174 Diresimus
3211 5112 3600 5170 benedictionis

2021 5209 2193 5279 gratia
2233 5211 2484 5264 charitati
2510 5218 2703 5265 vestra:
2731 5210 2836 5265 duo
2861 5209 3036 5277 capita
3053 5247 3066 5270 ,
3089 5212 3310 5275 propter
3328 5201 3435 5257 duo
3454 5216 3595 5272 pne-

2023 5345 2175 5399 sione
2205 5340 2520 5415 Arnonisex
2546 5339 2700 5415 italia
2725 5337 2943 5415 intelligi
2968 5335 3154 5404 possit.
3186 5326 3596 5415 ratio'estrquod

2024 5415 2139 5469 lucc
2175 5410 2399 5481 epistola
2428 5410 2632 5481 directa
2658 5409 2743 5481 sit
2759 5408 2826 5462 ad
2866 5402 3139 5481 A'ruonem
3190 5402 3456 5481 legatione
3487 5412 3595 5481 pa:

2023 5466 2161 5539 lilica
2188 5466 2554 5563 adfaciendas
2571 5476 2841 5546 justitias,
2865 5484 3025 5544 atque
3072 5473 3208 5527 adeo
3244 5466 3407 5525 'missi
3452 5466 3591 5590 regii

2023 5567 2244 5590 πηιηαιιο
2272 5565 2376 5590 mm
2402 5555 2738 5590 mnsrnatnm-
2768 5546 2910 5590 mind
2943 5545 3156 5590 demum
3185 5555 3324 5590 anno
3366 5538 3470 5590 802
3533 5553 3591 5590 a-

2022 5538 2244 5609 munere
2265 5551 2378 5621 jam
2402 5538 2740 5621 occupatum,
2768 5538 3161 5621 quoddemum
3183 5555 3324 5621 guno
3366 5538 3596 5621 80?an-

2020 5606 2175 5681 c—t—um
2186 5606 2331 5686 esse,
2344 5606 2585 5675 dicemus
2604 5606 2742 5671 infra
2753 5606 2821 5671 ad
2840 5613 3117 5686 epistolam
3142 5611 3198 5665 l-l
3208 5612 3241 5665 2
3268 5609 3433 5686 (nunc

2093 5676 2239 5747 ("De
2260 5676 2530 5745 catholica
2556 5687 2683 5757 ﬁdei
2708 5676 2928 5741 ratione.
2944 5684 3079 5742 Vide
3103 5690 3261 5737 notas
3277 5676 3442 5754 epist.
3461 5676 3529 5731 15
