4012 6188
277 335 392 397 593

405 447 512 498 Hoc
531 458 675 506 Opus,
702 447 793 497 hoc
815 446 996 495 etenim
1018 443 1172 494 forsan
1198 452 1248 495 te
1271 443 1510 495 subtrahit
1533 447 1633 506 igni

403 509 508 559 Hoc
525 520 668 570 opus,
695 509 786 555 hoc
807 507 992 556 etenim
1014 508 1203 556 cmlesti
1228 515 1278 558 te
1302 510 1476 556 inserit
1495 513 1636 555 autre.

349 614 465 671 Hoc
497 618 677 680 poeta.
724 608 831 664 Sed
875 609 1165 677 apostolica
1211 609 1510 664 auctoritas
1538 609 1640 662 hoc
1669 609 1868 678 ubique

276 707 573 762 admonere
603 701 896 771 probatur;
935 699 1040 754 hoc
1069 707 1124 754 et
1152 699 1268 768 ipsa
1290 698 1505 754 Veritas
1528 699 1771 768 prmeipit
1791 700 1870 754 di-

278 808 448 849 cens:
479 789 582 852 Ite,
622 788 801 843 docete
835 804 1014 842 omnes
1053 797 1225 858 gentes
1266 785 1486 858 (Matth.
1529 803 1716 850 xxviii,
1759 788 1866 858 19).

275 883 414 938 Item
453 879 741 935 Psalmista
783 877 989 932 beatum
1034 892 1153 932 esse
1183 875 1366 941 refert,
1405 877 1495 947 qui
1540 876 1874 930 meditabitur

274 975 336 1028 in
360 973 472 1044 lege
501 971 714 1027 Domini
739 970 826 1024 die
849 986 913 1024 ac
948 979 1094 1024 nocte
1119 967 1292 1040 (Psal.
1323 985 1364 1032 ι,
1387 967 1466 1039 2).

350 1081 595 1136 Plurima
641 1077 780 1133 forte
839 1086 1035 1132 vestrae
1083 1077 1296 1132 videtur
1351 1075 1654 1147 prudentiae
1696 1086 1872 1132 meam

277 1173 493 1244 garrire
544 1170 915 1238 imperitiam;
966 1167 1062 1223 sed
1121 1166 1324 1238 majora
1377 1175 1506 1237 opto
1548 1167 1701 1222 vobis
1740 1168 1874 1223 divi-

277 1271 369 1317 na;
410 1260 632 1331 pietatis
675 1256 904 1328 gratiam
940 1257 1199 1325 spiritalis
1245 1257 1596 1311 beatitudinis
1630 1257 1876 1314 conferre

282 1359 535 1408 munera.
553 1349 722 1420 igitur
747 1365 808 1403 ea
845 1348 1041 1403 ﬁducia
1084 1349 1182 1403 has
1205 1337 1403 1403 dictavi
1431 1348 1716 1413 litterulas,
1747 1350 1873 1420 quia

283 1443 527 1496 sciebam
575 1450 811 1495 vestram
859 1439 1202 1494 sanctitatem
1244 1439 1345 1509 piae
1397 1439 1678 1496 charitatis
1723 1441 1876 1496 donis

284 1533 512 1588 divitem
538 1547 679 1596 esse,
713 1540 769 1587 et
796 1531 1026 1586 libenter
1063 1532 1329 1587 sustinere
1360 1533 1646 1587 verborum
1678 1534 1877 1602 ponde-

286 1641 370 1692 ra,
406 1641 530 1696 qua:
554 1640 622 1680 ex
647 1625 760 1680 veri
801 1626 1002 1680 amoris
1037 1625 1185 1680 fonte
1226 1624 1392 1680 ﬂuere
1426 1634 1739 1681 noscuntur.
1770 1627 1876 1682 Sed

287 1716 392 1772 hoc
423 1716 661 1770 maxime
696 1715 920 1784 supplici
954 1715 1216 1785 deprecor
1241 1724 1478 1784 pectore,
1500 1723 1560 1770 ut
1589 1732 1676 1772 me
1706 1716 1877 1771 famu-

1720 334 2071 392 EPISTOLA‘I
2082 377 2095 390 .

1881 461 1925 515 Α
1953 461 2140 514 perum
2156 447 2340 501 dividit
2355 446 2563 510 solatia,
2581 447 2753 503 sciens
2771 463 3064 522 pauperum
3079 468 3270 510 manus
3286 461 3546 530 gazophy-

3434 343 3537 399 sar

1967 536 2160 590 lacium
2181 550 2298 590 esse
2310 534 2507 591 Christi
2519 579 2531 600 .
2547 539 2636 606 qui
2653 554 2710 592 se
2722 541 3010 595 testabitur
3025 543 3076 595 in
3091 544 3174 597 die
3189 561 3379 613 magno
3395 534 3552 601 armi-

1967 626 2138 694 pisse,
2167 624 2424 697 quidquid
2451 627 2688 683 minimis
2715 632 2827 684 suis
2856 631 2908 684 in
2939 633 3040 686 hac
3068 636 3377 704 crogal-itur
3407 635 3548 691 iure.

2404 739 2430 776 δ
2465 738 2801 795 EPISTOLA
2840 742 3110 800 CXLVIII.

2593 847 2660 884 AD
2700 845 2937 887 EL'MDEM.

1969 914 2210 986 Epistula
2242 916 2463 995 penitu‘s_
2483 917 2791 995 allegorica,
2813 923 2868 995 in
2896 936 2999 992 qua
3027 939 3360 995 comparatur
3390 929 3555 990 Theo-

2429 986 2611 1056 ἀείρω
2641 987 2791 1042 Patri
2817 986 3104 1051 vinearum.
3140 986 3150 995 ’
3441 987 3444 1018 ³

2041 1075 2286 1132 Pontlﬂci
2315 1091 2512 1146 magno
2535 1084 2591 1130 et
2612 1075 2758 1132 Patri
2786 1079 3066 1136 vinearum
3086 1083 3382 1142 Theodulfo
3411 1088 3557 1142 Albi-

1974 1185 2076 1223 nus
2099 1169 2350 1224 salutem.

2043 1259 2296 1329 Legimus
2336 1261 2390 1314 in
2425 1259 2857 1331 Paralipominon
2894 1265 3042 1319 cellis
3072 1282 3304 1337 praeesse
3339 1269 3559 1323 vinariis

1974 1348 2228 1403 Zabdiam
2250 1357 2491 1420 tempore
2509 1351 2696 1416 David,
2715 1353 2825 1408 Deo
2845 1355 3177 1411 dilectissimi
3199 1359 3340 1428 regis
3358 1358 3409 1428 (1
3427 1358 3556 1414 Par.

1975 1452 2143 1501 xxv",
2176 1437 2299 1506 27);
2335 1441 2514 1502 modo,
2546 1441 2837 1497 miserante
2869 1444 2997 1509 Deo,
3024 1447 3228 1502 meliori
3257 1451 3454 1519 populo
3479 1467 3561 1506 se-

1977 1531 2182 1584 cundus
2214 1539 2406 1600 praeest
2436 1532 2618 1595 David,
2647 1541 2702 1587 et
2731 1537 2831 1589 sub
2852 1542 2916 1590 co
2947 1533 3174 1593 nobilior
3201 1532 3429 1595 Zabdias
3457 1541 3564 1596 cel-

1976 1621 2043 1674 lis
2073 1630 2268 1690 praeest
2295 1623 2574 1677 vinearum
2595 1665 2608 1688 ,
2639 1640 2796 1694 quem
2823 1625 3072 1681 ordinata
3107 1621 3365 1684 charitate
3392 1630 3560 1685 intro-

1978 1711 2130 1765 duxit
2169 1727 2263 1766 rex
2297 1713 2353 1768 in
2391 1713 2580 1768 cellam
2615 1714 2910 1783 vinariam,
2947 1726 3007 1772 ut
3040 1719 3306 1775 scolastici
3342 1717 3563 1777 ﬂoribus

285 1806 397 1862 ium
417 1816 614 1862 vestrae
636 1807 938 1862 sanctitatis
960 1807 1011 1859 in
1035 1806 1236 1862 sanctis
1251 1806 1588 1861 orationibus
1607 1823 1874 1862 commen-
1911 1800 1953 1861 Β
1979 1799 2230 1856 fulcirent
2263 1816 2402 1866 eum.
2437 1812 2490 1858 et
2516 1805 2774 1875 stiparent
2801 1798 2958 1863 malis
2983 1821 3166 1867 amore
3197 1803 3563 1884 languentium

285 1899 476 1954 datum
519 1899 742 1963 habeas,
786 1912 851 1951 eo
881 1897 1052 1968 magis
1085 1912 1193 1968 quo
1217 1897 1610 1968 appropinquat
1649 1897 1765 1953 dies
1791 1913 1873 1952 re-

288 1989 622 2048 tributionis.
651 1989 785 2044 Nam
816 2002 902 2045 me
943 1990 1108 2044 tacito
1136 1989 1272 2060 pede
1317 2001 1481 2044 curva
1523 1998 1773 2046 senectus
1799 1989 1874 2046 fe-

289 2084 497 2142 stinare
517 2085 662 2156 cogit
691 2084 758 2139 ad
778 2085 1122 2153 przesentiam
1146 2075 1344 2155 judicis
1368 2085 1504 2149 mei;
1537 2085 1632 2141 sed
1656 2094 1711 2140 et
1733 2086 1872 2140 viam

290 2174 503 2231 itineris
547 2176 674 2241 mei,
718 2177 872 2246 quasi
922 2177 1063 2232 latro
1112 2177 1348 2239 rabidus.
1407 2176 1660 2232 continua
1711 2176 1877 2232 febris

291 2268 521 2332 obsidet,
561 2260 797 2337 spolians
839 2282 924 2323 me
957 2274 1154 2337 optatae
1200 2267 1388 2323 salutis
1414 2267 1775 2333 vestimentis,
1818 2275 1879 2323 ut

291 2357 381 2412 vix
396 2357 626 2428 aliquod
665 2345 942 2412 servitium
990 2358 1044 2412 in
1073 2357 1231 2412 domo
1261 2356 1356 2411 Dei
1393 2356 1611 2426 explere
1646 2356 1873 2411 valeam.

294 2448 446 2505 Unde
489 2457 580 2504 me
621 2447 795 2517 major
835 2448 1092 2519 compulit
1131 2449 1426 2504 necessitas
1456 2448 1522 2503 ad
1556 2446 1878 2503 famulorum

291 2537 495 2594 Christi
537 2553 760 2594 currere
790 2537 1124 2608 suﬂ'ragium,
1170 2545 1231 2592 ut
1273 2553 1360 2593 me
1394 2537 1599 2592 sanctis
1631 2543 1881 2608 satagunt

294 2628 552 2698 adjuvare
590 2629 1091 2693 intercessionibus,
1127 2643 1197 2683 ne
1241 2628 1420 2683 anima
1469 2643 1588 2682 mea
1637 2628 1881 2682 tradatur

295 2719 530 2776 inimicis
559 2720 770 2776 Domini
815 2720 918 2776 mei
947 2717 1074 2776 Jesu
1111 2719 1335 2776 Christi.
1360 2720 1442 2774 Tu
1479 2735 1628 2784 vero,
1664 2719 1748 2775 vir
1772 2720 1882 2776 cla-

296 2810 533 2879 rissime,
564 2811 651 2867 cui
679 2818 762 2866 est
795 2819 928 2865 :etas
954 2809 1141 2866 ﬂorida
1164 2818 1220 2866 et
1248 2809 1440 2865 vivida:
1468 2809 1642 2864 virtus
1668 2809 1881 2880 sapien-

297 2903 405 2970 tiae,
433 2911 489 2958 et
511 2903 687 2959 sancti
715 2902 938 2958 honoris
977 2901 1300 2964 sublimitas,
1341 2913 1511 2954 sacrae
1549 2898 1882 2968 przedicatio~

297 2994 382 3050 nis
424 2992 833 3049 ﬂoribusavias
862 2991 1074 3047 itineris
1105 2993 1182 3047 tui
1235 2991 1443 3062 replere
1492 2996 1783 3054 memento,
1826 2989 1880 3044 in

1974 1892 2137 1956 illius,
2168 1893 2260 1963 qui
2285 1893 2518 1949 laatiiicat
2540 1907 2636 1950 cor
2658 1896 2911 1952 heminis.
2935 1897 3053 1953 Jam
3083 1901 3128 1955 si
3153 1903 3289 1956 desit
3318 1902 3407 1971 qui
3433 1919 3564 1958 con—

1975 1981 2170 2049 ﬁrmet,
2203 1983 2342 2038 forte
2371 1998 2475 2038 non
2505 1986 2655 2040 deest
2682 1987 2772 2056 qui
2801 1987 3037 2044 lmtilicet
3064 1990 3119 2044 in
3146 1992 3295 2047 cellis
3318 1989 3565 2048 Aurelia-

1975 2073 2078 2136 nis,
2116 2073 2242 2128 dum
2278 2089 2403 2143 spes
2435 2082 2518 2130 est
2553 2076 2607 2130 in
2642 2077 2798 2132 vinea
2831 2077 3076 2144 ﬂorente,
3105 2090 3212 2135 non
3244 2082 3298 2137 in
3339 2083 3566 2139 ﬂcuhrea

1977 2172 2275 2220 arescente.
2326 2166 2664 2237 Quapropter
2704 2168 2939 2225 Joathan
2983 2165 3319 2228 consiliarius
3366 2174 3564 2240 David,

1976 2254 2128 2309 homo
2153 2253 2412 2309 litteratus
2436 2255 2626 2328 (ma,
2648 2258 2761 2330 52),
2785 2261 2954 2315 manu
2977 2262 3044 2316 ad
3065 2263 3321 2320 Zabdiam
3348 2267 3563 2324 dicens:

1976 2341 2130 2397 Mane
2158 2357 2460 2414 surgamus,
2493 2346 2799 2413 videamus,
2835 2363 2995 2420 quam
3023 2352 3158 2408 bene
3194 2355 3348 2410 vinea
3381 2355 3571 2412 ﬂoreat

1978 2429 2207 2496 Sorech,
2251 2437 2594 2491 cantantibus
2623 2437 2863 2493 celeuma
2901 2449 3062 2510 super
3099 2459 3219 2498 eam
3255 2445 3568 2503 deriventur

1978 2519 2156 2578 fontes
2183 2523 2387 2580 cellarii
2418 2524 2584 2581 foras.
2622 2528 2691 2580 At
2718 2544 2859 2585 nunc
2892 2533 3095 2600 apertis
3121 2545 3357 2606 apoteczc
3386 2537 3568 2594 charié

1979 2616 2105 2672 tatis
2125 2617 2365 2674 clavibus
2392 2634 2422 2673 a
2449 2628 2800 2688 procuratore
2821 2621 2990 2677 vineae
3011 2624 3315 2683 celebretur
3334 2631 3571 2688 versicuo
3661 2607 3670 2615 ‘

1981 2705 2065 2760 lus
2091 2707 2195 2763 iste
2217 2723 2316 2778 per
2343 2716 2520 2764 turres
2546 2708 2865 2765 Aurelianas
2890 2730 2902 2764 :
2929 2711 3215 2783 Comedite,
3253 2719 3412 2773 amici
3447 2713 3569 2785 mei.

1981 2797 2136 2853 bibite
2170 2809 2219 2853 et
2259 2791 2592 2855 inebriamirii
2625 2801 2801 2875 (Cant.
2837 2819 2890 2870 v,
2923 2804 2975 2870 i,
3002 2797 3080 2878 Ξ).
3128 2807 3241 2874 Ego
3282 2802 3488 2868 dormio
3517 2815 3569 2868 in

1979 2887 2278 2956 dulcedine,
2302 2899 2357 2947 ct
2383 2908 2475 2946 cor
2499 2909 2670 2947 meum
2694 2893 2871 2965 vigilat
2895 2896 2949 2950 in
2973 2898 3229 2965 caritate;
3272 2902 3455 2971 venite,
3479 2912 3571 2958 ac-

1979 2980 2133 3051 cipite
2144 2979 2333 3052 absque
2351 2979 2459 3035 ulla
2475 2985 2875 3039 commutatione
2888 2987 3063 3040 vinum
3077 2997 3125 3041 et
3141 2987 3223 3043 lac
3237 2985 3370 3062 (Isa.
3389 3009 3477 3060 ιν,
3497 2983 3570 3067 l

298 3083 447 3138 omni
481 3082 601 3139 loco
632 3081 864 3155 vestigia
907 3082 982 3137 tui
1008 3083 1272 3137 adventus
1295 3081 1624 3150 relinquens,
1651 3088 1884 3151 tuusque
1913 3147 1951 3155 __
1983 3068 2176 3124 ϐιαίων
2193 3082 2365 3127 meum
2381 3073 2514 3128 sicut
2536 3075 2711 3127 vinum
2733 3076 3001 3146 optimum,
3021 3066 3235 3148 dignam
3253 3073 3437 3138 dilecta
3459 3066 3572 3138 mea

301 3178 503 3234 meum,
548 3147 1068 3242 ωρριίοίάερι-εεοιο
1091 3177 1238 3235 voto,
1267 3169 1426 3224 vada;
1453 3147 1680 3225 Albinus
1707 3169 1761 3224 in
1786 3147 1881 3225 διε
1905 3147 1953 3210 C
1984 3160 2054 3214 ad
2073 3163 2378 3233 potandum,
2401 3162 2653 3234 labrisque
2673 3163 2814 3219 illius
2844 3147 3212 3223 ruminandum
3257 3169 3435 3241 (Cum.
3473 3183 3572 3238 Vn,

299 3260 439 3314 etin
481 3261 644 3316 corde
683 3275 1006 3331 quocunque
1049 3270 1143 3316 eas
1166 3295 1180 3324 ,
1225 3261 1317 3330 qui
1357 3267 1410 3315 te
1455 3260 1596 3330 apud
1635 3268 1881 3315 sanctum

301 3350 592 3406 lar-tinum
624 3353 706 3406 sui
729 3351 965 3422 pectoris
988 3359 1165 3422 portat
1205 3350 1260 3405 in
1293 3365 1442 3413 arca,
1469 3358 1524 3404 et
1549 3350 1883 3406 orationibus

300 3443 407 3498 iter
439 3452 592 3498 tuum
630 3443 993 3514 prosequitur,
1025 3449 1218 3512 optans
1255 3441 1504 3512 angelum
1541 3441 1634 3496 Dei
1684 3441 1883 3498 bonum

300 3540 480 3588 tecum
513 3533 612 3596 ire,
651 3543 711 3587 ut
753 3547 873 3587 cum
911 3533 1269 3602 prosperitate
1309 3545 1418 3598 eas,
1457 3539 1511 3587 et
1543 3547 1666 3587 cum
1691 3532 1886 3604 gaudio

301 3621 540 3678 feliciter
569 3623 864 3679 revertaris
890 3623 958 3678 ad
987 3637 1106 3679 nos.

380 3711 547 3767 Utere
557 3719 705 3766 sorte
717 3721 808 3767 tua
821 3711 1068 3778 feliciter,
1083 3720 1144 3767 ut
1155 3711 1356 3768 fruaris
1372 3713 1622 3768 mercede
1636 3722 1728 3769 tua
1737 3712 1888 3772 aeter-

303 3799 520 3856 naliter.
551 3800 652 3855 Via
675 3809 761 3857 est
778 3801 896 3856 haec
927 3801 1036 3855 vita
1054 3817 1069 3867 ;
1085 3800 1275 3857 beatus
1295 3801 1388 3873 qui
1414 3809 1693 3872 pratorum
1713 3804 1890 3859 varie.

300 3901 417 3948 tate
433 3907 541 3948 non
566 3893 836 3947 tenebitur
857 3892 908 3948 in
933 3893 1035 3957 via,
1060 3907 1168 3963 quo
1191 3893 1367 3948 minus
1390 3895 1606 3949 festinet
1621 3894 1686 3948 ad
1701 3896 1890 3964 patria:

305 3982 785 4049 pulchritudinem.
800 3982 970 4051 Felix,
983 3985 1074 4054 qui
1087 3984 1354 4040 sarcinam
1368 3985 1676 4040 divitiarum
1691 3985 1742 4040 in
1765 4001 1892 4061 pau~

383 4169 411 4234 ξ
443 4153 585 4234 -Vias
610 4159 809 4234 itiueria
833 4161 934 4234 tui.
963 4158 1116 4216 Hunc
1158 4161 1322 4232 igitur
1348 4162 1525 4218 locum
1566 4162 1892 4234 interpretor

308 4227 378 4300 de
388 4226 594 4300 itinere
614 4243 644 4282 a
667 4229 964 4300 Theodulfo
985 4226 1235 4300 suscepto
1255 4240 1377 4300 post
1401 4226 1725 4288 conventum
1752 4243 1892 4291 anno

308 4295 416 4352 80%
459 4310 647 4353 mense
689 4297 929 4364 Octobri,
976 4309 1037 4355 ut
1078 4295 1272 4356 narrat
1311 4301 1605 4357 cbronicon
1655 4303 1894 4360 Moissia-

306 4381 503 4431 oena,
536 4365 860 4444 Aquisgrani
887 4371 1233 4444 celebratum;
1266 4370 1318 4444 in
1349 4387 1456 4442 quo
1479 4370 1704 4444 Carolus
1731 4374 1896 4444 impe-

307 4446 459 4512 ratur
484 4438 700 4512 relegit
733 4453 799 4493 ex
819 4440 1185 4512 optimatibus
1222 4440 1334 4512 suis
1367 4438 1822 4512 prudentissimos
1843 4450 1898 4498 et

307 4507 738 4582 sapientissimos
780 4507 946 4574 viros,
993 4519 1104 4582 tam
1144 4507 1591 4582 archiepiscopos,
1637 4526 1799 4582 quam
1845 4521 1900 4567 et

308 4578 548 4646 reliquos
571 4579 918 4654 episcopos...
943 4588 999 4634 et
1014 4581 1224 4654 direxit
1251 4582 1305 4636 in
1329 4578 1900 4654 universum_'regnum

310 4662 508 4721 suum:
547 4647 938 4721 i_’Capitulare
979 4649 1222 4721 ejusdem
1257 4651 1396 4721 anni
1439 4652 1580 4721 apud
1628 4647 1902 4707 Baliizium

309 4728 447 4790 uim.
550 4713 782 4790 Capitol.
826 4735 948 4790 pag.
994 4713 1118 4774 345.
1166 4720 1302 4776 Huic
1343 4713 1634 4775 concordat
1679 4723 1902 4777 citatum

312 4787 1070 4860 chronicon’hloissi'acense,
1113 4790 1203 4860 ubi
1256 4791 1534 4860 sequentia
1585 4790 1836 4859 leguntur
1885 4809 1898 4844 :

320 4874 346 4928 ε
373 4855 709 4928 Recordatus
735 4859 1006 4928 piissimus
1039 4858 1264 4914 Carolus
1293 4855 1585 4928 imperator
1612 4855 1665 4914 in
1695 4862 1781 4915 die
1806 4873 1901 4916 sua

314 4927 382 5008 de
405 4927 759 5008 pauperibus,
781 4929 870 5008 qui
899 4929 954 5008 _in
980 4929 1233 4984 universo
1260 4927 1485 5008 imperio
1507 4927 1623 5008 eius
1649 4940 1826 5008 erant,
1850 4941 1906 4986 et

306 4995 552 5068 iustitiae
571 4995 1025 5068 pleniter'habere
1049 5014 1155 5053 non
1177 4995 1450 5068 poterant,
1473 4995 1644 5057 noluit
1670 5001 1735 5055 de
1759 5002 1903 5056 intra

311 5065 518 5146 palatio
545 5065 647 5146 suo
666 5069 1030 5146 pauperiores
1063 5065 1251 5146 γειεᾴοξ
1289 5068 1415 5124 suos
1440 5069 1808 5146 transmittere
1837 5069 1905 5146 ad

307 5135 552 5204 justitias
577 5135 877 5211 faciendas;
920 5138 1014 5211 sed
1047 5139 1212 5209 elegit
1239 5139 1302 5211 in
1321 5153 1484 5210 regno
1508 5149 1607 5194 suo
1636 5140 1904 5211 archiepi-

535 5206 854 5278 etreliquos
876 5206 1158 5278 episcopos
1181 5216 1236 5265 et
1258 5206 1500 5274 abbates,
1527 5224 1648 5264 cum
1681 5206 1907 5264 ducibus

310 5283 371 5330 et
410 5276 844 5347 comitibus,‘qui
881 5276 994 5348 jam
1036 5276 1172 5349 opus
1209 5293 1316 5334 non
1344 5279 1612 5335 habebant
1635 5294 1797 5349 super
1827 5279 1907 5333 in-

313 5355 576 5402 noteutes
603 5361 823 5402 munera
853 5348 1120 5431 accipere,
1146 5357 1205 5431 et
1227 5350 1376 5431 ipsos
1395 5349 1540 5431 misit
1571 5364 1668 5431 per
1691 5348 1907 5431 univer-

317 5429 451 5490 sum
466 5431 715 5488 regnum,
742 5426 802 5470 ut
823 5418 1098 5490 ccclesiis,
1118 5418 1295 5490 viduis
1327 5418 1665 5490 etorpha'nis
1691 5425 1746 5474 et
1773 5433 1907 5490 pau-

315 5485 842 5558 peribus'etcuncto
865 5489 1063 5558 populo
1080 5487 1348 5556 justitiam
1374 5485 1633 5544 facerent.
1669 5509 1689 5542 ι

389 5552 582 5630 {iullus
607 5557 796 5630 dubito
828 5552 958 5625 quin
977 5557 1056 5630 in
1071 5552 1175 5613 hoc
1191 5568 1464 5630 conventu
1494 5559 1710 5630 publica
1730 5553 1906 5630 Theo-

316 5623 472 5700 dulfo
494 5626 816 5700 demandata
850 5623 1016 5700 fuerit
1045 5627 1254 5700 legatio
1275 5627 1367 5683 illa
1387 5636 1462 5700 ⁸ςςι
1494 5623 1821 5700 praefectura
1851 5629 1906 5684 in

317 5695 600 5768 provincia
639 5693 970 5768 Narbonensi
993 5693 1200 5768 .dqu'am
1243 5693 1566 5768 ipselibrir
1607 5699 1907 5754 carminum

319 5781 417 5818 seu
448 5765 501 5818 in
536 5765 803 5821 Pamnesi
832 5767 900 5822 ad
919 5764 1137 5822 Iudices
1166 5764 1304 5837 apud
1330 5764 1673 5825 Sirrnondum
1705 5783 1734 5820 a
1764 5783 1904 5822 vers.

732 5854 1009 5913 Parnm.
1069 5853 1138 5915 C.

1986 3249 2064 3324 9).
2088 3251 2201 3324 Ego
2222 3251 2410 3307 diletto
2432 3268 2546 3307 meo
2572 3263 2619 3308 et
2639 3253 2858 3311 dilectus
2881 3275 3024 3312 meus
3045 3259 3172 3312 mihi
3197 3259 3370 3330 (Cant.
3396 3269 3471 3329 vi,
3495 3261 3573 3334 2).

1985 3344 2104 3402 Non
2137 3353 2222 3401 est
2249 3345 2532 3400 dicendum
2562 3355 2575 3399 t
2610 3341 2915 3418 Exspalfavi
2945 3365 3025 3404 me
3061 3351 3237 3404 tunica
3263 3359 3407 3418 mea,
3444 3370 3576 3425 quo-

1987 3429 2144 3490 modo
2182 3436 2378 3491 induar
2419 3435 2553 3490 illa?
2596 3435 2722 3490 Lavi
2769 3435 2923 3508 pedes
2976 3455 3136 3506 meos,
3185 3440 3446 3512 quomodo
3495 3445 3576 3499 ἱηο

1987 3527 2213 3599 quinabo
2239 3527 2358 3583 illos
2393 3526 2444 3600 (1
2475 3528 2602 3600 Reg.
2641 3534 2715 3594 ix,
2749 3528 2839 3602 7)?
2876 3529 2998 3584 Non
3035 3549 3244 3602 possum
3282 3550 3491 3606 surgere
3526 3541 3576 3590 et

1989 3618 2118 3672 dare
2141 3616 2232 3672 tibi
2261 3617 2412 3690 (Luc.
2445 3631 2520 3682 si,
2552 3616 2625 3690 7).
2654 3619 2710 3674 Si
2735 3619 2876 3674 forte
2899 3625 3010 3675 tres
3035 3633 3201 3691 panes
3227 3640 3334 3678 non
3357 3633 3482 3681 sunt
3506 3616 3572 3682 ad

1991 3712 2242 3774 manum,
2270 3711 2359 3779 qui
2390 3709 2700 3764 defecerunt
2726 3710 2780 3763 in
2810 3710 3083 3767 sitarchiis
3115 3711 3570 3782 Gabaonitarumi

1991 3797 2205 3854 Christo
2240 3799 2585 3854 benedicente
2622 3809 2827 3868 septem
2862 3802 3069 3873 hydria:
3099 3803 3268 3876 plenae
3305 3816 3430 3864 sunt
3464 3801 3576 3865 vini

1991 3893 2176 3962 optimi
2194 3892 2374 3964 (Joan.
2391 3892 2476 3964 ιι),
2493 3894 2633 3963 quod
2660 3895 2977 3950 servabatur
2989 3904 3156 3966 usque
3171 3900 3345 3956 adhuc
3360 3920 3375 3965 ε
3390 3917 3454 3957 ex
3468 3917 3576 3973 quo

1993 3985 2360 4042 architriclino
2372 3985 2652 4041 Turouicae
2663 3984 2916 4051 civitatis,
2933 3990 3221 4045 mandante
3234 3990 3342 4046 lilio
3354 3973 3580 4063 virginis

1995 4154 2065 4217 99
2109 4158 2396 4230 describit,
2442 4156 2732 4230 narratque
2776 4157 3007 4230 qualiter
3053 4159 3198 4230 ipse,
3246 4162 3414 4220 variis
3454 4165 3581 4223 l'acet

1997 4229 2419 4308 querellantium
2441 4229 2596 4308 donis
2633 4229 2890 4295 tentatus,
2924 4229 3122 4308 munus
3149 4231 3350 4300 iudicis
3376 4237 3581 4308 absque

1998 4298 2342 4372 corruptione
2369 4298 2567 4372 ubique
2591 4299 3111 4372 exsecutusfuerit,
3153 4298 3373 4372 prorsus
3421 4298 3581 4362 nimi,

2001 4387 2120 4426 rum
2159 4369 2226 4426 ad
2259 4382 2491 4426 mentem
2521 4369 2859 4439 imperatoris
2890 4370 2940 4424 in
2978 4371 3068 4426 illo
3105 4369 3373 4430 coniventu
3405 4376 3580 4433 decla-

2002 4452 2196 4496 ratam.

1930 4490 1979 4552 D
2003 4490 2198 4567 "sui;
2222 4506 2631 4566 celeberrimum
2666 4503 3028 4565 lilabillonium
3067 4510 3188 4566 libr.
3227 4529 3352 4569 xxvi
3385 4514 3581 4572 Annal.

2003 4580 2200 4636 Bened.
2233 4591 2380 4658 quur.
2413 4578 2474 4631 71
2499 4588 2564 4658 _et
2605 4579 2674 4632 72
2721 4577 2858 4658 hanc
2895 4579 3222 4658 legationem
3268 4584 3470 4658 referre
3517 4589 3584 4642 ad

2003 4665 2201 4705 annum
2243 4648 2344 4703 798
2387 4649 2569 4703 statim
2615 4658 2776 4718 atque
2816 4647 3133 4714 Laidradus,
3175 4651 3457 4722 legationis
3499 4673 3586 4714 so-

2003 4721 2135 4800 cius,
2169 4719 2449 4800 ordinatus
2476 4726 2558 4800 est
2582 4718 2865 4800 cpiscopus
2892 4719 3283 4800 Lugdunensis.
3320 4725 3588 4800 Sedupace

2003 4743 2135 4782 crus,
2169 4743 2449 4774 ururuatus
2476 4743 2558 4772 est
2582 4743 2865 4842 υμιδυυὶιυδ
2893 4743 3283 4800 Luguuuensrs.
3321 4743 3425 4780 aea
3457 4743 3584 4798 pace

2002 4791 2102 4845 viri
2131 4789 2326 4871 summi
2357 4789 2584 4871 dixerim
2611 4789 2664 4868 id
2694 4803 2764 4842 nu
2787 4789 2839 4843 lo
2859 4797 3026 4871 veteri
3053 4797 3584 4871 teste_comprobari;

2004 4874 2178 4930 neque
2207 4860 2340 4914 satis
2372 4867 2621 4913 constare
2639 4860 2754 4928 ‘quo
2794 4875 2935 4928 anno
2980 4860 3296 4924 Laidradus,
3337 4860 3587 4932 quamvis

2005 4929 2096 4984 illo
2126 4945 2268 4984 anno
2298 4928 2541 4985 fortassis
2568 4928 2790 4991 electus,
2823 4928 2879 4992 in
2907 4931 3032 4991 sede
3060 4945 3156 4985 sua
3185 4931 3350 4988 fuerit
3371 4935 3588 4990 ordinare

2005 5007 2125 5068 tus;
2173 5015 2330 5068 quem
2383 5000 2544 5053 etiam
2586 4997 2914 5064 Theodulfus
2951 4999 3006 5055 in
3049 4999 3144 5058 cit.
3187 5017 3356 5057 carm.
3395 5019 3449 5058 ν.
3485 5005 3586 5060 H9

2006 5067 2430 5142 futuruinvoeat
2459 5069 2865 5142 Lugdunensem
2895 5070 3224 5142 episcopum.

2202 5140 2492 5220 Egit-uruca
2519 5137 2879 5220 obstantibus,
2904 5137 2971 5193 εὶ
2994 5137 3438 5220 p_ra:missis._r_riilii
3464 5158 3591 5200 vero

2005 5207 2963 5281 Υἱός-ξείδί-ηι-ἰμίηιυηξηᾳριινοηιιωὶ
2997 5207 3172 5281 illum
3196 5211 3486 5281 publicum,
3534 5224 3590 5269 et

2005 5277 2405 5348 iter_'l‘heodulfi
2427 5287 2483 5348 et
2507 5276 2652 5348 pallii
2679 5277 2958 5348 honorem,
2979 5280 3122 5348 quod
3150 5276 3395 5338 fortassis
3416 5283 3592 5340 Theo-

2006 5346 2186 5403 dulfus
2227 5360 2324 5417 pro
2354 5346 2763 5417 majoridecore
2803 5346 3116 5416 amplissimi
3163 5351 3245 5406 sui
3291 5354 3528 5408 muneris
3558 5370 3588 5409 a

2007 5419 2135 5496 sede
2174 5415 2468 5488 apostolica
2502 5415 2860 5496 adeptusest,
2893 5415 2980 5496 ’et_
3004 5419 3069 5496 de
3111 5421 3306 5496 quibus
3335 5431 3588 5496 tanquam

2006 5487 2193 5560 eodem
2209 5485 2464 5560 tempore
2499 5485 2657 5540 factis
2681 5486 2939 5560 Alcujnus
2969 5488 3030 5560 in
3053 5485 3154 5560 hac
3181 5492 3403 5560 epistola
3427 5485 3588 5552 im

2009 5559 2208 5630 tionem
2237 5552 2386 5621 facit,
2414 5570 2535 5630 cum
2561 5570 2704 5611 anno
2729 5552 2836 5630 802
2855 5558 3158 5630 combinari
3184 5552 3403 5630 debere,
3437 5573 3494 5620 ct
3521 5563 3592 5620 ad

2009 5627 2268 5700 eumdem;
2284 5641 2494 5700 annuat
2511 5626 2660 5700 hanc
2679 5626 2957 5700 epistolam
2984 5630 3275 5700 pertinere.

2082 5699 2108 5738 δ
2151 5696 2379 5754 Froben.
2411 5697 2568 5766 epist.
2603 5695 2735 5754 iﬂ-l.

3115 5829 3194 5917 is
