4012 6188
433 314 550 383 ω

1327 304 1390 358 Β.
1430 302 1492 357 F.
1530 298 1754 355 A1.le
1795 298 1921 352 SEU
1966 293 2234 351 ALCL'lNl
2275 294 2555 349 OPERUM
2590 292 2774 350 PARS
2800 294 2845 349 Ι.

3594 296 3703 354 596

425 424 776 483 :misceudum
815 419 934 490 quis
952 419 1196 486 ignorat.
1233 421 1287 467 et
1323 415 1426 468 hoc
1463 410 1784 467 servandum
1823 417 1924 471 est,
1960 422 2023 458 ne
2053 412 2092 465 Α
2123 403 2308 472 culpas
2333 403 2386 458 in
2411 412 2755 460 accusatores
2782 419 2926 467 suos.
2961 418 3059 460 cur
3080 418 3174 460 eos
3202 412 3352 459 tanto
3378 419 3708 475 prosequan-

430 517 685 574 au‘ttatur’
703 512 873 569 vinum
901 524 1088 565 norum
1111 508 1165 560 in
1192 515 1332 560 utres
1361 514 1583 568 veteres;
1607 511 1652 556 et
1677 516 1825 556 nemo
1850 498 2023 553 bibens

436 618 585 663 vetus
615 604 790 660 statim
819 598 923 656 uult
953 614 1139 653 novum
1158 637 1173 661 ,
1211 596 1337 651 dicit
1368 594 1538 657 enim,
1572 603 1709 647 vetus
1739 588 1924 644 melius
1948 596 2025 643 est

445 695 681 765 (Lucuv,
718 691 808 757 57,
843 690 957 761 39).
995 688 1192 744 Beatus
1220 685 1312 756 qui
1348 685 1586 754 loquitur
1621 682 1675 737 in
1699 694 1897 735 aurem
1925 694 2021 733 au—

441 787 698 844 dientem.
726 785 914 842 Valete
938 783 992 839 in
1014 795 1168 853 pace,
1195 778 1513 836 charissime
1538 774 1737 830 frater!

899 906 927 935 ι
965 888 1300 949 EPISTULA
1334 884 1561 944 CXLIX.

524 988 556 1034 δ
591 1005 659 1045 AD
698 1000 944 1044 CAROLUI
983 992 1510 1039 EXCELLEN'HSSIIUI
1548 987 1949 1030 IIPERATOREI.

936 1073 1115 1145 (Anno
1141 1069 1249 1128 802
1274 1068 1359 1125 vel
1386 1065 1538 1139 803.)

443 1190 765 1274 υερνεεαειιτ
797 1177 1557 1274 ρνςηῖῖςξῦθξιήι3¹Ἦ2ίξ
1583 1173 2026 1274 timete:

515 1250 686 1331 ipsum
721 1275 755 1312 α
792 1250 1057 1331 calumnia
1096 1250 1325 1331 defendit
1364 1258 1547 1330 contra
1585 1250 2023 1331 accusationesin

514 1316 674 1384 dausa
713 1323 1059 1397 asyliciert’co
1093 1316 1457 1397 Aurelianensi
1490 1316 1731 1388 prwstiti,
1767 1324 1815 1369 et
1850 1328 2024 1367 ueram

514 1407 727 1453 causam
755 1388 858 1449 o'rti
887 1390 1139 1447 tumultus
1166 1388 1370 1460 pandit.

513 1505 740 1561 Domino
762 1499 1215 1559 excellentissimo
1239 1506 1399 1568 atque
1422 1497 1570 1552 omni
1598 1496 1803 1551 honore
1827 1493 2028 1565 dignis-

444 1600 580 1656 simo
613 1595 808 1654 Carolo
844 1594 980 1666 regi,
1018 1590 1329 1662 imperatori
1363 1596 1524 1659 atque
1557 1588 1818 1658 Augusto,
1859 1586 2014 1640 victo-

442 1687 763 1751 riosissimo,
792 1684 1048 1749 maxime,
1073 1682 1278 1754 optimo
1305 1688 1467 1747 atque
1505 1676 1853 1734 serenissimo
1880 1674 2025 1729 Athi-

442 1798 545 1840 nus
582 1779 999 1844 matrieularius,
1030 1743 1313 1847 praesentis
1341 1769 1714 1843 prosperitatis
1746 1777 1801 1823 et
1831 1765 2024 1822 futura:
2053 1743 2099 1803 Β

443 1870 790 1929 beatitudinis
808 1875 1064 1924 :eternam
1090 1866 1144 1920 in
1158 1863 1393 1919 Domino
1412 1859 1522 1916 Deo
1540 1859 1757 1916 Christo
1775 1856 2022 1913 salutem.

484 1956 489 1967 ’
512 1961 572 2018 In
594 1962 768 2032 prima
791 1960 985 2015 harum
1008 1955 1148 2012 facie
1173 1954 1471 2009 litterarum
1493 1951 1624 2008 mihi
1642 1966 1709 2006 ex
1733 1957 1845 2006 toto
1866 1949 2028 2004 corde

442 2053 740 2125 gratiarum
768 2050 1013 2106 actiones
1038 2045 1265 2102 Domino
1289 2044 1400 2098 Deo
1429 2050 1616 2098 nostro
1645 2040 1878 2111 agendas
1907 2052 2028 2093 esse

431 2142 618 2207 video,
652 2155 762 2212 pro
802 2139 1061 2209 sospitate
1112 2143 1167 2190 et
1217 2133 1390 2190 salute
1437 2140 1644 2196 vestra,
1698 2146 1805 2185 non
1852 2129 2025 2184 solum

439 2233 615 2295 mihi,
675 2230 770 2286 sed
820 2228 1071 2284 omnibus
1122 2223 1444 2280 Christianis
1493 2222 1647 2278 valde
1700 2219 2024 2276 necessaria.

444 2319 648 2383 Deinde
691 2334 722 2373 a
763 2318 962 2390 pietate
989 2323 1181 2370 vestrae
1207 2313 1463 2369 bonitatis
1503 2310 1876 2367 misericordia
1902 2325 2025 2365 cor-

439 2425 573 2483 pore
603 2415 895 2483 prostrato,
927 2403 1088 2466 corde
1114 2404 1369 2468 contrito,
1395 2416 1527 2457 voce
1566 2399 1901 2472 lacrymabili
1929 2398 2025 2454 de-

441 2500 709 2575 precanda
735 2506 819 2554 est
838 2511 941 2569 pro
966 2494 1223 2550 fratribus
1250 2492 1421 2550 sancti
1452 2491 1685 2555 Martini,
1717 2491 1772 2545 in
1798 2504 2026 2559 quorum

443 2606 533 2649 me
566 2588 846 2645 servitium
873 2593 1051 2643 vestra
1083 2582 1298 2639 bonitas
1319 2581 1565 2653 quamvis
1601 2580 1779 2641 minus
1807 2579 2027 2655 dignum

443 2678 733 2750 delegavit.

510 2770 685 2830 Deum
719 2770 910 2831 invoco
937 2774 1129 2825 testem
1154 2763 1498 2822 conscientiae
1524 2779 1659 2819 mete
1675 2805 1688 2829 ,
1719 2764 1863 2833 quod
1892 2778 2029 2819 nun-

443 2876 604 2935 quam
634 2862 728 2917 eos
755 2860 890 2917 tales
913 2857 1185 2923 intellexi,
1211 2855 1398 2926 quales
1421 2856 1581 2914 audio
1608 2855 1729 2912 illos
1752 2870 1782 2909 a
1808 2855 2030 2925 quibus,

444 2958 567 3013 dam
611 2952 890 3020 denotari,
933 2950 1027 3023 qui
1068 2950 1367 3020 paratiores
1404 2957 1530 3004 sunt
1574 2962 1831 3005 accusare
1866 2960 2027 3019 quam

443 3047 672 3107 salvare.
712 3043 771 3104 In
805 3050 1066 3113 quantum
1093 3054 1221 3095 vero
1246 3039 1415 3095 videri
1443 3038 1642 3109 poterit
1666 3046 1720 3093 et
1753 3035 2023 3105 cognosci,

443 3104 601 3211 digne
628 3134 739 3189 Deo
777 3104 981 3187 faciunt
1010 3129 1187 3186 oflieia
1225 3129 1278 3184 in
1313 3104 1569 3211 ecclesias
1602 3104 2019 3193 Christi,sieut,
2048 3104 2095 3167 ο

440 3224 725 3282 verissime
749 3230 935 3288 testor,
964 3220 1257 3292 perfectius
1281 3237 1390 3276 non
1413 3221 1522 3278 vidi
1550 3219 1683 3274 alios
1704 3221 1757 3274 in
1786 3219 2025 3293 quolibet

441 3316 562 3371 loco
587 3313 944 3380 celebrantes,
983 3327 1084 3368 nec
1117 3311 1445 3381 diligentius,
1480 3310 1865 3369 consuetudine
1890 3325 2025 3380 quo-

442 3406 669 3471 tidiana,
690 3419 790 3476 pro
808 3411 989 3459 vestra
1016 3401 1400 3466 incolumitate,
1425 3409 1480 3457 et
1500 3399 1793 3455 Christiani
1815 3400 2025 3469 imperii
2062 3408 2063 3411 ‘

445 3495 737 3553 stabilitate
766 3491 1120 3549 intercedere.
1155 3489 1372 3545 Illorum
1398 3489 1662 3559 siquidem
1688 3491 2025 3545 conversatio

444 3596 498 3655 et
526 3586 633 3642 vita
662 3600 695 3641 a
714 3586 830 3640 viro
855 3581 1114 3654 perfecto,
1147 3590 1201 3637 et
1217 3579 1398 3651 judice
1422 3580 1757 3650 incorrupto,
1785 3587 1841 3636 et
1859 3582 2026 3637 misso

446 3677 591 3734 fideli
614 3688 635 3716 ο
660 3676 902 3731 Vuidone
923 3673 1095 3729 audiri
1123 3680 1317 3743 potest,
1345 3672 1435 3741 qui
1458 3686 1645 3726 eorum
1672 3671 1851 3727 omnia
1876 3685 2027 3726 scru-

447 3778 571 3826 tans
597 3753 812 3836 agnovit
837 3763 964 3833 quid
989 3762 1226 3833 egissent
1248 3761 1334 3817 vel
1358 3761 1590 3833 qualiter
1613 3761 1891 3818 vixissent.

444 3852 451 3869 '
520 3853 629 3913 Nec
653 3868 752 3923 ego
775 3852 960 3907 tardus
990 3850 1065 3906 fui
1086 3866 1179 3907 eos
1204 3851 1492 3907 admonere
1512 3850 1579 3907 de
1608 3853 1886 3908 honestate
1913 3868 2027 3909 mo-

448 3939 755 4005 nasterialis
781 3941 927 4007 vitm,
957 3941 1098 3998 sicut
1125 3942 1201 3997 illi
1226 3942 1325 4012 ipsi
1355 3950 1518 3997 testes
1542 3951 1684 4009 sunt,
1713 3943 1760 3998 si
1785 3944 1905 4013 quis
1933 3959 2025 4000 eo-

444 4047 566 4090 rum
590 4031 899 4094 testiinonio
918 4029 1244 4088 credendum
1265 4038 1450 4102 putat;
1477 4047 1651 4103 neque
1674 4032 1888 4089 illorum
1911 4033 2025 4096 scio

516 4182 1150 4264 9fmben._opist._19_5.
1280 4252 1316 4264 η
1354 4255 1367 4264 _
1427 4251 1470 4264 η
1533 4254 1551 4264 _
1588 4255 1602 4264 _
1668 4249 1671 4251 _

517 4260 548 4302 ιι
574 4258 678 4319 [se
694 4264 779 4315 est
804 4251 990 4333 titulus
1008 4254 1180 4333 ipsius
1198 4251 1715 4333 codicisjiarleiani.
1745 4253 2021 4333 Jungenda

442 4340 531 4387 est
567 4341 815 4401 praesens
843 4322 1064 4401 epistola
1107 4324 1314 4401 duabus
1355 4322 1592 4401 aliistin
1636 4339 1799 4380 causa
1838 4322 2020 4382 clerici

446 4394 981 4471 2Mtrfrligtnensis.'qui
1011 4395 1080 4450 ab
1106 4394 1359 4471 episcopo
1385 4408 1482 4448 suo
1510 4394 1565 4471 in
1591 4408 1863 4471 carcerem
1892 4410 2021 4471 con-

439 4468 615 4540 jectus
641 4466 764 4522 inde
791 4466 1004 4540 elapsus
1043 4464 1151 4540 est,
1176 4472 1231 4523 et
1268 4464 1336 4518 ad
1378 4465 1550 4540 sancti
1590 4465 1801 4540 Martini
1845 4465 2020 4521 basia-

446 4532 564 4611 eam
592 4532 985 4611 _tanquam:_ad
1025 4532 1547 4611 asylum_oonfugit,
1590 4536 1840 4611 scrupis.
1884 4551 2019 4607 quas

446 4607 673 4662 inferius
696 4603 799 4661 col.
825 4604 931 4660 ωε
958 4613 1013 4659 et
1038 4603 1151 4674 seq.
1178 4603 1514 4674 exhibemus.

451 4746 463 4758 .
520 4675 776 4758 Senserat
794 4674 1053 4757 Alcuinus
1078 4673 1338 4758 e’x_epist.r
1360 4674 1476 4758 initi
1496 4673 1660 4758 (nunc
1687 4675 1809 4748 i58)
1841 4675 2015 4731 Caroli

446 4746 794 4814 imperatoris
827 4744 1066 4799 animum
1095 4740 1353 4797 adversus
1380 4740 1573 4798 fratres
1597 4740 1958 4810 Turonénses,
1986 4762 2018 4801 a

450 4811 745 4894 Tlteodulfo
756 4814 822 4894 de
839 4813 1247 4894 inhonoratione
1263 4811 1534 4894 hominum
1551 4813 1708 4894 illius,
1724 4815 1831 4874 imo
1851 4816 2019 4884 ipsius

374 4904 379 4911 ’
445 4882 683 4954 episcopi
720 4890 881 4953 atque
917 4881 1210 4951 imperialis
1247 4896 1358 4936 suae
1393 4882 1673 4954 jgussiouis,
1714 4881 2015 4949 accusatos,

448 4952 648 5009 acriter
674 4952 1169 5022 esse’commotum,
1205 4965 1368 5022 seque
1409 4952 1581 5022 ipsum
1625 4955 2018 5022 quodammodo

444 5022 501 5077 in
529 5023 890 5092 suspicionem
917 5020 1144 5092 neglecti
1171 5020 1331 5077 oliicii
1353 5020 1658 5076 adductum“
1670 5022 1849 5077 fuisse.
1877 5023 2018 5091 Qua.

445 5090 665 5162 propter
691 5092 745 5147 in
774 5093 875 5146 hac
903 5090 1127 5162 epistola
1163 5092 1337 5162 primo
1369 5106 1490 5145 eum
1520 5092 1751 5147 maxima
1782 5090 2019 5149 submis—

444 5160 601 5218 sione
628 5160 969 5232 imperatoris
994 5160 1230 5247 animum
1250 5160 1471 5247 placare
1500 5170 1553 5216 et
1582 5162 1648 5216 ad
1679 5162 2017 5247 clementiam

446 5230 788 5287 commovere
822 5239 1079 5288 conatur:
1107 5230 1299 5285 deinde
1334 5230 1526 5285 fratres
1560 5246 1686 5287 suos
1719 5234 1786 5287 ab
1820 5233 2017 5290 in'usta

446 5300 877 5371 adversariorum
911 5300 1177 5371 delatione
1212 5299 1467 5364 defendit,
1510 5300 1731 5371 illosque
1756 5303 1808 5355 in
1830 5250 2018 5360 osfmiis

448 5370 645 5453 divinis
668 5370 999 5453 celebrandis
1030 5370 1259 5453 sedulos.
1282 5377 1337 5451 et
1373 5370 1857 5453 assiduosnullius
1890 5387 2015 5444 erga

447 5439 753 5523 episcopum
776 5439 1213 5496 Aurelianensem
1245 5439 1472 5508 injuriw,
1498 5439 1692 5495 nullius
1717 5454 1841 5509 erga
1866 5439 2017 5497 mana

448 5506 574 5580 data
599 5523 745 5580 regia
774 5510 1167 5580 inobedientiae,
1203 5509 1399 5565 nullius
1434 5510 1511 5580 ad,
1540 5525 1688 5566 reum
1729 5511 2017 5566 defenden-

447 5573 576 5631 dum
598 5573 1010 5653 conspirationis
1030 5573 1160 5634 reos
1184 5593 1302 5653 esse
1324 5579 1591 5653 ostendit;
1612 5580 1844 5653 insuper
1863 5592 2016 5653 veras

450 5645 805 5729 tumultup’et
845 5654 1128 5729 commotae
1173 5649 1439 5729 adversus.
1481 5645 2011 5729 homines_'_episcopi,

452 5730 601 5771 reum
627 5714 695 5771 ad
716 5715 898 5787 priora
918 5717 1127 5771 vincula
1148 5730 1336 5785 rapere
1358 5718 1611 5785 volentes,
1632 5714 1807 5796 plebis
1823 5714 2013 5774 causas

2048 4448 2096 4507 υ

2126 504 2214 549 tur
2240 493 2383 550 odio.
2425 494 2493 550 Et
2524 496 2741 563 mirum,
2772 496 2903 567 quid
2939 509 3000 552 se
3036 495 3089 550 in
3126 494 3358 551 alienam
3385 504 3574 551 contra
3597 495 3712 552 edi.

2122 596 2271 642 ctum
2307 585 2442 656 legis
2472 601 2705 642 messem
2746 586 2962 643 mittere
2998 584 3186 650 velint,
3225 585 3328 640 hoc
3357 585 3499 641 idem
3528 585 3711 656 prahi-

2121 679 2285 734 bente
2310 678 2525 749 egregio
2547 677 2789 743 doctore,
2817 680 2910 734 uhi
2943 679 3019 734 ait
3049 696 3063 733 :
3099 677 3177 733 Tu
3201 679 3319 750 quis
3341 695 3417 743 es,
3453 678 3545 750 qui
3583 678 3712 735 aiis.

2123 783 2247 821 nam
2286 783 2488 821 servum
2520 766 2777 837 judicas?
2814 785 2911 823 suo
2950 768 3175 822 Domino
3203 769 3361 823 stabit
3390 777 3483 823 aut
3522 768 3705 835 cadet,

2119 857 2277 912 stabit
2296 858 2529 927 quidem,
2551 869 2730 930 potens
2751 867 2826 914 est
2855 858 3106 912 Dominus
3130 868 3360 914 statuere
3379 876 3498 915 eunt
3526 861 3709 932 (ﬂant.

2122 961 2231 1010 xxv,
2270 946 2347 1019 4).
2385 946 2414 986 ά
2442 948 2616 1004 liabet
2644 949 2791 1003 enim
2818 948 3086 1018 Tyroniea
3116 950 3307 1005 civitas
3340 960 3614 1020 pastorem
3648 970 3710 1010 tl

2121 1036 2363 1092 moribus
2388 1036 2649 1102 electum,
2681 1038 2735 1092 in
2763 1037 3145 1107 praedicatione
3172 1039 3423 1095 devotum
3442 1080 3458 1106 ,
3486 1042 3580 1112 qui
3610 1044 3711 1100 tri-

2121 1126 2217 1182 tici
2240 1142 2549 1182 mensuram
2572 1125 2789 1183 familia:
2815 1126 3016 1183 Christi
3045 1127 3247 1198 optime
3276 1129 3585 1187 ministrare
3611 1147 3711 1190 no-

2123 1216 2218 1270 vit.
2252 1215 2446 1286 Vigilet
2474 1217 2844 1286 unusquisque
2881 1225 3067 1289 pastor
3095 1231 3257 1286 super
3280 1233 3501 1289 gregem
3525 1236 3706 1288 suum.

2122 1321 2191 1361 ne
2212 1305 2333 1375 quis
2355 1306 2408 1360 in
2430 1318 2496 1359 eo
2519 1306 2704 1376 gratim
2729 1305 2824 1359 Dei
2849 1304 3010 1370 desit,
3034 1313 3093 1359 ut
3116 1322 3239 1361 cum
3260 1316 3445 1378 pastor
3465 1310 3708 1371 omnium

2124 1395 2392 1459 adveniat,
2425 1395 2614 1467 dignos
2654 1410 2748 1451 eos
2792 1395 3031 1451 inveniat
3072 1406 3327 1467 perpetua
3373 1403 3710 1460 remunerari

2123 1486 2390 1542 mercede.

2194 1578 2272 1635 De
2297 1594 2562 1635 concursu
2586 1594 2715 1635 vero
2750 1589 2805 1635 et
2843 1578 3075 1634 tumultu
3099 1582 3189 1650 qui
3219 1590 3372 1637 ortus
3407 1592 3492 1639 est
3526 1586 3584 1639 in
3620 1600 3711 1642 ec-

2124 1669 2286 1726 clesia
2322 1669 2463 1725 beati
2491 1669 2736 1734 Martini,
2766 1670 2852 1725 vel
2883 1669 3029 1725 foras
3063 1670 3115 1725 in
3144 1671 3306 1736 atrio,
3335 1672 3391 1727 in
3417 1686 3708 1746 conSpectq

2125 1758 2268 1816 illius
2308 1768 2477 1816 testor
2504 1762 2595 1830 qui
2634 1761 2965 1831 singulorum
3002 1762 3164 1816 corda
3202 1763 3525 1830 considerat,
3566 1768 3710 1835 quod

2124 1868 2226 1907 nec
2252 1868 2338 1908 me
2361 1853 2695 1915 exhortante,
2728 1854 2811 1907 vel
2835 1854 3172 1923 praesciente,
3201 1855 3287 1910 vel
3309 1856 3471 1911 etiam
3496 1857 3711 1914 volente

2127 1942 2301 1997 factus
2342 1951 2453 2009 est;
2498 1959 2600 1999 nec
2626 1959 2861 2013 unquam
2894 1959 2979 1999 me
3006 1944 3193 2012 majori
3233 1961 3352 2002 esse
3379 1948 3623 2018 angustia
3652 1949 3707 2003 in

2125 2031 2314 2086 alienis
2334 2033 2592 2102 peccatis,
2622 2048 2783 2102 quam
2811 2041 2939 2088 tunc
2961 2035 3215 2105 temporis
3243 2051 3330 2091 me
3358 2035 3474 2093 fore
3498 2036 3705 2107 fateor;

2126 2138 2226 2178 nec
2260 2132 2519 2192 quantum
2557 2123 2853 2194 intelligere
2892 2124 3060 2193 potui,
3105 2124 3185 2179 vel
3230 2126 3435 2193 audire,
3481 2125 3709 2183 fratrum

2125 2216 2349 2271 consilio
2374 2216 2664 2286 quidquam
2692 2215 2816 2270 inde
2854 2226 3062 2285 gestum
3091 2228 3204 2282 est;
3244 2216 3354 2273 imo
3383 2235 3483 2276 nec
3519 2221 3711 2278 volun-

2125 2311 2291 2358 tatem
2334 2318 2517 2359 eorum
2559 2319 2848 2373 agnoscere
2888 2306 3059 2375 potui,
3104 2314 3163 2360 ut
3201 2306 3385 2376 ﬁeret;
3426 2324 3528 2366 nec
3566 2311 3711 2370 ullus

2125 2393 2293 2449 Deum
2322 2394 2537 2459 timens,
2576 2393 2661 2448 vel
2687 2410 2797 2449 suae
2828 2396 3014 2450 salutis
3042 2412 3225 2453 curam
3260 2399 3482 2465 habens,
3512 2410 3572 2455 ut
3599 2418 3708 2465 non

2125 2486 2302 2542 dicam
2344 2485 2539 2551 facere,
2588 2486 2681 2540 sed
2729 2485 2891 2545 etiam
2937 2502 3036 2544 nec
3080 2488 3317 2561 cogitare
3360 2489 3558 2547 debere
3599 2508 3708 2556 non

2127 2578 2351 2640 dubium
2380 2586 2482 2634 est.

2197 2687 2448 2757 Nunquid
2472 2698 2577 2744 non
2609 2688 2805 2745 missus
2831 2689 3170 2745 auctoritatis
3196 2698 3411 2755 vestrae,
3438 2692 3521 2747 vir
3547 2706 3708 2749 vene-

2127 2779 2314 2835 rahilis
2330 2778 2646 2834 Teothertus
2660 2779 2844 2833 decem
2865 2790 2921 2833 et
2940 2793 3132 2833 novem
3148 2779 3262 2835 dies
3280 2794 3380 2851 pro
3407 2780 3508 2844 hac
3532 2781 3709 2851 inquis

2127 2871 2324 2931 sitione
2351 2872 2490 2924 inter
2517 2884 2615 2923 nos
2641 2867 2776 2936 fuit;
2808 2870 2970 2924 etiam
2992 2879 3047 2924 et
3071 2884 3169 2939 per
3196 2870 3345 2925 vices
3363 2880 3708 2929 accusatores

2126 2960 2298 3016 nostri
2315 2974 2436 3015 cum
2460 2958 2556 3014 eo?
2568 2973 2704 3028 quos
2717 2958 2926 3014 volebat
2949 2959 3258 3030 ﬂagellavit,
3274 2976 3412 3030 quos
3425 2963 3636 3019 volebat
3651 2966 3705 3020 in

2127 3063 2372 3111 catenam
2404 3052 2570 3117 misit,
2592 3067 2727 3122 quos
2747 3052 2959 3107 volebat
2974 3051 3161 3121 iurare
3182 3053 3330 3119 fecit,
3349 3069 3484 3124 quos
3504 3054 3707 3124 placuit

2126 3146 2196 3200 ad
2210 3153 2441 3203 vestram
2462 3143 2670 3198 vocavit
2680 3143 3045 3211 praesentiam.
3064 3142 3287 3199 Frustra
3301 3158 3399 3214 ego
3413 3152 3563 3205 tanto
3576 3153 3708 3209 temo.

2124 3247 2255 3304 pore
2281 3231 2579 3289 serviebam
2607 3231 2833 3286 Domino
2862 3246 2982 3286 meo
3004 3230 3129 3286 Jesu
3165 3230 3401 3297 Christo,
3431 3234 3475 3288 si
3504 3236 3555 3288 in
3579 3242 3702 3288 tam

2126 3330 2240 3377 tum
2262 3322 2405 3377 illius
2429 3337 2517 3377 me
2540 3321 2909 3377 misericordia
2934 3331 2989 3376 et
3013 3322 3347 3392 providentia
3361 3323 3613 3388 deseruit.
3639 3328 3703 3379 ut

2125 3413 2181 3469 in
2211 3420 2321 3468 tam
2340 3413 2569 3482 impium.
2586 3411 2763 3471 scelus
2784 3412 2836 3466 in
2862 3412 3053 3470 diebus
3077 3414 3371 3469 senectutis
3395 3430 3525 3470 mete
3545 3415 3705 3471 eadm

2124 3516 2239 3558 rem
2263 3518 2279 3567 ;
2319 3501 2414 3555 sed
2438 3501 2718 3556 verissime
2739 3503 2941 3571 absque
2972 3503 3120 3558 omni
3150 3503 3487 3561 dubitatione
3507 3505 3700 3574 fateor,

2126 3604 2224 3645 nec
2274 3598 2483 3643 tantum
2532 3591 2729 3645 mereri
2770 3592 2906 3647 velle
2944 3593 3062 3655 auri
3101 3603 3359 3662 quantum
3397 3602 3507 3650 tota
3534 3597 3706 3653 habet

2126 3681 2375 3746 Francia,
2400 3689 2461 3735 ut
2487 3695 2553 3736 ex
2583 3697 2705 3737 meo
2729 3683 2953 3751 consilio
2967 3686 3046 3739 vel
3063 3686 3445 3754 prmparatione
3464 3695 3573 3742 tam
3598 3704 3701 3759 pc-

2126 3771 2388 3827 rieulosus
2411 3771 2670 3828 tumultus
2692 3773 2746 3827 in
2767 3773 3007 3831 Ecclesia
3027 3775 3223 3831 Christi
3241 3787 3384 3831 esset
3409 3779 3700 3845 adunatu’s.

2125 3862 2237 3935 Ego
2266 3877 2392 3921 vero
2417 3878 2620 3934 pauper
2646 3874 2699 3918 et
2724 3865 3039 3933 peregrinus
3086 3866 3138 3919 in
3183 3867 3282 3920 hoc
3307 3866 3503 3922 sacculo
3530 3867 3704 3933 Deum

2122 3958 2306 4020 timeo,
2325 3965 2595 4026 perpetua
2607 3956 2797 4011 salutis
2810 3956 3005 4012 animas
3021 3971 3153 4014 mete
3173 3958 3704 4030 quantulameunque

2123 4062 2307 4109 curam
2328 4048 2550 4115 habens,
2581 4064 2885 4123 quanquam
2916 4049 3093 4112 minus
3112 4052 3349 4122 perfecte
3374 4052 3479 4113 hoc
3501 4053 3556 4115 in
3585 4054 3700 4109 vita

2123 4197 2324 4273 aperit;
2352 4197 2695 4269 semetipsum
2719 4199 2951 4273 denique
2974 4201 3128 4273 initio
3157 4202 3323 4257 totius
3344 4202 3420 4258 rei
3450 4202 3697 4272 ignarum

2122 4267 2337 4340 mese,
2361 4267 2556 4340 postea
2591 4284 2716 4340 vero
2769 4269 2837 4323 ad
2860 4267 3167 4327 ’tumultum
3210 4267 3503 4339 sedandum
3561 4273 3698 4328 nihil

2122 4340 2205 4410 sui
2256 4337 2417 4393 officii
2464 4338 2814 4410 intermisisse
2859 4340 3176 4410 gravissime
3221 4337 3584 4407 contestatur;
3637 4355 3697 4399 et

2124 4406 2177 4463 in
2216 4409 2405 4482 horum
2447 4408 2685 4482 omnium
2720 4406 2884 4482 [idem
2923 4408 2990 4482 ad
3030 4411 3395 4482 testimonium
3438 4406 3697 4482 provocat

2122 4477 2387 4546 regiorum
2416 4477 2698 4531 missarum
2744 4477 2986 4536 Widonis
3026 4490 3083 4536 et
3127 4477 3694 4541 Teothertifuaximi

2117 4556 2406 4621 propterea
2415 4546 2558 4621 haec
2580 4546 2812 4621 epistola
2840 4549 3218 4621 habendaest,
3252 4552 3393 4619 quod
3440 4566 3535 4621 per
3569 4565 3694 4606 eam

2120 4615 2349 4689 celerius
2374 4615 2462 4689 illa
2488 4615 2853 4689 controversia
2879 4620 3114 4689 episcopi
3136 4615 3543 4676 Aurelianensis
3568 4637 3698 4681 cum

2120 4680 2522 4744 Turonensihus
2549 4687 2602 4757 in
2637 4687 2859 4757 pleniori
2892 4680 3009 4744 luce
3032 4680 3418 4753 constituatur,
3444 4700 3500 4745 et
3538 4691 3695 4747 inno-

2117 4758 2293 4881 (c‘entlia
2320 4757 2546 4811 istorum
2569 4756 2906 4827 (gravissima
2926 4759 3134 4823 Aleuini
3160 4760 3561 4830 testificationei
3576 4762 3700 4814 adn.

2156 4840 2236 4879 tce
2262 4840 2345 4879 ur.

2156 4835 2345 4879 lCBlUl‘.

2191 4905 2213 4932 ο
2239 4890 2482 4967 ,γίάοηα
2525 4895 2752 4962 Coniitc,
2794 4898 2882 4967 qui
2927 4898 2979 4956 in
3029 4913 3210 4953 marca
3255 4898 3545 4953 Britannia:
3575 4899 3696 4955 Cis-

2119 4964 2341 5048 marinre
2382 4966 2718 5048 prmsidebat,
2760 4964 2920 5048 quem
2962 4967 3109 5048 illuhm
3156 4968 3340 5048 ipsum
3368 4968 3534 5024 fuisse
3575 4971 3698 5048 exf-

2119 4983 2341 5046 marmze
2382 4983 2718 5047 prmsmenat,
2760 4983 2920 5092 quem
2962 4983 3109 5023 tuum
3156 4983 3327 5048 Ipsum
3368 4983 3534 5024 tuisse
3575 4984 3696 5027 exs-

2117 5043 2297 5097 stlmo,
2347 5050 2430 5090 cut
2482 5036 2737 5091 Aleuinus
2803 5039 2976 5091 ihrum
3026 5036 3102 5091 De
3145 5038 3416 5093 virtutibus
3461 5048 3510 5093 et
3553 5039 3696 5094 uitiis

2119 5104 2410 5175 inscripsit,
2438 5106 2661 5160 inferius
2699 5106 2840 5161 inter
2869 5106 3134 5175 Opuscula
3168 5105 3385 5162 Moralia
3426 5108 3695 5165 exhiben-

2118 5172 2381 5249 dum,_;uhi
2406 5177 2589 5230 videas
2626 5178 2885 5249 monitum
2912 5172 3189 5249 praevium,

2186 5242 2212 5282 ά
2253 5241 2419 5317 liabet
2447 5262 2510 5317 cn
2534 5261 2585 5307 m
2630 5242 2883 5317 Tprom‘ca
2912 5241 3106 5317 'eitvitas
3144 5255 3428 5317 pastorem,
3471 5256 3579 5302 etc.
3615 5248 3699 5305 De

2115 5308 2347 5393 Josepbo
2382 5298 2631 5393 episeopo
2659 5298 2968 5393 Turoncﬁusﬁi'
2984 5298 3253 5393 laniatui,
3272 5298 3379 5384 qui
3390 5298 3578 5393 nocte:
3599 5298 3717 5393 illa

2117 5397 2220 5451 qua
2251 5383 2507 5443 Alcuinus
2534 5383 2789 5446 decessit,
2842 5403 2863 5435 ι
2917 5383 3340 5440 inaestimalileiu
3386 5386 3697 5451 splendoris

2117 5450 2419 5520 claritatem
2464 5465 2624 5519 super
2663 5452 2946 5517 ecclesiam
2995 5456 3053 5513 S.
3084 5455 3335 5520 Martini,
3378 5450 3434 5511 ei
3469 5456 3695 5511 beatam

2117 5520 2257 5598 illius
2283 5516 2599 5598 utiimam'in
2626 5521 2820 5579 cmlum
2865 5534 3150 5598 penetrare
3177 5516 3697 5598 _vidit,_corpusque

2114 5584 2369 5654 defuncti.
2412 5589 2527 5661 pias
2567 5589 2832 5661 hcrymas
2865 5584 3119 5660 fundens,
3158 5584 3498 5653 deosculatus
3519 5584 3627 5661 est,
3660 5614 3699 5651 ι

2115 5666 2174 5713 ut
2196 5667 2383 5714 narrat
2408 5660 2638 5730 scriptor
2662 5660 2795 5718 Viue
2818 5663 3049 5732 Alcuiui,
3078 5680 3225 5719 num.
3255 5666 3327 5720 50
3361 5673 3413 5721 et
3441 5679 3557 5734 seq.
