4012 6188
275 389 380 447 397

1683 381 2034 439 EPISTOLAS
2046 425 2055 435 .

3414 389 3517 456 59s

274 494 560 568 claruisset
584 505 731 557 mea;
762 500 815 544 et
852 491 1083 544 maxime
1110 505 1250 544 nunc
1295 490 1348 547 in
1383 491 1569 545 diebus
1607 499 1850 545 senectu-
1878 499 1925 555 Α
1955 490 2053 544 diri
2105 498 2281 558 potest
2329 491 2454 560 quid
2500 492 2752 562 egissent,
2801 493 2890 561 qui
2938 502 2992 549 et
3035 494 3134 564 ipsi
3179 493 3520 576 iuraverunt,

275 587 348 644 tis
369 595 427 640 et
449 581 782 639 inﬁrmitatis
807 593 940 635 mete
972 581 1380 649 praecavendum
1408 581 1559 653 mihi.
1588 579 1719 651 Novi
1747 589 1855 635 tam

275 672 727 746 immanissimum
763 671 982 728 sceleris
1028 671 1268 746 pondus,
1309 672 1401 742 qui
1434 671 1697 742 judicium
1735 673 1858 728 vita:

275 782 410 824 mea:
430 764 566 821 mihi
596 757 1054 836 appropinquasse
1097 777 1202 816 non
1229 761 1436 832 ignoro.
1485 759 1652 836 Hujus
1671 760 1858 834 judicii

273 858 473 922 timore
513 871 546 910 a
584 854 814 909 tumultu
852 850 1008 920 hujus
1045 850 1224 906 saeculi
1269 858 1463 904 vestra:
1510 849 1859 905 beatitudinis

273 945 503 1006 consilio
546 960 635 999 me
667 943 912 1010 liberavi,
959 950 1019 996 ut
1059 942 1271 1011 quietus
1302 942 1410 996 Deo
1449 941 1548 996 soli
1575 942 1856 1004 servirem,

271 1054 378 1112 pro
409 1038 672 1106 vobisque
711 1036 766 1089 in
793 1035 1280 1090 remunerationem
1315 1033 1554 1087 omnium
1595 1034 1858 1087 bonorum

271 1143 396 1198 qua:
426 1127 562 1182 mihi
589 1126 699 1180 Deo
723 1125 1048 1196 propitiante
1083 1124 1286 1194 egistis,
1334 1121 1665 1192 quotidianis
1695 1122 1862 1176 inter-

279 1218 530 1274 cederem
555 1215 827 1286 lacrymis.

346 1307 615 1372 Ceterum
646 1304 804 1372 hujus
841 1304 1099 1362 tumultus
1142 1305 1406 1358 rationem
1447 1302 1737 1358 secundum
1777 1315 1860 1354 ve-

277 1398 512 1459 ritatem,
539 1405 798 1466 quantum
821 1395 1115 1464 intelligere
1135 1395 1294 1454 valui.
1318 1403 1511 1454 vestra:
1531 1391 1859 1447 excellentiae

277 1483 513 1554 pandere
551 1498 657 1538 non
695 1484 973 1546 erubesco,
1025 1483 1224 1537 nemini
1269 1497 1497 1552 parcens
1530 1496 1637 1551 quo
1681 1481 1858 1534 minus

275 1570 490 1638 veritati
531 1565 899 1624 testimonium
934 1569 1226 1640 proferam.
1265 1569 1490 1624 Videtur
1536 1569 1680 1623 enim
1728 1568 1859 1622 mihi

277 1662 482 1734 pullum
507 1661 631 1732 plus
652 1675 904 1733 peccasse
927 1662 983 1717 in
1008 1662 1168 1732 hujus
1194 1660 1484 1730 impietatis
1506 1658 1670 1724 facto,
1697 1673 1859 1728 quam

279 1752 556 1809 custodem
591 1753 735 1808 illius
759 1753 1025 1818 scelerati,
1053 1769 1118 1808 ex
1146 1751 1300 1822 cujus
1341 1753 1662 1822 negligentia
1708 1761 1855 1823 tanta

1957 577 2152 632 nullius
2175 593 2232 633 se
2259 579 2360 634 hoc
2390 581 2563 648 ipsum
2601 582 2774 652 egisse
2818 583 3049 648 hortatu,
3083 585 3186 640 nisi
3213 601 3278 649 ex
3321 585 3522 660 impetu

1956 669 2192 722 stultitiae
2216 682 2346 723 suae.
2373 668 2483 726 Nec
2506 670 2644 725 ullus
2673 687 2736 726 ex
2765 674 2934 741 vassis
2975 674 3144 729 sancti
3191 673 3403 730 Martini
3452 658 3522 734 ibi

1957 756 2075 822 fuit,
2099 758 2200 812 nisi
2230 773 2370 812 unus
2389 757 2725 828 Amalgarius
2754 763 2967 818 nomine
2991 765 3082 833 qui
3111 780 3317 820 mecum
3338 764 3525 837 eadem

1958 846 2058 906 fuit
2086 850 2233 925 hora,
2277 866 2436 920 quem
2475 854 2654 908 statim
2703 855 2823 909 misi
2859 871 2980 932 cum
3017 857 3137 925 aliis
3163 857 3417 913 fratribus
3457 859 3527 914 ad

1958 938 2248 993 sedandum
2297 941 2620 1012 tumultum,
2665 944 3014 1014 hominesque
3070 947 3360 1002 venerandi
3408 949 3523 1016 epi—

1959 1031 2103 1103 scopi
2128 1031 2338 1108 eripere
2363 1032 2427 1086 de
2453 1034 2698 1088 manibus
2719 1036 2917 1104 populi,
2953 1051 3017 1090 ne
3050 1037 3176 1105 quid
3206 1038 3329 1090 mali
3361 1038 3412 1091 in
3436 1039 3528 1094 eos

1957 1130 2165 1191 gestum
2191 1131 2364 1188 esset;
2405 1125 2495 1193 qui
2529 1126 2711 1180 sedato
2742 1126 2969 1181 tumultu
3000 1128 3141 1182 ducti
3170 1135 3294 1183 sunt
3323 1129 3377 1182 in
3408 1144 3524 1184 mo~

1960 1210 2270 1275 nasterium,
2299 1211 2388 1264 ubi
2419 1211 2552 1265 salvi
2580 1227 2697 1266 esse
2725 1214 3057 1282 potuissent;
3098 1216 3188 1282 qui
3229 1223 3376 1268 tanto
3405 1215 3529 1270 odio

1960 1309 2277 1355 exarserunt
2305 1301 2358 1354 in
2387 1315 2490 1366 me,
2535 1311 2594 1354 ut
2639 1303 2834 1357 bonum
2879 1305 3023 1373 quod
3063 1305 3140 1358 eis
3158 1303 3295 1372 jussi
3329 1304 3523 1380 facere,

1961 1389 2014 1443 in
2046 1390 2240 1461 malum
2263 1391 2522 1445 verterint
2559 1393 2818 1457 dicentes,
2849 1407 2936 1446 me
2973 1393 3026 1447 in
3054 1395 3398 1464 opprobrium
3427 1395 3531 1462 illis

1959 1481 2197 1550 eulogias
2219 1481 2494 1547 direxisse,
2528 1483 2666 1551 quod
2693 1483 2910 1556 omnino
2938 1481 3279 1538 falsissimum
3308 1492 3411 1549 est,
3435 1497 3530 1547 ne:

1961 1570 2193 1624 scientes
2223 1571 2487 1640 siquidem
2523 1587 2607 1625 me
2639 1571 2914 1627 Dominico
2943 1573 3204 1638 imbutum
3233 1587 3352 1628 esse
3393 1588 3533 1642 pra»

1959 1668 2132 1730 cepto,
2159 1661 2248 1730 qui
2280 1662 2352 1733 ait
2381 1680 2391 1736 ς
2429 1662 2719 1732 Bcnefacite
2753 1663 2828 1716 his
2854 1664 2940 1733 qui
2967 1663 3166 1729 oderint
3199 1681 3283 1736 vos
3314 1663 3526 1742 (Matth.

1962 1765 2016 1821 v,
2047 1749 2155 1819 Μ).

275 1842 414 1914 mala
442 1849 631 1911 postea
652 1849 838 1909 exorta
876 1852 1018 1900 sunt.
1049 1841 1118 1898 Ut
1153 1857 1273 1897 cum
1311 1857 1440 1911 pace
1465 1857 1650 1902 eorum
1680 1843 1852 1914 dicam
1892 1835 1930 1892 Β
2029 1841 2154 1896 Haec
2181 1849 2364 1896 sancta
2403 1843 2572 1910 pietas
2592 1850 2787 1905 vestra,
2813 1842 3037 1904 Domine
3066 1842 3323 1912 piissime,
3355 1845 3530 1900 censi-

273 1930 367 2010 qui
400 1923 500 1986 has
533 1930 743 1986 litteras
769 1930 944 2001 legere
970 1931 1202 1995 audiant,
1244 1928 1443 1997 justius
1488 1932 1697 1990 aestimo
1735 1945 1854 1989 esse

279 2021 444 2090 illum,
479 2021 634 2090 cujus
663 2021 980 2091 negligentia
1023 2020 1109 2076 ille
1139 2037 1263 2082 reus
1301 2021 1482 2095 lapsus
1512 2033 1594 2080 est
1640 2027 1706 2080 de
1740 2027 1855 2080 vin-

277 2112 432 2176 culis,
461 2112 651 2169 eadem
673 2112 780 2184 pati
809 2109 1038 2182 vincula,
1077 2131 1237 2185 quam
1264 2117 1510 2171 eumdem
1541 2131 1690 2184 reum
1720 2115 1857 2186 fugi-

279 2204 448 2261 tivum
477 2208 547 2263 ad
571 2207 768 2262 Christi
798 2207 891 2262 Dei
919 2209 1087 2263 nostri
1114 2215 1168 2262 et
1192 2216 1499 2262 sanctorum
1541 2208 1657 2278 ejus
1677 2215 1857 2278 patro-

279 2295 440 2362 cinia,
469 2295 536 2351 de
577 2295 805 2350 ecclesia
835 2296 902 2350 ad
928 2296 1114 2350 eadem
1158 2295 1306 2350 reddi
1346 2295 1555 2349 vincula
1580 2312 1594 2361 ;
1627 2310 1726 2350 nec
1754 2296 1856 2350 hoc

279 2403 342 2442 ex
386 2403 507 2443 mea
551 2388 726 2443 dicam
772 2388 1147 2454 aastimatione,
1194 2389 1288 2444 sed
1327 2389 1534 2444 Domini
1575 2390 1856 2445 roboratus

279 2495 548 2543 sermone,
583 2480 675 2549 qui
703 2480 1017 2551 prophetam
1046 2481 1158 2549 regi
1185 2479 1500 2544 Israelitico,
1527 2481 1620 2549 qui
1654 2480 1858 2535 dimisit

284 2584 462 2640 regem
507 2567 679 2640 Syria:
727 2571 794 2625 de
837 2571 1083 2636 manibus
1129 2570 1259 2634 suis,
1283 2569 1444 2639 jussit
1479 2571 1695 2626 dicere:
1727 2569 1858 2624 Ha'c

281 2662 404 2726 dicit
429 2661 703 2728 Dominus,
725 2665 848 2734 quia
869 2663 1114 2718 dimisisti
1136 2664 1300 2717 virum
1325 2662 1538 2732 dignum
1561 2673 1743 2728 morte,
1762 2662 1858 2716 erit

282 2753 459 2810 anima
498 2763 590 2808 tua
611 2770 704 2825 pro
731 2754 907 2812 anima
937 2754 1050 2823 ejus
1081 2752 1200 2824 (111
1227 2752 1356 2824 Reg.
1386 2768 1478 2816 xx,
1506 2751 1618 2823 42).

353 2841 554 2896 Deinde
576 2842 809 2897 secundo
826 2841 942 2897 loco
960 2841 1272 2896 incitatores
1289 2855 1408 2894 esse
1422 2838 1580 2908 hujus
1602 2839 1858 2894 tumultus

283 2931 542 3001 intelligo,
574 2932 665 3003 qui
703 2932 898 2987 armati
928 2939 1188 2987 venerunt
1217 2931 1407 3002 majori
1447 2945 1671 2985 numero
1696 2944 1857 2998 quam

278 3038 418 3092 opus
445 3009 608 3090 esset,
639 3023 704 3076 de
733 3023 952 3078 civitate
978 3023 1266 3079 Aureliana
1298 3023 1350 3078 in
1386 3022 1659 3078 civitatem
1690 3020 1858 3090 Tyro-

279 3105 484 3181 nicam.
518 3113 743 3168 Maxime
767 3115 892 3183 quia
913 3113 1058 3169 fama
1084 3114 1322 3170 cucurrit
1342 3128 1440 3183 per
1467 3127 1628 3167 aures
1655 3109 1856 3180 populi,

1957 1932 2128 1997 deret,
2166 1946 2458 2000 verumque
2503 1939 2812 2002 cognoscat,
2855 1940 2909 1986 et
2955 1933 3274 2002 propitietur
3315 1931 3530 1988 famulis

1957 2024 2068 2082 suis
2097 2024 2150 2081 in
2181 2023 2270 2078 Dei
2314 2024 2694 2092 omnipotentis
2739 2038 2941 2088 amore,
2993 2033 3045 2078 et
3093 2027 3259 2080 sancti
3315 2025 3529 2095 Martini

1957 2116 2331 2171 intercessoris
2373 2113 2534 2171 vestri
2583 2114 2805 2175 honore,
2849 2115 2939 2183 qui
2986 2129 3197 2183 semper
3240 2116 3538 2175 honoratus

1956 2206 2057 2262 fuit
2084 2208 2136 2261 in
2167 2221 2332 2277 regno
2357 2215 2410 2261 et
2440 2221 2468 2260 a
2500 2207 2718 2276 regibus
2756 2206 3106 2262 Francorum.
3149 2205 3396 2264 Solemus
3422 2207 3549 2278 Deo‘

1957 2294 2134 2350 dicere
2176 2295 2230 2363 in
2282 2295 2617 2359 confessione
2667 2305 3010 2369 peccatorum
3052 2307 3359 2372 nostrorum
3405 2317 3418 2351 ε
3471 2299 3534 2355 Si

1956 2385 2252 2452 iniquitates
2278 2387 2642 2450 observaveris,
2681 2386 2919 2453 Domine,
2957 2387 3195 2456 Domine,
3234 2391 3349 2460 quis
3383 2391 3534 2444 susti-

1959 2476 2093 2529 nebit
2133 2475 2306 2550 (Psal.
2354 2491 2548 2541 cxxrx,
2593 2476 2683 2548 3)?
2718 2476 2968 2532 Dicamus
3008 2487 3061 2532 et
3111 2479 3226 2544 tibi,
3263 2479 3390 2549 quia
3433 2496 3532 2536 no-

1957 2567 2278 2622 bilissimum
2319 2567 2556 2638 ejusdem
2600 2567 2790 2636 capitis
2819 2575 2872 2622 te
2905 2569 3204 2623 membrum
3235 2584 3355 2625 esse
3381 2572 3533 2625 novi-

1959 2673 2080 2730 mus
2109 2675 2121 2709 :
2151 2656 2196 2711 si
2226 2657 2538 2726 iniquitates
2561 2651 2949 2733 observaveris,
2975 2659 3190 2714 domine
3220 2661 3532 2732 imperator,

1959 2749 2080 2817 quis
2107 2747 2428 2802 sustinebit?
2469 2747 2719 2812 Maxime,
2747 2749 2871 2818 quia
2901 2749 3146 2818 specialis
3174 2753 3346 2820 virtus
3382 2735 3536 2820 boni;

1958 2847 2060 2904 tas,
2085 2847 2246 2906 atque
2275 2837 2391 2892 laus
2431 2838 2813 2909 imperatorum
2859 2854 3070 2910 semper
3103 2839 3202 2896 fuit
3247 2842 3532 2901 clementia

1959 2929 2013 2991 in
2039 2927 2306 2999 subjectos
2335 2943 2478 2992 suos,
2518 2928 2570 3000 in
2597 2936 2822 2996 tantum,
2869 2938 2928 2984 ut
2975 2930 3126 2986 Titus
3172 2933 3556 3000 nobilissimus-

1959 3019 2251 3088 imperator
2275 3019 2390 3073 ait:
2424 3019 2696 3080 Neminem
2739 3021 2803 3074 ab
2850 3023 3158 3091 imperatore
3207 3025 3404 3080 tristem
3446 3016 3537 3079 de?

1962 3112 2076 3164 bere
2111 3109 2362 3164 recedere.
2401 3108 2634 3165 Lmtiﬁca
2664 3110 2872 3166 animos
2898 3126 3174 3172 servorum
3204 3120 3418 3179 tuorum
3441 3129 3537 3188 per

278 3203 353 3271 ad
386 3202 487 3256 hoc
517 3217 605 3257 eos
633 3205 841 3258 venisse
877 3214 933 3258 ut
964 3204 1223 3259 violenter
1254 3204 1554 3272 rapuissent
1583 3216 1727 3266 eum,
1766 3201 1857 3269 qui
1883 3169 1932 3233 ο
1964 3200 2346 3254 misericordiae
2384 3208 2489 3254 ture
2539 3215 2731 3256 munus
2774 3200 3131 3268 altissimum;
3179 3184 3567 3280 supercxaltet'

280 3291 598 3364 confugerat
636 3294 702 3347 ad
738 3295 1034 3364 patrocinia
1073 3294 1328 3350 Ecclesia:
1377 3292 1576 3347 Christi
1621 3301 1677 3347 et
1717 3293 1858 3363 beati

285 3381 526 3457 Martini.
557 3383 684 3439 illud
710 3385 875 3438 etiam
901 3382 1105 3455 [Forte,
1127 3381 1293 3454 enim]
1324 3395 1607 3436 commune
1633 3387 1716 3435 est
1743 3395 1860 3434 oms-

283 3475 446 3549 pibus
472 3475 686 3544 ubique,
724 3475 866 3546 quod
897 3476 1118 3546 moleste
1145 3474 1338 3539 ferant,
1383 3489 1508 3529 suos
1537 3474 1860 3530 dehonorari

281 3573 525 3621 sanctos.
558 3564 825 3620 Fortassis
854 3574 905 3620 et
933 3565 1019 3628 ille
1048 3566 1210 3621 miser
1241 3566 1486 3631 hortatus
1509 3571 1592 3636 est
1617 3562 1685 3618 ad
1711 3579 1861 3618 man-

282 3656 495 3719 sionem
533 3670 682 3710 suam
710 3656 936 3726 rusticos
967 3656 1239 3728 venientes
1268 3655 1406 3709 inter
1447 3654 1656 3724 pocula,
1685 3662 1743 3709 ut
1771 3655 1865 3710 de-

285 3746 570 3818 tenderent
592 3747 887 3804 Ecclesium
920 3749 1088 3805 sancti
1117 3747 1352 3812 Martini,
1390 3762 1455 3804 ne
1481 3746 1745 3802 violenter
1784 3761 1861 3801 ra-

285 3848 509 3912 peretur
543 3840 610 3894 ab
634 3854 717 3894 ea.

1961 3291 2326 3356 misericordia
2354 3292 2631 3362 judicium,
2675 3293 2762 3363 qui
2795 3294 3055 3353 maximas
3080 3294 3317 3366 perfidia:
3351 3295 3536 3365 culpas

1963 3381 2016 3436 in
2041 3390 2273 3438 vestram
2294 3390 2654 3456 peccaverunt
2684 3380 2756 3454 [F
2759 3393 2886 3447 orte,
2918 3383 3274 3456 peccantium]
3303 3387 3566 3440 auctori—'

1963 3483 2128 3531 tatem
2157 3473 2408 3530 laudabili
2449 3473 2650 3544 pietate
2690 3474 2987 3543 perdonare
3019 3474 3289 3543 potuistis".
3317 3473 3538 3545 Ignosce

1962 3565 2261 3622 infelicitati
2291 3573 2489 3620 nostra:
2527 3564 2816 3618 secundum
2847 3563 3142 3630 piissimam
3186 3563 3537 3632 sanctissima:

1965 3658 2159 3712 mentis
2193 3665 2386 3712 vestrm
2427 3655 2778 3716 nobilitatem,
2807 3667 2968 3724 quam
3017 3667 3228 3727 semper
3261 3656 3452 3733 agnovi
3483 3657 3535 3712 in

1964 3749 2143 3802 animo
2173 3746 2452 3815 sapientia
2491 3753 2684 3800 VQSll'a!
2730 3743 3046 3819 mirabiliter
3065 3747 3277 3820 vigere;
3316 3755 3371 3802 et
3399 3747 3537 3824 sicut

1965 3838 2132 3893 David
2160 3838 2373 3910 Patrem
2419 3833 2620 3902 Christi
2664 3835 2938 3912 laudatum
2970 3829 3197 3906 legimus
3237 3839 3292 3912 in
3327 3839 3540 3908 miseri:-

364 3925 546 3980 Tertia
569 3926 667 3981 fuit
689 3927 846 3998 hujus
881 3929 1137 3984 tumultus
1165 3928 1458 4000 instigatio,
1494 3928 1620 3982 dum
1647 3934 1864 3982 sanctus
1965 3925 2557 4002 cordiaemagnitudine
2590 3933 2646 3980 et
2669 3925 2920 4002 aequitate
2943 3925 3300 3995 judiciornm;
3347 3929 3423 3990 ita
3449 3943 3540 3994 veg

284 4014 451 4074 Pater
491 4025 545 4072 et
577 4015 815 4087 pontifex
860 4026 1042 4074 noster
1068 4019 1229 4075 nimis
1271 4019 1641 4089 inopportune,
1672 4016 1866 4089 populo
1965 4027 2130 4084 stram
2161 4016 2546 4074 beatitudinem
2567 4032 2778 4086 semper
2806 4017 2858 4071 in
2897 4015 2980 4072 his
3009 4017 3324 4074 meritorum
3370 4018 3541 4074 titulis

285 4114 575 4195 praesente,
601 4107 820 4162 intravit
847 4108 1126 4164 ecclesiam
1170 4125 1290 4166 cum
1319 4109 1624 4166 hominibus
1664 4108 1757 4178 qui
1797 4108 1864 4164 ad
1965 4108 2287 4184 laudabilem
2331 4117 2492 4189 atque
2537 4107 2964 4195 praedicabilem,
3009 4105 3228 4179 Christo
3271 4108 3537 4189 donante,

289 4185 607 4265 rapiendum
641 4196 852 4253 venisse
875 4213 1024 4253 reum
1068 4200 1426 4270 putabantur;
1462 4199 1556 4256 sed
1585 4198 1724 4255 forte
1763 4199 1866 4272 hoc
1967 4217 2086 4266 esse
2118 4185 2487 4272 cognovimus.
2543 4185 2551 4200 ”

289 4281 421 4338 fecit
447 4284 609 4351 corde
630 4285 878 4356 simplici,
907 4287 1042 4342 nihil
1072 4289 1198 4343 mali
1224 4303 1292 4343 ex
1317 4289 1418 4343 hoc
1445 4288 1687 4344 accidere
1708 4302 1867 4360 posse
2036 4295 2385 4364 Omnipotens
2417 4295 2558 4350 Deus
2592 4293 2750 4356 Pater
2771 4308 2868 4362 per
2894 4293 3110 4348 unicum
3137 4293 3328 4349 Filium
3359 4308 3536 4356 suum.

286 4376 591 4432 aestimans.
615 4375 738 4434 Haec
767 4379 955 4434 videns
984 4379 1169 4450 vulgus
1217 4379 1506 4452 indoctum,
1537 4379 1626 4450 qui
1656 4394 1868 4450 semper
1967 4383 2251 4439 Dominum
2281 4391 2522 4437 nostrum
2557 4381 2738 4437 .lesum
2774 4381 3066 4444 Christum,
3098 4381 3152 4435 in
3191 4380 3394 4452 Spiritu
3436 4380 3537 4436 Pa—

290 4480 381 4521 res
410 4466 847 4525 inconvenientes
887 4470 1004 4526 sine
1029 4471 1252 4526 consilio
1281 4485 1440 4542 agere
1471 4471 1623 4533 solet,
1655 4471 1868 4532 concla-
1895 4502 1944 4562 υ
1969 4470 2173 4540 raclyto
2200 4471 2346 4526 omni
2371 4469 2738 4525 benedictione
2768 4477 2821 4522 et
2851 4469 3110 4536 sapientia
3134 4483 3231 4524 cor
3259 4471 3541 4526 beatitudi-

290 4564 532 4620 marunt,
559 4557 626 4613 ad
654 4556 823 4614 fustes
847 4569 1222 4626 cucurrerunt,
1253 4560 1415 4630 aliqui
1445 4561 1658 4632 impigri
1679 4577 1708 4616 a
1737 4561 1867 4618 foris

286 4655 588 4710 venerunt,
642 4649 767 4703 dum
819 4649 967 4720 signa
1023 4665 1216 4706 sonare
1264 4652 1590 4727 audierunt,
1639 4667 1865 4722 quorum

289 4737 463 4791 motio
497 4751 595 4806 per
640 4738 972 4794 indoctorum
1020 4756 1208 4795 manus
1249 4741 1550 4816 ministrata
1587 4751 1689 4804 est,
1731 4743 1871 4798 sicut

288 4828 622 4898 exquisitum
648 4837 730 4884 est
760 4846 789 4884 a
820 4839 1012 4886 vestra:
1039 4832 1373 4896 auctoritatis
1414 4832 1620 4894 missis,
1670 4833 1776 4887 imo
1817 4841 1872 4886 et

287 4921 362 4973 ab
384 4920 515 4987 ipsis
541 4921 949 4975 accusatoribus
978 4923 1194 4977 nostris.
1225 4921 1357 4975 Nam
1388 4922 1492 4975 illis
1521 4924 1872 4992 praasentibus

284 5015 540 5061 sanctum
565 5006 787 5066 allatum
824 5016 904 5076 est
931 5009 1298 5080 Evangelium,
1336 5009 1479 5076 ligno
1516 5019 1716 5067 sancta:
1751 5027 1872 5066 cru-

282 5099 374 5164 cis
421 5099 799 5174 superposito;
859 5115 1205 5170 quoscunque
1254 5101 1534 5171 jusserunt
1579 5101 1762 5170 jurare
1806 5117 1871 5156 ex

281 5191 592 5258 fratribus,
651 5191 910 5257 fecerunt.
968 5191 1185 5247 Fratres
1237 5207 1364 5246 vero
1405 5193 1680 5247 audientes
1723 5194 1872 5264 signa

279 5282 664 5353 prosiluerunt
687 5282 753 5338 de
781 5282 1067 5340 refectorio
1097 5283 1164 5338 ad
1203 5284 1479 5339 sciendum
1524 5299 1621 5356 pro
1657 5299 1760 5354 qua
1791 5299 1877 5338 so-

279 5372 542 5428 nuissent
581 5388 745 5431 causa
772 5389 785 5426 :
813 5372 902 5443 qui
947 5373 1221 5429 venientes
1260 5383 1519 5443 quantum
1568 5381 1873 5444 potuerunt,

273 5471 359 5519 ut
397 5463 612 5530 audivi,
663 5465 988 5520 sedaverunt
1025 5463 1338 5532 tumultum;
1396 5465 1496 5519 nisi
1541 5465 1630 5534 qui
1675 5464 1874 5519 inventi

272 5561 428 5612 sunt
454 5562 514 5609 ut
545 5555 756 5611 aestimo
783 5554 1041 5617 infantes,
1066 5555 1155 5624 qui
1185 5566 1376 5611 vestrae
1403 5557 1547 5612 ducti
1582 5564 1707 5612 sunt
1739 5571 1877 5627 prm-

267 5644 510 5710 srntite,
548 5645 604 5700 in
648 5643 740 5701 illo
771 5652 1130 5716 peccaverunt
1170 5659 1458 5712 concursu,
1494 5661 1523 5699 a
1555 5647 1750 5716 quibus
1792 5663 1881 5700 an-

377 5789 400 5814 σ·
444 5775 586 5852 ﬁdit.
609 5774 862 5865 Quercet.
890 5778 981 5846 53,
1005 5777 1186 5833 Canis.
1211 5777 1298 5848 48,
1322 5777 1552 5853 Froben.
1583 5779 1699 5831 ill.

1969 4561 2054 4615 nis
2082 4570 2276 4615 vestras
2305 4560 2584 4623 illuminet,
2628 4559 2852 4628 repleat,
2895 4566 3058 4628 atque
3096 4559 3346 4624 lzetitlcet.
3391 4563 3544 4617 nobi-
3581 4575 3583 4578 ‘

1970 4649 2292 4718 lissimaaque
2313 4647 2447 4716 proli
2465 4655 2658 4701 vestra:
2679 4655 3011 4716 perpetuam,
3034 4647 3088 4702 in
3113 4648 3338 4703 salutem
3363 4651 3540 4720 populi

1970 4737 2284 4802 Christiani,
2329 4737 2738 4806 prosperitatem
2792 4738 3088 4808 perdonare
3135 4738 3409 4810 dignetur,
3459 4742 3545 4795 do-

1973 4831 2116 4885 mine
2157 4828 2666 4893 desiderantissime,
2711 4830 2913 4900 optime
2962 4840 3122 4899 atque
3169 4830 3546 4902 augustissime

1971 4929 2126 4988 pater
2155 4920 2370 4989 patrimi

2143 5009 2355 5065 Floreat
2379 5017 2432 5065 et
2458 5011 2634 5080 vigeat
2663 5009 2848 5079 sophia
2875 5011 3071 5066 virtute
3097 5009 3382 5079 triumphis

2188 5099 2301 5155 ilex
2332 5099 2499 5154 David
2528 5115 2777 5169 magnum
2805 5099 3025 5172 Magnus
3051 5101 3102 5156 in
3131 5115 3223 5155 ore
3251 5100 3435 5178 decus.

2474 5223 2499 5249 ι
2540 5209 2872 5266 EPISTOLA
2907 5210 3011 5266 CL.

2585 5295 2652 5334 an
2691 5294 2930 5346 usuaun.

2573 5369 2761 5438 (Anno
2807 5369 2964 5441 802.)

2055 5461 2188 5517 Petit
2208 5480 2241 5516 a
2258 5460 2447 5517 .llau'ro
2471 5459 2733 5529 (Rabauo)
2772 5460 3002 5518 libellum
3021 5463 3120 5518 sibi
3144 5463 3475 5534 promissum.

2051 5551 2336 5608 Benedicto
2362 5552 2530 5606 sancti
2556 5550 2825 5623 Benedicti
2864 5552 2892 5592 ιδ
2923 5568 3093 5641 puero
3116 5552 3301 5628 Mauro
3324 5553 3553 5612 Albinus

1983 5647 2233 5704 salutem.
3482 5663 3486 5668 '

2056 5782 2081 5820 ιι
2125 5781 2294 5857 Puero
2327 5779 2534 5859 Mauro.
2577 5781 2631 5839 in
2659 5783 2890 5855 editione
2919 5784 3240 5850 Quercetanl
3288 5783 3400 5836 hrec
3437 5779 3547 5846 θρι-
3591 5785 3596 5792 ·
