4012 6188
1731 350 2120 415 ΕΡΙὸΤΟΙμΕν
2200 388 2211 397 ι

3445 363 3558 435 ιω

290 464 475 543 huius,
503 471 573 527 ad
588 471 881 542 discipulos
899 484 1044 530 suos.
1071 470 1162 529 vel‘
1178 473 1430 545 magi'ssd
1446 486 1635 527 eorum
1659 485 1875 528 succes-
1900 487 1948 545 Α
1976 472 2291 530 dilectionis-
2317 468 2567 530 deferens
2604 474 2873 546 syllabas,
2898 473 2988 533 cui
3020 473 3321 541 diarum
3344 487 3555 541 nostros

287 574 445 617 iores
468 577 485 613 :
512 557 585 614 In
604 560 800 614 mundo
831 576 1126 630 pressura":
1167 561 1452 623 habebitis;
1478 558 1573 614 sed
1606 558 1872 627 conﬁdite,

287 667 387 722 ego
404 651 507 706 sici
528 651 784 705 maduit
812 650 993 722 (Jaan.
1019 667 1132 717 IV],
1161 651 1273 723 55).
1313 650 1576 707 Memores
1614 665 1735 706 esse
1775 651 1872 706 tle-

288 742 517 808 bemus,
564 743 695 812 quid
728 744 856 812 ipsa
881 743 1092 799 Veritas
1120 743 1477 799 tentatoribus
1510 743 1897 812 suis-respon-a

282 832 413 891 dit:
444 831 669 888 Reddite
696 832 897 888 Emori
914 850 1032 905 qua:
1057 833 1285 889 Caesaris
1325 838 1476 897 sunt,
1516 838 1565 887 et
1608 828 1717 887 Deo
1755 844 1872 901 qua!

280 921 389 978 Dei
433 931 558 977 sunt
587 921 803 993 (Matth.
834 936 980 988 xxn,
1006 922 1119 993 2|).
1177 922 1235 979 Si
1285 922 1581 994 apostolico
1623 920 1872 990 exemplo

286 1009 556 1075 1vivamus,
579 1020 639 1066 et
667 1025 957 1081 pauperem
993 1026 1216 1081 agamus
1238 1010 1405 1067 vitam
1430 1011 1485 1065 in
1505 1010 1699 1074 terris,
1731 1009 1871 1065 sicut

284 1100 369 1161 ili
393 1103 664 1168 fecerunt,
678 1105 866 1160 seculi
891 1105 1168 1160 servitium
1186 1098 1331 1172 iuste
1353 1096 1698 1163 abdicantuSt
1727 1114 1870 1155 nune

281 1195 616 1251 verosaeculi
639 1195 906 1265 principes
932 1195 1133 1250 habent
1151 1192 1375 1261 justam,
1399 1202 1459 1249 ut
1482 1194 1712 1257 videtur,
1740 1207 1869 1246 cau-

284 1301 403 1341 sam
427 1285 725 1340 Ecclesiam
762 1284 963 1341 Christi
1006 1286 1227 1341 servitio
1248 1300 1346 1340 suo
1374 1285 1698 1356 opprimere.
1728 1284 1864 1337 Dum

281 1376 474 1431 beatus
499 1375 696 1450 Paulus
717 1375 989 1444 apostolus
1018 1374 1197 1431 Titum
1227 1374 1479 1429 dilectum
1512 1372 1679 1428 ﬁlium
1707 1386 1865 1427 suum

282 1466 350 1522 ὼ
374 1465 603 1535 singulis
643 1465 1029 1521 ecclesiastica:
1064 1464 1344 1534 dignitatis
1375 1462 1571 1519 ofﬁciis
1610 1462 1862 1526 instruit,

280 1555 361 1611 Iit
399 1555 545 1611 inter
567 1562 761 1613 cetera
790 1571 803 1608 ι
829 1554 1065 1609 Admone
1093 1553 1213 1609 illos
1240 1553 1427 1626 (quos,
1458 1553 1561 1608 nisi
1603 1551 1864 1608 Christia-

281 1646 439 1716 nos?)
463 1645 789 1715 principibus
824 1653 873 1699 et
901 1645 1240 1713 potestatibus
1263 1642 1497 1698 subditos
1533 1658 1643 1698 esse
1662 1681 1678 1708 ,
1721 1642 1861 1696 dicto

275 1735 530 1809 obedire;
550 1734 631 1791 ,πά
653 1750 804 1789 omne
827 1750 956 1807 opus
981 1733 1172 1787 bonum
1211 1738 1424 1805 paratos
1451 1748 1563 1787 esse
1601 1730 1728 1803 (Tit.
1772 1737 1857 1797 ut,

1975 564 2338 633 responsionis
2355 565 2715 634 posuimusin
2741 582 2921 624 manu.
2959 567 3111 636 Quod
3151 582 3240 625 me
3278 570 3553 629 tarditatis

1972 653 2057 709 vel
2083 653 2418 724 negligentia:
2451 655 2689 713 scribere
2708 655 2826 729 μ’..
2854 658 2909 713 in
2938 657 3247 733 scribendo]
3274 660 3427 719 vobis
3452 675 3543 719 ac-

1971 744 2235 810 cusastis,
2249 752 2311 799 ut
2331 743 2507 801 fateor
2525 744 2702 815 justo;
2726 748 2906 803 ethoc
2929 757 3148 819 propter
3166 750 3403 821 ίιδορίιιω
3425 764 3547 821 1)οη

1970 833 2223 900 tuorum,
2277 835 2431 906 167
2471 835 2566 905 qui
2608 836 2699 891 vix
2744 834 2930 893 ﬁdeles
2976 837 3338 899 inveniuntur.
3377 838 3549 911 igitur:

1968 924 2329 994 longinquitas
2377 933 2644 981 terrarum
2687 927 2938 996 prohibet
2968 940 3038 985 ex
3068 928 3167 983 his
3191 927 3435 998 partibus
3472 930 3549 993 ad,

1969 1030 2065 1071 vos
2109 1014 2434 1084 quemlibet,
2460 1015 2566 1071 nisi
2610 1030 2765 1081 raro,
2797 1015 3048 1075 transire.
3079 1016 3279 1073 Tamen
3300 1018 3448 1075 sciat.
3464 1018 3549 1085 dis

1968 1109 2129 1165 lcetio
2153 1118 2333 1164 vestra
2370 1108 2523 1178 quod
2541 1108 2743 1167 nemini
2763 1148 2778 1175 ,
2800 1116 2923 1178 post
2960 1109 3217 1173 dot-num
3256 1109 3545 1180 imperati»

1967 1216 2103 1265 rem,
2131 1202 2330 1256 sudare
2357 1200 2479 1271 plus
2503 1216 2680 1256 meum
2729 1200 3055 1273 ingenion
3100 1207 3396 1271 optarem,.
3416 1200 3542 1268 quia

1965 1291 2095 1345 nulli
2123 1291 2244 1360 plus
2270 1291 2484 1346 debitor
2504 1305 2622 1346 sum
2646 1299 2868 1361 propter
2890 1304 3105 1359 semper
3145 1299 3340 1347 vestrae
3372 1289 3545 1346 beati-

1965 1380 2165 1435 tudinis
2208 1380 2644 1450 probatissimam
2674 1379 2835 1437 ﬁdem
2869 1388 2931 1437 et
2951 1378 3316 1439 dilectionem.
3364 1378 3541 1441 Unum

1964 1470 2219 1540 quiddam
2263 1471 2542 1541 legebatur
2569 1471 2624 1526 in
2656 1471 2911 1540 epistola,
2942 1485 3103 1542 quam
3139 1470 3302 1529 modo
3342 1470 3549 1534 direxit

1963 1560 2266 1615 reverentia
2292 1569 2500 1625 vestra;
2544 1560 2690 1629 quod
2732 1559 3052 1626 noluissem,
3089 1566 3166 1616 ut
3190 1560 3541 1628 scriberetur,

1960 1648 2046 1704 vel
2090 1664 2328 1719 unquam
2364 1647 2567 1705 factum
2592 1658 2739 1709 esset
2770 1669 2784 1705 :
2816 1649 2869 1706 id
2896 1658 3008 1715 est,
3031 1647 3177 1721 quod
3203 1642 3357 1709 vobis
3394 1650 3547 1709 ultro.

1961 1755 2070 1795 non
2114 1748 2259 1796 esset
2300 1755 2423 1811 spes
2458 1741 2645 1796 videre
2681 1740 2879 1798 faciem
2920 1756 3116 1799 meam.
3149 1741 3265 1799 Hoc
3298 1742 3540 1815 graviter

374 1826 442 1881 Ει
467 1804 660 1881 beatus
682 1802 875 1879 Petrus
895 1802 1279 1890 consentanea,
1302 1831 1363 1877 ut
1388 1831 1514 1895 pote
1540 1802 1729 1877 eodem
1749 1822 1858 1892 spi-
1889 1833 1932 1893 ﬂ
1959 1831 2171 1885 animus
2197 1802 2349 1885 meus
2371 1829 2598 1896 ferebat,
2621 1832 2749 1901 quia
2774 1841 3094 1902 pmsenmm
3122 1802 3334 1904 rogavi:
3361 1802 3422 1888 ίιι

274 1915 404 1981 τίω,
431 1914 651 1991 scripsit
674 1914 860 1971 dicens
885 1930 899 1967 :
936 1912 1170 1989 Dominis
1186 1908 1486 1968 carnalbus
1506 1912 1728 1978 obedite,
1755 1929 1858 1966 non

270 2014 495 2079 tantum,
526 2003 673 2059 bonis
699 2012 746 2059 et
776 2004 1047 2068 modestis,
1074 2003 1164 2059 sed
1189 2004 1345 2057 etiam
1385 2000 1594 2056 discetis
1630 2001 1681 2074 (l
1711 2000 1853 2056 Patr.

272 2114 351 2183 is,
366 2096 478 2169 i8).
504 2096 567 2159 Si
589 2097 754 2152 etiam
776 2094 1025 2161 discoiis,
1039 2102 1242 2165 quanto
1265 2094 1437 2162 magis
1461 2092 1869 2165 sapientissimo

269 2189 531 2261 principi,
581 2196 636 2243 et
680 2188 937 2259 religione
986 2195 1173 2242 sancta
1215 2187 1562 2243 devotissimo
1601 2185 1858 2261 debemus

270 2286 520 2350 prompta
552 2278 826 2335 voluntate
852 2278 1091 2333 obedire.
1119 2276 1230 2332 Nec
1255 2276 1359 2333 hoc
1382 2276 1533 2340 dico,
1581 2276 1721 2346 quod
1748 2290 1854 2328 non

271 2371 444 2442 magis
491 2378 757 2441 optemte
788 2385 912 2429 cum
958 2369 1066 2424 tuis
1106 2368 1386 2438 discipulis
1436 2368 1545 2423 Deo
1584 2368 1748 2420 vitam
1799 2365 1855 2421 in

270 2467 456 2519 sancta
514 2458 774 2533 religione
833 2460 1073 2528 quietam
1126 2458 1324 2514 ducere
1377 2465 1538 2533 atque
1596 2456 1852 2526 optimam

270 2547 735 2625 cumfelicissima
762 2546 981 2613 femina,
1019 2562 1140 2616 qua:
1165 2549 1360 2605 sedens
1386 2545 1453 2617 ad
1481 2545 1645 2616 pedes
1673 2541 1854 2597 Domi-

269 2639 325 2697 ni
348 2640 539 2715 audire
562 2641 730 2697 verba
757 2639 1015 2703 cmlestia,
1045 2626 1283 2710 elegerat
1315 2646 1525 2709 partem
1561 2652 1681 2708 quae
1711 2650 1851 2689 nun-

242 2724 430 2802 quam
457 2729 738 2787 auferetur
762 2731 919 2804 (Luc.
945 2748 1011 2797 χ,
1034 2732 1104 2788 59
1121 2772 1137 2798 ,
1165 2730 1277 2805 42).
1307 2730 1414 2787 Sed
1442 2744 1633 2784 vereor
1654 2724 1853 2784 fortas-

266 2824 365 2890 sis,
386 2825 433 2879 si
455 2832 737 2879 moveatur
769 2839 953 2889 causa,
981 2839 1083 2880 nec
1102 2810 1337 2880 vestram
1360 2820 1746 2880 beatitudinem
1783 2820 1853 2876 ad

268 2914 572 3005 desiy'erata
598 2915 883 2985 pervenire
904 2929 1082 2984 posse,
1096 2928 1198 2970 nec
1216 2913 1446 2984 gratiam
1468 2913 1669 3005 habere
1683 2911 1851 3005 impe-

263 2992 651 3077 ιίειῐέιῂςιάοο,
681 3005 821 3058 sicut
859 3003 1105 3073 superius
1132 3003 1274 3071 dixi,
1302 3002 1415 3057 sola
1461 3001 1672 3057 videtur
1709 2999 1850 3056 salu-

256 3094 381 3150 bris
399 3109 587 3158 causa,
612 3094 721 3149 Deo
747 3100 918 3151 totum
945 3094 1194 3164 precibus
1217 3094 1270 3148 in
1290 3101 1530 3164 angusto
1559 3094 1666 3151 situ
1689 3091 1841 3165 [Ms.,

1959 1920 2059 1975 sub
2088 1933 2183 1989 spe
2214 1920 2514 1974 revertendi
2544 1921 2613 1975 ad
2637 1921 3194 1977 sanctum'liartinum
3217 1922 3534 1980 dimisisses.

1956 2007 2079 2063 Fiat
2124 2007 2370 2063 voluntas
2398 2008 2628 2063 Domini.
2669 2008 2765 2064 Vel
2812 2011 2856 2067 si
2893 2010 2981 2067 hic
3022 2012 3077 2066 in
3105 2010 3209 2067 hac
3252 2012 3536 2083 temporali

1955 2097 2074 2154 luce
2117 2099 2234 2153 ﬁeri
2264 2114 2369 2153 non
2398 2098 2602 2166 valeat,
2629 2099 2759 2164 ﬁat,
2787 2101 2898 2159 Deo
2929 2102 3241 2168 miserante,
3265 2102 3318 2158 in
3344 2118 3535 2174 perpe-

1957 2196 2065 2243 tua.
2095 2187 2308 2252 Casula,
2336 2204 2499 2258 quam
2526 2190 2756 2257 misisti,
2782 2191 2851 2246 ob
2878 2197 3077 2253 vestrae
3110 2191 3392 2259 charitatis
3418 2208 3534 2269 tne-

1954 2281 2207 2357 moriam,
2232 2288 2356 2335 utar
2386 2281 2439 2336 in
2476 2281 2761 2336 missarum
2795 2280 3112 2356 solemniis.]
3136 2281 3316 2339 Gloria
3337 2292 3393 2339 et
3414 2283 3532 2339 laus

1953 2369 2092 2439 Deo!
2138 2370 2280 2441 apud
2309 2386 2408 2429 nos
2433 2371 2613 2425 omnia
2641 2385 2898 2443 prospera
2940 2380 3097 2439 sunt,
3122 2380 3177 2428 et
3217 2372 3358 2446 apud
3390 2374 3533 2430 ﬁlios

1953 2467 2189 2524 nostros,
2218 2475 2354 2531 quos
2381 2459 2546 2525 nosti,
2573 2459 2667 2530 qui
2696 2476 2800 2514 una
2829 2469 3009 2515 mente
3036 2468 3270 2519 vestram
3298 2463 3532 2519 saliuam

1951 2544 2356 2613 beatitudinem,
2389 2565 2617 2619 eamque
2641 2550 3015 2606 multovalere
3061 2559 3303 2623 tempore
3344 2556 3532 2624 optant

1952 2640 2005 2694 in
2027 2639 2271 2695 Domino.
2305 2637 2452 2711 Scito
2475 2639 2774 2695 certissime
2800 2640 2944 2709 quod
2971 2640 3049 2695 tui
3078 2642 3309 2699 nominis
3331 2659 3528 2700 memo-

1951 2730 2089 2785 riam
2113 2729 2473 2784 dulcissimam
2500 2729 2760 2785 habemus
2786 2728 2840 2783 in
2868 2730 3199 2786 orationibus
3229 2732 3368 2803 apud
3398 2749 3529 2789 san-

1949 2827 2096 2875 ctum
2145 2819 2432 2879 Martinum
2462 2828 2563 2875 :.et
2607 2820 2653 2876 si
2697 2820 2911 2891 quando
2958 2819 3436 2891 SpiritusDomini
3473 2824 3531 2879 in

1947 2910 2357 2980 compunctione
2385 2912 2572 2967 visitat
2596 2927 2710 2980 cor,
2739 2927 2952 2984 semper
2979 2928 3262 2971 recurrere
3293 2914 3348 2970 in
3374 2930 3528 2971 men-

1949 3012 2058 3059 tem
2105 3002 2239 3059 facit
2281 2999 2440 3060 vestri
2489 3005 2722 3062 nominis
2750 3004 3200 3062 recordationem.
3235 3007 3407 3073 Deus,
3433 3010 3535 3081 qui.

1948 3095 2087 3151 dives
2126 3105 2200 3151 est
2248 3097 2303 3150 in
2344 3096 2707 3151 misericordia
2754 3094 2967 3168 (Ep/tes.
3008 3095 3176 3168 ιι,.4),
3210 3096 3535 3162 misereatur-

256 3182 425 3255 sitns]
447 3184 618 3238 nostri
639 3183 897 3239 desiderii
930 3184 1310 3240 commendare
1345 3191 1594 3238 eventum
1621 3224 1637 3249 ,
1665 3191 1723 3237 ut
1750 3199 1845 3238 sua
1874 3174 1923 3238 C
1948 3195 2205 3257 perpetua
2221 3188 2422 3257 pietate
2444 3185 2596 3243 vobis
2618 3186 2797 3255 Pater,
2816 3185 3007 3255 frater,
3035 3186 3107 3245 ﬁli
3128 3188 3443 3248 charissime
3465 3189 3526 3253 in

258 3281 452 3326 sancta
490 3270 778 3327 clementia
809 3278 864 3325 et
898 3271 1100 3341 pietate
1122 3272 1401 3342 provideat
1423 3271 1594 3336 nobis,
1619 3285 1846 3341 quomo-

257 3361 332 3416 do
354 3359 582 3431 paciﬁca
603 3360 669 3416 ad
698 3369 939 3415 nostram
969 3361 1253 3431 pervenire
1284 3361 1560 3417 valeamus
1601 3363 1847 3417 volunta-

262 3461 392 3509 tem.
427 3450 484 3506 Si
515 3460 694 3506 tamen
721 3452 878 3506 nobis
900 3460 1086 3507 nostra
1116 3452 1404 3521 quaerenda
1451 3461 1535 3508 est
1578 3440 1843 3515 voluntas,

256 3558 327 3597 eo
355 3543 498 3613 quod
526 3543 639 3607 ille,
666 3542 720 3597 id
745 3551 830 3598 est
854 3543 1112 3598 Dominus
1157 3541 1316 3599 Jesus
1354 3544 1420 3599 de
1468 3546 1644 3616 seipse
1672 3546 1842 3600 dixit:

258 3620 389 3685 Non
407 3633 520 3686 veni
541 3632 713 3702 facere
739 3630 1053 3686 voluntatem
1076 3650 1266 3699 meam,
1288 3634 1379 3688 sed
1398 3633 1709 3689 voluntatem
1732 3636 1845 3705 ejus

256 3723 349 3791 qui
376 3739 457 3776 me
482 3723 624 3776 misit
650 3722 830 3793 (Joan.
859 3738 935 3787 γι,
965 3723 1077 3795 58).
1100 3722 1236 3777 Nam
1264 3724 1512 3780 voluntas
1558 3724 1647 3779 Dei
1686 3739 1845 3779 omne

256 3815 460 3869 bonum
488 3823 593 3879 est,
622 3830 741 3883 qua:
765 3823 824 3869 ut
846 3831 1056 3886 semper
1081 3817 1135 3871 in
1160 3817 1315 3873 nobis
1343 3816 1455 3882 ﬁat,
1479 3819 1625 3872 omni
1649 3819 1843 3873 mentis

256 3904 556 3959 intentione
580 3914 638 3960 et
667 3906 812 3961 omni
833 3921 1055 3976 operum
1075 3908 1338 3963 bonorum
1357 3909 1701 3965 exsecutione
1719 3923 1843 3978 pos-

254 3993 541 4051 tulandum
569 4004 673 4051 est.

335 4083 464 4141 llaec
499 4085 720 4141 interim
744 4088 845 4142 sub
884 4083 1225 4144 festinatione
1265 4098 1489 4159 propter
1531 4089 1840 4159 occupatio-

258 4159 384 4229 nem
413 4175 521 4230 diei
552 4175 676 4229 festi
707 4176 1044 4232 dictavimus.
1080 4178 1275 4247 Utique
1316 4178 1515 4233 missus
1553 4178 1841 4233 beatitudi-

252 4262 345 4317 nis
370 4272 567 4319 vestrze
596 4267 665 4320 ad
693 4280 791 4320 nos
835 4265 923 4321 die
967 4267 1306 4322 sanctissima
1335 4268 1626 4323 Dominic'm
1662 4268 1840 4324 Canae

256 4362 500 4419 venerat,
533 4355 755 4427 exigens
783 4371 815 4410 a
843 4358 1001 4412 nobis
1026 4357 1258 4424 litteras,
1287 4374 1357 4414 ne
1381 4359 1567 4414 vacuis
1595 4366 1839 4414 reverte-

255 4446 407 4498 retur
433 4446 708 4500 manibus.
749 4445 1052 4503 Pleniorem
1070 4488 1086 4514 ,
1113 4448 1224 4504 Deo
1253 4450 1578 4514 miserante,
1622 4465 1840 4520 respon—

1948 3286 2226 3335 aeternum.
2364 3350 2367 3353 _
3047 3342 3051 3346 _

2443 3382 2465 3409 ε
2507 3366 2837 3449 EPISTOLA
2871 3363 3026 3428 ch.

2186 3530 2189 3533 ι
2299 3477 2366 3515 Αἰ)
2412 3478 2660 3519 ΔΒΝΟΝΕΙ
2698 3479 3167 3525 Ακεηιειιιδεοιιυιιι

2549 3554 2724 3629 (Anno
2771 3555 2923 3628 805.)

1945 3658 2293 3738 Commendat
2313 3683 2370 3721 se
2406 3678 2656 3738 tanquam
2694 3668 2972 3737 inﬁrmm-
2988 3686 3161 3726 senem
3199 3684 3365 3730 mw
3407 3689 3518 3734 ne-

2014 3736 2213 3789 moriaa.
2255 3735 2374 3809 Duo
2401 3735 2634 3809 sarcula
2681 3735 2935 3809 mensalia
2988 3740 3176 3809 mittit;
3217 3754 3266 3798 et
3301 3745 3518 3807 iteratae

2010 3820 2104 3872 pro
2135 3804 2314 3856 casula
2342 3804 2541 3858 missali
2568 3806 2767 3875 gratias
2800 3809 2927 3879 agit.

2012 3909 2366 3969 Dilectissimo
2393 3912 2503 3970 ﬁlio
2529 3913 2735 3985 Aquila:
2763 3919 3184 3979 archisacerdoti
3211 3925 3436 3984 Albinus
3466 3929 3519 3985 in

1941 4003 2166 4061 Domino
2193 4004 2441 4061 salutem.

2011 4095 2159 4151 Solet
2179 4096 2419 4152 charitas
2436 4096 2563 4152 olim
2581 4098 2938 4169 germanitate
2958 4100 3101 4158 ﬁdeli
3122 4116 3400 4175 compacta
3423 4123 3519 4165 no-

1938 4188 2019 4242 vis
2044 4187 2242 4258 stepius
2263 4187 2456 4243 litteris
2482 4188 2790 4256 reformari,
2820 4198 2880 4246 ut
2913 4192 3069 4248 ﬁrma
3108 4203 3430 4266 agnoscatur
3463 4199 3517 4255 in

1938 4275 2063 4341 ﬁde,
2083 4290 2202 4346 qua:
2226 4284 2314 4331 est
2337 4276 2508 4332 dulcis
2528 4278 2580 4332 in
2609 4280 3014 4336 consuetudine.
3042 4281 3195 4338 Unde
3225 4298 3325 4355 ego
3360 4285 3517 4341 char-

1937 4365 2102 4421 tulam
2139 4365 2395 4421 chartula:
2421 4366 2707 4440 coniunge,
2735 4377 2796 4423 ut
2828 4369 3038 4440 legatur
3062 4372 3117 4427 in
3145 4374 3361 4444 pagina,
3396 4392 3518 4448 quae

1936 4464 2021 4511 est
2054 4456 2108 4509 in
2134 4456 2317 4510 cordis
2341 4456 2537 4511 tabulis
2554 4455 2807 4528 [Habitl.,
2836 4458 3039 4531 tabula]
3058 4464 3384 4534 conscripta,
3407 4480 3515 4522 non

251 4536 459 4592 sionem
486 4553 710 4608 sperare
736 4538 982 4594 habetis:
1006 4540 1119 4595 sive
1140 4540 1207 4597 de
1229 4541 1601 4598 consolatione
1636 4543 1836 4598 laboris
1860 4527 1912 4588 Ῑ)
1937 4554 2237 4602 atramento
2264 4547 2525 4617 perituro,
2555 4527 2651 4602 sed
2696 4548 2886 4619 spiritu
2929 4527 3289 4621 sempiterno;
3306 4527 3398 4625 qui
3422 4571 3516 4629 ge-

182 4662 191 4668 ρ
251 4629 454 4695 vestri,
498 4639 593 4684 aut
640 4631 803 4686 etiam
836 4634 1082 4704 angustia
1117 4635 1338 4701 mentis,
1373 4651 1473 4691 nec
1510 4651 1617 4693 non
1663 4643 1725 4692 et
1768 4637 1836 4693 de
1936 4637 2099 4692 mitus
2140 4638 2344 4693 excitat
2382 4637 2773 4693 inenarrabiles
2810 4653 2911 4709 pro
2941 4643 3201 4712 sospitate
3234 4654 3414 4705 vestra
3458 4648 3513 4703 in

250 4716 710 4788 inquisitionibus,
739 4736 876 4791 quas
901 4734 928 4762 ι
957 4724 1072 4778 emt
1101 4719 1230 4780 olim
1270 4726 1459 4782 habuit
1492 4740 1560 4781 ex
1602 4740 1833 4797 persona
1937 4741 2058 4783 meo
2086 4727 2266 4783 corde.
2290 4728 2482 4783 Vestra
2514 4741 2646 4784 vero
2672 4728 2909 4797 dilectio,
2945 4739 3005 4786 ut
3038 4733 3337 4793 certissime
3364 4739 3510 4802 novi,

248 4807 700 4865 charissimon
742 4811 900 4867 nobis
953 4820 1150 4868 vestrae
1210 4814 1496 4869 cbaritatis
1548 4815 1835 4887 discipulo—
1936 4816 2106 4871 nostri
2129 4816 2362 4872 nominis
2382 4832 2489 4872 non
2518 4816 2895 4875 obliviscatur:
2920 4821 3046 4890 quia
3072 4821 3262 4880 crebra
3289 4824 3513 4882 inﬁrmi-

249 4912 396 4954 ηπ.
1935 4918 2020 4966 tas
2047 4911 2191 4981 cogit
2211 4926 2310 4965 nos
2337 4910 2539 4966 amicos
2566 4910 2859 4967 admonere
2885 4911 2952 4968 do
2980 4921 3285 4970 sanctarum
3312 4918 3513 4974 oratio-

324 4985 536 5058 [Saluta
553 5028 569 5054 ,
614 4990 871 5057 obsecro,
901 4991 999 5047 Dei
1034 4991 1288 5049 famulam
1330 5005 1572 5050 sororem
1598 5003 1833 5051 vestram

246 5092 374 5132 meo
401 5078 616 5135 oﬁicio:
647 5082 812 5137 suade
832 5083 885 5137 ei
904 5083 1040 5139 meis
1063 5083 1247 5140 verbis
1266 5084 1572 5155 religiosam
1594 5086 1649 5140 in
1677 5087 1841 5163 terris

244 5166 451 5224 ducere
470 5170 638 5224 vitam
655 5210 671 5236 ,
699 5183 760 5225 ut
782 5170 997 5227 beatam
1026 5173 1302 5243 possidere
1335 5174 1493 5246 digna
1533 5175 1834 5229 inveniatur

238 5257 310 5312 in
341 5258 522 5317 .cmlis.
556 5261 892 5319 Venerabilis
935 5261 1099 5319 Pater
1121 5263 1151 5305 ι)
1176 5263 1512 5322 Adaluuinus
1554 5266 1835 5337 episcopus

236 5356 373 5402 eam
400 5364 600 5420 magno
619 5359 677 5406 et
702 5352 985 5423 multiplici
1004 5356 1152 5409 venit
1178 5354 1250 5410 ad
1272 5371 1372 5411 nos
1392 5357 1619 5422 honore,
1639 5364 1835 5410 vestras

315 5469 345 5498 α
377 5458 529 5534 Emit.
569 5460 648 5534 lta
684 5462 879 5534 legitur
909 5464 964 5519 in
1000 5464 1155 5520 codd.
1202 5482 1332 5523 mss.
1381 5467 1573 5524 Latere
1603 5468 1699 5522 sub
1729 5468 1831 5524 hac

231 5530 908 5658 ἶέξὲἓὲιέἒθνίαιαῖηιὸ.
939 5548 1134 5589 nomen
1165 5536 1379 5606 aliquod
1408 5538 1684 5610 proprium
1716 5537 1830 5592 unl-

470 5619 487 5656 ι
551 5643 566 5658 .

470 5619 566 5658 ιιο.

320 5668 731 5756 indulgemus.
769 5672 845 5756 De
864 5687 930 5729 eo
958 5673 1077 5730 vide
1101 5675 1393 5756 epistolam
1411 5678 1695 5756 priorem,
1710 5684 1829 5756 qu‘ge

231 5736 501 5796 fortassis
528 5742 613 5797 illa
638 5742 881 5798 chartula
918 5736 1279 5812 responsionis
1303 5736 1429 5812 fuit,
1455 5762 1614 5817 quam
1645 5736 1828 5813 liic'ait

1933 5020 2062 5059 num
2083 5004 2361 5074 suffragio,
2381 5012 2443 5059 ut
2472 5005 2792 5075 propitietur
2809 5006 3045 5076 peccatis
3064 5009 3203 5062 meis
3224 5008 3400 5079 pietas
3425 5009 3511 5065 di-

1933 5094 2076 5158 vina,
2106 5103 2162 5149 et
2198 5103 2485 5150 renovetur
2518 5095 2630 5150 vita
2671 5092 2791 5151 inea
2828 5096 2883 5151 in
2918 5097 3128 5162 melius,
3160 5098 3293 5153 sicut
3320 5099 3513 5170 aquila

1926 5185 2172 5256 juventus
2200 5185 2371 5258 (Psal.
2420 5203 2526 5252 cu,
2562 5185 2617 5259 5)
2647 5202 2662 5241 :
2693 5187 2806 5243 Nec
2838 5202 2925 5244 me
2945 5182 3111 5256 judex
3141 5202 3294 5245 meus
3332 5197 3390 5247 et
3425 5198 3507 5248 te-

1930 5276 2033 5331 stis
2057 5290 2210 5331 meus
2228 5276 2433 5346 indicet
2457 5278 2749 5334 secundum
2784 5278 2977 5335 merita
3012 5292 3156 5345 inea,
3186 5280 3287 5337 sed
3316 5294 3514 5340 secans-

1936 5364 2064 5419 dum
2092 5380 2243 5419 suam
2286 5380 2531 5436 magnam
2561 5367 2985 5423 misericordiam
3018 5376 3210 5440 parcat
3234 5366 3508 5431 conﬁtenti

1938 5476 1992 5531 in
2029 5474 2143 5544 ejus
2181 5492 2360 5548 manu
2388 5479 2651 5548 posuisse.
2696 5479 2822 5535 Inde
2863 5496 2992 5538 vero
3040 5481 3321 5543 inferimus
3359 5486 3508 5547 illam

1935 5546 2453 5625 quoqueepistolam
2469 5549 2544 5625 ad
2575 5550 2718 5625 hunc
2750 5565 2950 5625 annum
2970 5550 3075 5610 803
3106 5557 3394 5625 pertinere.

2007 5628 2028 5653 π
2071 5616 2222 5694 ﬁdit;
2242 5616 2551 5694 hiabill._2§.
2583 5618 2888 5694 Qorrectior
2913 5616 3266 5694 nuncprodit
3289 5642 3354 5685 cx
3385 5630 3502 5694 cod.

1937 5698 2035 5761 ms.
2069 5686 2261 5743 Salisb.
2293 5687 2466 5760 (Apud
2497 5686 2722 5747 Froben.
2754 5692 2911 5764 epist.
2940 5690 3084 5765 H5.)
