4012 6188
285 342 384 402 109

1741 336 2116 395 ΕΡιετοιιιε.

3451 352 3556 410 HO

285 465 454 523 sancti
482 461 721 526 Martini,
773 459 1019 515 fidelibus
1045 467 1240 516 vestrm
1290 459 1665 529 prosperitatis
1711 458 1878 512 inter-
1905 463 1951 519 Α
1981 466 2081 524 tes,
2099 458 2350 532 episcopo
2362 464 2822 529 veniente,locum
2837 466 3151 524 defensandi
3173 478 3227 524 et
3249 470 3558 542 disputandi

285 556 613 621 ressorihus,
659 553 727 608 de
762 552 993 623 quodam
1041 567 1134 607 reo
1162 551 1386 624 fugitivo
1419 551 1580 606 habet
1606 551 1871 618 discepta-

284 653 507 706 tionem.
555 645 658 714 Qui
687 660 813 701 reus
851 656 899 710 ι,
927 653 1048 714 post
1084 643 1315 713 plurima
1346 657 1624 712 pinnarum
1652 655 1869 711 genera,

285 741 460 797 subito
504 737 573 794 de
602 735 830 791 vinculis
863 734 1077 804 elapsus
1124 733 1243 812 [per
1271 733 1648 804 negligentiam
1691 742 1875 788 custo-

284 828 455 903 dum],
511 827 580 883 ad
625 825 908 882 ecclesiam
959 822 1200 892 confugit
1243 823 1301 878 S.
1352 822 1567 877 Martini
1616 822 1871 894 praecipui

284 920 611 979 confessoris
656 917 882 982 Christi,
915 916 1176 971 confitens
1201 923 1419 986 peccata
1462 929 1578 978 sua,
1626 913 1871 968 reconci-

280 1015 561 1071 [lationem
602 1011 756 1085 [ϐοά.
795 1008 936 1074 SaL,
973 1007 1208 1080 veniam]
1258 1008 1569 1076 deposcens,
1606 1007 1874 1062 Czesarem

285 1105 580 1178 appellans,
630 1103 769 1157 viam
816 1102 882 1156 ad
929 1099 1048 1170 ejus
1094 1099 1489 1156 sanctissimam
1532 1098 1872 1170 prtesentiam

277 1199 558 1270 ﬂagitans,
586 1209 746 1265 quem
773 1193 1103 1248 reddidimus
1127 1191 1434 1266 [ministris]
1464 1191 1702 1261 ejusdem
1747 1207 1878 1262 prze—

283 1288 381 1346 fati
412 1289 690 1360 episcopi;
730 1295 947 1356 propter
976 1286 1197 1341 insidias
1219 1287 1248 1326 δ
1283 1285 1383 1341 sibi
1411 1295 1626 1357 paratas
1669 1287 1723 1340 in
1765 1286 1871 1350 via,

288 1393 350 1438 ut
374 1381 565 1445 fertur,
607 1380 867 1434 abeuntes
910 1392 1033 1432 eum
1079 1376 1398 1432 dimiserunt
1438 1385 1565 1430 ante
1605 1375 1750 1430 fores
1787 1391 1878 1431 ec—

284 1476 467 1531 clesia:
492 1480 745 1528 stantem.
775 1470 881 1526 Sed
903 1469 1141 1540 ejusdem
1169 1469 1458 1524 venerandi
1492 1469 1750 1540 episcopi,
1795 1469 1878 1538 his

287 1565 583 1621 transactis
606 1605 621 1629 ,
651 1562 921 1618 hostiliter
947 1559 1099 1633 [ϐοά.
1131 1557 1272 1625 Sal.,
1298 1559 1567 1630 pontiﬁcis
1594 1569 1713 1634 post
1742 1570 1878 1615 tem—

290 1674 389 1732 pus
414 1653 776 1727 hostiliter...]
803 1661 1064 1709 venerunt
1101 1653 1345 1714 homines
1389 1651 1790 1727 quamplurimi,
1817 1659 1877 1706 ut

290 1756 626 1822 compertum
652 1757 735 1802 est
761 1745 996 1823 [Mabit.,
1025 1752 1084 1799 ut
1108 1743 1414 1809 conjectura
1443 1742 1567 1818 est].
1617 1742 1722 1797 Sed
1751 1749 1874 1797 octo
1906 1791 1936 1823 _.

1975 564 2094 603 cum
2121 563 2224 604 eo:
2263 552 2308 606 si
2339 550 2545 619 justum
2574 555 2659 618 sit,
2712 564 2772 611 ut
2814 558 2866 611 vi
2912 568 3193 628 raperetur
3231 561 3297 617 de
3325 561 3557 619 ecclesia

1973 640 2041 693 ad
2081 640 2296 694 easdem
2351 658 2539 713 pmnas
2588 660 2734 712 reus,
2775 647 2840 702 de
2879 649 3075 717 quibus
3112 650 3356 722 aufugit?
3393 662 3448 709 et
3487 670 3558 710 an

1972 745 2186 798 mquam
2213 733 2282 786 sit
2314 732 2332 771 τ
2355 773 2369 797 ,
2409 741 2470 787 ιιι
2491 735 2580 804 qui
2610 735 2877 792 Caesarem
2907 739 3154 808 appellat,
3187 743 3255 796 ad
3282 743 3554 800 Cmsarem

1973 834 2080 872 non
2116 821 2445 876 adducatur?
2469 832 2524 878 et
2543 833 2722 879 utrum
2751 825 2832 882 fas
2857 827 2949 892 sit,
2975 837 3036 883 ut
3059 832 3326 898 paenitens
3351 844 3405 890 et
3429 852 3560 890 con-

1973 906 2133 964 ﬁtens
2159 911 2360 966 scelera
2384 927 2478 967 sua
2510 916 2772 983 spolietur
2797 918 3049 974 omnibus
3071 921 3224 977 bonis
3247 939 3415 994 usque
3437 941 3560 981 cor-

1975 1000 2166 1071 rigiam
2215 1002 2604 1058 calceamenti?
2642 1007 2726 1060 vel
2780 1009 2825 1062 si
2873 1009 3010 1064 bene
3052 1013 3387 1068 custodiatur
3425 1016 3558 1072 illud

1973 1092 2310 1148 Dominicum
2337 1097 2581 1161 verbum,
2606 1114 2714 1167 quo
2734 1099 2844 1153 ait:
2875 1099 3240 1170 Superexaltut
3266 1106 3562 1162 misericor-

1975 1187 2344 1256 diajmiicium
2381 1186 2520 1256 (Jac.
2555 1205 2626 1252 ιι,
2664 1190 2769 1261 i3).
2811 1190 2867 1248 ln
2900 1191 2991 1244 tali
3031 1193 3294 1263 siquidem
3338 1194 3484 1250 facta
3523 1215 3553 1253 e

1976 1279 2247 1332 contrario
2287 1279 2653 1347 superexaltat
2688 1278 2950 1350 judicium
2997 1285 3448 1343 misericordiam.
3493 1285 3563 1342 Et

1976 1369 2065 1422 ubi
2095 1377 2179 1423 est
2225 1369 2499 1424 multoties
2527 1369 2741 1424 laudata
2785 1372 3153 1432 misericordia
3195 1377 3262 1430 ab
3300 1377 3414 1446 ipso
3454 1376 3561 1430 Du-

1974 1458 2122 1521 mino
2145 1468 2330 1519 nostro
2359 1458 2485 1515 Iesu
2516 1460 2754 1527 Christo,
2793 1479 2912 1536 qua:
2939 1465 3078 1520 inter
3115 1468 3452 1539 evangelicas
3476 1467 3564 1522 le-

1976 1551 2121 1619 gitur
2147 1551 2509 1607 beatitudines
2539 1569 2550 1604 :
2585 1551 2736 1614 Beati
2770 1556 3152 1623 misericordes,
3183 1563 3432 1633 quoniam
3463 1561 3563 1634 ipsi

1976 1641 2386 1695 misericordiam
2419 1654 2798 1713 consequentur
2820 1643 3033 1717 (Matth.
3063 1663 3113 1712 v,
3145 1648 3230 1720 7);
3270 1649 3399 1704 item
3425 1665 3566 1718 pnu-

1977 1740 2191 1801 ceptum
2219 1731 2598 1786 Dominicum:
2645 1732 2823 1788 Estote
2875 1736 3260 1803 misericordes,
3320 1738 3454 1793 sicut
3516 1748 3565 1793 et

289 1806 550 1911 ργίηξειεε
591 1806 837 1899 homin},
865 1833 1244 1910 [intraverunt]
1278 1845 1300 1873 ε
1329 1850 1451 1890 cum
1501 1806 1751 1905 εῇῑεοορο
1778 1849 1874 1888 no.
1906 1806 1947 1864 Β
1978 1820 2139 1874 Pater
2162 1831 2326 1876 vester
2350 1823 2644 1875 misericors
2688 1833 2763 1876 est
2807 1823 2957 1895 (Luc.
2987 1841 3037 1879 vt
3060 1866 3074 1892 ,
3101 1826 3236 1897 '56)?
3276 1829 3406 1882 Item
3439 1845 3568 1884 cau-

291 1942 404 1992 atro
440 1931 530 1988 die
555 1928 835 1985 Dominico
866 1929 919 1982 in
955 1926 1258 1982 ecclesiam.
1282 1923 1399 1980 Non
1429 1925 1500 1978 illi
1527 1931 1672 1990 octo,
1701 1924 1792 1995 qui
1822 1923 1874 1976 in

290 2025 551 2097 propheta
591 2022 842 2094 leguntur
883 2021 940 2074 in
966 2019 1155 2090 gladiis
1183 2026 1238 2073 et
1266 2015 1468 2072 lanceis
1507 2029 1731 2092 pascere
1770 2023 1878 2068 ter-

293 2130 409 2172 ram
454 2111 716 2170 Nemroth
756 2109 943 2184 (Mich.
988 2125 1043 2174 v,
1091 2106 1186 2178 6);
1230 2104 1324 2161 sed
1368 2118 1558 2176 rapere
1605 2119 1778 2190 reum,
1824 2111 1880 2157 et

292 2203 634 2263 sanctitatem
659 2200 688 2242 τι
717 2200 909 2256 domus
938 2197 1032 2253 Dei
1058 2194 1365 2267 profanare,
1391 2203 1447 2250 et
1471 2193 1640 2250 sancti
1667 2190 1881 2247 confes-

293 2297 432 2355 soris
451 2295 658 2353 Christi
687 2292 900 2348 Martini
936 2291 1257 2346 imminuere
1283 2288 1562 2345 honorem.
1605 2285 1880 2340 lrruentes

293 2393 562 2464 siquidem
591 2393 733 2448 intra
771 2390 1039 2446 cancellos
1077 2387 1285 2456 altaris,
1323 2401 1460 2459 quos
1497 2384 1693 2460 [Mab.,
1723 2383 1877 2454 forte,

293 2479 534 2552 nostros]
579 2478 899 2552 inpulerunt
941 2477 1138 2536 fratres
1186 2485 1310 2532 ante
1351 2473 1544 2532 faciem
1575 2474 1782 2530 altaris.
1820 2471 1878 2528 Si

295 2573 440 2630 aliud
487 2573 695 2637 dicunt,
743 2571 965 2627 omnino
1015 2568 1204 2625 falsum
1253 2567 1451 2631 ferunt,
1501 2565 1624 2634 quia
1669 2564 1881 2619 illorum

293 2662 474 2720 nullus
497 2671 659 2732 caput
685 2669 813 2717 tunc
856 2659 1116 2730 temporis
1156 2657 1432 2714 inclinavit
1458 2656 1525 2710 ad
1551 2656 1723 2710 altare
1762 2655 1876 2710 Dei.

297 2751 493 2808 Sonuit
517 2752 782 2823 siquidem
819 2759 944 2807 ante
981 2749 1252 2806 civitatem
1294 2748 1507 2804 venisse
1536 2748 1746 2803 hostem
1774 2747 1884 2801 Au-

297 2844 658 2900 relianensem
686 2843 753 2900 ad
783 2842 1111 2914 profananda
1140 2843 1311 2897 sancti
1343 2840 1556 2896 Martini
1603 2839 1877 2911 suffragia,

295 2938 423 3010 quia
443 2937 690 2994 sciebant
708 2942 1109 2991 commanentes
1131 2936 1182 2988 in
1209 2933 1406 2988 villulis
1425 2932 1671 2988 homines
1689 2931 1884 2986 exinde

293 3028 600 3085 venientes.
644 3025 950 3081 Concursus
979 3023 1080 3079 fuit
1107 3024 1161 3078 in
1199 3024 1416 3078 civitate
1457 3022 1636 3078 subito
1680 3021 1888 3078 mendi-

1977 1912 2136 1967 telam
2176 1912 2452 1984 providam
2483 1915 2904 1981 consideremus,
2937 1918 3026 1971 ubi
3057 1919 3172 1972 ait:
3225 1917 3400 1974 Nolite
3440 1937 3561 1974 can-

1976 2003 2244 2069 demnare,
2293 2012 2342 2056 et
2373 2020 2477 2058 non
2499 2004 2974 2060 condemnabimini
2998 2006 3161 2078 (Ibid.
3189 2025 3318 2068 vers.
3353 2007 3478 2078 57);
3512 2017 3570 2063 et

1976 2093 2081 2146 alia
2134 2092 2300 2146 multa
2329 2108 2450 2165 qua:
2475 2092 2528 2146 in
2550 2093 2823 2162 Evangelii
2851 2094 3103 2167 leguntur
3129 2096 3450 2152 auctoritate
3497 2097 3564 2151 de

1977 2183 2349 2240 misericordia
2397 2193 2451 2240 et
2492 2185 2663 2256 ipsius
2699 2185 2912 2245 Domini
2937 2189 3123 2254 verbo,
3146 2188 3238 2242 ubi
3279 2189 3400 2242 ait:
3441 2187 3567 2242 Non

1977 2274 2091 2328 veni
2124 2275 2150 2314 ε
2189 2291 2372 2335 vocare
2411 2275 2608 2346 justas,
2657 2275 2748 2329 sed
2785 2286 3077 2350 peccatores
3103 2277 3319 2349 (Matth.
3368 2277 3562 2350 tx,l5).

1978 2363 2319 2441 Quapropter
2347 2367 2699 2436 peccatricem
2729 2368 3026 2432 mulierem,
3053 2385 3174 2440 qua:
3200 2377 3418 2425 sanctos
3445 2369 3570 2425 teti-

1979 2456 2056 2526 git
2082 2456 2264 2528 pedes,
2293 2471 2400 2509 non
2429 2454 2729 2521 abhorruit,
2760 2455 2903 2530 [quae
2943 2457 3076 2530 non]
3105 2473 3172 2514 ex
3208 2467 3351 2514 tactu
3374 2475 3571 2531 oppro-

1977 2541 2155 2604 brium
2201 2545 2431 2602 contulit
2476 2543 2712 2610 Christo,
2763 2547 2856 2601 sed
2911 2546 3141 2617 insignia
3190 2547 3406 2604 virtutis
3456 2548 3575 2618 ejus

1979 2636 2180 2692 elicuit.
2209 2635 2393 2706 Neque
2413 2635 2557 2690 enim
2586 2633 2921 2690 immunditia
2935 2635 3050 2704 ejus
3071 2636 3259 2707 polluit
3281 2639 3567 2704 mundum,

1981 2730 2076 2785 sed
2109 2727 2319 2800 put-itas
2359 2727 2543 2781 mundi
2572 2724 2880 2798 purificavit
2910 2726 3262 2784 immundam.
3305 2727 3574 2786 Recorde-

1980 2845 2102 2887 mur
2127 2843 2224 2882 nos
2254 2827 2396 2880 illius
2439 2841 2559 2882 esse
2600 2840 2807 2891 servos,
2852 2825 2945 2896 qui
2985 2826 3176 2882 ductus
3222 2826 3291 2881 ad
3330 2841 3566 2892 crucem,

1980 2945 2079 3000 pro
2108 2925 2552 2994 crucifigentibus
2576 2925 2752 2984 oravit
2783 2923 2932 2996 (Luc.
2967 2941 3102 2980 χχιιι
3126 2965 3142 2990 ,
3185 2924 3298 2998 54).
3339 2925 3406 2980 Ει
3437 2940 3574 2994 quo-

1982 3028 2141 3083 modo
2171 3023 2496 3080 venerabilis
2533 3023 2696 3078 Pater
2725 3022 2877 3086 dicit,
2909 3036 3059 3076 reum
3098 3030 3438 3090 peccatorem
3467 3020 3572 3094 [in]

293 3131 487 3172 eorum
511 3130 578 3169 ex
623 3112 770 3168 omni
807 3124 981 3182 parte,
1017 3127 1172 3167 suum
1216 3112 1392 3182 parati
1434 3110 1770 3168 defensorem
1795 3111 1878 3165 de.
1915 3149 1958 3210 ο
1987 3117 2214 3173 ecclesia
2247 3132 2356 3173 non
2384 3115 2581 3171 debere
2612 3113 2818 3183 recipi?
2866 3111 2924 3168 Si
2948 3113 3233 3168 ecclesiam
3260 3121 3574 3186 peccatores

287 3205 542 3263 fendere.
594 3205 781 3260 Timor
823 3213 878 3259 et
929 3204 1188 3259 tumultus
1237 3203 1436 3273 ubique
1481 3202 1766 3265 increbuil.
1820 3200 1887 3255 de
1920 3200 1958 3210 ν
1989 3225 2094 3264 non
2133 3208 2360 3272 intrant,
2410 3205 2660 3261 fortassis
2685 3203 2941 3260 sacerdos
2979 3219 3087 3258 non
3132 3203 3439 3258 invenietur
3477 3203 3572 3274 qui

297 3311 530 3367 quorum
574 3295 822 3350 manibus
865 3293 1062 3350 fratres
1105 3294 1282 3350 nostri
1322 3293 1636 3363 eripuerunt
1679 3290 1888 3364 praafati

298 3389 540 3461 episcopi
589 3387 855 3452 homines,
901 3401 968 3441 ne
1012 3387 1140 3457 quid
1168 3386 1295 3440 mali
1342 3392 1674 3456 paterentur,
1722 3398 1890 3453 popu-

300 3480 522 3553 lumque
567 3478 712 3534 foras
746 3477 1030 3534 ecclesiam
1075 3477 1416 3548 expulerunt.
1465 3473 1571 3530 Sed
1608 3473 1721 3530 scio
1764 3482 1890 3528 ante

301 3572 643 3627 nominatum
675 3569 982 3641 pontificem
1034 3568 1228 3624 multas
1265 3567 1522 3622 dicendas
1566 3580 1687 3622 esse
1732 3579 1886 3620 accu-

302 3662 544 3717 sationes
588 3669 775 3716 contra
820 3659 1016 3714 fratres
1059 3667 1292 3724 nostros,
1332 3666 1385 3713 et
1413 3672 1532 3728 qua:
1575 3663 1724 3726 gesta
1767 3662 1892 3709 sunt

303 3765 655 3822 exaggerare,
690 3758 745 3806 et
775 3750 1004 3820 plurima
1041 3747 1236 3806 addere
1260 3765 1380 3820 qua:
1401 3756 1550 3820 gesta
1577 3765 1684 3804 non
1712 3755 1888 3812 erant,

303 3842 447 3896 sicut
472 3843 526 3895 in
553 3840 671 3909 ejus
697 3839 850 3914 [Cod.
879 3839 1019 3904 Vat.,
1052 3839 1154 3911 eis]
1181 3841 1458 3910 legebatur
1483 3840 1680 3894 litteris
1701 3849 1746 3891 θ.

382 3933 536 4003 171
555 3932 908 4003 Quapropter,
930 3931 1021 3986 lilii
1047 3933 1374 3997 charissimi,
1391 3930 1748 4003 przecipiendo
1761 3944 1893 3998 pra:-

305 4019 452 4092 cipio
466 4021 638 4087 vobis,
652 4027 712 4074 ut
731 4022 985 4091 prostrati
1001 4022 1228 4076 veniatis
1247 4031 1372 4084 ante
1388 4023 1551 4093 pedes
1564 4021 1764 4077 domini
1785 4021 1891 4077 mei

307 4111 478 4165 David
493 4111 835 4181 imperatoris
859 4113 1224 4183 aequissimiet
1247 4112 1594 4177 serenissimi,
1618 4111 1894 4183 postulan-

376 4319 400 4346 ι
429 4307 566 4378 (Ξοιιζ
593 4305 721 4378 Sel:
761 4325 778 4358 ι
816 4307 1193 4377 Thcodulphus
1231 4308 1666 4378 archiepiscopus
1693 4323 1759 4362 ex
1783 4307 1894 4361 fra-

304 4379 483 4431 tribus
532 4375 591 4432 S.
644 4377 856 4431 Martini
901 4375 1187 4447 quamdam
1241 4375 1894 4447 habet'disceptationem

303 4447 556 4518 ﬁdelibus
582 4447 776 4501 vestris
811 4447 876 4500 de
915 4450 1145 4516 quodam
1188 4463 1279 4503 reo
1324 4447 1564 4518 fugitivo,
1611 4448 1805 4518 magis,
1835 4456 1895 4502 ut

1986 3300 2184 3355 missas
2217 3306 2398 3353 cantet
2423 3299 2478 3352 iu
2507 3311 2590 3362 ea,
2615 3312 2791 3366 neque
2827 3297 2918 3367 qui
2961 3297 3202 3351 cantanti
3233 3296 3575 3366 respondeat,

1988 3394 2093 3450 nisi
2129 3392 2384 3464 quislibet
2405 3406 2575 3462 nuper
2600 3392 2924 3461 baptizatus,
2968 3391 3183 3446 dicente
3217 3387 3424 3446 Joanne
3447 3405 3576 3459 apo-

1987 3483 2169 3538 stolo:
2219 3482 2279 3538 Si
2327 3483 2614 3538 dixerimus
2657 3481 2783 3553 quia
2829 3490 3100 3552 peccatum
3153 3496 3258 3533 non
3303 3479 3572 3540 habemus,

1989 3577 2327 3646 nosmetipsos
2377 3577 2695 3638 seducimus,
2739 3584 2786 3628 et
2832 3575 3021 3626 veritas
3071 3572 3128 3625 in
3170 3572 3320 3626 nobis
3366 3587 3470 3625 non
3497 3581 3575 3626 est

1990 3665 2044 3738 (Ι
2069 3667 2229 3722 Joan.
2259 3684 2296 3733 ι,
2336 3667 2413 3737 8).
2459 3665 2566 3719 Sed
2592 3662 2844 3719 eumdem
2893 3677 3043 3715 reum
3083 3661 3357 3717 diabolum
3401 3664 3577 3718 nomi-

1990 3761 2107 3815 nari
2153 3760 2207 3812 in
2235 3757 2559 3814 venerabilis
2585 3755 2823 3825 episcopi
2863 3754 3060 3810 litteris
3099 3755 3422 3822 invenimus,
3468 3774 3577 3814 non

1989 3849 2281 3904 hominem.
2332 3846 2446 3900 Non
2483 3846 2690 3914 cogitas
2738 3844 2869 3914 quid
2904 3843 3193 3916 Apostolus
3239 3845 3354 3901 ait:
3397 3845 3577 3902 Nolite

1982 3939 2228 4009 judicare
2261 3946 2382 3990 ante
2407 3945 2606 4004 tempus
2646 3935 2698 4006 (1
2739 3935 2862 3990 Cor.
2895 3950 2969 4000 ιν,
3009 3935 3086 4003 5).
3141 3934 3392 4005 Nunquid
3440 3951 3577 4006 prte-

1992 4029 2276 4084 seribimus
2300 4026 2554 4096 potentiae
2581 4025 2735 4098 [Cod.
2772 4024 2891 4079 Vat.
2915 4065 2928 4090 ,
2966 4025 3349 4095 perscrihimus
3381 4036 3574 4094 poten-

1991 4116 2089 4188 tia]
2117 4117 2234 4182 Dei,
2260 4124 2320 4171 ut
2363 4116 2684 4170 misereatur
2711 4117 2796 4170 cui
2827 4115 2960 4179 vult,
2984 4115 3074 4184 qui
3106 4115 3182 4170 ait
3210 4131 3222 4167 :
3257 4113 3432 4168 Erunt
3477 4132 3574 4170 no-

1992 4312 2144 4366 lium.
2170 4310 2284 4366 Hoc
2309 4309 2537 4380 populus
2561 4312 2756 4380 partim
2779 4311 2987 4373 videns,
3015 4309 3206 4378 partim
3233 4307 3456 4380 audiens
3475 4305 3580 4380 fuit

1994 4382 2174 4438 subito
2213 4377 2416 4436 clamor
2457 4377 2645 4452 ingens
2685 4390 2738 4434 et
2776 4377 3071 4452 concursus
3099 4378 3314 4452 populi,
3343 4377 3579 4452 masime

1994 4467 2308 4530 pauperum,
2339 4465 2402 4530 ex
2427 4447 2588 4530 omni
2621 4448 3058 4530 parte_civitatis.
3095 4447 3288 4530 Sottuit
3313 4447 3576 4530 siquidem

300 4517 660 4580 arbitramur,
687 4530 752 4570 ex
782 4510 1038 4586 petitione
1067 4532 1307 4580 suorum,
1331 4510 1491 4587 quam
1523 4510 1729 4572 sancta?
1748 4510 1891 4572 men-
1921 4510 1970 4571 Ι)
1994 4510 2119 4575 ante
2158 4521 2211 4574 in
2258 4510 2477 4574 civitate
2523 4510 2735 4572 venisse
2780 4519 2989 4572 hostem
3029 4510 3464 4587 Aurelianensem
3509 4515 3574 4569 ad

300 4587 376 4641 tis
397 4587 541 4641 illius
561 4588 962 4656 perturbatione
979 4587 1062 4639 vel
1083 4588 1377 4642 iracundia.
1404 4590 1504 4655 Qui
1530 4603 1672 4650 reus,
1696 4609 1713 4639 ι
1733 4596 1886 4643 etc...

377 4658 404 4697 δ
428 4656 562 4727 Cod.
588 4656 705 4710 Sal:
733 4675 748 4706 ι
781 4657 878 4723 Qui
906 4657 1143 4713 redditus
1163 4658 1401 4726 ejusdem
1425 4657 1631 4727 prtefati
1654 4658 1890 4726 episcopi

299 4726 507 4788 missis,
556 4735 616 4780 ut
642 4741 806 4780 sanus
850 4728 1204 4797 deduceretur
1229 4729 1294 4780 ad
1327 4726 1666 4797 praisentiam
1705 4728 1887 4782 domui

299 4796 697 4866 archiepiscopi
743 4797 840 4850 sub
886 4798 987 4851 [ide
1012 4796 1227 4850 illorum
1264 4796 1334 4850 ad
1373 4799 1687 4850 canon'cam
1719 4798 1892 4866 βαδιιί-

299 4867 552 4920 tentiam.
582 4866 701 4931 Quo
723 4876 942 4936 accepto
963 4883 1072 4920 non
1101 4867 1218 4920 ausi
1243 4875 1368 4920 sunt
1396 4879 1517 4920 eum
1546 4866 1742 4922 ducere
1767 4883 1892 4936 pro-

297 4945 425 5011 pter
451 4937 705 5011 iusidias,
729 4954 746 4986 ι
779 4945 881 4991 etc.

375 5017 396 5045 ε
445 5005 578 5059 Cum
624 5007 859 5074 episcopo
905 5016 1098 5060 nostro.
1162 5006 1460 5063 Turonensi
1505 5006 1782 5069 videlicet,
1832 5017 1892 5062 ιιι

293 5077 477 5197 itabat5
495 5075 835 5130 Mabillonius
859 5075 952 5130 lib.
981 5092 1126 5130 xxvii
1158 5075 1350 5130 Annal.
1387 5075 1582 5130 Bened.
1616 5091 1737 5146 pug.
1764 5076 1886 5141 56f,

293 5161 358 5197 η.
481 5184 494 5196 .

290 5161 358 5198 η.
406 5144 494 5197 16.

372 5213 400 5252 ἀ
427 5213 559 5269 Cod.
593 5214 721 5270 Sal:
758 5234 776 5266 ι
811 5214 1141 5283 Principales
1167 5213 1416 5270 homines
1441 5215 1780 5269 intraverunt
1804 5231 1892 5270 cc-

285 5283 526 5338 clesiam
551 5285 638 5340 die
671 5285 944 5339 Dominica
974 5301 1094 5339 cum
1141 5285 1480 5340 sanctissimo
1524 5284 1772 5354 episcopo
1797 5289 1892 5340 no-

285 5364 438 5414 stro,
471 5362 532 5408 ut
567 5355 741 5410 visunt
775 5361 876 5417 est,
923 5369 1111 5421 rapere
1153 5370 1301 5409 reum
1346 5354 1614 5421 iacentem
1659 5363 1781 5410 ante
1810 5372 1888 5409 se-

283 5423 550 5495 pulcrum
577 5423 636 5480 S.
666 5423 992 5495 confessoris
1016 5424 1239 5495 Christi,
1259 5433 1313 5479 et
1351 5425 1710 5488 sanctitatem,
1741 5445 1756 5476 ι
1784 5436 1886 5479 etc.

382 5506 406 5567 ς
435 5493 548 5567 line
575 5508 747 5567 usque
777 5494 1166 5567 Fragmentum
1192 5494 1504 5567 Mabillonii.

382 5562 403 5601 ί
439 5561 571 5618 Cod.
607 5561 720 5619 stu.
760 5561 998 5621 Altaris:
1033 5582 1052 5616 ι
1097 5565 1346 5619 timentes
1373 5579 1440 5619 ne
1479 5566 1619 5619 inter
1643 5563 1810 5619 altare
1839 5573 1894 5619 et

276 5632 613 5755 sgpulcrum
655 5636 977 5692 sanctissimi
1021 5633 1346 5690 confessoris
1388 5633 1586 5690 Christi
1617 5635 1893 5705 sanguinis

276 5724 315 5755 ι’
380 5702 500 5755 usio
524 5702 683 5755 foret.
713 5703 916 5755 Raptus
960 5713 1041 5755 est
1067 5703 1282 5755 ﬂuidam
1314 5705 1475 5755 homo
1522 5704 1662 5755 illius
1690 5704 1890 5755 funitivl

273 5702 500 5775 effusio
524 5702 683 5760 foret.
713 5703 916 5774 Raptus
960 5713 1041 5759 est
1067 5703 1282 5775 quidam
1314 5705 1475 5760 homo
1522 5704 1662 5758 illius
1690 5702 1890 5775 fugitivi

275 5772 490 5834 medio
517 5775 719 5845 populi,
744 5772 1107 5832 induceretur
1136 5773 1298 5838 foras,
1333 5775 1424 5845 qui
1469 5775 1720 5829 clamavit
1747 5772 1892 5829 auxi-

1990 4589 2322 4659 profananda
2354 4589 2409 4642 S.
2443 4587 2660 4659 Martini
2694 4587 2970 4659 suffragia],
3013 4587 3137 4659 quia
3183 4586 3425 4659 sciebant
3465 4600 3578 4659 ma-

1991 4655 2120 4712 nere
2144 4658 2404 4727 plurimos
2432 4658 2497 4713 de
2535 4657 2755 4727 civitate
2793 4655 3048 4727 praedicta
3089 4655 3333 4727 homines
3357 4669 3454 4723 per
3480 4655 3578 4708 vil-

1990 4724 2355 4782 lulas."l‘imor
2374 4737 2428 4779 et
2445 4726 2704 4782 tumultus
2719 4724 2916 4794 ubique
2938 4725 3235 4788 increbuit;
3265 4724 3330 4778 de
3348 4739 3576 4792 quorum

1992 4799 2240 4852 manibus
2288 4795 2483 4851 fratres
2523 4798 2688 4850 nostri
2735 4793 3047 4865 eripuerunt
3088 4794 3296 4863 ιιι-ωηιιί
3341 4793 3574 4865 episcopi

1992 4868 2256 4931 homines,
2289 4883 2355 4921 ne
2383 4869 2510 4936 quid
2533 4867 2657 4920 mali
2692 4862 3022 4936 paterentur,
3051 4862 3413 4936 populumque
3433 4862 3578 4915 foras

1991 4937 2274 4993 ecclesiam
2307 4932 2644 5006 expulerunt.
2679 4932 2782 4999 Sed
2815 4935 2896 4989 sui
2941 4932 3171 5004 plurima
3205 4932 3412 4994 dicunt,
3457 4946 3577 5000 qua:

1992 5006 2065 5060 ιιι
2091 5017 2241 5078 gesta
2263 5023 2366 5078 non
2406 5007 2852 5078 erantpaudac‘ia,
2875 5013 2929 5058 et
2950 5019 3069 5072 qua:
3097 5011 3244 5078 gesta
3271 5009 3398 5078 sunt
3417 5015 3577 5078 exag-

1991 5069 2180 5145 gerare
2203 5077 2381 5130 verbis
2421 5075 2720 5145 superiluis.
2749 5075 2936 5145 vestra
2965 5069 3222 5126 sanctitas
3250 5069 3575 5145 consideret,

1991 5138 2034 5198 si
2057 5144 2258 5211 justum
2278 5147 2346 5200 sit
2370 5154 2429 5199 ut
2455 5138 2504 5199 vi
2533 5145 2770 5214 rapiatur
2789 5143 3043 5212 fugitivus
3064 5157 3186 5196 reus
3206 5140 3272 5194 ad
3293 5138 3577 5213 ecclesiam

1992 5214 2211 5284 Christi,
2241 5226 2295 5270 et
2320 5232 2386 5270 an
2410 5230 2621 5284 aequum
2651 5217 2741 5278 sit,
2772 5234 2791 5265 ι
2824 5222 2928 5284 etc.

2068 5286 2093 5325 ε
2130 5281 2261 5338 Cod.
2287 5284 2419 5357 _Sat.
2447 5275 2513 5339 ε’(
2549 5275 2930 5338 Calceamenti.
2963 5281 3180 5335 Certum
3216 5285 3301 5357 est
3325 5275 3576 5357 eumdem

1995 5368 2145 5407 reum
2193 5353 2360 5407 multa
2411 5363 2748 5422 perpetrasse
2794 5361 3012 5422 peccata
3054 5359 3110 5404 ct
3153 5347 3355 5422 scelera
3412 5347 3574 5422 impia

1992 5422 2180 5487 valde;
2215 5431 2383 5477 testes
2411 5414 2573 5477 habet
2595 5414 2937 5491 presbyteros
2964 5421 3206 5491 viventes
3235 5417 3432 5491 adhuc,
3458 5414 3576 5484 qui-

1994 5486 2270 5567 bussuapt
2299 5493 2444 5567 dedit
2463 5486 2896 5567 confessionem,
2912 5489 3280 5567 Christianum
3303 5486 3369 5542 de
3390 5497 3576 5567 mona-

1995 5562 2160 5617 sterio
2205 5562 2262 5618 S.
2300 5561 2594 5626 Benedicti,
2625 5558 2702 5617 'et
2745 5561 3096 5616 Adalbertum
3143 5558 3209 5612 de
3243 5558 3582 5626 monastetjo

2095 5631 2327 5694 Martini,
2371 5620 2656 5702 antequam
2693 5630 3208 5702 deprehenderetur,
3237 5620 3574 5702 vel‘vinculig

1998 5704 2475 5773 constringeretur,
2517 5695 2628 5773 ἰρι
2671 5695 2842 5773 poenis
2894 5706 3254 5773 torqueretur.
3302 5695 3442 5764 Quid
3490 5697 3576 5747 est

1998 5774 2138 5841 quod
2170 5769 2279 5842 ipsi)
2319 5772 2572 5828 Dominus
2601 5769 2752 5826 Jcsus
2791 5771 2902 5824 ait:
2941 5769 3061 5824 Non
3104 5769 3234 5833 veni,
3273 5789 3288 5817 ι
3321 5773 3424 5820 etc.
