2006 3094
131 176 186 206 H3

131 234 303 269 praecipimus
317 232 464 262 custodire,
476 236 504 258 ut
519 239 579 258 reos
590 232 695 258 timoris
710 231 857 258 necessitas
868 237 921 256 non

131 278 301 313 constringat
319 278 392 305 circa
407 277 502 304 altaria
514 284 634 309 manere,
647 281 674 303 et
683 276 742 304 Idea
751 275 923 303 veneratione

128 324 211 358 digna
231 322 363 357 polluere.
382 332 391 348 ι
407 322 474 356 imp.
492 321 626 349 Honorius
635 325 663 348 et
676 320 842 348 Theodosius
852 319 920 354 Aug.

131 368 262 396 tlieiliano
275 368 419 402 praposito
430 372 491 401 post
500 367 551 393 alia
563 366 675 393 daturis
686 365 745 393 Kal.
754 365 835 392 Febr.
844 363 921 400 [Cod.

138 413 209 447 ναι,
225 414 298 441 data.
320 412 386 440 Cod.
401 412 470 445 Sal.,
485 412 553 439 Non.
576 411 755 447 Septembris]
784 411 921 442 Ravenna,

132 460 251 488 llonorio
264 468 301 487 vn
322 463 348 486 et
369 458 520 487 Theodosio
537 458 654 494 secundo
665 457 793 492 Augustis
805 456 923 484 consuli-

130 508 194 539 bus,
212 504 398 540 interpretatio
410 503 480 538 (Lib.
497 511 526 530 ιιι
544 503 609 530 Cod.
625 503 740 534 Theod.,
751 502 789 528 De
804 501 923 528 custodia

131 550 269 586 norm):
296 559 305 575 ‹
322 548 453 576 Omnibus
469 548 616 575 Dominicis
635 548 730 575 diebus
748 546 854 580 judices
874 546 923 573 sub

130 597 186 624 tida
202 595 322 623 custodia
345 595 378 622 de
402 594 559 621 carceribus
580 596 642 620 reos
663 593 789 624 educant,
804 595 834 618 ut
855 592 894 618 eis
908 599 923 617 ιι

130 640 293 668 Christianis
302 639 344 666 Vel
363 647 379 665 a
399 639 582 666 sacerdotibus
595 638 744 665 substantia
761 637 921 672 praebeatur.

128 688 160 712 et
174 685 209 712 ad
222 684 347 711 balneum
369 684 503 717 prtcdictis
527 683 620 710 diebus
635 683 685 710 sub
707 681 839 713 custodia,
859 681 924 708 reli-

130 731 219 765 gionis
231 730 465 764 contemplatione,
489 729 633 756 ducantur.
649 728 678 756 Si
701 728 762 763 quis
787 728 820 755 de
833 733 924 755 custo-

130 777 210 804 dibus
227 776 279 802 hoc
303 775 414 810 implere
441 774 600 808 neglexerit,
631 781 750 809 poenam,
775 780 856 807 quam
880 772 924 799 lex

129 813 190 856 ipsa
213 820 363 851 constituit,
378 823 491 855 cogatur
505 819 626 854 implere.
643 829 652 845 ι
676 819 746 854 Lege
762 817 832 845 Julia
852 818 885 846 de
898 818 924 844 vi

129 865 238 900 publica
251 866 404 896 damnatur,
426 865 474 899 qui
495 865 584 899 aliqua
597 866 729 899 potestate
743 864 872 899 prtcditus
886 864 924 891 ci-

132 919 202 942 vem,
219 911 368 937 Romanum
389 910 579 944 imperatorem
601 909 779 945 appellantem
804 909 874 945 (Lib.
902 916 920 935 ιι

129 962 156 982 u-t
168 965 201 983 xv
212 957 276 983 Cod.
293 956 407 986 Theod.,
423 956 455 982 de
467 955 620 990 Appellat);
635 955 771 982 necaverit
783 950 921 990 [necarlve

127 1003 250 1037 jusserit,
275 1003 395 1033 torserit,
416 1003 609 1032 vcrl:era\erit.
636 1000 865 1037 condemnavcrit]
894 1001 921 1027 in

131 1051 172 1076 via
197 1049 302 1083 publica
320 1048 406 1074 vincla
435 1049 494 1075 duci
517 1048 645 1082 juSserit;
672 1047 749 1081 cujus
777 1048 814 1074 rei
843 1046 921 1081 173

130 1103 208 1128 paena
221 1095 246 1120 iu
259 1094 415 1120 humiliores
425 1094 511 1128 capite
521 1093 618 1129 [δαίμ.
629 1093 728 1129 capita]
737 1102 745 1125 ;
755 1093 780 1120 in
787 1091 923 1120 houeslio-

131 1146 174 1167 res
189 1140 283 1167 insula:
302 1141 487 1174 deportatione
508 1144 675 1167 coercentur.
699 1139 770 1174 Lege
793 1137 862 1165 Julia
876 1138 922 1166 de-

131 1192 234 1215 cretum
249 1191 304 1218 est,
320 1192 350 1214 ut
363 1196 411 1222 pro
424 1187 550 1214 violentia
571 1185 649 1222 [Cod.
670 1185 740 1218 Sal.,
755 1193 803 1220 per
818 1184 922 1212 violen-

132 1235 194 1260 tiam
211 1233 329 1268 publica]
351 1233 503 1265 damnetur,
526 1233 678 1267 quicunque
691 1231 775 1266 judex
789 1230 924 1266 appellan-

132 1284 194 1310 tem,
208 1281 237 1305 tit
250 1279 284 1305 ad
300 1278 428 1312 principis
448 1278 615 1311 przcsentiam
633 1278 758 1309 ducatur,
777 1276 924 1311 ingenuum

132 1325 266 1351 hominem
282 1323 322 1349 vel
333 1323 419 1350 civem
440 1323 589 1350 Romanum
604 1321 727 1358 [factum]
744 1322 923 1353 torserit,oc-

130 1369 234 1399 ciderit.
260 1368 301 1395 vel
322 1368 406 1394 occidi
423 1367 544 1401 jusserit,
560 1368 602 1395 vel
622 1368 649 1394 in
673 1367 788 1394 vinculis
807 1366 924 1401 publicis

129 1414 296 1445 astrinxerit,
319 1414 358 1440 vel
372 1414 481 1447 ﬂagellis
496 1413 641 1445 exciderit,
653 1417 701 1440 aut
710 1413 840 1440 damnare
853 1419 922 1446 prte-

130 1460 285 1493 sumpserit.
308 1459 359 1486 Pro
378 1467 429 1493 qua
456 1467 483 1486 re
511 1458 668 1486 humiliores
693 1466 815 1493 persona:
835 1457 924 1492 capite

128 1505 279 1540 puniuntur
295 1505 390 1540 [Ειίίι.γ
404 1504 563 1541 ponuntur],
579 1504 749 1532 honestiores
767 1504 792 1531 in
807 1503 923 1531 insulam

128 1551 296 1585 relegantur.
311 1550 421 1584 Legitur
440 1551 468 1578 in
493 1550 598 1583 Orosio,
619 1551 688 1578 libro
702 1558 750 1582 vn,
768 1550 800 1578 de
814 1550 922 1577 Alarico

128 1603 208 1629 rege,
224 1595 269 1629 qui
294 1595 402 1621 Romam
426 1596 540 1626 obsedit,
566 1596 673 1630 irrupit,
698 1596 822 1628 vastavit,
848 1596 921 1630 quali

129 1638 282 1666 intentione
304 1640 371 1667 locis
391 1640 492 1667 sanctis
511 1640 582 1667 idem
602 1648 723 1676 paganus
745 1648 789 1668 rex
809 1648 923 1675 parcere

126 1685 219 1719 jussit,
246 1689 275 1712 ut
294 1685 388 1712 eadem
404 1686 484 1713 verba
505 1693 637 1720 ponamus
664 1686 761 1722 [Edil.,
786 1686 921 1723 ponimus]

130 1739 193 1765 quae
215 1731 284 1758 idem
302 1732 447 1759 historicus
458 1734 499 1759 vir
511 1733 610 1767 posuit,
629 1733 675 1767 qui
693 1737 753 1767 post
775 1741 922 1768 congruam

131 1783 224 1803 rerum
241 1781 376 1811 gestarum
401 1778 499 1805 seriem
524 1778 620 1806 litteris
635 1779 794 1813 subjunxit:
813 1789 822 1805 ι
839 1780 924 1807 Adest.

131 1820 266 1852 Alaricus,
295 1822 426 1856 trepidam
451 1822 564 1850 Romam
588 1823 702 1856 obsidet,
734 1824 923 1858 turhatamque

132 1867 269 1900 irrumpit,
289 1867 352 1894 dato
369 1872 458 1895 tamen
478 1872 612 1903 praecepto
630 1869 715 1903 prius,
730 1874 760 1896 ut
781 1871 802 1897 si
821 1870 882 1905 quis
896 1870 923 1897 in

131 1916 226 1938 sancta
240 1911 306 1944 loca,
319 1913 452 1947 praecipue
466 1913 492 1940 in
506 1918 660 1941 sanctorum
675 1915 858 1950 apostolorum
874 1916 923 1943 Pc-

131 1957 170 1984 tri
184 1961 210 1984 et
221 1957 294 1985 Pauli
308 1958 433 1986 basilicas
445 1958 617 1993 coalugissct,
631 1960 679 1987 hos
692 1960 824 1996 imprimis
839 1961 924 1988 invio-

132 2003 203 2030 latos
223 2010 333 2031 securos
351 2012 410 2032 esse
432 2005 561 2032 sinerent.
577 2015 586 2031 ι
608 2006 641 2033 Et
655 2014 708 2041 quo
733 2007 834 2034 honore
859 2015 922 2035 vasa

132 2054 226 2076 sancta
242 2055 381 2084 reportare
392 2050 518 2084 jussisset
536 2052 643 2078 inventa
666 2053 699 2079 ad
715 2053 853 2084 ecclesias,
878 2053 922 2080 ille

133 2093 228 2129 [Cedet
251 2093 310 2121 Vat.
325 2100 347 2121 et
362 2094 433 2126 Sal.,
448 2095 507 2131 ibi],
527 2096 572 2130 qui
590 2096 660 2123 scire
674 2096 819 2129 desiderat,
834 2097 923 2132 legere

131 2139 240 2173 poterit.
257 2139 284 2167 Si
297 2139 379 2176 [quis]
399 2141 456 2167 haec
469 2148 529 2175 quae
542 2141 681 2175 posuimus
694 2149 826 2169 canonum
845 2142 873 2169 et
886 2143 923 2170 le-

131 2191 196 2217 gum
222 2184 376 2211 testimonia
402 2185 521 2212 minores
550 2193 611 2212 esse
637 2186 814 2213 auctoritates
842 2186 920 2222 [Cod.

132 2228 201 2260 SM,
222 2229 257 2256 de
280 2230 428 2257 canonihus
446 2230 488 2257 vel
521 2230 577 2264 lege
602 2230 722 2257 Romana
738 2250 745 2257 .
764 2251 770 2257 .
788 2250 795 2257 .
811 2232 923 2259 minoris

131 2280 191 2301 esse
204 2274 383 2311 auctoritatis]
397 2276 521 2308 aestimet,
540 2275 611 2310 legat
621 2276 706 2310 ipsius
719 2273 824 2303 Domini
835 2277 868 2304 de
883 2275 924 2304 fu-

167 2358 179 2372 ·
199 2352 266 2380 Cod.
282 2351 493 2388 Salisburgensis
503 2352 554 2379 hoc
565 2351 623 2379 loco
634 2353 670 2379 ita
683 2353 769 2388 pergit
783 2361 788 2378 :
805 2362 814 2378 ‹
826 2353 855 2388 in
868 2358 925 2381 tan-

132 2391 201 2423 tum,
215 2392 246 2423 ut
263 2387 296 2413 de
314 2386 536 2423 servis’fugitivis
556 2387 582 2414 in
602 2386 808 2423 Denteronomio
827 2386 925 2423 legitur

133 2422 320 2453 demandasse,
339 2427 367 2448 ut
383 2430 434 2449 non
450 2422 627 2449 redderentur
640 2422 756 2449 dominis
770 2422 879 2457 propter
895 2423 927 2450 ti-

133 2431 320 2453 οεωθιιαιιεξε,
339 2431 367 2448 ιιι
383 2431 434 2449 non
450 2431 627 2449 retinerentur
640 2431 756 2449 uomitus
790 2431 879 2457 l'OplL‘l‘
895 2431 926 2450 ιι-

131 2464 241 2493 morem
251 2460 454 2493 tormentorum
478 2457 578 2484 Eadem
595 2458 684 2489 verba,
699 2465 758 2493 qua:
770 2431 812 2484 ibi
834 2458 926 2493 legun-

129 2497 177 2527 tur
191 2497 199 2517 :
217 2491 278 2519 Non
295 2491 381 2518 trades
394 2500 494 2519 servum
508 2492 613 2527 domine
626 2500 684 2524 suo,
701 2491 745 2527 qui
764 2492 798 2518 ad
819 2498 843 2520 te
862 2491 926 2520 con-

131 2526 242 2561 fngerit,
256 2527 302 2553 sed
318 2526 441 2562 habitabit
456 2532 538 2554 tecum
554 2528 581 2554 in
596 2526 661 2557 loco,
681 2528 725 2562 qui
746 2527 769 2553 ei
787 2527 923 2562 placuerit,

129 2566 156 2587 et
180 2561 281 2598 intum
304 2561 706 2598 urbiumrt‘uargtmrequiescet],
726 2563 772 2598 fleo
791 2564 926 2589 contristes

128 2604 193 2622 eum
208 2595 297 2631 (Deut.
316 2604 392 2627 χχιιι,
411 2595 453 2628 15,
470 2595 524 2631 l6).
546 2595 608 2624 [hoc
628 2596 731 2624 Domini
752 2600 814 2623 sunt.
835 2598 924 2630 verba,

128 2639 188 2667 non
201 2632 322 2667 alterius,
335 2639 395 2666 quae
407 2631 488 2667 omni
497 2632 667 2659 veneratione
681 2631 851 2667 intelligenda
864 2636 927 2659 Stilll.

128 2665 167 2702 ad
182 2665 380 2702 observandum
392 2666 536 2693 secundum
550 2666 677 2702 temporis
687 2665 924 2702 opportunitatem.

128 2700 189 2727 Sed
203 2705 232 2737 et
244 2701 269 2727 in
284 2701 404 2737 historiis
418 2707 538 2728 veterum
553 2700 649 2737 legitur
664 2702 689 2729 in
705 2700 865 2729 "civitatibus
879 2710 925 2737 pe-

127 2741 168 2762 ne
190 2736 288 2770 ubique
305 2736 408 2771 asylum
426 2744 485 2764 esse
504 2736 614 2771 propter
632 2736 761 2771 refugium
781 2737 926 2765 scelerato-

126 2776 211 2812 rum,
225 2776 252 2797 et
267 2771 319 2811 hoc
333 2771 536 2812 apud_paganos
551 2773 749 2812 iurante-magis
761 2773 835 2812 apud
851 2773 928 2812 C_hri-

125 2804 238 2833 stiones
257 2804 547 2834 misericordite'causa
560 2804 690 2834 Ecclesia:
706 2804 804 2835 debent
829 2808 927 2836 habere

125 2839 267 2877 honorem
280 2848 358 2877 suum
375 2841 402 2869 in
418 2841 591 2877 fugitivorum
611 2841 775 2870 solatium?)
799 2842 849 2869 llic
867 2843 927 2877 finis

124 2879 174 2902 τε(
193 2876 308 2910 epistola
327 2877 353 2902 in
372 2877 430 2903 cod.
450 2875 653 2911 Salisburgcnsi.

863 171 1053 199 EPISTOLJE.

1706 170 1765 199 ω

936 233 959 259 Λ
974 230 1119 264 gitivorum
1139 228 1294 257 civitatibus
1315 234 1458 264 prmecpta,
1472 234 1501 257 et
1519 229 1650 264 intelligat
1669 228 1766 256 divini-

974 278 1017 301 tus
1031 281 1092 302 esse
1105 274 1246 306 statutum,
1259 278 1288 301 ut
1301 275 1339 302 rei
1353 278 1381 301 et
1392 279 1559 309 peceatores,
1579 274 1693 302 Domino
1710 274 1766 301 Deo

973 317 1166 350 demandante.
1186 319 1244 346 loca
1264 319 1454 347 dei'ensationis
1478 320 1633 347 debuissent
1664 319 1766 347 habere

974 365 1017 392 ubi
1026 369 1234 400 protegerentur
1246 372 1260 391 a
1274 365 1493 399 persequentium
1507 365 1610 393 insidiis
1619 364 1705 392 H.Nec
1712 372 1765 392 non

973 414 1000 437 et
1023 410 1107 444 ipsam
1132 408 1255 441 Romam,
1282 404 1401 444 aliasque
1422 411 1470 444 per
1490 410 1620 437 mundum
1642 409 1766 437 civitates

973 454 1076 489 asylum
1101 455 1226 481 statuisse
1241 455 1274 481 ad
1293 462 1399 481 reorum
1423 453 1634 481 defensationem
1657 454 1765 489 legitur,

972 504 1002 526 ut
1023 507 1071 534 per
1085 499 1155 526 illius
1170 499 1220 527 loci
1234 499 1276 526 vel
1299 499 1402 533 templi,
1423 500 1468 534 qiti
1491 500 1561 533 apud
1585 508 1632 527 eos
1656 505 1766 530 sanctus

973 544 1132 576 habebatur,
1155 552 1248 571 severa
1263 544 1352 579 legum
1371 545 1496 571 cautione
1515 543 1592 579 [ϐοά.
1617 543 1686 576 Vat.,
1701 553 1765 573 cau-

972 587 1022 624 tio]
1043 589 1220 624 mitigaretur.
1236 589 1276 616 An
1292 589 1331 616 fas
1351 593 1392 616 est
1412 589 1481 623 apud
1496 588 1665 617 Christianos
1680 591 1767 618 mino-

973 635 1012 662 ris
1024 635 1083 662 ésse
1101 634 1211 661 honoris
1230 635 1379 662 Ecclesiam
1395 634 1506 666 Christi,
1533 642 1613 669 quam
1635 635 1764 671 templum

973 672 1046 708 lovis
1060 681 1130 715 apud
1151 688 1284 716 paganos;
1300 680 1342 708 vel
1360 680 1445 708 beata:
1461 680 1551 708 Mariae
1567 680 1705 716 genitricis
1720 680 1768 709 Dei

974 726 1093 758 domum,
1107 733 1189 761 quam
1212 726 1300 761 impia:
1318 726 1431 754 lunonis
1455 726 1557 762 asylum
1573 720 1710 754 inferioris
1724 729 1768 754 ve-

974 772 1121 800 nérationis
1136 771 1229 800 haberi
1246 781 1252 799 -.
1272 777 1318 799 aut
1339 773 1395 807 ipse
1417 773 1513 801 beatus
1534 772 1674 805 Martinus,
1686 773 1768 801 Verus

974 817 1021 845 Dei
1035 816 1124 844 ctiltor
1142 817 1168 844 in
1182 817 1337 845 Christiano
1352 818 1465 853 imperio
1484 818 1574 845 minus
1589 810 1712 846 venerari
1727 817 1768 846 fas

974 865 1024 893 est,
1037 869 1116 896 quam
1130 861 1270 896 Scolapius
1284 862 1404 895 falsator,
1417 863 1444 890 in
1455 870 1621 897 paganorum
1636 861 1768 898 potestate

939 900 961 932 Β
974 907 1086 934 habuit?

1009 958 1072 987 Haec
1088 960 1219 994 siquidem
1234 951 1334 992 omnia,
1350 961 1373 988 si
1384 960 1493 988 domino
1508 968 1568 988 meo
1585 959 1669 987 David
1685 951 1767 995 impe-

974 1004 1056 1031 ratori
1077 1004 1307 1032 Christianissimo
1320 1009 1347 1032 et
1365 1006 1437 1032 omni
1458 1006 1560 1033 honore
1578 1006 1625 1033 Dei
1649 998 1766 1033 devotis-

974 1049 1041 1076 sit'no
1066 1049 1198 1084 legantur,
1220 1049 1263 1076 vel
1285 1050 1374 1077 verbis
1394 1049 1513 1085 paciﬁcis
1536 1051 1671 1083 dicantur,
1697 1050 1764 1082 scin,

973 1094 1173 1122 sanctissimum
1193 1094 1264 1121 illius
1279 1095 1396 1121 animum
1412 1100 1438 1122 et
1453 1095 1553 1129 pietate
1566 1095 1761 1130 plenissimum.

973 1142 1000 1165 et
1023 1138 1050 1166 in
1073 1139 1194 1166 custodia
1219 1139 1405 1167 mandatorum
1428 1140 1475 1167 Dei
1497 1140 1694 1172 eautissimum.
1721 1133 1767 1175 qui

974 1184 1054 1211 nullis
1067 1184 1167 1218 poterit
1186 1185 1342 1212 muneribus
1360 1186 1392 1212 de
1409 1185 1451 1213 via
1469 1186 1592 1213 veritatis
1611 1186 1695 1214 averti
1719 1186 1765 1221 qui

972 1229 1062 1257 emnia
1079 1230 1115 1257 ita
1129 1231 1250 1257 decernit
1264 1234 1290 1257 et
1306 1230 1405 1259 iudicat
1421 1231 1498 1267 [Cod.
1517 1230 1576 1258 Vat.
1588 1252 1595 1262 .
1610 1231 1767 1269 dejudieat],

973 1275 1043 1303 sicut
1056 1276 1170 1302 Domino
1189 1276 1243 1302 Deo
1261 1274 1324 1302 Jesu
1341 1276 1448 1303 Christo
1465 1277 1606 1311 placuerit,
1622 1283 1649 1304 et
1664 1278 1766 1306 sanctis

973 1321 1030 1357 ejus
1044 1323 1068 1354 ιι,
1088 1326 1114 1349 et
1128 1322 1178 1348 sibi
1199 1321 1250 1348 erit
1268 1324 1372 1349 merces
1391 1324 1519 1357 perpetua
1540 1323 1566 1349 in
1585 1328 1685 1351 mterna
1704 1323 1766 1351 bea-

973 1367 1087 1394 titudine
1106 1371 1132 1394 et
1151 1367 1213 1394 ﬁliis
1229 1367 1285 1394 suis
1302 1367 1452 1394 benedictio
1471 1369 1644 1403 sempiterna.

1010 1416 1077 1452 Ecce
1093 1429 1246 1452 sanctorum
1264 1432 1375 1453 censura
1391 1424 1467 1461 [ϐοά.
1489 1425 1557 1456 Vah.
1572 1425 1704 1463 censum]
1720 1429 1766 1454 ba-

974 1477 1084 1502 nonum,
1096 1477 1158 1497 ecce
1171 1469 1294 1506 legalium
1309 1471 1376 1498 scita
1389 1471 1540 1498 litterarum
1555 1471 1708 1500 ﬁrmissime
1718 1472 1767 1500 ho—

973 1524 1066 1544 norem
1079 1516 1253 1544 ecclesiarum
1266 1516 1368 1544 Christi
1382 1517 1408 1544 in
1423 1518 1580 1552 patrociniis
1593 1517 1767 1553 fugitivorum

934 1568 959 1599 c
973 1561 1127 1588 conservari
1143 1560 1248 1594 juhenl.
1272 1561 1411 1596 Nunquam
1427 1562 1561 1590 credimus
1584 1567 1613 1589 ut
1634 1563 1767 1590 Christia-

975 1607 1102 1634 nissimus
1114 1611 1141 1634 et
1154 1606 1341 1634 serenissimus
1360 1608 1507 1642 imperator
1524 1608 1639 1636 domnus
1656 1608 1768 1636 Carolus

974 1651 1110 1688 Augustus
1123 1652 1201 1679 aliter
1214 1652 1359 1687 prmcipiat,
1374 1653 1425 1680 nisi
1437 1657 1465 1679 ut
1481 1658 1634 1681 sanctorum
1645 1662 1767 1682 censum

973 1700 1106 1725 canonum
1121 1703 1148 1725 et
1160 1697 1282 1732 legalium
1295 1697 1393 1734 [edicta
1408 1698 1558 1726 litterarum
1569 1706 1598 1726 se
1614 1697 1723 1730 habent,
1741 1702 1768 1726 et

974 1748 1003 1770 ut
1018 1748 1203 1771 antecessores
1215 1744 1254 1770 sui
1271 1747 1433 1775 statuerunt,
1445 1751 1495 1771 nec
1506 1747 1605 1771 sancta“;
1618 1744 1663 1770 Dei
1676 1744 1768 1770 Eccle-

974 1789 1020 1815 sia?
1033 1789 1128 1821 honor,
1146 1796 1194 1815 nec
1209 1787 1248 1815 sui
1263 1788 1350 1823 magni
1363 1788 1479 1814 nominis
1488 1787 1638 1814 reverentia
1650 1792 1675 1814 et
1687 1787 1768 1814 timor

974 1834 1062 1861 minor
1074 1834 1152 1861 debet
1167 1841 1226 1860 esse
1241 1834 1267 1860 in
1282 1839 1362 1868 regno
1375 1831 1601 1859 excellentissimo
1615 1837 1641 1858 et
1656 1832 1769 1866 imperio

973 1880 1169 1914 potentissimo,
1185 1878 1226 1905 vel
1240 1878 1266 1904 in
1282 1879 1370 1912 aliqua
1383 1878 1512 1912 dignitate
1523 1881 1549 1904 et
1559 1877 1661 1905 lionore
1671 1877 1766 1910 minui,

973 1925 1020 1953 sed
1034 1932 1141 1959 semper
1155 1924 1257 1958 augeri,
1274 1923 1306 1950 ad
1322 1923 1425 1949 laudem
1437 1927 1463 1949 et
1473 1923 1585 1957 gloriam
1598 1923 1704 1951 Domini
1719 1931 1767 1951 no—

973 1973 1021 1999 stri
1036 1971 1099 1999 Iesu
1115 1971 1224 2002 Christi,
1237 1963 1280 2005 qui
1294 1978 1355 1997 eum
1371 1977 1450 2004 super
1463 1978 1557 1997 onmes
1571 1970 1638 1997 alios
1652 1978 1728 2005 reges
1741 1975 1768 1998 et

973 2018 1149 2051 imperatores
1162 2015 1299 2050 sapientia:
1314 2015 1410 2041 decore
1423 2014 1573 2046 honoravit,
1592 2018 1619 2041 et
1632 2014 1707 2048 regni
1721 2021 1768 2048 po.

974 2061 1056 2089 tentia
1071 2060 1201 2088 exaltavit
1216 2060 1240 2096 ί]
1257 2059 1282 2087 ιι.

1168 2128 1248 2165 ιπ.
1269 2135 1281 2148 ε
1296 2124 1461 2157 EPISTOLA
1481 2120 1595 2156 cunt.

1021 2188 1053 2212 AD
1073 2187 1188 2212 ALBlNUI
1208 2192 1359 2212 κλοιετῐιιιιι
1377 2193 1411 2211 ΕΤ
1431 2193 1465 2211 AD
1483 2190 1719 2211 CONGREGATIONEI

1168 2227 1328 2246 IONASTEHII
1344 2227 1436 2246 SANCTI
1450 2226 1572 2246 lAll'l'lNl.

937 2235 962 2266 ι)

975 2275 1207 2311 Congregationem
1225 2274 1255 2302 S.
1278 2274 1387 2301 Martini
1408 2274 1568 2308 reprehendit
1588 2274 1619 2300 ob
1639 2274 1767 2308 delensio-

1011 2354 1026 2374 ιι
1045 2353 1107 2381 ﬂiat
1121 2361 1227 2381 sensus.

1012 2394 1022 2408 ε
1046 2388 1128 2416 Uncis
1144 2388 1247 2415 inclusa
1267 2395 1301 2415 ex
1321 2387 1381 2415 eod.
1407 2387 1467 2415 Vat.
1492 2387 1683 2420 restituuntur,
1706 2395 1767 2422 qua

976 2424 1087 2451 deerant
1108 2423 1133 2450 in
1154 2423 1246 2451 codice
1264 2430 1318 2457 quo
1338 2430 1403 2450 usus
1423 2426 1464 2449 est
1485 2422 1617 2457 Baluzius.

1010 2458 1023 2478 ἀ
1044 2457 1123 2486 Juvat
1136 2458 1199 2486 huic
1211 2456 1341 2492 epistolis,
1352 2457 1387 2484 ob
1396 2464 1494 2484 nexum
1504 2456 1673 2489 historicum,
1685 2456 1769 2490 subji-

976 2501 1037 2521 cere
1057 2493 1253 2528 responsoriam
1268 2492 1356 2528 Caroli
1373 2492 1459 2528 Magni
1476 2492 1657 2528 imperatoris.

1014 2529 1025 2547 ε
1041 2525 1127 2562 Magni
1145 2528 1283 2559 momenti,
1298 2527 1384 2562 inquit
1397 2525 1522 2554 Baluzius
1535 2528 1561 2554 in
1576 2527 1646 2554 notis
1659 2526 1715 2562 suis
1732 2525 1766 2553 ad

976 2561 1140 2601 _Capitularia
1155 2567 1220 2601 tom.
1235 2562 1265 2601 i_l,
1279 2561 1344 2601 pag;
1358 2563 1437 2601 i962,
1452 2567 1492 2589 cst
1507 2563 1558 2601 ista
1569 2561 1772 2601 (iaroliepistot.

977 2598 1011 2628 la,
1029 2605 1043 2623 a
1057 2605 1154 2632 magno
1165 2598 1287 2632 principe
1295 2602 1321 2632 et
1333 2597 1436 2631 jurium
1455 2597 1598 2624 sacerdotii
1619 2601 1647 2623 et
1661 2597 1768 2630 imperii

977 2631 1141 2667 peritissimo
1157 2631 1266 2666 scripta.
1282 2631 1334 2667 ilic]
1355 2632 1428 2659 vides
1440 2632 1567 2659 clericum
1589 2632 1624 2659 ab
1642 2631 1770 2666 episeopo

977 2666 1026 2694 suo
1042 2667 1187 2694 secundum
1200 2674 1317 2698 canones
1330 2666 1486 2699 iudicatum,
1499 2670 1526 2693 et
1538 2667 1564 2693 in
1573 2667 1694 2694 custodia
1706 2673 1768 2700 pro-

977 2707 1037 2737 pter
1048 2710 1094 2729 sua
1106 2702 1202 2729 merita
1221 2700 1363 2737 inclusum,
1378 2701 1477 2737 ruptis,
1491 2705 1521 2737 ut
1537 2701 1574 2728 ita
1590 2702 1690 2737 dicam,
1708 2707 1769 2737 car-

978 2735 1047 2764 ‘ceris
1059 2737 1183 2768 vinculis,
1197 2737 1223 2764 in
1235 2736 1376 2763 ecclesiam
1393 2736 1479 2763 sancti
1495 2736 1601 2763 Martini
1616 2735 1768 2770 confugisse

978 2776 1005 2799 et
1020 2773 1132 2799 abusum
1154 2772 1296 2799 sanctitate
1308 2771 1376 2803 loci,
1397 2776 1427 2798 ut
1441 2778 1548 2805 poenam
1560 2772 1695 2803 evaderet,
1707 2778 1768 2805 quae

978 2807 1005 2834 in
1020 2815 1080 2834 eum
1092 2807 1193 2841 optimo
1201 2806 1300 2841 iudicio
1312 2806 1460 2834 constituta
1471 2805 1569 2834 fuerat.
1578 2807 1659 2835 Vides
1670 2805 1768 2834 deinde

979 2843 1136 2874 monachos,
1159 2846 1187 2869 ut
1200 2850 1229 2869 as
1250 2842 1265 2869 li
1285 2842 1326 2869 sui
1350 2841 1504 2876 religionem
1531 2846 1556 2869 et
1578 2841 1766 2869 auctoritatem

981 2878 1160 2906 venditarent.
1177 2849 1287 2906 lateliris
1308 2877 1380 2905 illum
1407 2876 1463 2904 suis
1481 2876 1640 2906 occultasse.
1654 2877 1766 2906 eiusque

981 2878 1160 2910 venditarent,
1177 2876 1287 2906 latebris
1308 2877 1380 2905 illum
1407 2876 1463 2904 suis
1481 2876 1640 2910 occultasse,
1654 2877 1766 2911 ejusque
