4012 6188
452 320 559 377 H3

1300 314 1360 368 Β.
1398 313 1458 366 F.
1499 310 1724 366 ALBINI
1763 308 1894 364 SEU
1937 305 2212 362 ALCUINI
2247 306 2529 362 OPERUM
2567 307 2745 362 PARS
2781 307 2822 360 ι.

3610 313 3717 369 H6

518 450 633 489 nem
666 430 942 508 cujusdam
969 428 1044 480 rei
1071 426 1246 508 ςιεήςὶ
1266 426 1334 479 ad
1347 427 1492 508 ipso:
1513 423 1880 508 confugiendo,
1903 437 2028 508 eorn-
2057 424 2101 483 Δ
2123 421 2327 476 missus
2350 429 2451 485 est,
2479 429 2533 476 et
2553 423 2619 477 de
2647 422 2804 494 175
2833 422 2988 491 cujus
3016 421 3257 478 custodia
3288 424 3483 492 evasit,
3519 442 3715 498 praeci-

516 515 601 559 tra
647 492 954 556 sententiam
1003 497 1086 552 sui
1132 492 1382 567 episcopi,
1417 503 1467 550 et
1499 492 1686 549 contrd
1721 492 2027 548 mandatum

517 573 678 641 ipsius
708 569 860 639 regis,
897 579 994 620 etc.

519 661 574 714 in
603 659 816 713 nomine
839 655 1040 716 Patris,
1068 664 1121 711 et
1145 654 1290 722 Filii,
1312 663 1366 711 et
1386 654 1618 724 Spiritus
1638 653 1831 708 sancti.
1871 650 2030 706 Caro-

449 753 552 815 lus,
593 758 646 805 ct
684 749 909 819 reliqua,
948 746 1141 802 Albino
1178 745 1467 802 venerabili
1510 744 1765 814 magistro
1801 751 1856 798 et
1881 742 2025 797 omni

451 840 846 911 congregationi
881 838 1191 893 monasterii
1223 837 1390 892 sancti
1418 835 1652 890 Martini.

519 935 697 990 Pridie
718 948 878 1002 quam
908 932 974 985 ad
1001 940 1238 986 nostram
1263 930 1604 998 prtesentiam
1635 946 1666 982 a
1695 929 1846 983 vobis
1867 927 2026 982 missa

449 1026 684 1080 venisset
697 1023 941 1093 epistola,
956 1021 1131 1076 allata:
1155 1022 1308 1076 nobis
1329 1029 1452 1076 sunt
1475 1020 1667 1074 litterae
1687 1035 1716 1072 a
1731 1019 2028 1074 Tbcozlulfo

449 1117 702 1186 episcopo
749 1113 944 1176 misse,
981 1111 1348 1182 querimonias
1389 1110 1729 1165 continentes
1770 1109 1838 1164 de
1874 1110 2029 1164 inbo-

448 1206 729 1262 noratione
769 1204 1045 1258 hominum
1102 1217 1344 1266 suorum,
1396 1209 1450 1256 et
1493 1216 1599 1255 non
1651 1209 1762 1255 tam
1813 1201 2028 1256 illorum

447 1313 610 1368 quam
635 1296 869 1368 episcOpi
892 1293 1048 1362 hujus
1063 1293 1315 1356 civitatis,
1338 1292 1419 1346 vel
1444 1298 1752 1362 contemptu
1767 1289 2029 1358 jussiouis

450 1389 656 1457 imperii
691 1387 892 1451 nostri;
925 1400 1085 1456 quam
1107 1383 1406 1451 jussionem
1437 1382 1504 1438 de
1526 1381 1822 1437 redditione
1856 1378 2028 1448 cujus-

447 1477 570 1533 dam
597 1477 778 1533 clerici
813 1477 879 1532 de
915 1475 1155 1531 custodia
1189 1475 1356 1543 ipsius
1395 1473 1583 1544 elapsi,
1625 1482 1681 1530 et
1716 1473 1769 1528 in
1805 1473 2026 1528 basilica

444 1572 617 1630 sancti
645 1569 857 1624 Martini
891 1569 1155 1623 latitantis
1180 1569 1280 1622 sub
1309 1567 1477 1622 nostri
1518 1566 1750 1620 nominis
1785 1565 2024 1620 auctori-

447 1669 558 1716 tate
596 1660 940 1716 conscribere
971 1657 1263 1727 jussimus;
1296 1655 1450 1724 cujus
1473 1656 1634 1710 etiam
1663 1654 1822 1710 nobis
1847 1670 2028 1714 exem—

443 1753 610 1823 plaria
643 1752 865 1805 misistis
889 1749 980 1822 [F.
1012 1749 1162 1802 vobis
1283 1744 1568 1818 misimus],
1615 1746 1668 1799 in
1707 1745 1902 1814 quibus
1927 1760 2027 1800 nos
2057 1768 2101 1826 Β

445 1857 780 1914 nequaquam
808 1839 1001 1908 injuste
1021 1838 1221 1908 aliquid
1251 1837 1572 1898 decrevisse,
1595 1843 1657 1890 ut
1679 1836 1830 1890 vobis
1853 1836 2022 1891 visum

443 1932 574 1994 fuit,
603 1941 872 2004 putamus.
909 1923 1020 1987 Sed
1043 1946 1166 1986 cum
1196 1939 1450 2000 utrasque
1479 1929 1764 1998 epistolas,
1791 1937 2024 1983 vestram

442 2023 686 2091 Scilicet,
733 2033 789 2081 et
844 2022 1142 2088 Theodulii,
1193 2023 1349 2078 nobis
1400 2022 1637 2092 relegere
1690 2020 2022 2086 fecissemus,

442 2119 683 2188 asperior
718 2117 886 2172 multo
923 2116 1078 2172 nobis
1129 2122 1182 2170 et
1235 2131 1358 2169 cum
1408 2113 1683 2169 iracundia
1731 2113 2028 2182 composita

441 2220 618 2267 vestra
634 2251 652 2273 ,
674 2224 832 2278 quam
860 2206 1135 2262 Theodulii
1163 2206 1442 2260 videbatur
1467 2204 1691 2274 epistola
1709 2244 1725 2268 ,
1752 2213 1808 2258 et
1828 2204 1883 2258 in
1908 2203 2027 2258 nui-

441 2299 494 2355 lo
514 2314 642 2370 erga
668 2297 816 2352 illum
841 2295 1126 2352 charitatis
1148 2295 1489 2349 condimento
1512 2309 1788 2363 respersa;
1813 2293 1907 2350 sed
1932 2310 2027 2365 po-

444 2381 548 2444 tius
578 2387 732 2458 quasi
771 2402 922 2442 reum
961 2384 1270 2446 defendens,
1309 2393 1365 2439 et
1398 2385 1709 2454 episcopum
1745 2401 2023 2448 accusans,

441 2489 498 2537 et
521 2481 619 2536 sub
644 2469 910 2534 velamine
937 2477 1166 2547 quodam
1193 2476 1352 2532 celati
1377 2477 1610 2530 nominis
1637 2477 1919 2532 continens
1943 2477 2026 2532 vel

441 2577 633 2642 posset
649 2568 729 2624 vel
753 2567 964 2622 admitti
989 2567 1056 2622 ad
1081 2567 1480 2622 accusationem
1502 2564 1755 2630 deberet;
1779 2582 1900 2621 cum
1923 2566 2027 2621 hoc

440 2661 661 2714 omnino
690 2666 743 2713 et
769 2657 946 2713 divina
971 2665 1025 2712 et
1052 2659 1286 2712 humana
1314 2654 1429 2726 lege
1454 2656 1724 2711 sancitum
1746 2657 1837 2722 sit,
1860 2667 1886 2695 ι
1908 2653 2028 2710 nul-

442 2751 476 2808 li
500 2751 789 2807 criminosa
820 2749 1051 2804 alterum
1078 2749 1365 2803 accusandi
1395 2749 1510 2803 dari
1545 2747 1836 2813 licentiam,
1861 2763 2027 2817 quan-

439 2857 600 2912 quam
628 2858 657 2896 a
686 2840 834 2895 vobis
859 2838 925 2893 ad
953 2840 1056 2893 hoc
1083 2837 1332 2893 defensus
1360 2845 1414 2891 et
1441 2847 1792 2894 conservatus
1822 2839 1894 2892 sit
1925 2840 2025 2894 sub

441 2933 662 2988 obtentu
688 2929 946 3004 jussionis
975 2928 1207 2982 nominis
1235 2929 1438 2994 nostri,
1467 2937 1526 2983 ut
1551 2929 1640 2999 qui
1665 2928 1776 3000 jam
1805 2941 2026 2983 accusa-

443 3033 547 3082 tus.
579 3031 632 3076 et
660 3024 685 3061 δ
715 3022 766 3074 in
798 3026 1084 3087 conspectu
1122 3019 1299 3088 populi
1339 3020 1575 3074 civitatis
1612 3034 1723 3074 suae
1751 3017 2024 3087 judicatus

441 3124 558 3176 est,
589 3112 872 3168 accnsaudi
899 3111 1069 3166 locum
1097 3111 1294 3166 habere
1320 3114 1552 3168 Cmsarei
1585 3112 1816 3190 nominis
1846 3112 2023 3182 appei—
2047 3105 2093 3165 C

443 3205 642 3259 latione
681 3204 916 3265 deberet,
957 3202 1021 3255 ad
1061 3202 1363 3272 exemplum
1404 3203 1541 3257 beati
1580 3202 1728 3257 Pauli
1767 3201 2014 3272 apostoli,

443 3298 534 3368 qui
566 3297 701 3366 apud
729 3296 996 3366 principes
1019 3293 1214 3350 Juelzeze
1241 3312 1268 3348 a
1295 3304 1452 3366 gente
1481 3312 1575 3350 sua
1602 3305 1904 3358 accusatus,
1927 3298 2021 3352 sed

444 3391 679 3445 nondum
701 3387 992 3456 judicatus,
1016 3385 1280 3441 Caesarem
1309 3387 1612 3456 appellavit,
1641 3397 1694 3441 et
1725 3388 1792 3440 ab
1818 3388 2019 3443 eisdem

442 3482 775 3555 principibus
797 3481 860 3534 ad
888 3479 1152 3534 Caesarem
1179 3477 1504 3547 judican-lus
1533 3479 1729 3534 missus
1765 3487 1847 3534 est
1883 3479 2016 3550 (Act.

445 3590 573 3631 xxv.
603 3573 684 3636 i0,
717 3570 828 3637 li),
855 3572 996 3642 quod
1029 3584 1359 3639 nequaquam
1387 3569 1635 3638 presenti
1657 3570 1868 3639 negotio
1894 3585 2022 3624 con-

443 3665 608 3718 venit.
653 3661 847 3715 Paulus
871 3662 1012 3714 enim
1035 3659 1305 3730 apostole
1328 3675 1356 3713 a
1383 3658 1580 3714 Judmis
1604 3668 1903 3723 accusatus,
1929 3661 2021 3716 sed

446 3770 550 3807 non
587 3752 875 3818 iudicatus,
906 3751 1172 3807 Cursarem
1200 3753 1504 3822 appellavit,
1533 3763 1586 3808 et
1608 3753 1754 3809 adire
1791 3755 2019 3825 permis-

444 3862 538 3901 sus
565 3854 664 3901 est.
709 3844 806 3900 ilic
841 3861 968 3899 vero
1009 3845 1223 3900 infamis
1264 3847 1510 3911 clericus,
1555 3857 1608 3904 et
1649 3857 1930 3903 accusatus
1969 3855 2023 3902 et

441 3936 731 4006 judicatus,
764 3938 894 3994 etin
927 3938 1167 3993 custodia
1195 3939 1407 4001 missus,
1439 3949 1489 3994 et
1526 3941 1588 3994 de
1626 3942 1866 3995 custodia
1907 3941 2020 3994 ela-

444 4046 588 4099 psus,
617 4029 914 4092 basilicam,
943 4044 1099 4097 quam
1125 4029 1223 4082 nisi
1255 4037 1369 4097 post
1404 4030 1773 4098 pmnitcntiam
1817 4029 2020 4097 ingredi

445 4135 550 4171 non
578 4117 851 4181 debuerat,
886 4127 1071 4171 contra
1110 4117 1278 4185 legem
1317 4118 1605 4188 ingressus,
1646 4127 1697 4170 et
1731 4119 1924 4182 adhuc,
1965 4128 2023 4172 ut

445 4209 614 4262 fertur
632 4248 647 4270 ,
680 4222 928 4276 perverse
958 4207 1136 4260 vivere
1158 4221 1262 4259 non
1288 4221 1536 4270 cessans,
1559 4216 1619 4260 ut
1644 4206 1852 4269 dicitis,
1885 4207 2024 4262 sicut

443 4296 640 4354 Paulus
661 4297 932 4367 apostolus
951 4295 1097 4352 Caesa
1106 4311 1217 4350 rem
1231 4295 1531 4366 appellavit,
1548 4295 1641 4351 sed
1661 4312 2018 4368 nequaquam,

445 4394 505 4441 ut
549 4386 764 4450 Paulus,
811 4384 1080 4442 Caesarem
1116 4386 1360 4442 aditurus
1399 4396 1500 4441 est.
1545 4385 1623 4440 Illi
1671 4389 1834 4452 enim,
1881 4390 2022 4458 apud

2129 513 2325 581 pimus,
2359 520 2417 566 ut
2445 513 2715 577 reddatur,
2746 520 2801 568 et
2828 513 2917 568 ille
2955 528 3076 568 eum
3117 513 3183 568 ad
3215 523 3456 570 nostram
3495 518 3718 575 audien-

2129 604 2280 668 tiam,
2320 605 2434 659 sive
2469 619 2594 658 vera
2634 605 2747 659 sive
2789 603 2924 658 falsa
2969 603 3260 668 dicentem,
3303 605 3551 672 adducat,
3591 609 3718 679 quia

2130 710 2234 750 non
2262 697 2435 760 decet,
2466 704 2526 749 ut
2549 705 2768 766 propter
2793 697 2954 750 talem
2985 696 3257 752 hominem
3295 706 3494 754 nostra:
3527 701 3715 770 prima:

2123 782 2379 851 jussionis
2401 784 2506 838 ulla
2534 785 2625 838 fiat
2651 785 2973 840 immutatio.
3024 785 3130 840 Sed
3154 801 3208 841 et
3233 785 3390 843 valde
3421 789 3712 856 miramur,

2129 890 2227 928 cur
2250 875 2405 929 vobis
2435 874 2563 929 solis
2589 875 2764 929 visum
2790 875 2859 929 sit
2889 884 3087 929 nosti-te
3109 877 3447 932 auctoritatis
3477 881 3716 936 sanctio—

2129 965 2184 1018 ni
2216 970 2270 1018 et
2304 963 2523 1019 decreto
2558 965 3006 1030 contraeundum,
3045 981 3168 1022 cum
3206 966 3410 1037 liquido
3439 979 3620 1039 pateat
3657 981 3715 1027 et

2129 1070 2194 1109 ex
2233 1057 2620 1110 consuetudine
2657 1058 2862 1120 veteri,
2904 1066 2959 1112 et
2996 1073 3061 1113 ex
3101 1060 3487 1117 constitutione
3535 1061 3714 1134 legum

2131 1145 2364 1218 [regum]
2395 1145 2611 1200 decreta
2651 1154 2796 1200 recta
2842 1145 2961 1219 [Ρη
3001 1147 3142 1220 rata]
3183 1162 3303 1203 esse
3344 1149 3560 1215 debere,
3611 1167 3715 1209 nec

2129 1237 2382 1308 cuiquam
2407 1239 2727 1308 permissum
2759 1238 2974 1294 illorum
3013 1239 3184 1295 edicta
3223 1240 3307 1294 vel
3346 1249 3548 1296 statuta
3583 1258 3716 1299 con-

2127 1336 2388 1383 temnere.
2430 1329 2498 1382 Et
2534 1329 2587 1384 in
2627 1331 2730 1385 hoc
2766 1331 2900 1386 satis
2937 1332 3122 1387 mirari
3162 1334 3527 1402 nequivimus,
3567 1336 3714 1406 quod

2129 1419 2274 1474 illius
2311 1420 2556 1474 scelerati
2592 1421 2823 1476 hominis
2853 1423 3134 1490 precibus,
3175 1438 3337 1492 quam
3376 1433 3574 1482 nostra
3612 1441 3710 1482 auo

2129 1511 2397 1566 ctoritatis
2439 1511 2772 1582 jussionibus
2821 1513 3195 1583 obtemperare
3243 1514 3545 1580 maluistis,
3585 1531 3710 1572 cum

2127 1621 2271 1661 nunc
2299 1603 2598 1662 clarissime
2628 1606 2847 1674 liqueat,
2873 1622 2993 1661 cum
3018 1608 3203 1662 eodem
3226 1608 3444 1662 homine
3469 1623 3709 1665 amorem

2130 1699 2408 1755 discor.li:e
2435 1715 2500 1755 ex
2530 1699 2830 1767 irruptione
2853 1697 3134 1754 charitatis
3161 1699 3228 1753 de
3257 1699 3360 1759 hoc
3391 1700 3507 1756 loco
3541 1699 3712 1754 vetuit

2130 1789 2213 1864 [L.
2252 1790 2438 1863 veluti]
2473 1789 2677 1859 egredi.
2725 1789 2831 1860 ipsi
2869 1791 3064 1860 quippe
3101 1791 3308 1855 nostis,
3347 1791 3441 1862 qui
3477 1787 3709 1862 congre-

2125 1884 2268 1953 gatio
2297 1881 2456 1950 hujus
2484 1883 2796 1936 monasterii
2823 1897 2885 1936 ac
2913 1882 3052 1936 servi
3078 1881 3171 1936 Dei
3193 1879 3271 1956 [et
3291 1881 3493 1936 utinam
3514 1897 3642 1938 vere
3665 1881 3708 1957 !]

2125 1972 2386 2035 dicimini,
2429 1973 2661 2042 qualiter
2687 1971 2799 2040 jam
2838 1973 3030 2027 crebro
3067 1973 3175 2026 vita
3209 1957 3402 2026 vestra
3446 1988 3475 2025 a
3523 1973 3714 2029 multis

2125 2060 2397 2116 diffamata
2446 2071 2549 2127 est,
2597 2071 2652 2118 et
2697 2078 2801 2118 non
2848 2064 3050 2132 absque
3096 2077 3174 2116 re.
3216 2062 3516 2132 Aliquando
3560 2063 3709 2118 enim

2126 2154 2436 2217 monachos,
2476 2154 2762 2223 aliquando
2801 2154 3107 2216 canonicos,
3140 2153 3425 2223 aliquando
3456 2161 3710 2210 neutrum

2125 2259 2220 2299 vos
2256 2259 2375 2299 esse
2413 2245 2692 2300 dicebatis.
2736 2245 2803 2299 Et
2840 2260 2936 2300 nos
2975 2243 3303 2300 consulendo
3339 2244 3506 2305 vobis,
3548 2254 3604 2299 et
3642 2244 3712 2299 ad

2126 2335 2320 2390 malam
2360 2335 2561 2390 famam
2598 2335 2912 2391 abolendam
2945 2347 2966 2376 °
3003 2337 3320 2407 magistrum
3353 2344 3408 2390 et
3444 2344 3710 2391 rectorem

2126 2426 2376 2480 idoneum
2415 2426 2570 2482 vobis
2615 2427 2907 2497 elegimus,
2946 2435 3000 2481 et
3038 2428 3103 2481 de
3139 2426 3446 2496 longinquis
3489 2425 3712 2495 provin-

2125 2514 2225 2570 ciis
2281 2515 2645 2579 invitavimus,
2696 2517 2787 2588 qui
2835 2524 2892 2573 et
2933 2516 3111 2572 verbis
3153 2523 3216 2571 et-
3256 2515 3711 2574 admonitionibus

2125 2613 2330 2660 rectam
2357 2606 2524 2661 vitam
2550 2608 2838 2672 instruere,
2870 2615 2947 2671 et,
2978 2608 3104 2678 quia
3132 2607 3414 2678 religiosus
3437 2616 3573 2671 erat,
3611 2606 3709 2662 ho-

2125 2712 2210 2751 nte
2234 2698 2660 2754 conversationis
2685 2699 2930 2771 exemplo
2955 2699 3216 2769 potuisset
3244 2698 3556 2754 informare.
3599 2695 3708 2755 Sed

2125 2787 2260 2857 proh
2283 2787 2472 2843 dolor!
2509 2789 2765 2844 aliorsum
2793 2797 2984 2844 cuncta
3008 2803 3267 2845 conversa
3288 2797 3442 2853 sunt;
3472 2797 3529 2844 et
3551 2785 3579 2828 ει
3594 2787 3710 2844 ἀίειν

2124 2880 2280 2936 holus
2297 2895 2396 2936 vos
2416 2883 2566 2951 quasi
2592 2882 2868 2936 ministros
2886 2898 3013 2937 suos
3031 2883 3098 2936 ad
3117 2881 3485 2937 seminandam
3505 2875 3710 2936 dum.”

2126 2971 2289 3037 diam,
2324 2973 2464 3026 inter
2503 2988 2637 3043 quos
2680 2972 2900 3028 minime
2942 2973 3186 3035 decebat,
3231 2971 3456 3035 Invenit,
3502 2967 3712 3025 scilicet

2126 3065 2268 3120 inter
2281 3065 2554 3134 sapientes
2581 3073 2636 3120 et
2663 3065 2911 3120 doctores
2934 3065 3206 3126 Ecclesiae,
3230 3071 3288 3118 et
3309 3064 3398 3134 qui
3420 3070 3710 3132 peccantes

2126 3157 2398 3228 corrigere
2433 3165 2488 3212 et
2522 3159 2787 3228 castigare
2823 3158 3139 3218 debuerunt,
3180 3156 3372 3222 cogitis
3415 3154 3481 3208 ad
3521 3168 3712 3224 pecca-

2126 3257 2238 3302 tum
2275 3249 2489 3304 invidias
2525 3257 2685 3318 atque
2725 3247 3014 3302 iracundia:
3051 3258 3417 3315 prorumpere.
3455 3240 3560 3297 Sed
3600 3241 3707 3306 illi,

2126 3341 2237 3396 Deo
2274 3341 2584 3403 miserante,
2624 3353 2967 3408 nequaquam
3001 3353 3277 3392 assensum
3315 3334 3510 3391 vestris
3546 3331 3712 3388 malis

2125 3431 2558 3502 suggestionibus
2585 3429 2861 3501 praebituri
2891 3437 3034 3484 sunt.
3076 3429 3182 3483 Vos
3210 3436 3389 3482 autem
3410 3468 3423 3490 ,
3452 3425 3542 3495 qui
3574 3439 3708 3481 cono

2128 3528 2418 3591 temptores
2444 3530 2642 3576 nostrae
2661 3519 2919 3588 jussionis
2946 3518 3246 3578 exstitistis,
3277 3517 3392 3571 sive
3433 3514 3708 3577 canonici,

2125 3613 2237 3667 sive
2265 3611 2512 3666 monachi
2541 3611 2825 3672 vocamini,
2856 3609 2921 3662 ad
2959 3609 3210 3678 placitum
3249 3613 3512 3665 nostrum,
3547 3604 3708 3674 juxta

2125 3705 2268 3775 quod
2301 3719 2540 3774 praesens
2578 3705 2774 3758 missus
2816 3711 3000 3758 noster
3038 3702 3186 3756 vobis
3223 3698 3494 3760 indixerit,
3545 3698 3710 3754 nobis

2124 3812 2220 3852 vos
2257 3797 2509 3852 assistere
2544 3796 2755 3850 scitote.
2797 3795 2865 3849 Et
2900 3793 3147 3863 quamvis
3188 3790 3250 3846 ad
3290 3805 3386 3845 nos
3419 3791 3584 3845 missa
3615 3789 3710 3845 hic

2127 3887 2283 3943 facta:
2320 3887 2599 3943 seditionis
2633 3901 2730 3940 vos
2763 3893 2984 3940 excuset
3007 3883 3254 3954 epistola,
3285 3882 3464 3936 venite
3492 3889 3546 3935 et
3573 3895 3705 3936 con-

2126 3978 2284 4048 digna
2315 3976 2678 4033 satisfactione
2703 3977 2936 4031 inustum
2967 3976 3172 4029 crimen
3199 3973 3379 4027 eiuite.

2529 4066 2686 4137 176
2715 4077 2738 4104 ο
2765 4063 3096 4119 EPISTOLA
3123 4061 3299 4118 CLIX.

2730 4161 2796 4199 Al)
2833 4155 3100 4199 ΑΒΝΟΝΕἌ.

2126 4236 2460 4292 Commendat
2475 4236 2555 4290 illi
2574 4234 2885 4305 discipulum
2907 4234 3262 4356 gr‘ommatica:
3277 4271 3291 4296 ,
3314 4247 3464 4301 quem
3487 4228 3707 4285 vitulum

2829 4321 2956 4356 voca
2983 4343 2996 4356 .

2829 4321 2973 4359 vocat
2983 4343 2996 4356 .

2195 4395 2554 4454 Dilectissimo
2580 4395 2785 4464 Aquilae
2814 4394 3040 4449 Albinus
3083 4391 3482 4448 matricularius
3506 4404 3705 4459 perpe-

444 4491 603 4548 quem
629 4483 927 4540 accusatus,
959 4484 1012 4531 et
1033 4491 1062 4529 a
1093 4491 1198 4548 quo
1215 4474 1489 4546 judicatus
1517 4486 1677 4549 atque
1701 4480 1753 4534 in
1777 4457 2020 4537 custodia
2056 4457 2102 4514 υ
2128 4494 2230 4540 tua:
2251 4485 2599 4540 beatitudinis
2620 4457 2672 4538 in
2697 4484 2913 4540 Christo
2939 4483 3187 4538 salutem.

446 4607 808 4684 defensionem
838 4607 909 4684 ita
933 4609 1206 4684 suscipere
1227 4625 1400 4684 ausos
1409 4614 1668 4684 adversus
1688 4613 2018 4684 episcopum,

447 4686 506 4731 ut
543 4678 703 4762 etiam
749 4678 797 4732 ei
831 4678 1112 4762 plurimas_
1134 4680 1486 4762 contumelias
1506 4678 1737 4762 publice
1782 4678 2021 4752 impone-

448 4756 587 4801 rent.
617 4747 747 4814 Qure
772 4761 860 4802 res
902 4749 1034 4803 adeo
1079 4748 1298 4803 demens
1339 4759 1392 4803 et
1418 4747 1612 4804 stolida
1658 4751 1772 4805 visa
1807 4747 1892 4806 est
1934 4769 2022 4806 sa-

447 4816 784 4900 pientis-sinito
799 4817 1141 4900 tit-incipiant
1168 4833 1272 4879 non
1303 4820 1486 4900 solum
1510 4833 1698 4900 eorum
1737 4821 2018 4900 stultitiam

447 4887 793 4957 eaStigaverlt
815 4887 1181 4957 asperioribus
1205 4891 1402 4952 verbis,
1444 4890 1538 4944 sed
1563 4891 1726 4942 etiam
1763 4891 2018 4945 clericum

447 4955 605 5009 illuth
619 4955 1004 5029 episcoposqu
1019 4959 1164 5011 reddi
1187 4958 1431 5029 jusserit,
1457 4960 1747 5029 monachos
1770 4976 1931 5029 porro
1954 4962 2020 5016 ad

447 5041 509 5081 se
534 5028 731 5087 venire,
759 5036 817 5080 ut
855 5027 1116 5096 condigna
1151 5028 1517 5083 satisfactione
1543 5027 1785 5083 iuustnm'
1817 5031 2020 5086 crimen

446 5096 686 5152 sinerent
859 5096 1122 5151 Caeterum
1145 5099 1285 5166 quod
1324 5100 1411 5152 hic
1437 5098 1734 5152 Theodulfo
1780 5100 2021 5156 Aurelia-

448 5168 598 5250 nensi
641 5167 893 5250 episcopo
939 5169 1137 5250 accidit
1180 5170 1280 5249 snb
1324 5168 1548 5250 imperio
1571 5167 1747 5224 Caroli
1775 5169 1844 5224 Μ.
1877 5171 2018 5227 idem

445 5235 614 5310 ferme
641 5235 928 5310 iiincm’aro
946 5238 1239 5310 libernensi
1265 5235 1667 5310 archiepjscopo
1689 5250 1872 5310 postea
1899 5257 2021 5298 eve-

443 5309 544 5381 nit,
571 5317 629 5381 ut
651 5306 808 5381 docet
831 5307 1188 5381 Flodoardus,
1217 5309 1422 5381 librztu
1453 5306 1610 5381 Hist,
1638 5306 1850 5381 liberm,
1898 5327 2016 5381 cap.

444 5376 536 5448 2i,
577 5378 666 5432 ubi
715 5392 998 5433 recensens
1032 5377 1296 5448 epistolas
1323 5376 1596 5433 iiiucmari
1637 5379 1744 5434 ait:
1778 5399 1796 5430 ι
1849 5376 2020 5437 Ebohi

443 5447 706 5520 episcopo,
731 5449 984 5520 Ecclesize
1015 5447 1346 5520 Rbemensis
1371 5449 1608 5520 alumno
1648 5464 1747 5518 pro
1787 5451 2017 5520 quodam

445 5511 727 5571 fratre'ab
768 5517 871 5572 hac
917 5519 1144 5573 ecclesia
1193 5517 1317 5587 fuga
1351 5517 1519 5589 lapso
1559 5528 1614 5574 et
1649 5511 2018 5589 'apud'lpsum

445 5594 830 5660 commorante,
858 5595 918 5640 ut
957 5589 1276 5656 quantocius
1311 5588 1454 5642 illum
1497 5589 1733 5658 diligenti
1777 5588 1903 5643 cura
1931 5606 2017 5643 re-

445 5654 661 5705 mittere
683 5654 911 5708 studeat.
951 5676 967 5706 ι

518 5721 767 5775 iialuzius
818 5724 957 5780 hanc
1003 5727 1282 5792 epistolam
1311 5729 1542 5794 primum
1568 5743 1628 5781 ex
1658 5729 1819 5782 veteri
1851 5726 2010 5782 Catii--

2123 4631 2184 4670 ce
2207 4632 2306 4670 ms.
2335 4617 2672 4673 bibliotheca:
2699 4618 3021 4674 Colbertime
3052 4617 3220 4672 edidit
3244 4627 3374 4672 tom.
3401 4647 3421 4672 ι
3441 4615 3703 4683 Capitol,

2159 4701 2244 4768 ag.
2271 4685 2398 4752 415,
2423 4703 2649 4757 eamque
2693 4694 2947 4768 scriptam
2975 4696 3145 4768 putat
3171 4703 3319 4768 anno
3347 4687 3487 4768 893;
3516 4685 3726 4768 Manil—-

2124 4756 2297 4896 110:3“;
2341 4773 2470 4812 vero
2515 4756 2655 4814 anno
2686 4756 3028 4828 praeuedenti.
3079 4756 3512 4829 (Apud‘Frobeu.
3541 4758 3721 4828 epist.-

2193 4907 2218 4934 ι
2249 4893 2395 4949 Nulli
2433 4899 2731 4953 criminosa.
2759 4898 2982 4966 Legitur
3027 4897 3169 4952 istud
3195 4898 3250 4952 in
3291 4893 3556 4965 Capitulis
3593 4897 3732 4962 Am,

2125 4963 2390 5038 gilramni,
2419 4982 2536 5038 cap.
2577 4968 2644 5023 45
2685 4977 2741 5024 et
2781 4963 2903 5023 inde
2955 4967 3008 5023 in
3052 4967 3173 5024 libr.
3217 4984 3249 5020 v
3289 4963 3704 5037 Capitularium,

2276 5035 2393 5090 187.
2426 5035 2556 5093 V'ille
2581 5039 2740 5092 etiam
2765 5039 2884 5094 libr.
2913 5054 3012 5102 vn,
3034 5055 3154 5108 cap.
3185 5037 3275 5094 85.
3301 5035 3503 5094 Batuz.

2253 5103 2310 5143 1η
2343 5117 2614 5143 ρηηεηοιηιη
2643 5107 2817 5143 annos”
2864 5107 2961 5143 "in
3007 5109 3153 5143 lnnnc
3199 5109 3353 5143 ι-αιίιο
3400 5109 3503 5143 ιιι...

2246 5103 2310 5160 In
2343 5117 2616 5178 conspectu
2642 5107 2963 5178 pqpu’iJliC
3007 5103 3156 5164 locus
3199 5109 3354 5164 valde
3400 5109 3712 5166 illustratur

2121 5189 2342 5258 ex_c:_tp.
2503 5177 2595 5230 lib.
2621 5175 2966 5258 anpitular.

2195 5255 2216 5318 ξ
2250 5246 2580 5318 yrtgistrttnt.
2608 5246 2892 5318 Alcuinum
2921 5248 3140 5318 utique?

2191 5311 2216 5350 δ
2247 5311 2499 5385 Diabolus
2521 5317 2782 5385 vosrquasi
2812 5311 3075 5373 ministros
3099 5337 3242 5374 suos.
3283 5318 3375 5374 lvo
3405 5317 3716 5376 Camoten-

2122 5382 2521 5462 sis_episcopns,
2548 5382 2706 5462 epist.
2744 5386 2868 5451 266,
2894 5387 3134 5462 loquens
3161 5389 3228 5443 de
3265 5389 3547 5462 monachis
3591 5407 3714 5462 ma-

2116 5455 2251 5519 joris
2278 5455 2584 5508 tuonasterii
2614 5455 2984 5512 Turonensis}
3034 5478 3051 5508 ς
3088 5460 3334 5515 llionachi
3371 5461 3711 5517 damoniaco

2123 5521 2320 5591 invidia
2347 5523 2496 5577 moti.
2533 5546 2549 5576 ι
2592 5524 2812 5591 B.u.t;z.,
2839 5527 2968 5582 ibid.

2197 5601 2218 5628 ο
2246 5589 2502 5677 laedit-Im
2521 5597 2779 5677 hactenus
2801 5589 3268 5677 descripsimuseit
3293 5599 3504 5677 duobus
3541 5601 3704 5677 codd.

2121 5676 2251 5715 mss.
2280 5661 2472 5717 Salisb.
2498 5674 2552 5721 ct
2581 5665 2639 5722 S.
2683 5661 3030 5724 Emmerauii.
3066 5670 3229 5725 [lueis
3257 5670 3462 5726 inclusa
3490 5670 3548 5727 iu
3589 5673 3708 5726 solo

2123 5733 2297 5800 priore
2322 5733 2600 5792 habentur.
2633 5736 2804 5807 [Apud
2831 5737 3058 5794 Froben.
3090 5742 3244 5809 epist.
3278 5741 3419 5805 1⁸20).
