4012 6188
285 351 392 409 ιιι

1752 349 2128 407 EPISTOLE.

3433 350 3541 417 M8

356 466 538 522 Diresi
593 466 663 520 bo
707 463 842 535 μί..
881 464 938 537 o]
985 465 1184 520 animal
1227 464 1453 520 vitulum
1494 463 1854 519 Encheridiou
1882 466 1930 523 Α
1958 458 2243 514 naturam?
2267 458 2556 515 Sciendum
2582 458 2740 530 177
2761 467 2846 514 est
2875 460 3019 530 quod
3040 460 3273 516 essentia
3318 460 3545 532 proprie

284 572 489 622 meum,
529 564 591 610 ut
633 555 855 625 adiuves
883 555 1034 610 illum
1057 563 1114 611 et
1136 555 1337 625 eripias
1376 569 1501 611 eum
1523 552 1591 608 de
1611 554 1862 611 manibus

284 646 630 704 inimicorum
650 659 895 710 suorum,
917 652 974 700 et
996 644 1189 715 adiuva
1208 651 1472 714 quantum
1503 641 1685 699 valeas
1710 640 1860 715 [quia

284 733 606 793 venerabilis
642 733 929 802 episcopus
971 733 1198 787 multum
1243 731 1398 787 ardet
1433 745 1599 801 super
1640 745 1756 795 nos,
1806 730 1863 786 id

281 833 389 890 est,
420 836 448 865 ι
471 814 878 894 Theodulplus].
908 821 1026 877 Misi
1048 835 1260 892 quoque
1282 821 1336 876 in
1375 836 1470 876 ora
1504 820 1657 890 pueri
1682 821 1859 891 hujus,

282 913 533 986 quamvis
552 912 754 968 vitulus
780 919 970 969 contra
987 920 1240 967 naturam
1263 912 1525 967 rationale
1545 911 1617 966 sit
1638 910 1856 977 animal,

280 1003 426 1074 quod
451 1002 643 1073 ipsein
668 1001 893 1056 auribus
915 1001 1215 1056 sanctitatis
1234 1010 1422 1057 vestra:
1447 1001 1610 1056 habet
1629 1001 1857 1070 mugire.

283 1094 491 1171 [Habeo
514 1090 734 1168 [Habui]
780 1092 921 1149 enim
949 1091 1100 1147 illum
1123 1092 1191 1149 ad
1218 1091 1569 1147 erudiendum
1595 1091 1705 1147 Deo
1749 1106 1863 1146 me-

280 1211 405 1253 cum
429 1196 485 1250 in
508 1194 671 1250 domo
693 1207 810 1249 mea
839 1201 896 1247 et
949 1192 1149 1262 poterit
1197 1192 1480 1262 proﬁcere,
1524 1193 1636 1248 Deo
1675 1192 1855 1257 dante,

278 1286 337 1343 in
359 1285 607 1341 lectionis
630 1284 809 1338 studio
835 1297 928 1337 seu
953 1283 1321 1353 grammatica:
1345 1283 1481 1337 artis
1499 1281 1780 1352 disciplina
1803 1284 1858 1338 in

278 1378 442 1434 domo
471 1376 643 1432 sancti
671 1373 931 1447 Martini].
959 1374 1005 1432 0
1027 1374 1250 1444 Aquila!
1277 1374 1331 1428 hi
1365 1375 1418 1427 in
1468 1374 1706 1428 curribus
1733 1383 1779 1428 et
1804 1376 1860 1428 hi

278 1468 335 1521 in
357 1467 523 1537 equis,
566 1482 660 1519 nos
690 1475 864 1518 autem
906 1466 961 1519 in
1009 1465 1216 1518 nomine
1266 1462 1481 1518 Domini
1525 1465 1690 1518 nostri
1743 1480 1858 1519 ma-

277 1552 844 1626 gni/icabimur(Psal.
895 1568 1009 1618 six,
1039 1552 1115 1623 8).
1166 1551 1373 1615 Valeas,
1418 1553 1600 1623 vigens
1645 1566 1875 1622 semper

278 1644 336 1699 in
361 1652 649 1698 aeternum.

770 1732 799 1773 δ
828 1729 1166 1788 EPISTOLA
1200 1729 1356 1787 CLX.

990 1840 1058 1879 η

623 1912 793 1967 Amici
812 1912 1056 1966 charitati
1082 1928 1137 1966 se
1163 1912 1510 1968 commendat.

346 2020 710 2079 Dilectissimo
741 2021 910 2087 Patri,
950 2024 1169 2093 egregio
1192 2022 1453 2092 pontiﬁci.
1496 2022 1636 2080 Leve
1667 2024 1856 2095 jugum

276 2120 496 2182 portare
523 2111 763 2180 cupiens,
805 2111 861 2165 in
905 2107 1058 2179 cujus
1088 2113 1295 2167 unitate
1335 2122 1489 2183 optat
1530 2115 1683 2170 vobis
1715 2117 1859 2171 salu-

277 2212 406 2260 tem.

344 2294 507 2351 Omni
530 2293 689 2351 melle
706 2294 976 2352 dulciores
1004 2296 1161 2352 nobis
1206 2310 1304 2367 per
1345 2296 1571 2353 fratrem
1613 2307 1857 2355 nostrum

274 2387 477 2443 littera:
497 2384 688 2442 delatae
713 2394 871 2454 sunt,
894 2402 1126 2457 quarum
1167 2388 1328 2445 seriei
1358 2389 1486 2444 dum
1533 2390 1859 2460 respondere

280 2477 487 2549 paravi,
512 2480 823 2548 supervenit
850 2478 994 2535 ﬁlius
1036 2496 1211 2548 meus,
1243 2481 1400 2551 cujus
1434 2484 1741 2554 gratissima
1780 2486 1861 2539 vi-

280 2571 462 2625 sitatio
505 2584 540 2624 ιι
590 2569 847 2640 longioris
894 2571 1259 2642 responsionis
1293 2587 1543 2630 sermone
1583 2573 1859 2644 paululum

282 2676 371 2717 me
389 2662 687 2732 suspendit.
711 2660 827 2717 Non
853 2670 1030 2719 tamen
1054 2663 1159 2719 ulla
1197 2665 1382 2721 saeculi
1407 2665 1633 2722 ambitio
1675 2680 1706 2720 a
1731 2666 1861 2721 cha-

282 2750 459 2807 ritatis
481 2752 747 2809 suavitate
764 2768 859 2808 cor
875 2769 1053 2810 meum
1088 2756 1416 2826 suspendere
1457 2757 1673 2828 poterit.
1696 2757 1862 2825 Quin-

282 2841 393 2899 imo
433 2843 609 2915 magis
625 2852 787 2915 atque
821 2848 1004 2919 magis
1026 2856 1238 2904 crescat
1279 2849 1346 2904 de
1379 2849 1468 2906 die
1497 2849 1551 2905 in
1596 2851 1759 2916 diem,
1807 2859 1862 2906 et

282 2931 442 3002 pleno
462 2931 743 3007 charitatis
763 2936 867 2992 mei
894 2936 1074 2993 modio
1107 2937 1379 2994 cumulum
1416 2937 1656 3009 quotidie
1689 2939 1857 2995 addit.

284 3020 640 3092 Omnipotens
664 3024 821 3092 Deus,
846 3027 937 3095 qui
954 3028 1206 3097 praesenti
1229 3045 1326 3084 tius
1345 3029 1611 3085 charitate
1639 3027 1863 3097 conjun-

285 3112 383 3177 xit,
413 3123 674 3184 perpetua
721 3130 819 3170 nos
862 3118 1127 3173 eharitate
1173 3120 1497 3191 conjungere
1517 3120 1767 3191 dignetur
1804 3120 1859 3175 in
1884 3135 1931 3198 ε

285 3212 566 3259 uernum.

770 3311 793 3335 ετ
820 3297 1150 3356 EPISTOLA
1184 3299 1364 3357 CLX].

892 3406 962 3445 ΑΒ
985 3405 1252 3446 ARNONEI.

292 3477 515 3550 Exponit
573 3481 830 3549 quomodo
866 3481 1177 3545 substantia,
1216 3485 1437 3537 essentia
1460 3523 1474 3548 ,
1527 3484 1862 3540 subsistentia

673 3559 721 3604 et
743 3560 933 3604 natura
972 3552 1036 3604 de
1071 3550 1182 3604 Deo
1209 3552 1472 3606 dicantur.

356 3640 584 3696 Albinus
607 3640 814 3710 Aquila:
836 3642 1087 3698 salutem.

360 3734 526 3789 Miror
550 3735 818 3803 quomodo
839 3750 923 3789 me
944 3736 1043 3790 sub
1064 3736 1223 3791 unius
1246 3737 1502 3792 momenti
1534 3739 1781 3809 angustia
1807 3740 1863 3794 in

291 3826 434 3880 brevi
459 3824 654 3879 tabella
678 3823 803 3880 vita
828 3832 1045 3880 :eternze
1067 3826 1293 3881 formam
1333 3826 1620 3898 depingere
1661 3829 1861 3898 poscis.

292 3915 429 3983 Quid
451 3927 539 3972 est
554 3915 818 3972 catholica
844 3916 996 3982 ﬁdes,
1020 3918 1067 3972 si
1090 3933 1186 3987 per
1207 3919 1549 3974 dilectionem
1586 3926 1860 3989 operatur,

292 4007 391 4061 nisi
412 4007 525 4062 vita
566 4006 800 4062 aeterna?
821 4005 1035 4076 Aliquid
1081 4007 1224 4071 inde,
1267 4023 1335 4063 ne
1374 4008 1687 4064 iuobediens
1726 4022 1866 4077 pras-

292 4099 460 4169 ceptis
507 4099 617 4154 tuis
649 4097 932 4163 vitlerer,‘l
956 4098 1109 4154 brevi
1150 4113 1401 4154 senuone
1440 4100 1662 4155 dictavi.
1711 4099 1867 4166 Quod

296 4205 418 4245 vero
464 4205 553 4246 me
601 4190 938 4261 interrogare
975 4198 1211 4246 vestram
1254 4190 1590 4246 sanctitatem
1639 4191 1863 4261 placuit,

294 4280 418 4349 quid
445 4282 519 4335 sit
537 4266 700 4335 inter
734 4280 1114 4347 substantiam,
1149 4280 1464 4344 essentiam,
1490 4288 1548 4335 et
1564 4282 1868 4336 subsisten-

297 4371 456 4427 tiami
498 4380 615 4435 aut,
658 4371 707 4426 si
746 4371 851 4426 dici
897 4370 979 4426 fas
999 4371 1071 4425 sit
1109 4378 1353 4426 sanctam
1393 4369 1709 4424 Trinitatem
1746 4384 1869 4426 esse

1959 547 2028 604 de
2049 549 2161 605 Deo
2184 550 2399 615 dicitur,
2431 551 2525 620 qui
2549 565 2766 622 semper
2799 560 2884 606 est
2903 552 3047 622 quod
3087 560 3191 617 est,
3237 554 3328 621 qui
3370 553 3543 626 Moysi

1960 640 2073 694 ait:
2104 639 2218 711 Ego
2248 656 2365 695 sum
2388 641 2479 711 qui
2522 657 2640 695 sum
2675 641 2876 713 (Exod.
2921 658 3008 710 ιιι,
3038 643 3158 713 il);
3207 643 3350 698 Deus
3394 647 3538 699 enim

1959 730 2108 786 solus
2153 745 2280 785 vere
2324 739 2423 794 est,
2467 731 2593 801 quia
2624 732 3080 789 incommutabilis
3118 742 3230 800 est;
3279 734 3541 805 quidquid

1958 819 2105 875 enim
2126 820 2382 875 mutabile
2401 831 2507 888 est,
2532 822 2766 891 quodam
2792 822 2953 878 modo
2984 839 3112 879 vere
3135 840 3241 880 non
3262 834 3366 889 est,
3410 826 3539 894 quia

1957 925 2077 966 esse
2092 911 2289 980 poterit
2310 911 2455 982 quod
2478 927 2585 967 non
2602 920 2705 979 est,
2732 912 2813 968 vel
2838 928 2944 969 non
2964 930 3086 970 esse
3109 917 3252 984 quod
3277 925 3381 973 est.
3398 916 3547 985 Sub-5

1958 1005 2156 1059 stantia
2202 1018 2332 1059 vero
2378 1017 2664 1058 commune
2703 1011 2788 1060 est
2828 1017 3024 1059 nomen
3064 1006 3305 1060 omnium
3355 1023 3541 1073 rerum

1958 1107 2078 1161 qua:
2101 1102 2227 1148 sunt
2253 1110 2266 1145 :
2296 1092 2512 1157 ccelum,
2541 1092 2647 1160 sol,
2670 1092 2820 1157 luna,
2850 1101 3014 1160 terra,
3060 1096 3305 1161 arbores,
3334 1097 3538 1161 herbas,

1958 1181 2229 1246 animalia,
2256 1182 2490 1238 viventia
2510 1197 2752 1253 quasque,
2786 1182 3032 1238 homines
3069 1183 3255 1249 etiam,
3293 1188 3545 1243 substanc

1959 1272 2048 1327 tia:
2072 1274 2351 1339 dicuntur;
2382 1290 2527 1337 nam,
2557 1274 2700 1343 quod
2739 1272 2885 1328 nulla
2929 1276 3235 1331 substantia
3259 1285 3361 1342 est,
3406 1276 3542 1332 nihil

1958 1366 2177 1421 omnino
2221 1374 2325 1431 est,
2355 1367 2658 1422 substantia
2701 1381 2830 1437 ergo
2859 1367 3062 1436 aliquid
3085 1384 3207 1425 esse
3230 1379 3316 1426 est
3343 1388 3357 1424 :
3397 1371 3542 1428 Deus

1959 1455 2125 1524 igitur
2148 1458 2446 1511 substantia
2466 1466 2570 1522 est,
2596 1467 2651 1513 et
2691 1473 2900 1513 summa
2925 1460 3226 1515 substantia
3267 1471 3322 1516 et
3363 1463 3539 1531 prima

1957 1548 2279 1613 substantia,
2318 1558 2373 1603 et
2408 1551 2648 1604 omnium
2697 1550 3118 1611 substantiarutn
3166 1568 3359 1621 causa,
3413 1557 3539 1625 quia

1957 1639 2201 1697 omnium
2234 1656 2411 1695 rerum
2458 1651 2675 1698 creator
2710 1652 2813 1699 est.
2866 1644 3017 1700 Unde
3041 1655 3231 1700 contra
3275 1662 3540 1703 venenum

1958 1730 2174 1786 Arianae
2210 1731 2450 1802 perﬁdiae
2473 1734 2709 1789 solemus
2735 1735 2940 1801 dicere,
2970 1737 3207 1802 Patrem,
3241 1747 3294 1793 et
3322 1738 3540 1806 Filium,

1890 1796 2015 1873 Bet
2060 1796 2321 1891 Spiriium
2368 1830 2616 1877 sanctum
2666 1824 2825 1880 unius
2848 1796 2970 1881 esse
3019 1796 3373 1884 substantiae:
3413 1796 3542 1900 quia

1958 1907 2138 1976 Pater,
2162 1920 2218 1966 et
2236 1911 2428 1978 Filius,
2463 1923 2517 1967 et
2551 1912 2785 1984 Spiritus
2807 1926 3031 1973 sanctus
3051 1935 3156 1973 una
3187 1929 3271 1976 est
3290 1923 3544 1978 substan-

1957 1999 2054 2063 tia,
2076 2014 2199 2053 nam
2224 2001 2527 2055 substantia
2553 2002 2771 2070 dicitur,
2792 2006 2917 2074 quia
2938 2008 3201 2064 subsistit.
3220 2010 3345 2066 Ideo
3365 2009 3542 2069 (ἐιωοί

1958 2088 2132 2144 solent
2179 2090 2359 2146 dicere
2407 2092 2472 2147 de
2521 2093 2632 2148 Deo
2673 2110 2687 2148 :
2721 2110 2827 2149 una
2871 2096 3020 2163 Usia,
3072 2107 3183 2155 tres
3224 2100 3545 2172 bypostases

1960 2180 2112 2254 [Ms.,
2157 2178 2472 2256 Ypostatis'],
2504 2184 2560 2241 id
2589 2194 2691 2251 est,
2721 2202 2829 2242 una
2856 2189 3178 2256 substantia,
3212 2200 3323 2248 tres
3363 2194 3545 2251 subsi-

1958 2274 2168 2329 stentizc
2190 2273 2344 2347 [Ms.,
2368 2276 2766 2351 subsistentias]
2796 2298 2809 2333 :
2844 2280 2988 2350 quod
3018 2281 3177 2338 beato
3215 2282 3542 2356 Hieronymo

1958 2376 2065 2417 non
2101 2362 2322 2433 placuit,
2371 2365 2564 2422 melius
2603 2382 2724 2423 esse
2746 2367 3038 2425 dicendum
3058 2371 3348 2429 arbitranti
3378 2372 3537 2447 μὴ,

1958 2453 2276 2527 arbitratus]
2326 2455 2522 2513 Latino
2568 2458 2786 2529 eloquio
2840 2478 2855 2513 :
2901 2477 3006 2516 una
3049 2465 3374 2530 substantia,
3431 2474 3543 2522 tres

1957 2557 2223 2612 personae.
2255 2542 2517 2600 Dicuntur
2544 2547 2686 2601 enim
2709 2545 2882 2618 [Leg.,
2907 2550 3096 2625 etiam]
3123 2553 3323 2609 usitato
3367 2557 3541 2611 nomi-

1960 2648 2028 2688 ne
2069 2634 2270 2690 divitite
2314 2630 2660 2704 substantiae,
2703 2638 2845 2693 sicut
2885 2638 2953 2693 de
3000 2642 3225 2711 piodigo
3260 2643 3458 2712 legitur
3486 2646 3542 2700 in

1960 2724 2249 2795 Evangelio
2266 2743 2279 2779 :
2296 2724 2581 2797 Dissipavit
2601 2728 2947 2783 substantiam
2962 2746 3114 2784 suam
3135 2731 3285 2803 (Lac.
3310 2748 3401 2799 xv,
3423 2735 3537 2807 1'5),

1961 2815 2014 2872 id
2036 2826 2119 2873 est
2138 2816 2376 2875 divitias.
2405 2819 2663 2875 Naturam
2684 2835 2813 2877 vero
2828 2822 2923 2878 Dei
2948 2824 3115 2879 libera
3134 2841 3267 2881 voce
3286 2826 3536 2892 dicimus.

1934 2910 2084 2979 .quia
2106 2911 2282 2966 omnis
2320 2920 2509 2967 natura
2551 2921 2744 2969 natura
2768 2922 2873 2981 est,
2909 2923 2965 2970 et
2991 2916 3253 2973 maxime
3276 2919 3371 2975 illa
3412 2934 3536 2992 quae

1960 3003 2073 3059 sola
2096 3018 2225 3059 vera
2244 3013 2328 3060 est
2346 3014 2560 3072 natura,
2584 3008 2709 3077 quia
2739 3023 2954 3080 semper
2985 3018 3069 3065 est
3094 3011 3237 3082 quod
3273 3021 3377 3078 est,
3408 3013 3536 3084 quia

1962 3093 2269 3150 nullatenus
2304 3094 2372 3149 de
2399 3108 2460 3148 ea
2493 3102 2706 3162 natura,
2734 3111 2842 3167 qua
2882 3113 3098 3170 semper
3137 3109 3237 3164 est,
3270 3101 3545 3157 mutabilis

1960 3184 2118 3239 estin
2140 3182 2301 3238 aliam
2321 3184 2621 3255 quamlibet
2640 3195 2891 3243 naturam
2915 3207 2929 3243 :
2948 3191 3091 3259 quod
3106 3191 3305 3262 saepius
3322 3191 3374 3247 in
3390 3190 3546 3249 libris

1964 3272 2352 3330 catholicorum
2381 3274 2603 3331 Patrum
2649 3276 2938 3343 invenitur,
2963 3279 3201 3348 Patrem,
3242 3291 3297 3338 et
3323 3282 3540 3347 Filium.

1959 3371 2019 3418 et
2073 3360 2335 3435 Spiritum
2377 3374 2623 3422 sanctum
2668 3368 2829 3424 unius
2855 3380 2977 3425 esse
2999 3379 3226 3427 naturae.
3268 3372 3383 3429 Hoc
3415 3388 3544 3429 vero

1962 3454 2104 3524 quod
2128 3471 2225 3511 vos
2247 3456 2441 3527 legisse
2480 3458 2664 3513 dicitis
2700 3457 2906 3515 dictum
2958 3462 3013 3517 in
3052 3463 3327 3532 opusculis
3368 3466 3541 3521 sancti

1961 3549 2266 3622 Augustini,
2296 3553 2443 3623 quod
2466 3554 2605 3609 Deus
2627 3569 2730 3610 nec
2750 3556 3095 3621 necessitate,
3139 3572 3241 3611 nec
3270 3558 3546 3613 voluntate

1961 3641 2156 3699 Filium
2205 3644 2499 3716 genuisset,
2528 3644 2621 3699 Sed
2643 3654 2835 3701 natura
2865 3664 2880 3699 :
2909 3645 3047 3702 bene
3093 3648 3422 3704 arbitramur
3461 3650 3547 3704 di-

1962 3742 2129 3799 ctum,
2153 3735 2295 3803 quod
2316 3743 2509 3788 natura
2534 3733 2698 3788 Pater
2720 3735 2995 3804 genuisset
3018 3736 3233 3801 Filium,
3251 3740 3377 3809 quia
3400 3737 3545 3809 ejus-

1960 3820 2083 3875 dem
2118 3831 2325 3876 natura}.
2355 3830 2442 3876 est
2467 3820 2658 3888 Pater,
2713 3832 2769 3879 et
2810 3823 3001 3892 Filius,
3045 3842 3151 3883 non
3197 3833 3542 3896 necessitate.

1963 3927 2064 3966 nec
2084 3911 2360 3965 voluntate
2387 3928 2401 3963 ι
2426 3914 2569 3980 quod
2595 3914 2882 3982 quemdam
2907 3917 3222 3976 haereticnm
3258 3921 3427 3992 impie
3459 3925 3545 3980 in-

1966 4013 2243 4074 terrogare
2277 4004 2506 4075 legimus
2538 4003 2924 4070 Christianum,
2952 4018 3133 4065 utrum
3160 4013 3300 4068 Deus
3325 4014 3543 4079 Filium.

1962 4098 2171 4160 volens,
2200 4109 2268 4149 an
2296 4093 2449 4167 μίση
2478 4094 2566 4168 ac]
2599 4095 2787 4152 nolens
2811 4099 3116 4168 genuisset?
3143 4108 3229 4165 ut,
3258 4103 3303 4156 si
3344 4103 3549 4159 diceret

1966 4185 2145 4242 nolens
2166 4201 2187 4241 :
2212 4186 2507 4243 necessitas
2546 4188 2602 4242 in
2630 4188 2801 4244 Deum
2828 4192 3078 4253 caderet:
3102 4192 3151 4247 si
3197 4207 3326 4248 vero
3370 4193 3560 4249 volens.

1965 4276 2188 4339 diceret,
2218 4277 2402 4332 statim
2431 4279 2800 4348 responderet,
2843 4280 3135 4336 voluntatis
3182 4295 3300 4336 esse
3325 4280 3543 4347 Filium,

1968 4383 2076 4423 non
2119 4375 2346 4423 natur-.2.
2373 4367 2449 4421 At
2476 4367 2818 4426 Christianus
2862 4370 3271 4441 vigilantissime
3309 4370 3545 4427 vicissim

364 4502 777 4580 g_1'_hcodulfus.
827 4503 964 4580 _Vid._
997 4504 1154 4580 epist.
1182 4502 1416 4580 priorem
1455 4501 1524 4557 ad
1567 4500 1863 4558 Candidum
1895 4477 1949 4539 θ
2039 4501 2067 4542 δ
2098 4501 2252 4580 Brevi
2292 4518 2528 4580 sarincae
2568 4502 2785 4580 dictaui.
2829 4504 2958 4560 llaec
2996 4507 3159 4580 verba
3207 4506 3460 4580 intelligo
3481 4509 3547 4564 de

296 4583 349 4629 et
370 4572 777 4630 Nathauaelem.
812 4574 895 4628 An
915 4572 1113 4629 vitulus
1135 4572 1237 4629 is‘e
1269 4574 1341 4629 sit
1363 4572 1451 4643 ille
1481 4588 1606 4627 reus
1620 4587 1719 4643 pro
1759 4587 1867 4643 quo

298 4663 329 4701 a
376 4645 784 4700 Turonensibus
827 4651 1013 4699 contra
1069 4643 1378 4713 episcopum
1426 4642 1867 4713 Aurelianenstm

298 4716 650 4785 disceptatum
674 4720 776 4778 est,
802 4720 863 4785 ut
884 4715 939 4769 in
965 4710 1238 4785 prioribus
1254 4710 1504 4784 epistolis
1526 4712 1777 4779 vidimus,
1799 4728 1866 4769 ex

298 4774 576 4841 brevi'liae
597 4774 787 4839 charta
811 4774 1025 4838 decer'ni
1046 4783 1186 4838 haud
1211 4774 1408 4852 pot'est.

365 4854 395 4895 δ
420 4852 546 4909 Rrec
566 4852 791 4924 epistola
812 4851 999 4924 ultima
1027 4861 1110 4924 est
1132 4854 1185 4907 in
1210 4850 1457 4924 eodms.
1480 4850 1871 4924 Emmeramia-

300 4938 386 4990 no,
407 4919 773 4993 prater—missa
794 4937 825 4976 a
846 4922 1171 4993 Mabillonio.
1199 4921 1411 4993 Alcuini
1435 4936 1667 4991 pennam
1702 4919 1874 4993 stylus

300 4989 506 5063 prodit;
537 5008 606 5048 an
641 5007 771 5048 vero
814 4994 883 5063 ad
914 4991 1164 5063 Aquilam
1212 5006 1309 5047 seu
1350 4989 1676 5063 Αιιιιιιιθιιιζ
1693 4989 1768 5063 an
1805 4989 1877 5044 ad

300 5058 459 5146 alium
486 5058 723 5146 stoicum
750 5062 947 5134 scripta
970 5058 1062 5129 sit,
1095 5062 1380 5118 incertum.
1420 5060 1596 5132 (Apud
1636 5058 1871 5114 Froben.

302 5132 877 5281 )epi‘stolam
917 5202 1179 5281 hactenus
1203 5201 1460 5281 ineditam
1491 5213 1522 5255 e
1557 5198 1742 5255 codice
1766 5213 1871 5281 ms.

301 5272 640 5329 bibliothecae
672 5272 932 5328 Caesarea:
955 5273 1380 5329 Vindobom-nsis
1399 5286 1526 5326 sate.
1559 5285 1611 5324 xi
1636 5308 1650 5333 ,
1690 5272 1780 5338 qui
1822 5272 1878 5322 in

305 5342 477 5397 classe
510 5343 807 5420 theologica
834 5343 907 5420 n.’
922 5344 1016 5420 1ρι
1041 5352 1266 5420 notatus
1285 5352 1403 5420 est,
1416 5342 1560 5397 eruit
1584 5348 1654 5420 cl_
1664 5352 1876 5420 meeum

303 5406 916 5490 eom_i_nunica\'_i-t_vir_cl.
944 5414 1004 5490 ι),
1039 5413 1265 5490 Μιιιιιὶιιε
1290 5414 1551 5490 lieiberer
1574 5406 1877 5490 collegiis.

303 5479 351 5535 Ι.
384 5481 607 5537 Vienuze
629 5482 1073 5538 bibliothecarius
1091 5492 1145 5538 et
1179 5485 1498 5547 historicus,
1535 5499 1563 5536 a
1608 5478 1761 5543 cujus
1791 5478 1879 5531 in-

304 5552 509 5630 dustria
548 5552 848 5630 respublica
886 5552 1148 5630 litteraria
1179 5554 1631 5630 continuationem
1653 5549 1883 5630 Germa-

306 5621 407 5675 niae
450 5637 641 5685 sacrm,
676 5637 704 5674 a
728 5621 845 5676 viro
866 5623 1218 5679 celeberrimo
1253 5623 1314 5676 Ι).
1340 5623 1591 5677 liiiusizio
1613 5620 1723 5690 jam
1754 5620 1884 5690 insi-3

306 5693 478 5765 guitcr
522 5695 998 5765 ornatamagnis
1045 5692 1325 5750 desideriis
1371 5689 1664 5764 exspectat.
1709 5689 1884 5765 (Apud

308 5752 536 5819 Froben.
569 5762 728 5832 epist.
742 5752 907 5832 129..)
996 5783 1005 5790 ·
1346 5772 1347 5775 ‘

1970 4570 2230 4648 Opusculo
2263 4573 2332 4627 ab
2361 4573 2461 4626 hac
2497 4572 2824 4648 epi_sto_la,__in
2840 4590 2947 4648 qua
2974 4591 3079 4648 non
3099 4570 3409 4648 depingitur
3436 4576 3546 4634 for-

1970 4637 2057 4697 nia
2080 4643 2204 4714 vita:
2230 4649 2467 4705 aeternae,
2496 4637 2592 4714 sed
2615 4642 2681 4697 ad
2706 4637 2873 4698 aliam
2894 4646 2963 4700 ab
2988 4637 3076 4700 illa
3098 4637 3546 4714 longe'diversam

1969 4711 2328 4784 quaestionem
2352 4712 2731 4784 respondetur,
2765 4713 3038 4771 distincto.
3070 4714 3126 4771 ld
3153 4711 3268 4784 ipse
3290 4716 3552 4773 Alcuinus

1971 4780 2245 4856 insinuare
2280 4780 2509 4845 videtur,
2538 4782 2665 4837 dum
2691 4782 2766 4856 ita
2805 4785 2983 4856 pergit
3009 4801 3023 4841 :
3055 4802 3074 4835 ι
3098 4780 3264 4856 Quod
3290 4801 3441 4856 vero
3463 4801 3551 4842 me

1971 4851 2308 4926 interrogare
2327 4859 2559 4906 vestram
2579 4851 2928 4926 sanctitatem
2933 4851 3151 4926 placuit,
3177 4854 3303 4926 quid
3319 4855 3392 4926 sit
3412 4856 3552 4926 inter

1971 4922 2345 4983 substantiam,
2383 4939 2403 4973 ι
2429 4928 2562 4985 etc.,
2584 4921 2673 4976 ubi
2700 4921 3218 4991 profecto—Alcuinus
3250 4923 3395 4979 haud
3426 4924 3553 4979 obs-

1973 5007 2105 5047 cure
2130 4991 2436 5061 signiﬁcare
2460 4992 2645 5057 voluit,
2672 4992 2828 5047 binas
2850 4991 2955 5048 sibi
3005 4994 3075 5050 ab
3121 4996 3339 5048 Arnone
3385 4992 3554 5049 fuisse

1973 5062 2282 5131 propositas
2305 5061 2654 5131 qumstiones,
2678 5070 2734 5116 et
2753 5061 2910 5117 alteri
2935 5077 2997 5117 se
3042 5062 3373 5118 satisfecisse
3399 5063 3552 5118 brevi

1974 5143 2258 5203 sermone;
2290 5131 2445 5183 alteri
2484 5145 2611 5203 vero
2665 5131 2990 5203 respondere
3042 5131 3098 5186 in
3144 5131 3369 5203 epistola
3416 5147 3555 5203 prie:

1977 5207 2149 5271 senta.
2188 5196 2527 5271 Quapropter
2554 5200 2697 5254 haud
2740 5196 2964 5271 necesse
2987 5215 3129 5271 esse
3150 5196 3354 5268 judico,
3410 5196 3554 5271 quod

1977 5267 2225 5323 laudatus
2264 5267 2326 5321 D.
2372 5266 2631 5323 Rieberer
2669 5267 2858 5334 voluit,
2913 5277 2974 5324 ut
2995 5272 3080 5324 vel
3119 5266 3177 5325 in
3213 5272 3394 5325 verbis
3427 5266 3553 5326 mox

1978 5338 2158 5411 ci.atis
2182 5336 2457 5411 particula:
2483 5353 2600 5391 vero
2622 5337 2979 5411 substitnatur
2997 5356 3151 5411 ergo;
3168 5339 3250 5395 vel
3272 5349 3332 5396 ut
3352 5349 3552 5411 textus,

1979 5409 2160 5463 verbis
2181 5407 2497 5480 quibusdam
2529 5410 2885 5476 transposuis,
2916 5410 3036 5465 aliis
3056 5407 3339 5480 suppletis,
3379 5410 3452 5480 ita
3479 5410 3556 5466 le-

1981 5489 2138 5548 gatur
2169 5495 2182 5530 :
2210 5494 2228 5548 ι
2257 5476 2440 5548 Miror,
2466 5490 2666 5548 querno
2688 5490 2735 5531 to
2760 5494 2848 5548 me
2868 5480 2968 5532 sub
2991 5479 3148 5535 unius
3162 5476 3426 5535 momenti
3460 5496 3556 5534 an-
3672 5535 3678 5539 .

1983 5546 2179 5619 gustia,
2214 5547 2267 5600 in
2298 5546 2691 5619 brevitabilla,
2723 5547 2844 5619 vitae
2864 5557 3078 5619 externa:
3100 5549 3324 5605 formam
3370 5549 3556 5618 depin-

2019 5633 2108 5689 erc
2128 5626 2173 5689 et
2188 5617 2559 5689 sacratissima
2585 5616 2871 5689 divinitatis
2896 5618 3057 5689 adyta
3089 5636 3317 5673 reserare
3354 5616 3552 5689 poscis.

2019 5636 2108 5671 ere
2128 5636 2173 5671 ει
2202 5636 2559 5671 δαενιιιιδδιηια
2585 5636 2871 5672 ammmus
2896 5636 3057 5689 adyta
3089 5636 3317 5673 γεδεναη
3354 5636 3551 5689 νοεοιε.

1983 5636 2201 5758 aliquid
2237 5686 2376 5751 inde,
2432 5702 2499 5758 ne
2540 5687 2849 5742 inobcdiens
2873 5694 3154 5758 prarccpfis
3176 5690 3281 5743 tuis
3303 5689 3510 5743 viderer
3536 5727 3551 5748 ο

1986 5756 2134 5813 brevi
2159 5771 2404 5813 sermone
2426 5757 2641 5812 dictavi.
2666 5760 2801 5826 Quid
2836 5756 2914 5815 eSt
2933 5756 3196 5815 catholica
3211 5759 3361 5823 lidcs,
3398 5777 3415 5808 ι
3447 5764 3549 5809 etc.
