2006 3094
225 169 278 197 ιιει

648 167 676 193 D.
696 167 726 194 [α’.
747 165 859 201 ALBINI
878 165 943 192 SEU
963 163 1100 191 ALCUINI
1119 163 1263 194 OPERL'M
1281 163 1369 190 PARS
1390 163 1409 189 I.

1800 163 1854 191 ΩΟ

224 225 348 262 qumsivlt
356 225 390 252 ab
401 232 432 252 eo
445 227 534 250 utrum
548 223 618 250 Deus
629 222 708 249 Pater
721 222 813 249 volens
824 218 964 248 an‘noleus
976 220 1011 247 sit
1025 223 1046 250 Α
1062 217 1172 252 aliquid.
1187 217 1239 245 Sed
1254 218 1332 244 modo
1347 217 1485 251 videamus
1504 217 1600 250 horum
1626 217 1780 253 distantiam
1806 227 1856 247 no.

226 271 312 299 Deus?
323 275 361 303 ut,
375 278 397 297 SI
418 267 590 308 responderet
603 267 702 300 nolens,
725 270 883 302 sequeretur
901 265 1009 292 miseria

225 316 401 347 necessitatis,
427 322 508 349 quam
532 314 565 340 de
583 313 638 340 Deo
661 312 771 340 credere
784 319 882 346 magna
906 310 1011 337 insania

223 365 281 393 est;
293 360 315 387 si
328 364 417 386 autem
442 359 543 385 diceret
552 357 648 389 volens,
664 357 872 391 responderetur
897 355 932 387 ei,
948 361 1011 389 ergo

223 411 250 433 et
259 406 316 440 ipse
329 405 464 438 voluntate
477 412 524 431 sua
536 404 605 431 Deus
617 407 665 434 est,
682 411 735 430 non
748 406 853 435 natura.
865 401 933 434 Quid
946 407 1011 434 ergo

223 452 344 479 restabat
367 450 431 487 [Με.
455 449 596 486 restabit],
621 449 672 477 nisi
695 453 724 475 ut
749 448 957 479 obmutesceret,
984 450 1012 473 et

223 505 272 524 sua
298 496 506 532 interrogatione
529 495 674 530 obligatum
697 492 829 521 insolubili
853 492 959 519 vinculo
982 499 1011 519 se

223 541 343 568 videret?
357 541 440 576 Igitur
450 540 520 567 Deus
546 545 642 566 natura
656 543 697 566 est
711 538 791 569 Deus,
807 542 835 564 et
858 537 941 571 Filius
964 544 1011 562 na-

224 592 284 613 tura
297 591 337 613 est
351 580 443 619 Filius,
457 589 484 612 et
506 584 621 620 Spiritus
634 587 743 610 sanctus
754 587 849 615 natura
872 586 914 609 est
927 581 1012 617 Spiri-

224 635 267 662 tus
282 635 401 663 sanctus,
414 634 440 658 el
458 634 501 657 est
516 625 569 656 una
593 634 690 655 natura
705 628 800 655 horum
824 627 915 659 trium,
942 627 1012 653 sicut

223 685 277 704 una
288 681 330 703 est
342 676 470 707 essentia,
486 679 513 702 et
525 682 579 701 una
593 673 799 708 omnipotentia,
814 677 843 699 et
853 680 906 698 una
916 671 1013 698 divini-

225 726 275 755 tas.
290 721 422 751 Caeterum
433 728 481 755 pro
494 719 607 753 diversis
628 718 768 746 eventibus
781 717 870 745 mulue
885 720 948 743 sunt
962 716 1010 742 tri-

224 767 374 796 bulationes
399 766 534 798 ﬁdelium,
549 769 577 792 et
602 770 769 799 unaquaeque
782 770 898 798 persona
925 766 1011 789 tenta-

223 812 340 845 tionibus
366 811 485 845 subjacet
506 811 532 838 in
547 811 598 837 hoc
612 809 722 841 mundo,
737 809 800 843 quia
822 807 944 835 exsilium
958 811 1009 838 est,

223 858 268 885 ubi
294 858 417 890 vivimus,
442 865 494 884 non
524 856 628 891 patria;
643 855 788 883 admonent
812 854 884 881 enim
906 860 955 880 nos
969 853 1011 880 hat

1065 264 1175 290 minum.
1198 263 1361 290 Immortalis
1386 263 1459 298 enim
1485 262 1529 290 illa
1554 263 1653 298 dicitur
1675 268 1772 291 natura
1794 272 1856 299 qua:

1063 309 1130 335 mori
1147 316 1200 335 non
1213 312 1311 343 potest,
1326 315 1379 335 non
1392 315 1480 335 tamen
1494 315 1601 343 semper
1622 309 1811 342 immutabilis,
1828 311 1856 338 id

1063 359 1114 386 est,
1126 362 1186 389 qua:
1205 355 1301 389 mutari
1322 362 1374 381 non
1389 354 1473 389 possit
1489 363 1495 381 :
1513 355 1584 382 sicut
1599 355 1688 382 anima
1714 356 1831 384 humana
1846 377 1853 387 ,

1062 407 1122 433 qure
1139 399 1298 427 immortalis
1312 391 1403 429 creata
1416 403 1469 432 est,
1493 399 1541 427 sed
1562 401 1738 428 immutabilis
1761 403 1855 436 procul

1062 444 1143 472 dubio
1153 452 1205 471 non
1220 449 1271 476 est,
1287 445 1349 479 quia
1358 445 1390 472 dc
1400 444 1491 480 peiore
1501 445 1528 472 in
1541 445 1646 477 melius,
1654 445 1696 473 vel
1706 447 1739 474 de
1750 447 1855 484 meliori

1062 489 1089 516 in
1103 489 1188 524 pejus,
1204 494 1232 516 et
1245 490 1277 516 de
1291 488 1382 524 peiore
1394 489 1421 516 in
1434 489 1509 524 pejus
1519 490 1561 517 vel
1575 490 1607 518 de
1621 491 1730 518 meliore
1748 492 1775 518 in
1798 499 1855 519 mc-

1062 534 1114 561 lius
1125 534 1221 561 mutari
1233 537 1331 569 potest,
1345 534 1414 561 sicut
1426 534 1526 562 dictum
1541 538 1582 562 est
1599 541 1606 561 :
1622 534 1701 562 Ibunt
1716 536 1801 562 sancti
1821 536 1857 563 de

1062 580 1155 606 virtute
1180 580 1207 606 in
1224 580 1342 611 virtutem
1368 578 1455 614 (Psal.
1476 587 1590 611 Lxxxm,
1612 580 1652 615 8).
1677 580 1757 607 Solus
1783 581 1856 613 Deus

1062 632 1124 651 vere
1139 624 1300 651 immortalis
1322 629 1349 651 et
1369 624 1553 657 immutabilis,
1579 625 1641 659 quia
1655 625 1727 652 solus
1749 633 1810 653 vere
1827 630 1857 653 et

1062 669 1169 704 proprie
1183 673 1308 700 aeternus,
1324 675 1351 696 ct
1363 669 1434 703 quod
1445 676 1551 703 semper
1563 674 1614 701 est,
1630 671 1662 697 de
1673 678 1725 704 quo
1738 669 1855 705 Aposto-

1063 715 1104 742 lus
1122 723 1129 740 :
1144 714 1195 746 Qui
1205 714 1277 741 solus
1286 714 1360 741 habet
1373 714 1604 742 immortalitatem.
1623 715 1650 751 (I
1663 716 1730 742 Tim.
1743 724 1784 748 γι,
1796 716 1854 752 16).

1061 759 1242 787 Immortalem
1253 759 1343 794 posuit
1354 767 1403 794 pro
1413 759 1571 786 immutabili
1589 768 1596 792 ;
1608 761 1669 794 quia
1681 761 1751 794 quod
1767 765 1856 787 mutae

1062 805 1114 832 bile
1137 810 1188 837 est,
1213 804 1410 840 quodammodo
1436 805 1551 831 moritur
1563 812 1595 832 eo
1619 806 1691 840 quod
1708 809 1760 838 est,
1789 806 1854 833 dum

1062 848 1134 876 aliud
1156 849 1257 884 aliquid
1277 848 1370 883 incipit
1385 856 1445 876 esse
1457 850 1528 883 quod
1548 857 1602 876 non
1624 854 1692 877 erat.
1710 850 1763 877 Sed
1786 851 1853 877 abu-

224 903 353 930 molestia:
368 903 545 930 tentationum
564 901 680 936 patriam
701 908 833 935 quaerere,
849 904 876 928 et
890 900 1010 934 quietam
1028 900 1050 929 Β
1064 895 1120 922 sive
1134 902 1204 928 swpe
1218 899 1344 921 aeternum
1360 894 1457 929 legitur
1472 895 1582 927 dictum,
1594 895 1665 929 quod
1685 897 1797 931 tempori
1810 896 1852 923 vel

224 949 316 982 vitam,
328 956 387 984 qua:
400 948 550 975 nullatenus
563 948 605 974 hic
617 947 729 974 inveniri
743 946 853 982 poterit,
865 946 915 973 nisi
928 945 953 972 in
965 952 1011 980 spe

223 999 329 1026 teternre
342 995 440 1029 quietis
456 993 565 1025 viventi.
582 993 704 1028 Explicit.

411 1048 491 1082 178
515 1053 528 1066 ιι
548 1046 714 1073 EPISTULA
727 1045 827 1076 CLxu.

485 1099 517 1127 AD
532 1099 639 1118 DOMNUM
656 1097 753 1117 REGE”.

507 1136 594 1172 (Anno
606 1136 731 1170 incerto.)

225 1183 339 1220 Exponit
352 1191 410 1219 qua:
423 1183 456 1210 sit
467 1182 615 1220 differentia
628 1183 695 1220 inter
705 1186 830 1220 wternum
844 1187 867 1208 et
879 1186 1012 1216 sempiter-

259 1217 331 1255 num,
344 1217 493 1254 perpetuum
505 1217 530 1244 at
556 1217 712 1249 immortale,
731 1217 871 1249 smculum,
886 1225 968 1243 arvum
984 1221 1012 1252 et

260 1260 370 1290 tempus.

259 1300 372 1327 Domino
383 1298 475 1331 David,
493 1297 592 1325 rectori
618 1297 730 1332 optimo,
756 1296 851 1324 victori
883 1297 1011 1330 maximo,

224 1346 336 1380 I-‘Iaccus
347 1344 460 1380 Albinus
476 1347 552 1378 optat
564 1336 688 1371 salutem.

259 1390 297 1417 De
310 1389 488 1424 quorumdam
499 1381 637 1415 nominum
649 1387 824 1426 proprietate,
839 1393 978 1416 revertens
997 1396 1013 1416 a

223 1436 300 1467 nobis
309 1434 363 1472 [ΑΙ.
377 1433 464 1470 vobis]
479 1434 493 1454 ιι
507 1433 643 1461 Candidus
652 1438 753 1471 noster,
760 1434 924 1468 quaestiones
936 1434 1013 1461 nobis

223 1482 380 1519 proposuit:
397 1481 430 1509 de
443 1480 540 1517 quibus
556 1484 586 1507 ut
601 1487 636 1508 ex
649 1484 769 1514 tempore
784 1480 938 1514 diligentius
952 1487 1013 1514 per-

223 1522 402 1560 scrutaretur,
417 1526 524 1562 interim
541 1529 631 1554 tacere
641 1525 770 1560 disposui.
786 1524 839 1552 Sed
857 1525 901 1552 ille
916 1529 1013 1553 vestrm

1065 940 1238 968 mutabilitati
1262 940 1407 967 obnoxium
1435 944 1498 973 est,
1524 947 1575 968 nec
1599 948 1707 976 semper
1731 941 1852 976 ejusdem

1065 986 1197 1018 modiest,
1213 991 1240 1012 et
1252 985 1312 1012 ideo
1325 991 1450 1018 (cternum
1463 994 1517 1023 non
1542 990 1614 1014 recte
1638 986 1747 1014 dicitur.
1773 987 1852 1020 Quod

1063 1030 1134 1057 enim
1148 1034 1276 1062 mutatur,
1292 1037 1346 1057 non
1363 1034 1454 1058 manet
1467 1039 1472 1056 :
1486 1030 1577 1065 quue,
1591 1035 1621 1058 ut
1629 1039 1710 1066 supra
1721 1032 1849 1063 diximus.

1064 1076 1134 1102 inter
1146 1075 1292 1102 immortale
1302 1079 1328 1102 et
1349 1080 1474 1102 trternum
1501 1080 1543 1103 est
1565 1076 1738 1109 discriminis,
1758 1076 1853 1112 [quod]

1063 1128 1143 1148 omne
1163 1124 1304 1152 aeternum,
1330 1120 1482 1148 immortale
1501 1125 1558 1154 est;
1573 1126 1601 1148 et
1626 1128 1679 1148 non
1699 1129 1788 1149 omme
1801 1123 1853 1149 im-

1064 1167 1186 1199 mortale,
1198 1167 1264 1193 satis
1275 1167 1418 1199 subtiliter,
1427 1167 1508 1194 etiam
1518 1171 1648 1195 :eternum
1660 1167 1758 1194 dicitur
1770 1177 1777 1194 :
1790 1169 1853 1204 quia

1064 1212 1114 1240 etsi
1132 1212 1234 1248 aliquid
1254 1219 1361 1247 semper
1374 1212 1456 1245 vivat,
1473 1216 1561 1240 tamen
1577 1212 1624 1248 [si]
1647 1213 1853 1241 mutabilitatem

1063 1258 1176 1293 patitur,
1201 1265 1254 1285 non
1267 1258 1374 1293 proprie
1391 1263 1520 1285 :eternum
1538 1259 1705 1293 appellatur;
1719 1259 1782 1293 quia
1800 1267 1855 1293 non

1063 1311 1168 1339 semper
1192 1303 1344 1339 hujusmodi
1369 1309 1419 1335 est,
1448 1306 1571 1339 quamvis
1601 1305 1762 1338 immortale,
1789 1306 1861 1341 quia

1064 1358 1170 1386 semper
1182 1350 1259 1383 vivit,
1273 1354 1345 1377 recte
1359 1349 1410 1377 dici
1425 1350 1519 1384 possit.
1539 1350 1657 1379 Vocatur
1671 1356 1761 1381 tamen
1771 1356 1852 1379 mter-

1063 1403 1138 1428 num,
1154 1394 1288 1428 interdum
1301 1395 1393 1426 etiam,
1414 1395 1484 1429 quod
1513 1395 1664 1422 immortale
1684 1400 1725 1423 est
1741 1405 1748 1423 :
1775 1401 1855 1424 attere

1063 1448 1127 1467 num
1142 1440 1214 1467 enim
1235 1447 1296 1466 cum
1320 1439 1428 1475 proprie
1453 1439 1560 1471 dicitur,
1593 1447 1681 1475 neque
1707 1440 1855 1475 quidquam

1063 1485 1229 1521 praeteritum
1245 1484 1336 1516 habet,
1359 1491 1409 1512 nec
1426 1483 1561 1517 futurum;
1577 1485 1624 1512 sed
1652 1485 1780 1520 quidquid
1799 1490 1852 1517 est,

1063 1538 1170 1565 semper
1179 1533 1230 1562 est,
1250 1529 1321 1564 quod
1333 1529 1406 1557 solus
1417 1534 1458 1557 est
1478 1530 1564 1562 Deus;
1578 1535 1605 1557 et
1622 1530 1682 1558 idco
1696 1530 1769 1558 solus
1782 1530 1854 1558 Deus

224 1574 369 1609 voluntatis
377 1573 475 1600 nimius
489 1577 599 1600 exactor
620 1576 647 1599 et
660 1572 829 1607 importunus
848 1573 992 1607 inquisitor
1002 1592 1009 1604 ,
1025 1571 1048 1604 C
1063 1581 1180 1604 mei-nus
1189 1580 1231 1603 est
1241 1576 1387 1605 secundum
1395 1576 1586 1617 proprietatem
1600 1576 1766 1611 aeternitatis.
1776 1575 1854 1611 Quqd

224 1626 313 1651 moras
331 1625 375 1646 me
393 1617 481 1646 facere
501 1625 556 1645 non
574 1617 689 1645 sinebat.
711 1618 882 1653 Quapropter
913 1625 1013 1652 paucas

224 1663 379 1700 earumdem
400 1663 539 1690 nominum
559 1663 677 1691 rationes
694 1663 834 1698 repentino
860 1668 888 1696 et
911 1663 1013 1697 inculto

227 1709 311 1747 [Εᾴὶι.
330 1710 357 1738 in
371 1709 488 1745 occulto]
503 1709 593 1738 notavi
614 1703 753 1741 sermone;
772 1713 890 1736 vestrum
912 1709 945 1736 de
971 1709 1014 1736 bis

225 1765 284 1792 qua:
296 1757 367 1784 dicta
377 1760 448 1787 sunt,
461 1756 530 1784 sicut
546 1760 573 1783 et
584 1755 617 1783 de
638 1755 705 1782 meis
722 1755 846 1782 omnibus
869 1755 949 1783 dictis
970 1755 1013 1782 vel

224 1803 343 1839 scriptis,
365 1806 488 1837 spectans
505 1800 647 1836 judicium.
676 1800 742 1828 Nam
757 1800 884 1828 obediens
907 1801 1014 1829 devotio

226 1848 359 1876 laudanda
370 1839 422 1885 est,
437 1848 460 1880 si
477 1847 638 1883 auctoritate
653 1846 773 1880 jubentis
786 1847 924 1882 probatur.
952 1847 1015 1874 Hinc

225 1901 290 1929 ergo
309 1898 352 1926 est
368 1893 541 1930 interrogatio
555 1912 562 1925 ,
579 1900 638 1927 quin
652 1893 729 1920 nobis
748 1894 782 1920 ab
803 1893 897 1922 eodem
925 1893 1014 1927 oblata

226 1944 278 1972 est,
291 1938 393 1975 scilicet
407 1947 414 1965 :
433 1938 497 1973 quid
511 1937 547 1965 sit
567 1938 732 1966 discriminis
747 1938 818 1965 inter
844 1945 970 1965 teternum
990 1944 1014 1965 et

226 1984 427 2020 sempiternum,
462 1987 614 2020 perpetuum
629 1987 657 2011 et
682 1982 845 2018 immortale,
873 1982 1013 2015 saeculum,

226 2037 308 2057 mm
313 2033 341 2056 et
346 2029 461 2065 tempus?
469 2028 588 2060 Primum
594 2028 666 2061 enim
673 2029 812 2064 sciendum
818 2033 860 2056 est
866 2029 937 2064 quod
945 2030 1014 2057 idem

228 2070 304 2110 (Cod.
314 2072 383 2108 Vat.,
390 2072 485 2108 unum]
497 2072 648 2108 signiﬁcare
658 2073 763 2100 videtur
774 2078 899 2100 teternum
909 2078 937 2109 et
949 2082 1016 2101 sem-

226 2120 372 2157 piternum;
387 2123 413 2146 ct
428 2119 539 2153 simplex
551 2126 610 2146 esse
624 2126 722 2155 nomen
735 2125 877 2152 cateruam;
886 2121 1016 2156 sempiter-

1063 1630 1128 1650 vero
1141 1623 1174 1650 de
1185 1626 1285 1649 aeterno
1299 1622 1424 1653 diximus,
1439 1622 1490 1649 hoc
1510 1622 1580 1649 idem
1607 1621 1668 1649 licet
1688 1621 1796 1656 intelligi
1819 1622 1854 1649 de

1064 1668 1236 1702 sempiterno.
1246 1667 1297 1694 Sed
1310 1667 1374 1701 quid
1392 1671 1433 1694 est
1447 1667 1517 1702 quod
1528 1666 1672 1702 Apostolus
1685 1666 1748 1694 dicit
1760 1675 1767 1692 ς
1786 1669 1853 1693 Ante

1063 1717 1179 1748 tempora
1205 1717 1303 1740 «eterna
1328 1712 1413 1747 (Rom.
1434 1720 1488 1744 xvt,
1502 1711 1547 1744 25,
1563 1717 1587 1739 et
1598 1711 1629 1738 11
1644 1711 1709 1738 Tim.
1725 1720 1743 1740 ι,
1758 1712 1807 1747 9)?
1826 1711 1855 1738 Si

1063 1758 1135 1785 enim
1152 1763 1277 1792 tempora,
1297 1758 1431 1792 quomodo
1448 1762 1562 1790 (ειη-ππ
1585 1765 1644 1785 cum
1661 1761 1780 1791 tempora
1801 1764 1855 1783 non

1065 1807 1138 1836 sunt,
1150 1803 1201 1830 nisi
1217 1803 1242 1831 in
1254 1803 1408 1832 creaturis?
1422 1803 1473 1830 nisi
1486 1803 1553 1830 forte
1569 1808 1628 1829 ante
1636 1803 1723 1828 omnia
1736 1807 1857 1839 tempora

1065 1848 1176 1884 intelligi
1195 1848 1289 1875 voluit.
1308 1848 1421 1875 Ᾰίιενηα
1442 1854 1532 1876 autem
1555 1848 1646 1875 maluit
1660 1848 1750 1875 dicere
1771 1839 1856 1881 quam

1065 1895 1163 1926 omnia,
1181 1893 1296 1921 fortasse
1309 1893 1369 1921 ideo
1379 1894 1441 1928 quia
1454 1899 1559 1930 tempus
1573 1902 1625 1921 non
1638 1893 1721 1928 cmpit
1736 1900 1770 1920 ex
1785 1897 1858 1920 tem-

1064 1946 1131 1974 pore
1144 1947 1151 1972 ;
1166 1944 1268 1967 aeterna
1286 1939 1359 1966 enim
1370 1943 1489 1974 tempora
1501 1947 1587 1967 :evum
1599 1938 1762 1974 signiﬁcant.
1783 1938 1859 1966 Inter

1065 1992 1147 2011 mm
1172 1988 1262 2020 autem
1276 1988 1303 2011 et
1315 1988 1415 2019 tempus
1429 1985 1479 2011 hoc
1493 1985 1575 2012 distat
1595 1984 1666 2019 quod
1679 1983 1745 2010 illud
1756 1984 1856 2012 stabile

1065 2034 1118 2062 est,
1129 2034 1235 2064 tempus
1247 2034 1338 2056 autem
1352 2030 1492 2057 mutabile.
1517 2029 1650 2058 Secutum
1673 2036 1739 2056 vero
1758 2029 1859 2056 dicitur

1065 2078 1126 2109 post
1140 2078 1245 2102 creatas
1270 2073 1337 2111 [ΑΙἰι
1365 2074 1491 2110 dicuntur
1522 2075 1608 2110 primo
1630 2073 1740 2110 creatae]
1766 2081 1858 2110 rerum

1066 2119 1179 2154 species,
1194 2119 1259 2147 etin
1272 2119 1394 2153 diversas
1416 2124 1566 2155 temporum
1586 2120 1780 2146 mutabilitates
1800 2119 1857 2148 dis-

228 2173 290 2193 num
301 2173 365 2193 vero
372 2164 548 2199 compositum
561 2172 594 2198 ex
605 2164 733 2192 adverbio
746 2173 857 2201 semper,
870 2170 897 2193 et
908 2167 1017 2194 nomine
1068 2165 1176 2198 tinctae;
1188 2165 1346 2198 videturque
1365 2164 1489 2191 meatum
1504 2169 1532 2192 et
1550 2170 1666 2199 tempora
1695 2164 1772 2192 simul
1800 2172 1856 2192 co:-

229 2216 365 2238 cateruam.
374 2210 436 2237 Ideo
445 2215 664 2238 omnemternum
676 2214 765 2245 potest
775 2210 827 2238 dici
837 2214 863 2238 et
876 2212 1016 2246 sempiter—
1034 2245 1043 2246 ί
1066 2210 1149 2245 pisse.
1165 2209 1219 2237 Sed
1240 2209 1330 2237 multis
1350 2209 1426 2242 locis,
1451 2210 1577 2237 circulum
1600 2211 1681 2237 etiam
1709 2211 1733 2237 in
1760 2214 1855 2240 sancta

227 2264 465 2289 num;eeonverso
473 2256 846 2291 ordineomnescmpiternum
853 2245 1018 2284 etiamieter-
1033 2245 1056 2275 D
1069 2250 1209 2289 Scriptura
1225 2253 1323 2287 legitur
1336 2262 1385 2289 pro
1398 2255 1563 2289 sempiterno,
1586 2259 1615 2282 ut
1638 2255 1734 2283 dicitur
1750 2262 1757 2281 :
1775 2254 1858 2291 179

228 2310 302 2330 num.
310 2302 474 2338 Perpetuum
487 2310 550 2330 vero
564 2302 671 2336 videtur
681 2299 854 2338 (derivatum)
865 2310 925 2331 esse
938 2311 972 2330 ex
984 2311 1016 2331 eo

229 2347 300 2381 quod
306 2352 348 2374 est
358 2352 492 2383 perpes,et
500 2347 652 2383 signiﬁcare
665 2348 735 2382 quod
746 2348 817 2375 nullo
824 2349 961 2376 dirimitur
974 2349 1016 2376 in-

229 2391 351 2426 tervallo,
361 2393 408 2421 sed
415 2401 521 2429 semper
527 2393 621 2420 eodem
629 2394 707 2421 modo
717 2398 820 2429 perstat
827 2403 879 2429 quo
886 2400 936 2422 est.
946 2395 1017 2422 Inter

230 2444 354 2466 mternum
381 2442 471 2466 autem
491 2442 519 2465 et
535 2437 681 2465 immortale
697 2438 749 2466 hoc
771 2439 872 2466 distare
899 2440 1015 2472 videtur,

230 2484 302 2517 quod
326 2490 406 2510 omne
431 2487 561 2510 :eteraum
580 2483 741 2515 immortale,
763 2489 920 2511 nontamen
938 2492 1018 2512 omne

231 2528 382 2555 immortale
414 2532 543 2555 aatemum
564 2532 637 2555 recte
660 2528 767 2555 dicitur.
797 2529 868 2556 Inter
888 2538 970 2556 terum
991 2534 1017 2557 et

231 2574 354 2601 swculum
371 2574 407 2601 ita
431 2573 546 2601 discerni
568 2577 665 2608 potest,
690 2574 761 2609 quod
786 2582 867 2600 αιυιιηι
892 2575 1017 2609 quiddam

232 2622 361 2647 aeternum
386 2623 474 2654 potest
498 2619 621 2654 intelligi,
646 2618 771 2646 amulum
784 2627 848 2646 vero
874 2620 1019 2653 temporale

270 2713 282 2726 ιι
295 2707 370 2745 Hanc
384 2708 522 2745 epistolam
535 2709 723 2745 Quercetanusr
737 2709 806 2736 inter
820 2717 902 2745 opera
915 2709 1018 2736 Alcuini

234 2740 384 2778 dogmatica
400 2740 493 2778 "primo
515 2740 598 2772 edidit
619 2752 680 2778 pag.
696 2744 758 2776 765,
782 2740 875 2778 postea
892 2745 1020 2770 lectiones

235 2775 388 2814 diIl'erentes
402 2775 431 2814 et
443 2779 567 2806 meliores
579 2775 681 2806 addidit
693 2775 756 2814 pag.
772 2775 848 2806 IBIZ.
872 2778 1021 2814 Gallizelit—

237 2811 343 2839 tcruria:
354 2813 499 2841 scriptores
509 2818 620 2841 censent
631 2811 752 2841 eamdem
764 2815 865 2841 rectius
876 2814 944 2841 inter
955 2813 1021 2839 alias

237 2846 363 2881 epistolas
385 2846 487 2874 Alcuini
512 2856 591 2882 quam
619 2849 688 2875 inter
709 2848 857 2883 dogmatica
884 2847 1018 2875 collocari.

238 2883 356 2915 Quorum
371 2882 498 2908 monitum
510 2883 593 2908 secuti
608 2890 708 2908 sumus.
723 2882 815 2909 Exstat
827 2891 886 2909 eum
897 2883 1021 2909 emenda—

1068 2298 1199 2330 Quom'am
1210 2298 1238 2324 in
1258 2298 1382 2326 circulum
1400 2299 1580 2326 misericordia
1595 2300 1663 2335 ejus.
1680 2300 1766 2336 (Psal.
1780 2307 1823 2331 cv,
1837 2299 1857 2332 ιζ

1067 2348 1089 2370 et
1098 2351 1180 2375 cxvn,
1191 2343 1203 2370 1
1213 2343 1279 2378 seq.)
1288 2343 1320 2370 In
1330 2343 1465 2377 amulum,
1474 2344 1577 2381 scilicet
1588 2345 1614 2371 in
1625 2350 1774 2380 perpetuum
1781 2345 1857 2377 dicit,

1067 2390 1192 2424 quoniam
1216 2389 1399 2423 misericordia
1414 2390 1498 2425 ipsius
1520 2395 1620 2418 aeterna
1646 2396 1674 2418 et
1701 2391 1858 2418 indcﬁciens

1067 2438 1119 2461 est.
1137 2434 1269 2462 chulum
1282 2440 1323 2462 est
1333 2436 1415 2463 etiam
1438 2436 1528 2462 mundi
1542 2436 1608 2463 ordo
1629 2436 1784 2467 decurrens,
1812 2437 1859 2471 qui

1068 2480 1101 2506 ad
1120 2478 1208 2506 futura
1223 2480 1335 2506 tendens
1348 2480 1483 2514 prieterita
1497 2480 1607 2512 deserit,
1621 2485 1648 2508 et
1675 2481 1736 2508 ideo
1760 2481 1860 2508 stt-ruta

1068 2526 1138 2553 dicta
1157 2534 1217 2553 esse
1235 2530 1355 2560 putatur,
1384 2527 1446 2561 quia
1466 2527 1492 2553 in
1517 2534 1546 2554 se
1564 2527 1664 2562 jugitcr
1688 2527 1859 2563 resolvuntur

1069 2571 1115 2607 [F.
1130 2571 1314 2607 revolvuntur]
1327 2576 1457 2606 tempora.
1484 2571 1537 2599 Sed
1550 2572 1703 2600 differentia
1731 2576 1783 2604 est,
1795 2573 1859 2603 dum

1069 2616 1175 2647 dicitur,
1190 2625 1205 2642 a
1220 2615 1314 2652 uacula
1327 2624 1333 2644 :
1347 2615 1386 2642 let
1410 2616 1473 2643 dum
1504 2616 1613 2653 dicitur,
1625 2617 1653 2643 in
1674 2616 1782 2652 seculo]
1797 2625 1804 2649 ;
1832 2621 1860 2648 ot

1070 2706 1188 2767 (igpipus
1210 2706 1236 2732 in
1258 2706 1318 2735 cod.
1339 2714 1394 2743 reg.
1408 2708 1468 2735 Vat.
1484 2707 1529 2736 69.
1545 2708 1632 2745 (Apud
1646 2708 1763 2736 Froben.
1778 2693 1857 2742 epist.

1111 2751 1132 2767 Ἰ.

1106 2740 1277 2818 ξ’ἓὲαῃᾴξίζᾳῖς.
1296 2774 1379 2818 Cujus
1393 2785 1475 2818 opera
1490 2778 1588 2818 s_:epi_us
1602 2778 1641 2818 uti
1655 2778 1758 2818 solebat
1769 2776 1859 2818 A_]cui-

1071 2817 1132 2850 nus,
1149 2813 1179 2849 ut
1191 2814 1264 2844 patet
1281 2817 1311 2837 ex
1330 2811 1451 2872 pluribus
1468 2811 1598 2850 epistolis,
1621 2813 1648 2840 in
1665 2812 1763 2874 quibus
1784 2811 1860 2848 illum

1071 2845 1212 2874 aliquoties
1234 2850 1313 2873 vocat
1346 2847 1478 2874 inanem.
1508 2848 1545 2874 De
1564 2856 1616 2874 nuo
1637 2848 1662 2874 vi
1684 2868 1690 2873 .
1712 2847 1782 2874 Gall.
1805 2846 1858 2874 litt.

1071 2845 1212 2883 aliquoties
1234 2850 1313 2883 Vocat
1332 2845 1492 2883 Wizonemf
1508 2848 1545 2883 De
1564 2847 1617 2882 quo
1637 2845 1690 2874 vid.
1712 2847 1782 2880 Gall.
1805 2845 1858 2876 Ιὶῑιξ

1072 2885 1136 2907 tom.
1152 2880 1183 2912 V,
1199 2888 1258 2915 pag.
1276 2881 1308 2907 10
1321 2889 1377 2916 seq.
1447 2880 1458 2883 ”
1513 2880 1517 2885 “
1574 2880 1580 2882 ’
1606 2882 1608 2884 ’
