4012 6188
289 287 391 348 ﬂ]

1787 273 2161 342 EPISTOLAZ.

3438 281 3547 340 Alii

283 403 417 459 dum
474 395 690 459 dicitur,
733 394 791 457 in
823 364 1073 449 casulum
1101 390 1299 446 seculi.
1349 390 1521 446 Adam
1567 405 1799 460 namque
1841 406 1871 441 a
1902 392 1950 457 Α
1976 396 2189 477 tuorum
2219 403 2326 457 non
2356 398 2479 445 sunt
2498 431 2513 455 .
2541 392 2636 459 50d
2663 389 2792 446 illud
2816 393 2958 463 quod
2989 393 3104 449 ista:
3129 392 3344 467 syllaba:
3374 395 3545 477 signi-

286 485 485 549 seculo
504 484 636 551 fuit;
666 482 721 543 id
746 490 831 539 est
859 481 914 537 in
940 481 1206 552 principio
1260 479 1458 536 saeculi.
1505 478 1696 535 Caneri
1740 494 1868 534 vero

278 587 503 655 patres,
539 574 675 642 Noe,
701 574 974 633 Abraham
1002 574 1058 627 in
1084 571 1292 637 alecula,
1322 573 1417 629 sed
1442 587 1547 628 non
1593 589 1626 626 a
1675 570 1869 627 circulo

280 669 506 725 {munt
533 685 548 721 :
583 667 725 722 sicut
747 678 938 725 omnes
956 663 1176 729 humani
1206 664 1421 735 generis
1467 662 1639 721 series
1686 662 1741 728 in
1770 676 1869 715 δωτ-

278 760 412 818 culo
435 758 674 822 fuerunt,
704 754 790 811 vel
818 762 968 819 sunt,
998 753 1086 815 vel
1132 751 1326 809 futura:
1348 761 1492 808 sunt.
1520 752 1590 807 In
1618 750 1868 811 iaculum

282 865 420 909 vero
443 846 646 910 iaculi.
690 844 932 901 futurum
959 850 1045 899 est
1091 842 1366 908 malum,
1416 844 1560 912 quod
1601 850 1725 913 post
1765 841 1869 896 hoc

282 948 394 997 erit
422 937 699 1002 mulum,
730 936 875 1005 quod
898 934 1032 993 etin
1056 932 1250 988 saecula
1272 932 1585 988 circulorum
1610 932 1764 1005 (Tob.
1788 948 1864 996 Ix,

282 1030 378 1102 Η)
410 1029 626 1084 dicitur.
657 1025 795 1081 Nam
817 1024 1140 1096 quibusdam
1174 1023 1229 1077 in
1252 1023 1384 1079 locis
1410 1024 1468 1078 in
1495 1022 1745 1078 sarculum
1769 1038 1869 1077 ste-

280 1117 392 1179 ωιιὶ
427 1116 785 1173 aeternitatem
836 1112 1051 1175 Domini
1112 1112 1357 1178 absolute
1394 1111 1678 1192 signiﬁcat,
1728 1127 1866 1183 quo-

280 1209 432 1263 niam
462 1205 552 1260 ille
578 1213 633 1260 et
660 1204 829 1258 etiam
868 1212 994 1258 ante
1028 1202 1305 1267 saxulum,
1348 1210 1403 1256 et
1452 1202 1507 1256 in
1553 1201 1771 1268 saeculo,
1814 1209 1869 1257 et

280 1306 408 1380 post
436 1295 564 1350 illud
588 1295 846 1350 saeculum
875 1294 1185 1350 misericors
1223 1307 1345 1349 esse
1395 1301 1745 1347 monstratur.
1802 1292 1870 1348 Et

280 1388 406 1451 ideo
464 1386 666 1441 dicitur
696 1386 762 1440 de
810 1398 918 1445 oo:
950 1383 1322 1447 Misericordia
1376 1393 1551 1439 autem
1574 1382 1787 1437 Domini
1835 1401 1868 1438 α

277 1476 474 1535 alecula
514 1487 566 1533 et
618 1493 780 1547 usque
829 1476 885 1530 in
926 1476 1178 1532 arculum
1224 1492 1380 1546 super
1431 1477 1667 1534 timentes
1726 1493 1865 1530 eum.

278 1569 457 1641 (Ρωι.
489 1583 586 1636 cn,
619 1567 733 1639 l7.)
767 1554 903 1634 Item
942 1588 954 1622 :
986 1567 1055 1635 lu
1084 1567 1334 1631 circulum
1377 1568 1556 1626 amuli
1588 1568 1762 1641 (Psal.
1790 1585 1862 1633 ιχ,

276 1661 331 1725 6,
352 1670 403 1715 et
430 1675 489 1725 ι,
515 1658 599 1723 lﬁ,
623 1657 748 1729 etc.)
778 1666 999 1730 propter
1025 1658 1133 1717 duo
1160 1658 1506 1717 Testamenta
1551 1672 1695 1731 saepe
1731 1660 1866 1731 legi-

276 1764 367 1808 tur
396 1753 655 1824 positum,
682 1752 810 1822 quia
838 1751 943 1805 hoc
992 1748 1201 1805 Novum
1231 1751 1636 1814 Testamentum
1663 1753 1859 1823 prioris
1890 1759 1938 1818 Β

278 1844 464 1900 saeculi
495 1842 753 1898 saeculum
802 1848 904 1904 est,
946 1840 1089 1897 sicut
1126 1850 1183 1896 et
1230 1840 1472 1907 futurum
1523 1841 1680 1899 istius
1726 1857 1862 1912 prte-

274 1935 452 1991 sentis
508 1934 633 1989 erit.
661 1932 936 1999 invenitur
963 1948 1177 2007 quoque
1225 1932 1475 1987 swculum
1530 1949 1629 2003 pro
1684 1936 1865 2007 cujus-

274 2027 413 2081 libet
458 2024 720 2094 temporis
778 2024 883 2084 ﬁne
945 2023 1090 2093 poni.
1146 2023 1283 2089 Nam
1334 2022 1389 2079 in
1452 2022 1594 2095 Lege
1650 2025 1862 2082 Domini

242 2101 477 2175 dicitur
514 2131 529 2171 :
572 2116 655 2172 Sit
680 2118 773 2180 tibi
793 2134 970 2172 servus
1001 2118 1056 2171 in
1093 2116 1345 2172 swculum
1393 2116 1590 2189 (Exod.
1635 2136 1749 2187 XXI,
1781 2120 1860 2193 6),

275 2210 329 2267 id
379 2216 487 2276 est,
535 2223 710 2278 usque
750 2209 810 2264 in
846 2207 1124 2277 jubiheum
1162 2223 1382 2265 annum.
1438 2207 1543 2265 Sed
1583 2211 1861 2268 sciendum

275 2310 363 2360 est
404 2302 552 2372 quod
592 2310 844 2361 ostentum
891 2302 1065 2357 tribus
1122 2301 1295 2358 modis
1350 2302 1406 2357 in
1443 2310 1628 2359 sancta
1681 2304 1864 2374 Scrip-

277 2404 398 2460 tura
425 2394 531 2466 legi
558 2395 715 2450 solet.
748 2392 951 2459 Primo,
1000 2394 1143 2464 quod
1194 2408 1324 2451 vere
1359 2403 1416 2450 et
1450 2396 1666 2466 proprie
1706 2405 1864 2452 aiter-

276 2500 405 2545 num
437 2486 656 2551 dicitur,
684 2484 831 2540 omni
856 2483 1258 2557 [mutabilitate]
1298 2499 1509 2552 carens,
1552 2486 1691 2541 sicut
1716 2486 1863 2543 solus

274 2579 423 2641 Deus
447 2587 553 2635 est.
574 2578 725 2636 Alter
751 2593 881 2634 vero
906 2579 1095 2635 modus
1121 2586 1225 2646 est,
1255 2592 1379 2634 eum
1408 2592 1474 2634 ea
1528 2594 1615 2634 res
1658 2589 1863 2637 aeterna

278 2669 496 2733 dicitur,
523 2685 648 2739 qua:
684 2669 799 2741 ipsa
830 2670 1047 2740 quidem
1072 2685 1168 2741 per
1188 2685 1248 2726 se
1271 2679 1473 2726 aeterna
1506 2688 1611 2728 non
1640 2681 1742 2737 est,
1768 2675 1866 2730 sed

278 2759 425 2832 quod
446 2759 736 2832 signiﬁcat,
768 2768 1028 2825 aeternum
1047 2768 1164 2827 est;
1201 2761 1366 2817 veluti
1392 2762 1494 2818 hoc
1521 2763 1661 2832 quod
1691 2763 1865 2819 Abra-

280 2855 366 2919 hae
390 2852 592 2908 dicitur
621 2867 637 2906 :
669 2851 817 2906 Dabo
842 2853 935 2909 tibi
960 2861 1008 2906 et
1046 2854 1231 2911 semini
1261 2864 1361 2908 tua
1395 2863 1590 2909 terram
1634 2856 1770 2910 lianc
1805 2859 1863 2911 in

274 2943 658 3014 possessionem
672 2951 920 3003 (sternam
942 2941 1095 3012 (Cen.
1115 2959 1248 3008 xv",
1263 2944 1342 3016 8).
1361 2942 1495 2999 Cum
1515 2960 1610 3000 nec
1625 2945 1737 3014 ipsa
1756 2953 1865 3001 ter-

279 3046 366 3096 ra,
391 3046 492 3087 nec
533 3029 653 3099 eius
676 3030 1011 3088 habitatores
1035 3034 1372 3093 tetcrni'csse
1396 3037 1717 3106 potuissent,
1766 3039 1861 3094 sed

1970 476 2154 545 ﬁcant,
2184 480 2509 537 omnimodis
2536 491 2795 548 mternum
2826 492 2928 540 est.
2971 484 3144 542 Verba
3174 487 3319 542 enim
3350 480 3546 558 quibus

1969 566 2257 637 loquimur,
2289 567 2425 635 nihil
2465 569 2610 626 aliud
2650 581 2776 630 sunt
2819 573 2924 628 nisi
2966 574 3116 645 signa
3148 591 3327 631 rerum
3354 592 3544 633 earum

1969 672 2103 733 quas
2130 666 2309 722 mente
2334 660 2688 731 concipimus,
2714 662 2909 731 quibus
2934 664 3001 718 ad
3024 665 3380 733 cognitionem
3406 666 3539 721 alio-

1968 730 2088 801 rum
2134 748 2317 802 venire
2365 749 2650 804 volumus:
2702 765 2823 831 qtae
2869 754 3032 807 verba
3083 769 3353 825 nunquam
3398 765 3544 812 recte

1967 834 2334 905 proferuntur,
2365 838 2468 896 nisi
2498 840 2777 901 veritatem
2808 841 3129 910 signiﬁcent.
3160 842 3371 899 Veritas
3397 845 3542 903 enim

1967 924 2113 977 omni
2155 925 2357 980 homini
2388 928 2649 983 naturalis
2674 938 2756 995 est
2785 930 2839 985 in
2871 940 3113 998 tantum,
3150 942 3208 989 ut
3236 936 3413 992 nullus
3438 952 3541 993 un-

1967 1030 2130 1084 quam
2164 1030 2263 1086 pro
2289 1018 2514 1083 veritate
2551 1017 2742 1079 falsum
2780 1022 2967 1078 audire
2994 1024 3157 1089 velit,
3193 1040 3257 1080 eo
3292 1026 3449 1082 modo
3483 1036 3545 1081 ut

1969 1105 2082 1175 ipse
2111 1121 2296 1161 verum
2328 1115 2477 1178 putet
2502 1110 2644 1179 quod
2676 1107 2865 1165 falsum
2895 1120 3007 1177 est,
3045 1112 3149 1167 nisi
3179 1114 3292 1183 ipse
3318 1115 3548 1171 nimium

1967 1194 2149 1250 varius
2193 1193 2348 1269 lCod.
2402 1194 2516 1250 Vat.
2561 1196 2750 1270 vanus]
2800 1198 2871 1252 sit
2916 1208 2971 1255 et
3014 1201 3082 1256 ab
3126 1202 3272 1256 omni
3315 1202 3543 1281 veritate

1967 1298 2210 1349 aversus.

2039 1372 2147 1428 Sed
2176 1375 2298 1444 quia
2325 1372 2392 1443 ad
2420 1376 2581 1432 ﬁnem
2609 1377 2865 1445 chartulre
2897 1390 3152 1450 properat
3180 1382 3370 1448 series,
3397 1383 3546 1440 vide-

1968 1472 2057 1519 tur
2080 1474 2257 1521 ratum
2284 1467 2484 1538 aliquid
2509 1469 2575 1524 de
2599 1470 2714 1547 ipso
2740 1473 2845 1526 ﬁne
2868 1472 3067 1528 dicere.
3102 1473 3196 1529 Est
3220 1476 3364 1530 enim
3394 1476 3549 1541 locus

1966 1555 2056 1609 ubi
2084 1554 2207 1610 ﬁnis
2227 1558 2369 1626 quod
2393 1557 2510 1612 sine
2532 1558 2637 1614 ﬁne
2661 1568 2743 1614 est
2765 1560 3050 1631 signiﬁcat,
3072 1571 3130 1617 ut
3151 1563 3203 1618 in
3224 1563 3541 1637 Evangelio:

1967 1640 2097 1707 Cum
2125 1645 2388 1700 dilexisset
2414 1663 2518 1711 eos,
2560 1650 2651 1719 qui
2688 1660 2835 1704 erant
2864 1652 2920 1705 in
2949 1652 3162 1717 mundo,
3202 1655 3257 1707 in
3281 1642 3439 1726 finem
3463 1656 3546 1710 dt-

1966 1731 2091 1786 lexit
2117 1750 2203 1788 eos
2232 1735 2411 1806 (Joan.
2442 1752 2561 1804 tun,
2598 1736 2682 1808 1),
2724 1739 2776 1793 id
2813 1749 2923 1804 est,
2966 1742 3020 1795 in
3060 1750 3323 1799 aeternum
3360 1745 3548 1802 dilexit

1963 1837 2076 1879 eos.
2126 1824 2221 1889 Est
2249 1834 2409 1881 etiam
2436 1828 2526 1882 ubi
2554 1828 2940 1898 perfectionem
2969 1832 3255 1903 signiﬁcat,
3288 1845 3347 1890 ut
3373 1854 3385 1889 :
3420 1837 3544 1905 ﬁnis

1961 1921 2097 1973 enim
2126 1919 2253 1991 legis
2281 1931 2354 1975 est
2381 1919 2617 1989 Christus
2649 1923 2825 1995 (Rom.
2856 1941 2909 1993 ι,
2938 1924 3015 1997 6),
3062 1925 3114 1981 id
3142 1935 3244 2000 est,
3286 1927 3548 1998 perfectio

1962 2009 2119 2081 legis.
2163 2011 2257 2065 Est
2287 2026 2522 2080 quoque,
2550 2013 2638 2067 ubi
2673 2014 2841 2084 ipsum
2871 2015 3138 2087 signiﬁcat
3164 2017 3455 2087 Christum,
3486 2029 3546 2074 ut

1962 2101 2016 2155 in
2062 2102 2382 2172 quibusdam
2433 2103 2762 2173 psalmorum
2812 2106 3022 2162 titulis:
3072 2109 3128 2162 in
3174 2109 3329 2179 linem
3375 2110 3545 2166 David

1963 2190 2134 2261 (Psal.
2161 2208 2233 2254 LI,
2259 2208 2353 2261 ur,
2381 2202 2428 2245 et
2456 2190 2578 2265 aL),
2616 2193 2668 2248 id
2697 2202 2803 2259 est,
2835 2194 2890 2249 in
2917 2195 3210 2268 Christum.
3243 2198 3545 2270 Aliquando

1960 2282 2123 2337 etiam
2155 2283 2278 2353 ﬁnis
2310 2284 2577 2355 significat
2607 2284 2767 2345 ﬁnem
2813 2286 3097 2357 cujuslibet
3127 2290 3203 2344 rei
3229 2289 3312 2344 vel
3344 2300 3547 2362 tempo-

1962 2373 2071 2439 ris;
2110 2383 2170 2429 ut
2207 2374 2259 2429 in
2301 2374 2562 2431 Daniele:
2615 2376 2671 2437 in
2710 2375 2816 2446 fine
2861 2388 3033 2432 autem
3081 2378 3285 2433 dierum
3331 2379 3543 2436 illorum

1963 2467 2124 2540 (Dan.
2153 2486 2229 2535 tv,
2250 2468 2361 2540 5|).
2396 2468 2506 2523 Nec
2529 2469 2660 2530 mihi
2688 2468 2971 2538 multitudo
2995 2473 3283 2527 verborum
3308 2483 3363 2529 et
3389 2474 3543 2531 char-

1961 2557 2089 2613 tula:
2117 2557 2394 2629 longitudo
2422 2556 2722 2627 obj'cienda
2758 2568 2875 2623 est,
2923 2561 3049 2628 quia
3088 2561 3368 2633 longitudo
3413 2573 3540 2625 tem-

1959 2649 2129 2721 poris,
2148 2647 2230 2701 vel
2252 2648 2422 2719 magis
2444 2648 2572 2702 illud
2594 2648 2735 2717 quod
2758 2656 2968 2723 tempus
2987 2664 3090 2704 non
3114 2650 3298 2715 habet,
3315 2651 3544 2721 plurima

1962 2738 2138 2807 poscit
2162 2738 2356 2802 verba,
2393 2737 2589 2807 quibus
2616 2737 3012 2809 demonstretur
3038 2738 3181 2807 quod
3209 2739 3297 2794 vix
3326 2741 3538 2799 demon-

1963 2828 2517 2900 strari180possit.
2564 2826 2671 2884 Sed
2696 2827 2937 2889 calamus
2978 2828 3032 2884 in
3074 2827 3223 2886 fonte
3264 2831 3549 2898 charitatis

1964 2920 2182 2989 tinctus,
2226 2920 2380 2976 dulce
2408 2920 2718 2976 habetcum
2744 2935 2810 2975 eo
2836 2920 3011 2990 loqui,
3056 2922 3143 2978 cui
3183 2923 3362 2987 omnia
3405 2926 3545 2993 bona

1964 3010 2138 3072 dulcia
2176 3019 2328 3077 sunt;
2368 3011 2457 3067 cui
2494 3011 2637 3066 Deus
2671 3026 2931 3087 tete-mam
2970 3014 3270 3071 concedere
3296 3017 3545 3088 dignetur

279 3131 427 3178 terra
450 3121 773 3187 viventium,
800 3138 921 3192 quae
947 3137 1046 3192 per
1074 3124 1215 3181 hanc
1257 3134 1456 3181 terram
1499 3127 1858 3197 signiﬁcatur,

1969 3100 2320 3171 dulcedinem.
2756 3150 2761 3155 .

278 3224 483 3270 aeterna
512 3224 625 3281 est;
684 3224 742 3270 et
765 3216 1099 3282 habitatores
1148 3218 1289 3274 illius
1312 3222 1523 3285 aeterni,
1555 3222 1622 3277 de
1664 3224 1865 3292 quibus

278 3305 481 3367 dicitur
504 3323 521 3359 :
547 3304 696 3360 Beati
714 3306 882 3371 uitet.
905 3310 1152 3377 quoniam
1172 3310 1271 3379 ipsi
1288 3312 1623 3380 possidebunt
1639 3323 1859 3383 terram.

281 3392 519 3465 (Matth.
565 3410 620 3458 v,
651 3395 728 3466 ι.)
769 3397 983 3454 Tertius
1018 3400 1210 3459 modus
1252 3409 1355 3465 est,
1401 3405 1621 3473 quando
1661 3421 1729 3461 ea
1774 3423 1866 3465 res

279 3493 492 3542 aeterna
515 3486 820 3555 appellatur,
848 3490 934 3544 cui
967 3488 1090 3546 ﬁnis
1136 3507 1243 3546 non
1264 3495 1633 3561 constituitur,
1671 3508 1764 3553 aut
1787 3501 1859 3555 ita

282 3575 346 3629 ﬁt
372 3583 433 3629 ut
452 3575 705 3647 deinceps
735 3594 843 3645 non
870 3580 943 3647 sit
977 3581 1240 3649 facienda,
1263 3594 1523 3655 quantum
1566 3592 1632 3646 ad
1674 3607 1865 3649 curam

280 3666 364 3721 vel
386 3664 454 3721 ad
475 3675 798 3737 potestatem
820 3670 1091 3741 facientis,
1126 3685 1221 3730 aut
1242 3677 1473 3735 dicentis
1512 3684 1762 3754 pertinet,
1797 3700 1865 3741 eo

278 3771 477 3825 genere
501 3757 809 3827 locutionis,
849 3778 955 3832 quo
981 3766 1200 3848 quidam
1237 3766 1402 3824 Poeta
1438 3771 1610 3828 dicit:

404 3892 612 3943 Serviet
636 3899 895 3960 etet-num,
920 3897 1006 3961 qui
1031 3909 1181 3963 parvo
1204 3903 1392 3952 nesciet
1418 3904 1487 3953 uti
1497 3938 1512 3967 ρ

280 3988 395 4059 Non
437 3991 587 4057 enim
626 4004 807 4078 potest
844 4006 1106 4065 attentum
1147 4002 1372 4069 servire,
1411 4002 1566 4075 cujus
1608 4005 1723 4076 ipsa
1749 4006 1859 4061 vita

275 4090 481 4137 eterna
509 4097 631 4142 esse
656 4101 762 4141 non
790 4095 984 4158 potest.
1026 4090 1132 4146 Sed
1159 4093 1294 4147 mira
1324 4092 1456 4166 [Al,,
1485 4094 1677 4169 magis]
1707 4113 1856 4168 quae-

273 4172 401 4229 dam
421 4172 728 4229 dill'erentia
751 4179 999 4234 estinter
1015 4184 1302 4243 essentiam
1330 4187 1713 4265 omnipotentis
1739 4189 1855 4260 Dei,

270 4273 331 4326 et
353 4263 627 4319 volventia
654 4265 902 4333 humana:
933 4270 1058 4326 vita:
1096 4280 1358 4344 tempora,
1414 4263 1668 4346 Legimus
1712 4280 1857 4337 enim

270 4352 378 4417 tria
407 4363 650 4425 tempora
679 4370 818 4425 esse,
862 4359 917 4413 id
942 4370 1049 4429 est,
1093 4365 1448 4434 praeteritum,
1491 4383 1760 4439 praesens,
1801 4380 1858 4427 et

2033 3212 2281 3286 [Dettibi
2306 3222 2625 3284 perpetuam
2651 3216 2893 3272 clem'ns
2920 3217 2975 3271 in
3004 3218 3161 3272 saucia
3184 3219 3421 3283 salutem

2105 3304 2173 3360 Et
2203 3306 2365 3363 decus
2392 3307 2626 3396 imperii,
2663 3308 2775 3364 Dav
2802 3325 2831 3365 1
2870 3318 3057 3376 tmate,
3084 3309 3275 3383 Dens.]

2425 3434 2450 3462 ι
2472 3420 2806 3492 EPISTULA
2857 3422 3079 3497 cum.

2565 3530 2632 3569 an
2671 3532 2938 3573 CAROLUH.

1964 3597 2196 3674 Exponit
2214 3612 2411 3674 textum
2434 3602 2494 3657 S.
2514 3602 2671 3674 Luca:
2697 3582 2813 3674 cap.
2834 3574 2971 3666 ax",
2993 3606 3080 3661 56.
3106 3618 3227 3673 eun,
3256 3610 3319 3664 de
3342 3610 3544 3668 duobus

2032 3669 2245 3754 gladiis.
2291 3671 2641 3754 Donauerunt:
2673 3674 2739 3727 de
2760 3669 3086 3754 quibusdam
3122 3669 3545 3754 episcopiuqut

2030 3739 2339 3817 presbyteris
2362 3739 2667 3817 et'diacpnis
2693 3739 2884 3817 manus
2906 3739 3546 3817 pradieat'ionis'iuliibere

2032 3806 2243 3873 uolunt;
2273 3818 2321 3862 et
2347 3808 2411 3862 de
2435 3808 2802 3881 profanatioue
2830 3806 3100 3873 altarium.

2030 3922 2257 3979 Domino
2294 3922 2723 3994 desiderabiliter
2751 3928 3044 3983 venerabili
3083 3937 3138 3986 et
3167 3931 3546 4001 venerabiliter

1961 4015 2300 4073 desiderabili
2340 4016 2508 4072 David
2536 4017 2683 4087 regi,
2724 4018 2779 4074 in
2811 4018 2917 4075 ﬁde
2942 4029 2997 4076 et
3026 4020 3293 4088 charitate
3319 4023 3547 4081 Flaccus

1961 4103 2231 4179 [Albinus]
2258 4106 2508 4164 salutem.

2029 4196 2252 4265 Litteris
2286 4207 2482 4260 vestra:
2518 4199 2868 4257 nobilissima:
2904 4200 3127 4273 pietatis
3163 4201 3399 4271 acceptis
3419 4241 3436 4266 ,
3484 4203 3542 4259 in

1957 4287 2153 4358 quibus
2181 4297 2417 4345 vestram
2448 4290 2608 4346 nobis
2634 4291 2789 4347 valde
2818 4291 3107 4349 amabilem
3137 4292 3448 4358 sanitatem,
3485 4300 3543 4349 et

1958 4389 2153 4436 cuncto
2179 4380 2602 4439 Christianitatis
2640 4381 2866 4453 imperio
2902 4385 3362 4453 pernecessariam
3404 4399 3526 4455 pro-

269 4441 553 4545 fnt‘urumn;
600 4447 693 4503 sed
730 4447 903 4545 itaut
943 4466 1079 4545 pene
1120 4454 1253 4509 nihil
1292 4458 1447 4515 nobis
1479 4475 1716 4531 przesens
1744 4462 1851 4531 sit,
1883 4456 1931 4516 ἰ)
1955 4470 2265 4540 speritatem
2311 4486 2643 4542 cognoscens
2672 4441 2790 4544 [132,
2820 4441 3092 4545 cog-novi],
3140 4482 3312 4530 totum
3357 4441 3539 4533 cordis

267 4529 363 4587 δαὶ
393 4535 581 4591 omnia
618 4539 893 4608 prmterita
937 4530 992 4596 et
1032 4540 1231 4599 futura.
1266 4529 1520 4619 [Verbum
1551 4552 1693 4607 enim
1726 4529 1852 4608 dum

264 4619 410 4688 dico,
442 4624 682 4694 priorem
710 4627 835 4684 dum
866 4630 999 4704 dixi]
1040 4632 1298 4706 syllabam
1343 4636 1475 4709 [Al.,
1506 4639 1666 4696 Verbi
1709 4644 1853 4698 enim

263 4726 392 4765 cum
432 4713 547 4768 dixi
591 4714 829 4785 priorem
875 4720 1154 4791 syllabam,
1182 4724 1329 4797 etc.],
1376 4729 1645 4796 posterior
1672 4729 1851 4789 futura

263 4801 409 4856 fuit:
447 4810 505 4857 et
534 4805 662 4860 dum
687 4810 1040 4877 posteriorem
1067 4812 1207 4877 dico,
1236 4816 1497 4882 pmteriit
1526 4819 1690 4888 prior.
1740 4820 1853 4877 Deo

263 4907 400 4947 vero
426 4894 563 4952 nihil
591 4900 926 4971 prmteritum
966 4907 1021 4956 et
1058 4899 1298 4970 futurum
1316 4943 1331 4968 ,
1377 4904 1471 4959 sed
1499 4908 1680 4962 omnia
1709 4924 1850 4979 pra:-

256 4984 445 5039 sentia
484 4994 643 5053 sunt,
688 4988 779 5060 qui
813 5006 972 5047 servo
1009 5008 1107 5049 suo
1134 4993 1300 5067 Moysi
1332 4997 1442 5052 ait:
1478 4998 1590 5070 Ego
1618 5018 1734 5056 sum
1760 5005 1851 5076 qui

254 5089 406 5127 sum.
444 5075 514 5131 Et
538 5077 739 5134 :Dices
766 5080 895 5151 ﬁliis
923 5080 1092 5140 Israel
1111 5105 1129 5141 :
1155 5089 1244 5157 qui
1267 5099 1363 5155 est,
1391 5091 1530 5146 misit
1559 5109 1640 5149 me
1664 5095 1733 5150 ad
1762 5113 1851 5152 vos

250 5162 589 5258 (Exortum,
623 5171 734 5246 14).
788 5172 895 5229 Sed
936 5175 981 5230 si
1024 5179 1273 5236 subtilius
1314 5198 1557 5252 quaerere
1601 5185 1848 5258 incipias,

248 5259 433 5315 etiam
625 5265 745 5320 dua:
771 5266 1017 5337 syllabae,
1062 5270 1186 5326 dum
1215 5273 1363 5328 dixi:
1412 5274 1555 5331 Deus
1600 5254 1846 5345 meritus,

309 5432 365 5521 εξ
388 5418 1525 5521 εἳξεξερεεεξίξξιίέίιο),ιὲξξξι;,ρυετεεεισι
1548 5438 1731 5521 Cm“:-
1755 5439 1844 5494 12-

248 5490 372 5576 !liLc'
380 5490 571 5576 autem
590 5490 791 5576 amitis
805 5497 940 5554 locis
968 5490 1285 5576 castigatior
1296 5490 1492 5576 proditi
1505 5490 1587 5563 éx’
1741 5490 1842 5565 rh;

245 5558 606 5649 bibliothecae
631 5563 1081 5649 salisburgensis,
1109 5558 1203 5649 ubi
1228 5558 1329 5649 ωε
1344 5558 1842 5649 ’ρἱέηξὶιιῖῗὶίἰίῖξ

243 5629 737 5729 ξῗεὲλξῇριςίιςίὶο
762 5629 1182 5729 ρξράῖογηηιξφιί
1194 5629 1839 5729 grauida-{ﬁniit}.

241 5701 315 5755 In
352 5700 514 5756 editis
559 5717 726 5761 vero:
762 5700 836 5762 De
864 5726 922 5763 eo
945 5712 1082 5781 quod
1102 5700 1157 5765 in
1188 5711 1467 5782 Evangelia
1490 5700 1844 5772 dicitur”);

1956 4563 2061 4617 mei
2088 4562 2343 4619 atl‘ectum
2374 4564 2429 4618 in
2458 4564 2758 4635 gratiarum
2790 4564 3033 4621 actiones
3059 4563 3278 4621 Christo
3304 4565 3538 4622 clemen-

1956 4654 2164 4709 tissimo
2189 4655 2303 4725 regi
2327 4653 2528 4711 eﬁ‘udi:
2564 4654 2708 4711 illius
2745 4656 2932 4712 sedula
2961 4656 3208 4712 oratione
3242 4657 3535 4727 deprecans

1954 4746 2240 4816 pietatem,
2288 4762 2411 4802 cum
2445 4747 2699 4804 omnibus
2728 4757 2929 4805 nostra:
2957 4748 3256 4805 devotionis
3282 4764 3536 4819 coopera-

1955 4837 2194 4903 toribus,
2243 4848 2511 4909 quatenus
2552 4847 2790 4896 vestram
2832 4839 3112 4910 paciﬁcum
3154 4847 3210 4896 et
3247 4841 3533 4896 amabilem

1952 4929 2272 4998 potentiam,
2310 4930 2378 4985 ad
2414 4930 2799 4987 exaltationem
2829 4937 3030 4986 sanctae
3053 4945 3167 4985 sua:
3194 4929 3446 4986 Ecclesiae
3477 4940 3535 4985 et

1954 5019 1982 5059 δ
2006 5021 2360 5076 sacratissimi
2388 5020 2750 5093 gubernacula
2778 5020 2991 5091 imperii
3034 5019 3274 5091 longaeva
3313 5033 3537 5091 prospe-

1953 5111 2111 5167 ritate
2135 5114 2431 5179 custodire,
2467 5127 2653 5184 regere
2678 5120 2734 5168 et
2760 5112 2990 5168 dilatare
3014 5111 3283 5181 dignetur.
3330 5109 3390 5163 ln
3414 5111 3534 5178 qui-

1951 5203 2052 5258 bus
2091 5202 2450 5259 laudabilibus
2487 5216 2702 5273 quoque
2739 5210 2934 5258 vestra:
2972 5200 3250 5271 sapientia:
3286 5200 3533 5270 apicibus

1951 5307 2126 5347 meam
2146 5333 2161 5358 ,
2206 5301 2266 5347 ut
2294 5292 2438 5347 soliti
2468 5293 2620 5357 estis,
2654 5292 2934 5364 segnitiem
2960 5306 3058 5363 per
3082 5292 3532 5362 interrogationes

1948 5444 2569 5531 miueg‘duo‘glafliiltfc-
2642 5515 2676 5530 η
2726 5515 2767 5531 ἢ
2831 5516 2897 5531 ην
3432 5517 3445 5531 .

2021 5513 2057 5586 lt
2079 5512 2441 5586 sacratissimi
2467 5515 2697 5586 imperii.
2726 5515 2805 5572 De
2831 5516 3097 5582 Romano,
3129 5517 3405 5583 existimo,
3430 5517 3532 5573 im—

1944 5584 2097 5669 perio
2128 5585 2243 5669 lucc
2266 5598 2388 5640 esse
2415 5584 3000 5669 intglhgeqdhﬁunde
3045 5588 3196 5669 hanc
3242 5586 3529 5658 epistolam

1947 5653 2052 5708 non
2084 5664 2208 5709 ante
2240 5669 2439 5712 annum
2489 5653 2692 5711 Christi
2736 5656 2841 5712 800
2889 5656 3070 5714 datam
3122 5653 3293 5715 fuisse
3342 5671 3530 5716 cense—

1947 5739 2087 5778 IIIIIS.
2765 5773 2769 5777 .
