4012 6188
374 342 482 397 ωδ

1206 329 1279 415 ⁵Β.
1323 329 1380 380 F.
1425 324 1646 379 ALBINI
1688 322 1816 377 SEU
1856 316 2448 376 ALCUINI'OPERUM
2486 314 2661 369 PARS
2685 314 2728 366 l.

3519 305 3624 360 ιιι

373 422 817 519 ιιτιιύριιῖἰδδίιιιαε
860 436 1124 508 sagaciter
1163 427 1316 506 [Cod.
1347 432 1488 498 Sal.,
1522 429 1937 501 prudentissima
1968 461 1979 488 ι

2065 427 2349 498 ιιιυςονὶιις,
2377 433 2437 478 ιιι
2464 423 2719 477 studiosis
2742 420 3035 475 lectoribus
3062 419 3219 473 facile
3249 426 3334 474 est
3359 418 3625 476 invenire.

375 533 690 612 sagacitate]
719 532 953 586 excitare
980 527 1114 582 velle
1145 525 1343 580 inveni.
1374 523 1487 578 lmo
1514 536 1610 592 per
1638 520 1936 589 inquisitio-

378 609 473 684 nes
500 624 693 699 [magis
719 623 938 683 docere,
987 633 1147 687 quam
1180 617 1421 685 ignorata
1449 611 1682 684 discere]
1712 609 1902 679 agnovi
1926 627 1941 673 ;

375 718 497 788 quia
525 716 782 784 sapienter
801 712 1140 778 interrogare,
1162 707 1344 760 docere
1373 717 1464 766 est,
1487 702 1653 757 veluti
1679 702 1732 755 in
1754 707 1948 754 vestra:

377 801 712 859 auctoritatis
757 800 950 869 pagina
994 797 1250 864 scriptum
1298 793 1635 862 reperimus;
1692 790 1782 844 ubi
1828 797 1948 859 post

377 907 672 964 congruam
721 887 1041 943 sententiam
1091 883 1326 938 veridico
1372 895 1620 936 sermone
1668 887 1947 932 exaratum

375 980 836 1052 perspeximusn:
884 995 902 1026 ι
949 975 1249 1044 Cognoscat
1299 971 1464 1041 igitur
1511 968 1771 1022 industria
1818 974 1946 1029 tua,

379 1073 408 1112 ι’
433 1069 751 1127 charissime
780 1068 832 1120 in
856 1065 1070 1121 Christo
1094 1070 1411 1132 przeceptor,
1438 1059 1767 1128 propositam
1799 1055 1953 1111 nobis

378 1177 409 1215 a
438 1162 668 1231 quodam
702 1174 807 1212 non
839 1156 1059 1218 clerico,
1098 1153 1190 1208 sed
1222 1153 1357 1206 laico
1392 1151 1456 1205 de
1487 1147 1774 1218 Evangelio
1806 1161 1952 1215 qua:-

377 1255 632 1315 stinnem,
669 1250 753 1305 cui
786 1256 913 1302 tunc
945 1256 1120 1300 tamen
1150 1261 1180 1297 a
1209 1243 1363 1298 nobis
1393 1257 1560 1311 usque
1587 1239 1688 1313 [in]
1718 1251 1954 1310 prazsens

378 1351 463 1398 est
495 1343 655 1397 dilata
687 1338 1002 1408 responsio:
1044 1334 1160 1388 Non
1188 1335 1312 1402 quia
1346 1331 1500 1400 juxta
1536 1331 1678 1401 quod
1718 1331 1952 1384 interro-

381 1433 562 1504 gavit,
615 1427 940 1498 respondere
987 1441 1091 1480 non
1137 1423 1517 1485 valuissemus,
1553 1441 1570 1474 ι
1626 1428 1682 1474 et
1729 1419 1952 1488 reliqua.

381 1521 519 1577 Vere
559 1530 614 1574 et
656 1519 808 1573 valde
853 1526 1064 1588 gratum
1105 1515 1280 1569 habeo
1321 1512 1485 1566 laicos
1528 1511 1849 1580 quandoque
1891 1508 1957 1562 ad

381 1613 719 1685 evangelicas
745 1610 1039 1665 efﬂoruisse
1070 1606 1470 1677 inquisitiones,
1517 1604 1644 1658 dum
1673 1602 1957 1672 quemdam

381 1705 561 1760 audivi
595 1706 772 1757 virum
813 1701 1128 1771 prudentem
1161 1697 1448 1765 aliquando
1478 1695 1656 1749 dicere
1684 1708 1698 1746 :
1739 1692 1961 1748 clerico-

2046 518 2303 590 Abyssus,
2327 515 2660 570 immensitas
2687 526 2980 581 aquarum;
3022 510 3267 580 abyssus,
3290 508 3633 580 profunditas

2047 607 2480 679 Scripturarum;
2508 602 2775 676 [abyssus,
2799 599 3088 656 ineffabilia
3101 597 3306 667 judicia
3332 598 3424 653 Dei
3449 597 3628 663 (Psal.

2048 712 2210 762 xxxv,
2241 698 2294 760 7,
2324 705 2374 749 et
2401 695 2554 748 Rom.
2579 709 2654 758 xi,
2677 691 2827 764 33)];
2858 691 3106 761 abyssus,
3137 689 3438 759 sapientia;
3474 688 3633 760 abys-

2048 800 2160 849 sus,
2203 785 2367 838 corda
2409 782 2687 837 hominum
2735 779 3035 850 signiﬁcat;
3085 786 3142 831 et
3183 776 3355 830 multa
3400 777 3528 831 talia
3573 777 3631 832 in

2051 873 2343 944 Scripturis
2371 872 2572 927 sanctis
2602 870 2968 933 inveniuntur,
3013 883 3132 938 quze
3171 868 3468 923 secundum
3498 883 3633 937 qua-

2051 964 2228 1018 litates
2265 963 2501 1017 locorum
2539 961 2718 1014 varias
2747 960 2947 1014 habent
2990 958 3386 1028 intelligentias.
3441 956 3636 1012 Sermo

2053 1056 2262 1109 Domini
2289 1055 2536 1109 oculosus
2565 1061 2670 1118 est,
2699 1061 2752 1107 et
2779 1052 3013 1120 undique
3037 1050 3304 1120 perforari
3330 1059 3538 1120 potest,
3577 1060 3638 1106 et

2053 1146 2159 1200 alta
2205 1145 2542 1215 profunditas
2587 1142 2964 1212 mysteriorum
3013 1141 3127 1195 Dei.
3181 1141 3312 1207 Quis
3341 1141 3522 1195 omnia
3550 1155 3636 1195 se-

2053 1245 2201 1292 creta
2244 1236 2452 1290 illorum
2497 1235 2818 1304 investigare
2856 1232 3073 1302 potest?
3121 1232 3287 1302 Igitur
3325 1240 3382 1286 ct
3426 1231 3638 1301 gladius

2056 1325 2346 1381 multifarie
2373 1323 2678 1395 signiﬁcare
2707 1324 2938 1377 videtur.
2981 1322 3115 1377 Nam
3143 1331 3199 1376 et
3220 1332 3514 1377 venenatas
3543 1321 3637 1375 Ju-

2056 1416 2293 1471 dzeorum
2332 1414 2738 1469 maledictiones
2776 1413 2830 1467 in
2858 1412 3133 1468 Christum
3163 1411 3500 1485 [signiﬁcat],
3543 1413 3636 1467 ubi

2057 1507 2187 1562 dicit
2211 1525 2224 1560 :
2260 1505 2362 1572 Qui
2390 1514 2706 1560 exat-uerunt
2737 1514 2791 1558 ut
2816 1504 3049 1574 gladium
3079 1504 3286 1575 linguas
3313 1521 3436 1558 suas
3459 1503 3634 1576 (Psal.

2058 1617 2213 1667 LXIII,
2242 1600 2320 1668 4).
2353 1600 2530 1655 Etiam
2555 1608 2611 1654 et
2637 1608 2869 1654 mortem
2897 1598 3185 1669 signiﬁcat,
3216 1598 3306 1652 ubi
3332 1598 3498 1652 dicit:
3532 1596 3636 1662 Qui

2060 1691 2291 1746 liberasti
2313 1689 2484 1744 David
2509 1706 2713 1744 senium
2744 1700 2889 1744 tuam
2917 1690 2981 1743 de
3007 1689 3184 1760 gladio
3211 1689 3438 1759 maligno
3460 1688 3634 1759 (Psal.

382 1809 500 1849 rum
545 1806 665 1847 esse
705 1770 1049 1859 Evangelium
1082 1784 1312 1857 [discere
1341 1783 1533 1854 (Edit.,
1564 1779 1912 1852 discernere)]
1939 1821 1953 1846 ,
1993 1770 2034 1828 Β
2059 1798 2247 1846 chm,
2267 1779 2376 1852 l0).
2409 1779 2626 1835 Scilicet
2646 1788 2701 1834 et
2721 1779 3118 1834 tribulationem
3143 1779 3412 1850 passionis
3434 1777 3636 1834 Christi

380 1898 488 1938 non
518 1882 800 1936 laicorum.
851 1877 992 1944 Quid
1031 1877 1098 1930 ad
1141 1875 1297 1929 hmo?
1330 1873 1521 1928 Omnia
1548 1883 1747 1944 tempus
1771 1873 1961 1926 habent

382 1971 582 2046 (Eccle.
611 1987 694 2036 ιιι,
738 1971 812 2041 l),
861 1979 916 2023 et
957 1982 1098 2038 saepe
1127 1967 1393 2036 posterior
1439 1963 1591 2019 ali‘ert
1639 1965 1770 2018 hora
1819 1962 1964 2033 quod

380 2065 530 2137 prior
555 2080 660 2119 non
689 2070 920 2132 poterat.
963 2060 1163 2116 Tamen
1201 2063 1301 2116 iste
1334 2059 1518 2120 laicus,
1552 2057 1798 2127 quisquis
1828 2055 1959 2121 fuit,

383 2155 597 2224 sapiens
619 2161 702 2208 est
723 2153 905 2216 corde,
929 2151 1029 2206 etsi
1055 2151 1299 2205 manibus
1324 2148 1496 2210 miles,
1523 2146 1708 2216 quales
1730 2155 1963 2200 vestram

386 2241 835 2312 sapientissimam
867 2241 1245 2295 auctoritatem
1276 2239 1536 2309 plurimos
1561 2238 1760 2292 habere
1788 2236 1963 2308 [decet

387 2333 580 2405 (Edit.,
609 2330 834 2404 debet)].
873 2330 977 2386 Sed
1006 2331 1074 2385 ad
1102 2331 1503 2400 responsionem
1530 2328 1964 2400 interrogationis

386 2432 661 2479 vertamus
686 2423 906 2494 stylum,
937 2423 1002 2477 ad
1027 2420 1463 2477 satisfaciendum
1493 2419 1825 2490 inquisitoris
1850 2419 1966 2474 ani-

385 2531 496 2581 mn,
535 2516 580 2571 si
621 2523 800 2570 tamen
831 2523 1015 2569 nostra
1045 2513 1284 2584 parvitas
1313 2519 1422 2566 tam
1458 2511 1723 2582 praeclaro
1751 2509 1964 2582 ingenio

387 2606 703 2662 satisfacere
728 2605 889 2660 valet.

456 2699 639 2754 Nodus
663 2713 794 2753 vero
823 2697 1111 2768 propositae
1139 2691 1468 2766 quaestionis,
1498 2694 1662 2750 veluti
1692 2695 1744 2748 in
1772 2700 1966 2747 vestra:

385 2787 717 2843 excellentiae
765 2786 961 2842 litteris
1010 2787 1189 2841 inveni
1217 2827 1229 2850 ,
1293 2784 1598 2854 hujusmodi
1644 2783 1968 2840 constrictus

388 2879 508 2942 fuit,
538 2885 599 2932 ut
627 2877 816 2932 eadem
842 2891 1106 2946 ponamus
1130 2876 1292 2930 verba
1321 2891 1442 2945 qua:
1470 2875 1526 2929 in
1556 2874 1662 2930 illis
1687 2874 1924 2944 legebam
1951 2891 1962 2926 :

395 2988 414 3022 α
446 2970 543 3025 Est
582 2970 727 3025 enim
756 2968 906 3023 locus
932 2963 1206 3038 Evangelii
1247 2968 1538 3022 secundum
1583 2963 1783 3022 Lucam
1813 2965 1962 3038 (Cap.

386 3074 524 3124 χιιι,
545 3057 636 3123 56,
660 3059 751 3124 38,
773 3057 887 3127 50),
905 3057 994 3112 ubi
1025 3057 1281 3112 Dominus
1301 3057 1548 3112 Christus
1573 3057 1638 3111 ad
1661 3057 1967 3127 passiOnem

387 3157 672 3214 venturus,
721 3149 960 3203 tunicam
1002 3163 1067 3204 ac
1107 3162 1295 3220 peram
1323 3148 1584 3211 vendere,
1627 3145 1969 3218 gladiumque

390 3253 577 3294 emere
618 3238 909 3309 discipulos
946 3236 1128 3307 jussit.
1175 3237 1274 3294 Cui
1315 3252 1439 3293 cum
1467 3253 1787 3308 responsum
1829 3244 1973 3292 esset

387 3326 545 3383 binos
573 3327 646 3383 ibi
671 3342 796 3383 esse
824 3328 1048 3399 gladios,
1077 3328 1233 3392 dixit,
1264 3329 1396 3382 satis
1421 3343 1560 3383 esse.
1600 3328 1838 3394 Quorum
1865 3344 1972 3384 uno

388 3415 610 3474 Petrum
648 3419 701 3474 in
743 3418 1072 3474 abscissione
1109 3417 1359 3473 auricolze
1385 3408 1578 3472 Malchi
1620 3433 1775 3472 usum
1805 3417 1974 3472 fuisse

387 3517 680 3581 putamus:
722 3508 819 3564 Cui
861 3515 917 3564 et
958 3517 1085 3564 tunc
1123 3522 1154 3562 a
1194 3507 1420 3562 Domino
1447 3508 1645 3562 dictum
1674 3515 1796 3562 est:
1830 3507 1971 3562 Con-

391 3611 528 3656 verte
553 3599 788 3670 gladium
816 3611 963 3653 tuum
999 3599 1057 3652 in
1085 3600 1346 3669 vaginam.
1385 3596 1574 3652 Omnes
1605 3598 1743 3651 enim
1767 3598 1858 3668 qui
1885 3615 1974 3651 ac-

395 3690 620 3759 ceperint
664 3688 919 3759 gladium,
960 3687 1136 3758 gladio
1166 3689 1404 3757 peribunt
1434 3686 1648 3758 (Matth.
1681 3702 1829 3751 xxvi,
1857 3686 1970 3758 52).

395 3780 674 3847 Quomodo
703 3781 803 3834 sibi
830 3781 1081 3834 convenit
1101 3779 1252 3852 [Cod.
1279 3779 1418 3846 Sal.,
1442 3779 1770 3851 cauveniat],
1799 3789 1858 3834 ut
1883 3783 1972 3851 qui

396 3880 522 3925 tunc
546 3871 778 3926 vendere
809 3873 1074 3936 tunicam,
1117 3887 1296 3927 emere
1337 3868 1571 3942 gladium
1608 3872 1880 3940 iusserat,
1928 3874 1973 3927 is

395 3961 576 4015 statim
607 3961 931 4031 accipientes
961 3962 1196 4032 gladium
1223 3961 1399 4033 gladio
1425 3963 1628 4017 diceret
1665 3975 1786 4018 esse
1829 3964 1973 4034 peri-

397 4053 593 4107 turos?
631 4052 693 4108 Si
719 4052 927 4123 gladius
954 4064 1027 4108 est
1055 4055 1261 4109 uerbum
1291 4055 1385 4108 Dei
1418 4055 1631 4126 (Ephes.
1662 4072 1737 4120 vI,
1765 4056 1875 4128 l7),
1922 4065 1976 4110 et

398 4143 652 4198 Dominus
703 4144 857 4213 181
907 4145 1122 4213 quando
1168 4145 1403 4214 gladium
1449 4159 1632 4200 cinere
1679 4147 1972 4217 prtecepit,

394 4233 615 4288 verbum
639 4233 734 4287 Dei
756 4232 1110 4304 signiﬁcavit;
1144 4235 1413 4304 quomodo
1435 4235 1702 4304 congruit,
1720 4245 1780 4290 ut
1800 4239 1975 4293 omnis

395 4325 485 4394 qui
531 4323 762 4394 accipiat
788 4323 1012 4378 verbum
1053 4322 1171 4389 Dei,
1202 4323 1368 4378 verbo
1409 4324 1502 4378 Dei
1532 4326 1760 4394 pereat?
1792 4345 1809 4376 ι
1867 4325 1974 4381 Sed

2061 1869 2346 1942 signiﬁcat,
2375 1869 2463 1924 ubi
2485 1869 2645 1923 dicit:
2668 1868 2736 1922 Et
2765 1878 2910 1922 tuam
2935 1869 3100 1938 ipsius
3123 1869 3352 1922 animam
3370 1875 3640 1937 pertrans-

2060 1963 2152 2016 ibit
2177 1961 2384 2033 gladius
2411 1961 2561 2033 (Luc.
2594 1977 2658 2025 ιι,
2683 1961 2808 2033 55);
2839 1959 2890 2016 id
2925 1969 3037 2026 est,
3069 1960 3345 2015 tribulatio
3368 1959 3643 2030 passionis

2062 2055 2204 2110 illius
2248 2063 2395 2109 tuam
2443 2053 2714 2124 torquebit
2757 2053 3012 2107 animum.
3064 2052 3387 2107 Divisionetn
3422 2065 3641 2121 quoque

2061 2147 2360 2220 signiﬁcat,
2405 2148 2497 2202 ubi
2542 2147 2706 2202 dicit:
2742 2146 2864 2201 Non
2911 2148 3025 2201 veni
3071 2147 3272 2199 mittere
3299 2160 3499 2216 pacem,
3545 2143 3639 2197 sed

2060 2238 2293 2308 gladium
2320 2237 2531 2309 (Matth.
2563 2253 2616 2302 x,
2647 2236 2770 2308 34);
2829 2237 2882 2291 id
2927 2244 3050 2302 est,
3096 2250 3350 2306 separare
3393 2235 3564 2290 bonos
3607 2249 3639 2288 a

2062 2327 2239 2383 malis.
2291 2327 2397 2383 Sed
2425 2326 2522 2400 [et]
2549 2328 2786 2384 vindicta
2832 2327 2995 2400 gladii
3043 2329 3257 2383 nomine
3305 2326 3639 2397 intelligitur,

2062 2419 2154 2474 ubi
2178 2419 2408 2491 legitur:
2439 2419 2559 2475 Non
2581 2421 2717 2474 enim
2741 2419 2939 2489 [rustra
2963 2420 3195 2490 gladium
3221 2428 3424 2489 portat;
3457 2419 3645 2473 vindex

2063 2520 2138 2565 est
2164 2511 2302 2565 enim
2338 2511 2395 2564 in
2431 2527 2517 2565 eos
2550 2511 2639 2582 qui
2667 2521 2950 2581 operantur
2977 2510 3173 2564 malum
3203 2509 3380 2582 (Rom.
3409 2525 3529 2573 xm,
3559 2509 3641 2580 4).

2063 2603 2332 2660 Judicium
2361 2619 2574 2676 quoque
2601 2605 2697 2659 Dei
2725 2603 2886 2675 gladii
2916 2604 3132 2658 nomine
3167 2602 3363 2674 legitur
3387 2602 3640 2673 designa-

2067 2708 2180 2754 tum
2225 2711 2239 2749 :
2291 2695 2588 2750 Inebriatus
2638 2705 2713 2750 est
2759 2697 2814 2750 in
2863 2694 2988 2750 calo
3034 2694 3241 2766 gladius
3286 2710 3428 2747 meus
3481 2692 3639 2766 (lsai.

2067 2801 2252 2853 xxxiv,
2283 2787 2362 2858 5).
2412 2788 2544 2842 Item
2573 2787 2734 2856 quia,
2782 2786 3056 2841 Exacuam
3100 2795 3156 2840 ut
3202 2786 3382 2857 fulgur
3406 2785 3642 2856 gladium

2067 2895 2259 2942 meum,
2288 2888 2335 2932 et
2360 2888 2476 2948 aget
2491 2877 2753 2948 judicium
2779 2893 2964 2930 manus
2992 2893 3106 2930 mea
3134 2875 3313 2946 (Deut.
3335 2888 3504 2940 xxxu,
3525 2875 3642 2945 4i).

2069 2970 2138 3024 Et
2158 2968 2313 3039 juxta
2337 2968 2670 3039 Apostolum,
2698 2968 2921 3022 verbum
2948 2967 3041 3022 Dei
3076 2966 3387 3038 intelligitur
3413 2966 3644 3037 gladius.

2142 3060 2248 3116 Sed
2275 3059 2499 3116 forsitan
2528 3059 2614 3115 ille
2639 3057 2828 3122 laicus,
2851 3059 2942 3129 qui
2967 3058 3021 3112 in
3046 3072 3153 3112 uno
3175 3057 3385 3113 solebat
3401 3071 3653 3128 pugnare

2071 3151 2267 3224 gladio,
2297 3167 2462 3206 unam
2494 3166 2617 3206 eum
2644 3150 2870 3220 putabat
2897 3150 3096 3205 habere
3124 3150 3648 3221 interpretationem,

2071 3256 2178 3296 non
2215 3242 2567 3297 considerans
2605 3240 2754 3294 illum
2797 3241 3006 3311 ipsum,
3055 3256 3217 3310 quem
3264 3255 3424 3296 manu
3461 3248 3648 3306 tenet,

2073 3332 2362 3403 ancipitem
2385 3345 2543 3386 esse:
2585 3331 2638 3384 in
2668 3344 2773 3399 quo
2801 3340 2851 3384 et
2884 3330 3103 3384 inimico
3129 3330 3292 3385 vitam
3323 3327 3535 3384 auferre
3561 3327 3652 3384 nia-

2073 3424 2223 3487 titur,
2274 3430 2332 3476 et
2378 3437 2532 3477 suam
2581 3420 2870 3477 defendere
2916 3420 3132 3491 gaudet.
3185 3420 3308 3476 ideo
3352 3421 3646 3476 secundum

2073 3511 2232 3566 aliam
2280 3511 2728 3582 signiﬁcationem
2773 3510 2827 3565 in
2875 3509 3123 3565 Matthmo
3168 3509 3426 3565 Dominus
3471 3509 3650 3565 dixit:

2075 3602 2264 3658 Omnes
2283 3604 2371 3673 qui
2392 3602 2680 3673 acceperint
2703 3602 2957 3672 gladium,
2980 3601 3153 3672 gladio
3172 3601 3412 3672 peribunt
3426 3599 3645 3670 (Matth.

2071 3710 2221 3757 xxvr,
2246 3693 2359 3766 52).
2412 3692 2574 3748 Juxta
2619 3692 2778 3746 aliam
2805 3708 2934 3748 vero
2963 3693 3015 3747 in
3042 3692 3183 3746 Luca
3207 3708 3220 3745 :
3256 3689 3362 3746 Sed
3390 3707 3529 3744 nunc
3555 3691 3652 3761 qui

2071 3787 2222 3840 habet
2249 3785 2538 3850 sacculum,
2568 3784 2718 3839 tollat
2752 3784 2993 3839 similiter
3016 3793 3063 3838 et
3089 3799 3286 3854 peram.
3325 3781 3394 3837 Et
3422 3783 3511 3853 qui
3542 3796 3656 3836 non

2071 3877 2254 3940 habet,
2301 3875 2485 3930 vendat
2516 3877 2747 3929 tunicam
2786 3892 2935 3928 suam
2979 3887 3025 3929 ct
3066 3886 3201 3928 emat
3231 3871 3463 3944 gladium
3495 3869 3645 3944 (Luc.

2073 3984 2206 4031 xxu,
2233 3969 2345 4034 '56).
2395 3961 2500 4022 Iste
2528 3981 2658 4021 vero
2693 3957 2902 4038 gladius
2931 3963 3144 4020 videtur
3169 3964 3219 4020 ei
3248 3962 3533 4035 placuisse,
3561 3961 3651 4016 ille

2073 4059 2253 4129 itaque
2290 4057 2644 4128 dispiicuisSe.
2694 4057 2819 4112 lrieo
2850 4054 2996 4112 illum
3024 4057 3265 4113 converti
3295 4047 3351 4110 in
3376 4048 3647 4127 vaginam,

2071 4149 2232 4203 istum
2259 4148 2367 4202 emi
2393 4147 2668 4218 praecepit.
2721 4147 2929 4203 idcirco
2959 4146 3263 4218 diligentius
3302 4138 3651 4200 consideran-

2072 4240 2198 4294 dum
2227 4247 2311 4293 est
2338 4238 2465 4307 quid
2494 4247 2719 4307 uterque
2747 4237 3044 4309 signiﬁcet:
3089 4246 3144 4293 et
3170 4235 3308 4292 sacri
3337 4242 3648 4290 sanctorum

2071 4330 2290 4384 Patrum
2318 4328 2622 4400 proferendi
2653 4337 2778 4384 sunt
2805 4343 3016 4394 sensus,
3046 4343 3113 4382 ne
3141 4327 3269 4398 quid
3295 4334 3477 4382 nostra
3501 4323 3650 4398 [par-

395 4413 570 4468 facilis
593 4421 679 4468 est
705 4412 922 4480 solutio,
965 4414 1013 4469 si
1055 4413 1386 4484 singulorum
1412 4415 1786 4470 consideratur
1812 4430 1974 4470 evan-
2001 4455 2051 4514 υ
2073 4420 2213 4474 vitas
2238 4417 2370 4490 (AL,
2407 4417 2693 4492 pravitas)]
2723 4427 3146 4488 prmsumptuose
3172 4417 3351 4472 dicere
3377 4414 3652 4470 videatur.

394 4503 705 4575 gelistarum
734 4503 860 4558 huic
884 4503 1004 4560 loco
1029 4505 1457 4572 circumstantia,
1485 4513 1541 4559 et
1565 4505 1792 4562 diversae
1817 4507 1972 4561 intel—

393 4592 629 4665 ligantur
656 4594 816 4665 glaiii
858 4597 1296 4667 signiﬁcationes.
1348 4597 1464 4653 Non
1507 4599 1650 4654 enim
1697 4600 1976 4669 aequaliter

394 4684 594 4755 ubique
637 4685 845 4756 gladius
886 4688 1172 4758 signiﬁcat.
1224 4689 1450 4762 [ltaque,
1493 4692 1632 4748 sicut
1671 4693 1780 4748 Leo
1818 4693 1976 4748 aliter

396 4774 709 4848 signiﬁcat,]
754 4777 842 4832 ubi
886 4779 1118 4833 dicitur:
1161 4779 1295 4834 Ecce
1323 4782 1442 4835 vicit
1468 4782 1548 4834 leo
1574 4783 1638 4836 de
1666 4784 1803 4837 tribu
1829 4783 1973 4836 .lada

396 4865 581 4937 (Apoc.
610 4884 664 4933 v,
704 4867 794 4938 5);
845 4869 1005 4924 aliter
1045 4870 1135 4924 ubi
1182 4871 1414 4926 dicitur:
1454 4871 1651 4925 Circuit
1683 4875 1832 4942 quasi
1869 4873 1971 4938 leo,

395 4971 633 5026 quarens
658 4973 808 5026 quem
839 4957 1044 5012 devoret
1071 4957 1126 5027 (1
1149 4957 1292 5013 Petr.
1316 4975 1372 5024 v,
1393 4961 1470 5029 8).
1502 4959 1592 5015 ille
1618 4960 1704 5014 leo
1727 4961 1974 5017 Christus

394 5053 505 5109 est;
535 5045 657 5112 iste,
685 5045 931 5100 diabolus
957 5063 970 5100 :
1002 5048 1104 5102 etsi
1132 5049 1334 5104 eisdem
1360 5049 1632 5104 scribatur
1652 5051 1848 5109 litteris
1868 5051 1970 5118 leo,

395 5150 502 5190 non
547 5145 728 5191 tamen
770 5137 973 5193 eisdem
1012 5141 1260 5211 congruit
1295 5141 1792 5212 signiﬁcationibus.
1838 5145 1973 5201 Nam

395 5235 452 5280 et
493 5229 723 5299 abyssus
765 5229 820 5284 in
861 5227 1157 5300 Scripturis
1201 5233 1405 5287 sanctis
1448 5233 1771 5289 multifarias
1813 5236 1977 5291 habet

471 5381 612 5458 {llic
637 5381 757 5458 linis
785 5393 869 5439 est
887 5386 1128 5458 epistolae
1159 5388 1299 5458 apud
1321 5387 1615 5444 Canisium.

469 5451 498 5489 δ
525 5450 1150 5530 Oliarissimein'CItristo
1175 5450 1478 5530 preceptor.
1527 5460 1606 5514 Ex
1651 5461 1756 5525 bis,
1807 5461 1977 5530 ipsius

401 5517 576 5604 Caroli
609 5523 737 5604 imp.
793 5517 1550 5604 confessione,iconﬁimatur
1592 5517 1998 5604 testiinonium-

402 5587 715 5668 Eginhardi,
746 5596 1016 5668 narrantis
1041 5587 1291 5652 Carolum
1321 5600 1373 5654 in
1423 5600 1636 5654 ueteris
1674 5598 1973 5668 disciplinis

403 5659 782 5739 (pr.eterquam
841 5665 896 5739 in
955 5668 1332 5739 grammatica)
1387 5669 1673 5724 Alcuinum
1720 5659 1974 5722 habuisse

401 5737 808 5800 praeceptorem.
833 5733 948 5798 Qno
967 5733 1128 5788 etiam
1151 5733 1332 5806 specta
1355 5748 1594 5793 ‘lYOl‘S‘dQ
1616 5739 1967 5808 epigramma-

2072 4509 2163 4562 llle
2190 4523 2318 4563 vero
2347 4509 2554 4578 gladius
2593 4508 2886 4563 secundum
2917 4507 3224 4562 Matthamm
3249 4505 3534 4562 vindictam
3565 4501 3654 4560 in-

2065 4601 2333 4668 juriarum
2361 4611 2670 4657 nostrarum
2701 4602 3012 4674 intelligitur
3037 4596 3338 4673 designare,
3367 4615 3526 4672 quam
3555 4603 3656 4671 qui

2072 4694 2403 4762 exsequitur,
2447 4694 2500 4747 in
2544 4693 2656 4749 suis
2693 4693 2966 4764 periturus
3013 4695 3121 4748 erit
3163 4693 3486 4758 sceleribus,
3533 4693 3653 4764 ipsa

2072 4780 2282 4835 dicente
2307 4779 2584 4834 Veritate:
2628 4782 2672 4834 si
2713 4797 2816 4834 non
2864 4777 3166 4836 remiseritis
3199 4781 3497 4836 hominibus
3529 4797 3654 4850 pec-

2071 4883 2190 4926 cata
2211 4889 2327 4936 sua,
2353 4889 2444 4926 nec
2469 4871 2628 4926 Pater
2646 4881 2809 4927 vester
2827 4871 3041 4926 cmlcstis
3061 4870 3280 4926 dimittet
3303 4872 3441 4926 vobis
3462 4871 3658 4926 delicta

2071 4970 2240 5014 vestra
2271 4959 2464 5031 (Marc.
2492 4975 2569 5023 χι,
2597 4959 2708 5030 26).
2760 4958 3100 5030 Quapropter
3136 4968 3192 5015 et
3227 4959 3372 5016 hunc
3409 4959 3661 5015 converti

2073 5053 2128 5106 in
2145 5051 2395 5121 vaginam
2419 5051 2600 5105 cordis
2625 5049 2886 5120 praecipit,
2917 5058 2977 5104 ut
3002 5049 3095 5114 ibi,
3112 5048 3264 5117 juxta
3287 5045 3658 5121 evangelicam

2073 5145 2301 5199 duorum
2349 5157 2627 5198 servorum
2677 5141 2990 5213 parabolam
3039 5139 3190 5214 (Luc.
3238 5158 3334 5208 vn,
3382 5141 3444 5197 ll
3497 5141 3656 5213 ιαμ),

2072 5235 2440 5304 unusquisque
2465 5234 2707 5289 remittat
2723 5232 2878 5289 fratri
2905 5247 3004 5290 suo
3029 5234 3095 5289 de
3115 5234 3276 5291 corde
3301 5248 3419 5290 suo.
3451 5233 3522 5290 Et
3539 5235 3659 5290 hac

2076 5365 2144 5435 tis
2171 5363 2276 5435 260
2303 5361 2460 5435 (alias
2489 5362 2611 5435 l99)
2639 5362 2850 5419 Alcuini
2891 5364 2956 5419 ad
3003 5362 3204 5419 fratres
3255 5364 3656 5427 Eboracenses,

2076 5434 2163 5488 ubi
2186 5433 2261 5488 ita
2284 5433 2434 5486 canit
2465 5449 2477 5485 :

2197 5564 2330 5632 Iulia
2357 5578 2567 5628 namque
2593 5567 2787 5629 placent
2809 5577 2974 5619 vestro
2997 5571 3112 5631 quia
3133 5583 3336 5621 munera
3359 5571 3514 5632 Patri,

2201 5626 2294 5684 Qui
2320 5639 2447 5676 nunc
2468 5626 2703 5688 egregias
2727 5631 2976 5688 regalibus
3001 5626 3192 5682 insonat
3214 5638 3344 5681 artes

2199 5689 2425 5747 Auribus,
2446 5697 2494 5740 et
2518 5690 2627 5742 Patr
2665 5705 2710 5741 In
2737 5695 2862 5744 ducit
2891 5698 2983 5755 per
3007 5701 3142 5756 prata
3165 5701 3483 5755 sequentem,
3504 5700 3606 5744 etc.
