4012 6188
299 329 394 382 4‘25

1765 315 2142 374 EPISTOLJI.

3460 304 3566 361 496

299 445 374 495 est
399 441 710 490 nostrorum
740 431 1065 501 indulgentia
1093 430 1433 494 delicuit-um,
1467 436 1526 482 ut
1554 429 1606 482 in
1634 442 1733 483 nos
1754 442 1882 498 pec-
1911 433 1957 490 Α
1984 433 2088 490 est,
2111 438 2207 478 cur
2232 421 2528 477 auriculam
2555 421 2784 477 abscidit
2810 421 3165 487 adversantis,
3192 419 3319 474 dum
3346 419 3569 474 verbum

301 525 538 584 cantibus
578 523 938 587 dimittamus,
981 522 1096 592 ipsa
1135 529 1428 576 attestante
1458 520 1736 575 Veritate:
1779 519 1878 572 Di-

301 615 477 670 mittite
503 621 554 666 et
581 612 876 666 dimittetur
900 610 1040 664 vobis
1067 608 1220 681 (an.
1245 625 1323 674 vr,
1354 607 1467 679 57).

366 708 470 766 Sed
497 707 780 763 videamus
817 705 947 775 quid
988 703 1074 758 ille
1119 702 1418 758 secundum
1448 701 1608 754 Lucae
1635 700 1881 770 Evange-

299 802 418 860 lium
445 799 658 872 gladius
686 796 996 868 signiﬁcare
1024 796 1216 866 possit,
1241 795 1307 848 de
1336 808 1444 864 quo
1472 792 1636 847 totius
1660 791 1885 862 inquisi-

303 893 454 948 tionis
481 889 761 946 oriebatur
779 889 971 943 series.
1008 886 1101 942 llle
1124 896 1209 942 est
1231 885 1489 941 nimirum
1513 882 1734 937 verbum
1764 882 1881 942 Dei,

304 997 457 1053 quem
483 979 716 1036 venditis
743 977 994 1032 omnibus
1035 975 1310 1031 smeularis
1338 974 1462 1028 vita:
1490 971 1887 1041 impedimentis

302 1072 444 1130 nobis
477 1085 662 1126 emere
689 1083 913 1124 necesse
941 1074 1056 1132 est,
1097 1075 1154 1121 et
1193 1064 1422 1120 viriliter
1448 1063 1500 1117 in
1531 1076 1596 1116 eo
1647 1074 1886 1130 pugnare

300 1172 485 1220 contra
511 1176 702 1218 omnes
730 1160 935 1228 antiqui
974 1158 1243 1228 serpentis
1271 1155 1514 1211 insidias.
1563 1152 1738 1219 Quem
1775 1151 1888 1224 gla-

302 1252 443 1326 dium
470 1250 722 1306 Salvator
748 1257 934 1303 noster
956 1263 1080 1302 cum
1112 1246 1385 1315 triumpho
1409 1243 1592 1315 gloria:
1613 1242 1682 1296 ad
1705 1250 1889 1310 pater—

306 1361 424 1402 nam
469 1343 684 1400 rediens
721 1343 906 1397 sedem
931 1381 946 1406 ,
995 1339 1270 1409 discipulis
1313 1338 1426 1392 suis
1467 1335 1616 1391 dedit
1659 1335 1882 1389 dicens:

305 1437 410 1503 Ite,
461 1437 640 1490 docete
686 1451 864 1488 omnes
912 1441 1088 1503 gentes
1137 1429 1353 1502 (Matth.
1384 1443 1576 1490 sxvm,
1610 1426 1720 1496 19).
1771 1426 1887 1481 Νοιι

302 1529 460 1601 igitur
499 1527 567 1582 ad
611 1525 772 1594 hujus
817 1524 979 1596 gladii
1027 1524 1215 1585 ictum,
1264 1519 1404 1574 sicut
1445 1515 1890 1570 extraordinaria:

304 1618 460 1689 hujus
506 1616 797 1686 inquisitor
837 1612 1150 1688 quaestionis
1195 1609 1580 1670 arbitrabatur,
1631 1605 1891 1662 Dominus

304 1709 613 1783 respondit:
644 1708 895 1764 Converte
922 1705 1158 1777 gladium
1199 1705 1255 1757 in
1287 1703 1530 1774 vaginam
1573 1719 1748 1767 suam,
1795 1699 1890 1758 sed

1983 516 2077 570 Dei
2121 532 2188 570 ex
2236 516 2423 570 auditu
2461 517 2526 571 ad
2570 523 2780 570 secreta
2820 515 3000 570 cordis
3044 512 3240 568 cubilia
3287 504 3572 583 pervenire

1984 609 2159 673 solet;
2206 617 2266 662 ut
2305 607 2378 661 ibi
2420 607 2545 662 ﬁdei
2581 606 2816 661 fructum
2845 606 3164 670 centesimo,
3211 603 3572 676 sexagesimo.

1985 697 2068 752 vel
2099 698 2371 752 tricesimo
2400 695 2540 751 ferat
2564 696 2758 752 effectu
2789 695 3002 769 (Matth.
3020 713 3141 760 xm,
3160 697 3251 767 8)?
3280 695 3420 762 Quid
3446 695 3575 759 ista,

1985 789 2252 854 obsecro,
2301 788 2571 859 signiﬁcat
2619 789 2918 853 abscissio,
2972 789 3073 843 nisi
3117 797 3178 842 ut
3224 787 3579 860 [inﬁdelitatis

1989 883 2183 954 (Edit.,
2215 883 2578 955 infmditatisﬂ
2611 883 2855 937 auricula
2886 883 3256 947 abscindatur,
3301 891 3359 934 ut
3386 881 3578 937 divina:

1989 987 2132 1033 tactu
2165 979 2351 1049 gratia:
2379 994 2518 1033 nova
2544 987 2784 1042 sanetur,
2817 987 2872 1032 et
2896 978 3094 1032 veteris
3124 978 3357 1032 hominis
3387 992 3580 1046 exspo-

1987 1070 2136 1124 liatio
2163 1070 2216 1124 in
2246 1085 2396 1124 novae
2419 1068 2823 1125 reformationis
2850 1077 3091 1123 transeat
3116 1069 3384 1139 gloriam?
3427 1068 3584 1124 Unde

1987 1169 2043 1216 et
2067 1161 2168 1215 iste
2191 1175 2380 1215 servus
2395 1159 2644 1228 Malchus
2667 1159 2966 1215 dicebatur.
2996 1157 3236 1213 Malchus
3260 1159 3312 1211 in
3335 1157 3582 1213 Latinam

1989 1255 2227 1324 linguam
2255 1254 2488 1308 vertitur
2526 1267 2619 1306 rex
2659 1253 2741 1306 vel
2773 1260 3116 1323 regnaturus.
3167 1250 3446 1317 Quomodo
3489 1267 3580 1306 rex

1989 1351 2046 1398 et
2074 1357 2286 1407 servus,
2331 1343 2436 1397 nisi
2475 1343 2602 1412 quia
2644 1343 2699 1397 in
2727 1351 2910 1396 vetere
2949 1343 3166 1397 homine
3208 1343 3346 1396 servi
3389 1341 3589 1397 fuimus

1989 1435 2230 1506 peccati;
2284 1435 2338 1488 in
2388 1449 2527 1490 novo
2556 1435 2738 1504 itaque
2767 1434 2981 1488 Domini
3012 1433 3106 1487 Dei
3154 1432 3356 1504 [sanati
3385 1430 3584 1504 (Edit.,

1991 1523 2213 1596 sancti)]
2243 1525 2417 1594 gratia
2437 1565 2451 1588 ,
2484 1539 2640 1594 reges
2669 1532 2723 1578 et
2752 1523 3028 1594 reguaturi
3056 1524 3260 1578 erimus
3286 1539 3410 1580 cum
3432 1521 3590 1578 Chri-

1991 1619 2118 1672 sto?
2149 1617 2289 1684 Quid
2313 1619 2563 1688 estquod
2586 1619 2700 1686 ipse
2721 1618 2982 1672 Dominus
3005 1625 3408 1687 persecutorem
3430 1632 3590 1672 suum

1993 1711 2248 1776 sanavit,
2299 1713 2402 1766 nisi
2456 1713 2599 1780 quod
2648 1714 2825 1767 omnis
2871 1714 3196 1783 praedicator
3242 1714 3294 1768 in
3346 1713 3591 1769 Ecclesia

303 1807 370 1866 ad
416 1806 560 1863 illius
603 1805 697 1874 qui
742 1804 798 1858 in
847 1801 1099 1857 Matthteo
1125 1799 1339 1871 legitur.
1391 1798 1473 1853 Ad
1500 1800 1657 1854 istius
1685 1798 1892 1871 [itaque
1925 1813 1966 1872 Β
1994 1801 2196 1857 Christi
2227 1818 2329 1858 nec
2359 1818 2488 1857 suos
2517 1803 2681 1858 verbo
2724 1805 2943 1873 pietatis
2982 1820 3180 1858 sanare
3220 1804 3473 1859 inimicos
3499 1805 3594 1858 de.

306 1899 434 1972 (AL,
457 1894 668 1968 atque)]
688 1895 850 1950 dixit:
877 1892 1046 1948 Sinite
1067 1907 1230 1962 usque
1245 1892 1346 1945 huc
1366 1889 1520 1962 (Cod.
1536 1890 1673 1955 Sal.,
1687 1887 1890 1961 adhuc]

307 1987 453 2060 (Luc.
478 2002 640 2051 xxui,
669 1984 778 2055 51).
835 1983 1112 2050 Quatenus
1150 1989 1378 2050 uterque
1422 1995 1578 2036 suam
1621 1981 1896 2051 propriam

305 2079 504 2136 habere
530 2077 795 2148 potuisset
830 2073 1302 2144 signiﬁcationem.
1349 2072 1489 2127 Nam
1524 2071 1808 2141 aliquoties
1843 2071 1898 2124 in

307 2186 410 2226 uno
450 2169 594 2224 facto
633 2167 862 2222 aliorum
897 2166 1056 2236 182
1101 2164 1248 2220 salus
1290 2172 1345 2219 et
1391 2164 1620 2218 aliorum
1666 2162 1900 2233 perditio

309 2259 604 2335 [provenit;
637 2257 746 2322 AL,
767 2254 1058 2328 pervenit].
1102 2255 1176 2310 Ut
1203 2255 1256 2310 in
1287 2263 1400 2310 tota
1421 2254 1621 2310 Christi
1649 2254 1901 2324 passione

308 2349 614 2408 Iudaeorum
643 2357 728 2403 est
755 2345 1007 2418 perditio,
1055 2353 1242 2400 nostra
1286 2352 1468 2398 autem
1501 2343 1693 2398 salus:
1735 2343 1809 2397 ita
1848 2349 1906 2396 et

311 2440 506 2496 factum
536 2437 848 2510 apostolicae
875 2437 1115 2493 audaciae
1146 2437 1299 2507 juxta
1332 2435 1602 2506 allegoriae
1631 2433 1901 2490 subtilita-

311 2540 414 2586 tem
435 2529 721 2601 dupliciter
740 2543 806 2584 ex
831 2528 1001 2599 ipsius
1022 2527 1233 2582 Domini
1254 2527 1436 2582 verbis
1463 2525 1684 2596 intelligi
1705 2532 1900 2597 potest.

312 2623 630 2691 Quaamtque
658 2619 770 2684 ille,
810 2619 1058 2688 quisquis
1085 2626 1189 2685 est,
1227 2634 1326 2672 cur
1352 2619 1406 2672 in
1436 2617 1542 2672 alio
1569 2616 1904 2687 evangelista

313 2716 568 2770 Dominus
595 2710 918 2784 praeciperet
941 2711 1148 2781 virgam
1176 2710 1523 2779 portandum,
1553 2710 1605 2762 in
1635 2708 1742 2763 alio
1770 2723 1906 2778 pra:-

303 2807 514 2878 -ciperet
555 2819 662 2859 non
705 2803 1070 2873 portandam:
1121 2807 1177 2854 et
1222 2808 1351 2854 tunc
1396 2799 1697 2868 intelligat,
1745 2797 1907 2868 gladii

317 2895 558 2950 diversas
586 2909 708 2949 esse
734 2891 1177 2963 signiﬁcationes.

386 2985 492 3042 Sed
519 2983 972 3041 considerandum
1001 2989 1115 3047 est,
1146 2988 1444 3037 secundum
1465 2991 1660 3035 vestrae
1689 2978 1905 3049 sapien-

318 3080 403 3138 tiae
443 3077 755 3135 venerabile
799 3085 1161 3146 praeceptum,
1204 3093 1222 3126 ι
1263 3075 1394 3144 quid
1436 3072 1706 3144 signiﬁcet
1745 3069 1910 3139 hujus

1998 1896 2194 1950 sistat?
2224 1895 2375 1950 Unde
2396 1903 2451 1949 et
2469 1896 2583 1965 ipse
2602 1895 2862 1950 Dominus
2898 1904 3140 1966 tempore
3163 1895 3435 1966 passionis
3461 1910 3592 1959 suae,

1998 2001 2166 2057 opera
2195 1987 2359 2040 etiam
2391 1986 2445 2040 in
2476 2001 2601 2041 suos
2627 1994 3006 2056 persecutores
3047 2003 3153 2040 non
3183 1987 3425 2042 deseruit
3450 1987 3596 2042 sani—

2003 2076 2149 2130 tatis.
2186 2075 2265 2129 Ac
2293 2075 2416 2129 ideo
2445 2074 2670 2130 forsitan
2700 2077 2997 2146 permissus
3027 2084 3112 2130 est
3141 2074 3382 2130 Malchus
3410 2074 3598 2129 vulne-

2003 2165 2134 2228 rari,
2164 2171 2225 2218 ut
2247 2163 2396 2218 Petri
2415 2165 2796 2219 ostenderetur
2819 2165 3130 2218 constantia
3155 2173 3212 2219 et
3234 2163 3448 2218 Domini
3483 2163 3596 2217 cla-

2004 2263 2241 2311 resceret
2255 2255 2451 2325 pietas,
2467 2262 2522 2310 et
2543 2255 2697 2310 nobis
2717 2255 2785 2309 ad
2806 2269 2997 2310 omnes
3018 2254 3145 2309 boni
3174 2255 3356 2325 aperis
3376 2254 3599 2309 daretur

2003 2348 2341 2418 exemplum,
2385 2356 2660 2418 quatenus
2697 2347 2887 2402 salutis
2915 2356 3130 2402 aeterna:
3175 2347 3595 2418 [medicamenta

2007 2438 2205 2509 (Edit.,
2227 2439 2471 2512 munus)]
2501 2440 2664 2494 etiam
2692 2439 2930 2494 inimicis
2959 2448 3344 2510 przestaremus
3371 2441 3596 2494 nostris.

2076 2529 2184 2584 Cur
2221 2530 2326 2583 duo
2363 2529 2524 2599 gladii
2567 2529 2622 2582 in
2663 2529 2941 2583 Dominica
2975 2527 3372 2598 [tantummodo
3402 2528 3600 2600 (Edit.,

2006 2619 2393 2692 postmodum)]
2425 2620 2676 2689 passione
2706 2619 2907 2673 inventi
2938 2627 3082 2682 sunt,
3107 2626 3161 2671 et
3182 2619 3234 2672 iu
3259 2635 3367 2673 uno
3393 2631 3602 2690 aposto-

2007 2711 2112 2766 lica
2141 2712 2399 2782 pugnavit
2427 2710 2656 2775 ﬁducia;
2704 2709 2868 2764 alium
2899 2709 3107 2780 vagina:
3145 2719 3453 2781 exemptum
3494 2728 3602 2768 non

2006 2805 2275 2876 legimus?
2322 2806 2556 2860 diximus
2599 2804 2735 2860 duos
2781 2802 2988 2874 gladios
3017 2818 3216 2873 corpus
3263 2811 3319 2858 et
3362 2805 3602 2860 auiuzam

2009 2893 2316 2964 signiﬁcare
2342 2912 2354 2946 :
2402 2909 2523 2963 quae
2567 2893 2726 2948 ambo
2753 2908 2853 2963 per
2880 2907 3046 2947 unam
3077 2892 3236 2947 ﬁdem
3264 2894 3479 2964 operari
3511 2894 3604 2950 de-

2009 2982 2158 3048 heut,
2199 2992 2257 3038 ut
2291 2983 2448 3049 ﬁdes,
2475 2999 2594 3052 qum
2624 2985 2676 3039 in
2710 2984 2890 3038 anima
2920 2983 3071 3048 latet,
3105 2983 3252 3037 foras
3282 2999 3379 3054 per
3405 2999 3605 3056 corpus

2011 3075 2332 3130 ostendatur
2360 3076 2413 3130 in
2443 3089 2625 3144 opere.
2676 3074 2760 3130 Ex
2790 3074 3116 3129 abundantia
3145 3073 3320 3128 cordis
3346 3091 3404 3129 os
3430 3073 3604 3146 loqui-

320 3175 573 3250 [emptio;
605 3172 798 3245 (Edit.,
826 3169 1144 3241 exemptio)]
1192 3169 1373 3239 gladii,
1417 3169 1546 3238 quid
1593 3165 1908 3229 sacculum,
1939 3167 1985 3232 C
2016 3177 2103 3220 tur
2128 3161 2340 3238 (Matth.
2369 3183 2468 3230 xu,
2497 3166 2609 3238 54).
2664 3166 2818 3222 Unde
2863 3174 2919 3220 et
2964 3165 3212 3235 discipuli
3251 3165 3390 3220 dona
3429 3166 3604 3220 sancti

321 3265 448 3335 quid
474 3278 627 3336 pera,
655 3262 784 3332 quid
811 3260 1017 3325 tunica,
1048 3275 1147 3314 cur
1173 3265 1449 3328 postremo
1477 3257 1531 3310 in
1561 3255 1771 3313 duobus
1796 3255 1911 3326 gla-

321 3358 424 3413 diis
447 3357 580 3411 satis
599 3368 720 3408 esse
739 3352 991 3408 dicatur?
1012 3371 1030 3402 ι
1067 3350 1143 3404 De
1166 3347 1519 3404 conversione
1541 3347 1724 3415 itaque
1747 3345 1911 3417 gladii

322 3451 380 3505 in
407 3448 659 3518 vaginam
685 3461 834 3502 suam
861 3453 917 3500 et
942 3445 1008 3500 de
1037 3443 1277 3514 periculo
1306 3441 1644 3510 accipientis,
1668 3440 1786 3495 loco
1811 3454 1911 3494 suo

321 3540 581 3597 diximus.
636 3537 846 3608 Emptio
885 3535 1154 3606 siquidem
1198 3534 1356 3605 hujus
1398 3532 1563 3606 gladii
1603 3539 1690 3587 est
1729 3529 1914 3586 saeculi

321 3630 683 3693 renuntiatio,
725 3629 794 3683 de
832 3643 938 3697 qua
979 3628 1095 3698 ipse
1139 3627 1395 3682 Dominus
1435 3624 1612 3680 dixit:
1660 3622 1765 3688 Qui
1806 3638 1912 3676 non

322 3719 697 3774 renuntiaverit
727 3717 968 3772 omnibus
994 3732 1112 3788 qua:
1142 3716 1390 3785 possidet,
1428 3731 1532 3769 non
1564 3722 1732 3785 potest
1766 3729 1912 3766 meus

320 3827 429 3866 esse
471 3808 761 3882 discipulus
804 3807 956 3880 (Luc.
1006 3824 1117 3870 xw,
1164 3807 1276 3879 55).
1335 3806 1446 3861 Hoc
1491 3814 1616 3860 est:
1671 3804 1918 3858 avaritiae

322 3912 562 3959 sectator
600 3917 708 3958 non
746 3911 926 3974 potest
949 3901 1194 3956 veritatis
1233 3914 1355 3954 esse
1394 3900 1736 3969 praedicator,
1787 3897 1918 3966 quia-

323 3997 467 4066 quod
496 4009 594 4050 ore
621 3994 902 4065 praedicat,
937 4008 1098 4062 opere
1125 3992 1370 4047 destruit.
1419 3992 1585 4062 lgitur
1614 3992 1668 4044 in
1699 3989 1916 4044 sacculo

322 4089 537 4144 occulta
567 4087 878 4142 divitiarum
907 4085 1206 4139 substantia
1232 4099 1246 4137 :
1279 4085 1329 4137 in
1361 4098 1510 4154 pera,
1536 4082 1751 4154 publica
1777 4081 1918 4136 desi-

321 4180 478 4250 gnari
526 4185 724 4249 potest.
777 4177 833 4231 ln
881 4176 1061 4230 tunica
1109 4175 1342 4229 carnalis
1383 4174 1670 4228 delectatio
1697 4174 1919 4228 demon-

324 4277 556 4323 stratur.
606 4265 736 4332 Quae
765 4266 945 4320 omnia
979 4263 1216 4319 funditus
1245 4265 1554 4327 vendenda,
1589 4265 1641 4319 id
1671 4273 1756 4318 est
1785 4260 1919 4330 abji-

323 4359 520 4414 cienda
551 4365 699 4422 sunt,
729 4365 789 4411 ut
817 4357 1008 4429 dignus
1036 4354 1136 4428 [in]
1169 4356 1346 4426 gladio
1371 4355 1520 4410 verbi
1550 4355 1644 4410 Dei
1682 4359 1922 4409 sectator

321 4449 532 4505 Christi
585 4446 852 4504 efﬁciatur
899 4448 1073 4503 miles.
1140 4448 1293 4514 Quod
1343 4457 1522 4502 autem
1570 4446 1814 4517 discipuli
1868 4445 1920 4500 id

2016 3257 2249 3330 Spiritus
2279 3260 2335 3314 in
2371 3260 2542 3330 igneis
2571 3259 2768 3331 linguis
2797 3259 3126 3328 accipientes
3167 3257 3310 3326 loqui
3353 3257 3607 3312 dicuntur

2012 3353 2280 3424 magnalia
2322 3352 2418 3406 Dei
2448 3351 2586 3421 (Act.
2628 3369 2690 3416 ιι,
2734 3350 2844 3422 ll).
2900 3351 3038 3417 Quia
3082 3349 3175 3404 ubi
3223 3348 3466 3404 Charitas
3512 3363 3610 3419 per

2013 3449 2215 3505 donum
2245 3447 2420 3502 sancti
2451 3446 2686 3516 Spiritus
2723 3446 2867 3500 intus
2897 3444 3135 3499 ardescit
3162 3442 3215 3496 in
3245 3442 3449 3505 animo,
3482 3455 3608 3496 mox

2013 3539 2161 3595 foras
2191 3540 2246 3594 in
2275 3539 2439 3594 verbo
2465 3538 2716 3594 clarescit
2750 3535 3170 3606 praedicationis.
3216 3532 3452 3589 Possunt
3476 3548 3610 3603 quc-

2013 3648 2118 3700 que
2165 3650 2271 3686 nou
2321 3631 2766 3687 inconvenieuter
2794 3627 2900 3682 duo
2946 3625 3144 3695 gladii,
3196 3623 3332 3680 ﬁdes
3377 3632 3432 3680 et
3474 3639 3611 3697 opus

2016 3727 2235 3796 intelligi
2263 3744 2274 3778 :
2309 3726 2397 3778 illa
2429 3726 2484 3778 in
2513 3723 2674 3778 corde
2699 3721 2892 3784 latens,
2923 3719 3067 3775 istud
3096 3721 3149 3774 in
3179 3719 3320 3775 facto
3350 3722 3402 3776 in
3431 3720 3609 3793 palam

2016 3818 2332 3887 procedens.
2401 3815 2470 3869 Et
2517 3812 2826 3884 diligentius
2875 3812 3242 3867 consideranti
3292 3829 3392 3883 par
3437 3813 3608 3881 priori

2017 3908 2396 3979 signiﬁcationi
2421 3909 2537 3962 hmc
2559 3893 2772 3976 quoque
2796 3905 3087 3967 invenitur,
3110 3908 3236 3972 quia
3259 3903 3394 3960 ﬁdes
3415 3905 3612 3959 anima:

2017 4009 2130 4064 cst,
2172 4016 2308 4070 opus
2335 4014 2467 4054 vero
2505 3997 2770 4067 corporis.
2828 3995 2980 4051 Unde
3024 4003 3079 4048 et
3123 3995 3494 4064 unusquisque
3541 3997 3611 4050 ad

2017 4091 2199 4148 cordis
2230 4093 2314 4148 sui
2345 4089 2644 4162 penetralia
2683 4088 2882 4158 dirigat
2918 4087 3270 4141 intentionem
3291 4123 3307 4149 ,
3350 4093 3407 4138 et
3433 4087 3617 4142 videat

2019 4186 2074 4244 in
2105 4200 2189 4248 eo,
2221 4192 2482 4254 quantum
2509 4182 2696 4254 diligat
2733 4180 2932 4241 Deum,
2980 4186 3035 4233 ct
3073 4176 3324 4232 eamdem
3353 4175 3449 4230 Dei
3475 4175 3613 4232 dile-

2022 4276 2256 4331 ctionem
2294 4273 2536 4345 proferat
2576 4274 2631 4328 in
2670 4288 2824 4346 opus.
2877 4271 2946 4325 Et
2973 4269 3206 4323 maxime
3231 4267 3617 4339 praedicatores

2025 4365 2280 4422 Ecclesiae
2307 4365 2509 4422 Christi
2539 4365 2862 4420 charitatem
2889 4361 3266 4430 Redemptoris
3306 4359 3476 4414 nostri
3517 4374 3616 4432 per

2025 4459 2188 4514 verba
2215 4456 2412 4514 sedulae
2438 4455 2838 4528 praedicationis
2873 4452 3084 4524 populis
3111 4451 3418 4507 ostendant.
3455 4449 3614 4521 133

327 4543 627 4598 dixerunt:
662 4539 798 4595 Ecce
827 4541 930 4594 duo
961 4539 1125 4610 gladii
1163 4540 1247 4593 hic
1287 4548 1428 4603 sunt,
1457 4547 1512 4594 ct
1540 4539 1798 4594 Dominus
1833 4553 1908 4591 re-

2026 4549 2388 4605 Sintlucerme
2405 4548 2643 4601 ardentes
2675 4546 2828 4618 (Luc.
2855 4561 2956 4610 xu,
2980 4543 3071 4616 55)
3098 4544 3152 4598 in
3180 4544 3340 4598 domo
3365 4542 3576 4598 Domini
3599 4561 3613 4596 :

327 4633 586 4704 spondit:
619 4632 748 4686 satis
777 4641 891 4696 est;
934 4630 1040 4685 duo
1067 4629 1228 4701 gladii
1259 4639 1384 4685 sunt
1419 4645 1617 4700 corpus
1640 4637 1695 4684 et
1721 4630 1922 4694 anima,

327 4725 382 4779 in
421 4724 625 4797 quibus
664 4722 1036 4794 unusquisque
1065 4722 1359 4778 secundum
1387 4722 1487 4777 sibi
1535 4737 1564 4775 a
1606 4722 1715 4777 Deo
1745 4723 1926 4778 datam

328 4818 567 4886 gratiam
614 4815 670 4870 in
714 4814 924 4870 Domini
953 4815 1047 4869 Dei
1074 4814 1349 4868 voluntate
1377 4812 1606 4884 praeliari
1638 4812 1816 4869 debet.
1863 4813 1932 4867 Et

333 4909 468 4964 satis
496 4909 605 4964 erit
622 4907 884 4963 voluntati
915 4906 1034 4970 Dei,
1057 4907 1103 4962 si
1125 4920 1350 4977 corpore
1375 4913 1429 4958 et
1453 4905 1633 4960 animo
1662 4904 1803 4959 illius
1830 4905 1929 4960 im-

330 4998 626 5070 plebuntur
650 5007 939 5071 praecepta.

408 5113 518 5170 Sed
563 5123 620 5170 et
658 5115 775 5170 haec
803 5115 1080 5186 proposita
1118 5111 1346 5184 quaestio
1390 5109 1618 5165 alteram
1663 5109 1927 5170 advocat,

335 5207 465 5271 quia
495 5207 718 5276 abyssus
747 5205 992 5276 abyssum
1019 5206 1224 5260 invocat
1256 5200 1426 5275 (Psal.
1449 5217 1562 5265 xm,
1589 5199 1664 5271 8).
1709 5199 1778 5254 Et
1803 5200 1930 5255 dum

335 5293 564 5366 Inodum
598 5297 793 5368 (Edit.,
825 5296 1091 5371 modum)]
1122 5295 1311 5352 validae
1356 5294 1742 5368 complexionts
1785 5292 1931 5348 solu-

335 5395 451 5445 tum
481 5389 747 5446 aestimavi
765 5429 781 5454 ,
817 5402 946 5445 ecce
973 5385 1229 5460 [alterum
1257 5402 1324 5444 ex
1353 5385 1524 5444 latere
1551 5381 1779 5442 occultae
1803 5397 1934 5439 con-

335 5481 642 5539 strictionis
699 5478 869 5552 (Edit.
889 5521 907 5547 ,
955 5479 1011 5536 in
1057 5477 1284 5534 alteram
1331 5493 1399 5534 ex
1446 5477 1616 5534 latere
1663 5472 1935 5534 occultam

339 5563 834 5647 constructionis)]
886 5569 1088 5626 offendi
1116 5609 1133 5633 ,
1182 5583 1344 5640 quem
1392 5583 1497 5624 non
1548 5567 1689 5624 laico
1735 5565 1937 5639 prioris

343 5662 713 5735 inquisitionis
747 5661 976 5726 auctori,
1009 5660 1104 5717 sed
1131 5667 1322 5715 vestra:
1351 5659 1669 5716 veneranda:
1693 5657 1938 5730 dignitati

347 5752 642 5810 eisolvam.
699 5753 756 5808 Si
797 5751 1008 5824 gladius
1042 5751 1166 5812 iste,
1211 5757 1271 5802 ut
1311 5746 1563 5810 diximus,
1592 5747 1814 5802 verbum
1846 5747 1940 5802 Dei

761 5851 1036 5908 Ριτιιοιη
1091 5844 1159 5904 C.

2029 4641 2138 4696 sint
2165 4639 2413 4695 civitates
2440 4637 2609 4692 ﬁrma:
2639 4639 2694 4694 in
2723 4636 2992 4692 montibus
3013 4637 3274 4690 virtutum
3297 4634 3540 4698 consitre,
3563 4643 3619 4690 et

2031 4737 2219 4785 contra
2241 4742 2432 4784 omnes
2455 4726 2677 4783 insidias
2696 4725 2910 4782 hostilis
2930 4724 3200 4779 exercitus
3220 4723 3614 4779 munitissimae.

2033 4821 2154 4877 Sint
2198 4828 2444 4890 pastores
2490 4817 2734 4890 providi,
2782 4831 3002 4887 gregem
3045 4814 3248 4870 Christi
3294 4827 3393 4882 per
3418 4827 3620 4882 pascua

2031 4915 2157 4969 vitae
2182 4921 2400 4969 aeterna:
2427 4913 2710 4975 ducentes,
2751 4917 3019 4979 quatenus
3045 4921 3168 4962 cum
3195 4903 3479 4974 multiplici
3503 4905 3622 4959 ani-

2035 5024 2246 5065 marum
2295 5006 2472 5062 fructu
2526 5004 2720 5077 gaudia
2771 5001 2980 5058 Domini
3032 5000 3125 5055 Dei
3175 4997 3261 5054 sui
3307 5004 3623 5051 mereantur

2035 5097 2263 5168 ingredi.
2297 5096 2430 5170 [llos
2461 5104 2550 5152 tua
2583 5095 2780 5168 (Edit.,
2806 5093 3004 5156 hostia,
3036 5087 3325 5161 mendose“
3352 5086 3620 5144 excellens

2035 5191 2244 5246 tissima
2273 5189 2508 5260 dignitas
2551 5197 2607 5244 et
2649 5187 2991 5243 sanctissima
3033 5185 3086 5239 in
3124 5181 3327 5238 Christi
3356 5181 3624 5237 charitate

2036 5278 2286 5336 voluntas
2313 5293 2529 5350 semper
2553 5279 2876 5341 admoneat,
2919 5277 3026 5332 imo
3054 5273 3392 5329 suavissimis
3419 5271 3620 5328 exher-

2040 5371 2332 5430 tationibus
2361 5371 2428 5426 ad
2453 5369 2853 5443 praedicationis
2879 5366 3119 5438 impellat
3139 5364 3336 5429 ofﬁcia,
3359 5374 3626 5436 quatenus

2045 5467 2099 5522 in
2124 5465 2210 5522 die
2237 5477 2436 5536 magno
2463 5461 2674 5519 Domini
2712 5460 2884 5517 nostri
2922 5458 3050 5516 Jcsu
3074 5458 3275 5515 Christi
3316 5466 3374 5513 tu
3411 5470 3628 5529 quoque

2046 5555 2333 5615 amabilem
2361 5552 2624 5610 merearis
2660 5551 2850 5608 audire
2885 5551 3245 5608 sententiam:
3288 5547 3456 5620 Euge,
3485 5565 3628 5604 serve

2050 5651 2177 5706 bone
2211 5659 2259 5704 et
2290 5645 2486 5717 ﬁdelis.
2524 5646 2650 5716 quia
2688 5661 2840 5715 super
2866 5659 3037 5714 pauca
3060 5643 3214 5714 fuisti
3243 5640 3435 5710 ﬁdelis,
3468 5655 3627 5710 supra

2049 5737 2212 5796 multo
2245 5751 2290 5793 te
2321 5740 2653 5801 constituam,
2704 5737 2844 5791 intra
2893 5735 2947 5789 in
2994 5732 3253 5807 gaudium
3297 5725 3504 5785 Domini
3550 5724 3628 5781 tui
