4006 6186
366 322 488 393 427

1227 318 1286 373 Β.
1328 315 1390 370 F.
1430 307 1657 366 ALBINI
1693 301 1825 361 SEU
1867 292 2146 353 ALCUINI
2197 292 2480 351 OPEBUM
2520 289 2697 346 PARS
2734 289 2776 345 Ι.

3534 276 3643 334 698

385 457 598 526 mam».
784 445 895 516 ρης
947 439 1059 495 Nec
1086 436 1250 526 enim-
1274 432 1381 526 b°°
1577 415 1967 526 .".“:"“‘“1“"‘.'§
1998 412 2042 471 Α
2069 398 3420 526 E‘.f“??ffi‘1§fl‘fi.“1.f."‘i°".i’t
3446 394 3652 526 ’ςεεί

382 507 704 607 inagna.
730 507 1055 594 audiendum
1079 528 1152 583 ibi
1175 521 1475 580 arbitreris,
1500 514 1597 571 sed
1619 513 1785 607 etiam
1805 507 1963 607 bonis

384 600 535 697 laticis
574 644 631 690 et
664 633 803 689 bene
840 627 895 681 in
937 636 1103 695 opere
1138 617 1234 673 Dei
1269 608 1642 668 laborantibus
1678 600 1964 697 dicendum

257 773 280 787 .
519 725 740 788 credas,
769 729 826 775 et
850 694 1086 773 maxime
1110 710 1197 766 his
1229 705 1321 777 qui
1351 705 1405 759 in
1434 694 1839 757 sublimioribus
1869 705 1966 762 po-

683 785 865 870 saeculi
907 802 1256 879 dignitatibus
1279 839 1294 864 ,
1345 807 1577 865 quorum
1623 785 1966 879 conversatio

381 877 523 970 bona
551 922 607 968 et
627 910 753 965 vitae
779 877 1039 960 sanctitas
1066 904 1121 952 et
1147 889 1506 949 admonitoria
1536 890 1753 940 πίει-πω
1776 877 1967 935 salutis

372 1005 570 1070 verba,
610 1000 723 1057 suis
760 992 1018 1062 subjectis
1056 984 1370 1060 praedicatio
1402 977 1606 1051 poterit
1638 987 1780 1030 esse.
1830 970 1967 1070 Nam

370 1063 755 1165 unusquisque
789 1089 855 1144 de
888 1083 1119 1157 pecunia
1147 1075 1348 1135 domini
1380 1073 1495 1138 sui,
1528 1082 1690 1140 quam
1724 1063 1964 1165 accepit,

374 1152 991 1244 rationem-redditurus
1019 1172 1126 1230 erit
1154 1170 1210 1224 in
1245 1168 1333 1223 die
1355 1161 1565 1232 judicii.
1612 1158 1681 1214 Et
1717 1156 1811 1227 qui
1846 1152 1969 1224 plus

372 1277 621 1341 ‘iaborat,
649 1273 770 1344 plus
796 1264 1065 1325 mercedis
1089 1258 1335 1329 accipiet.
1370 1245 1972 1344 Quaproptendilectis:

380 1371 521 1427 sime
548 1335 938 1421 ethonorande
962 1349 1332 1409 Ecclesiarum
1363 1337 1609 1417 [Christi]
1636 1335 1893 1427 defensor
1917 1338 1974 1387 et

385 1464 588 1522 rector,
606 1462 711 1509 tuae
735 1447 1094 1506 sanctissima:
1113 1438 1388 1512 sapientia:
1406 1430 1714 1490 venerabile
1733 1426 1971 1522 studium

386 1550 523 1607 alios
548 1516 888 1602 admonendo
911 1539 1248 1598 exhortetur,
1293 1528 1427 1584 alios
1455 1520 1771 1593 castigando
1795 1516 1971 1573 corri-

380 1649 500 1717 gat,
530 1640 665 1697 alios
680 1636 811 1691 vitae
839 1628 1137 1699 disciplinis
1159 1621 1405 1683 erudiat,
1444 1622 1508 1670 ut
1529 1606 1973 1717 Omttibm‘thtnia

388 1698 562 1805 Factus
591 1728 643 1803 (1
672 1727 794 1783 Cor.
821 1739 898 1789 rx,
919 1698 1036 1793 2i).
1066 1733 1131 1773 ex
1159 1712 1412 1771 omnibus
1439 1702 1744 1805 mercedem
1760 1698 1974 1805 habere

388 1787 652 1882 merearis
678 1787 1014 1891 perpetuam.
1049 1809 1122 1865 Ut
1148 1819 1272 1862 cum
1297 1813 1492 1871 magna
1520 1803 1578 1851 et
1598 1787 1977 1891 laudabili

388 2006 486 2063 Dei
513 2005 593 2061 tui
622 2010 908 2073 apparcas.

458 2096 635 2154 Audio
657 2068 828 2150 etiam
852 2103 949 2159 per
978 2082 1253 2141 Ecclesias
1273 2073 1477 2134 Christi
1505 2068 1795 2142 quamdam
1848 2076 1981 2119 con-

391 2187 734 2246 suetudinem
755 2194 862 2236 nou
889 2177 1023 2233 satis
1048 2169 1395 2232 laudabilem,
1436 2177 1599 2233 quam
1643 2164 1823 2213 vestra
1851 2167 1981 2223 pru-

393 2277 710 2337 dentissima
732 2270 1033 2327 auctoritas
1059 2263 1217 2320 facile
1245 2259 1537 2316 emendare
1581 2258 1780 2324 potest,
1805 2248 1850 2304 si
1892 2254 1980 2300 ta-

395 2384 517 2427 men
545 2381 672 2422 vera
700 2370 784 2419 est
811 2360 1013 2431 opinio,
1045 2364 1099 2413 et
1140 2368 1249 2409 non
1279 2349 1451 2421 magis
1496 2345 1630 2401 falsa
1680 2337 1979 2431 excusatio,

394 2467 457 2517 ut
478 2457 622 2530 quod
646 2455 826 2509 facere
848 2428 961 2506 non
999 2446 1187 2523 volunt
1214 2437 1543 2513 presbyteri,
1589 2434 1705 2490 suis
1739 2428 1984 2499 injiciaut

394 2526 680 2624 episcopis.
708 2545 847 2600 Nam
866 2541 1054 2598 dicunt
1079 2538 1146 2593 ab
1167 2532 1436 2624 episcopis
1470 2526 1818 2624 interdictum

397 2614 726 2715 presbyteris
785 2642 843 2691 et
885 2629 1203 2688 diaconibus
1253 2623 1556 2697 praedicare
1604 2617 1658 2703 iu
1692 2614 1984 2715 ecclesiis,

397 2704 526 2790 ilum
546 2704 605 2795 in
634 2724 955 2801 Apocalypsi
980 2718 1227 2795 [legiturz
1248 2714 1482 2787 Spiritus
1507 2720 1556 2765 et
1571 2724 1764 2781 sponsa
1785 2704 1962 2801 (Bait;
1966 2744 1982 2769 ,

397 2793 609 2898 legatur
634 2793 903 2892 episcopis
929 2793 1239 2883 tet—sponsae,
1264 2802 1412 2898 etc.)
1437 2802 1458 2875 ]
1483 2802 1665 2898 dicunt
1698 2815 1716 2853 :
1744 2795 1879 2898 teni.
1915 2793 1986 2898 iit

529 2884 739 2976 audiat,
769 2884 934 2969 dicat,
983 2902 1116 2957 ueni.
1156 2897 1259 2964 Qui
1293 2896 1424 2961 sitit,
1464 2893 1658 2954 veniat,
1706 2889 1796 2962 qui
1853 2884 1984 2949 uult,

399 2980 621 3076 accipiat
646 3015 840 3072 aquam
886 2996 1004 3051 vita:
1046 2991 1230 3063 (Apoc.
1271 3003 1410 3052 χχιι,
1454 2985 1567 3076 l7).
1622 2980 1735 3076 Nec
1777 2984 1990 3076 non-et

400 3067 735 3165 Apostolus:
767 3084 922 3152 Quod
947 3083 991 3137 si
1018 3081 1111 3135 alii
1141 3077 1420 3133 revelatum
1437 3067 1989 3173 [uentseden'tiftriw
2016 3109 2066 3173 ρ

401 3157 592 3237 taceat.
626 3177 852 3233 Potestis
881 3175 1017 3228 enim
1040 3187 1135 3243 per
1159 3166 1393 3240 singulas
1426 3164 1737 3236 prophetare
1762 3158 1827 3233 (1
1859 3157 1981 3212 Cor.

401 3289 519 3340 xiv,
546 3271 639 3336 30,
661 3270 777 3340 5|),
806 3266 859 3322 id
880 3273 965 3321 est
987 3265 1205 3320 docere.
1232 3260 1367 3315 Item
1391 3258 1459 3312 ad
1481 3255 1861 3311 Timotheum:
1883 3248 1988 3316 Qui

404 3369 532 3423 bene
550 3370 785 3437 praesunt
806 3356 1108 3431 presbyteri,
1140 3350 1337 3424 duplici
1366 3350 1563 3403 honore
1584 3346 1732 3417 digni
1761 3343 1992 3398 habean-

301 3462 321 3525 ’,
404 3435 792 3515 mathesim
816 3450 908 3523 qui
960 3446 1204 3501 laborant
1231 3444 1290 3497 in
1317 3440 1469 3496 verbo
1498 3449 1548 3494 et
1595 3438 1837 3493 doctrina
1894 3435 1993 3489 Dei

404 3550 463 3623 (I
489 3550 625 3606 Tim.
654 3563 711 3612 v,
743 3544 854 3616 l7).
877 3542 1075 3598 Dicant
1106 3537 1254 3594 enim
1276 3536 1329 3591 in
1353 3532 1550 3605 quibus
1580 3530 1881 3587 canonibus
1907 3529 1993 3584 in-

407 3621 695 3699 terdictum
715 3637 789 3693 sit
804 3632 1141 3707 presbyteris
1166 3626 1500 3702 praedicare?
1527 3625 1669 3692 Quin
1698 3622 1872 3693 magis
1916 3621 1997 3675 le-

406 3739 539 3805 gant
580 3737 642 3784 et
677 3726 998 3796 intelligant,
1055 3720 1124 3776 ab
1176 3719 1333 3775 initio
1392 3715 1669 3772 nascentis
1711 3712 1993 3777 Ecclesiae,

409 3825 601 3898 quanti
622 3831 853 3892 etquam
874 3816 1154 3874 mirabiles
1184 3829 1251 3871 ex
1287 3812 1507 3868 diverso
1536 3808 1864 3865 clericorum
1906 3819 1999 3859 or-

410 3919 534 3974 dine
562 3929 665 3988 per
692 3921 862 3969 totam
889 3911 1078 3967 mundi
1108 3906 1448 3963 latitudinem
1477 3904 1630 3959 utere
1680 3901 2000 3973 praedicato-

409 4016 524 4073 res,
551 4007 719 4063 etiam
741 4013 800 4060 et
832 4001 1130 4075 aposmlica
1153 3999 1209 4055 in
1230 4000 1475 4055 diversas
1498 4003 1683 4067 partes
1707 3992 1997 4049 transmis—

411 4100 463 4155 si
488 4097 810 4153 auctoritate
843 4099 942 4148 :ct
961 4091 1214 4148 desinant
1234 4087 1473 4159 speciale
1502 4087 1729 4152 habere,
1752 4086 1896 4156 quod
1932 4085 2001 4141 ad

412 4188 592 4259 majus
620 4187 926 4242 animarum
956 4182 1175 4236 lucrum
1196 4178 1554 4248 plurimorum
1596 4178 1801 4246 poterit
1846 4188 1997 4232 esse.

414 4278 554 4335 Nam
577 4286 634 4333 ct
655 4276 773 4345 ipse
786 4272 1047 4327 Dominus
1077 4278 1264 4324 noster
1279 4266 1439 4323 Jesus
1465 4267 1717 4323 Christus
1741 4262 2001 4337 apostolis

415 4373 531 4426 suis
556 4369 623 4425 ad
649 4366 1049 4439 praedicationis
1083 4361 1260 4420 ollicia
1309 4362 1534 4419 secundi
1584 4361 1792 4417 ordinis
1851 4361 2003 4416 viros

2063 508 2176 554 cate
2196 512 2351 570 super
2376 507 2512 552 tecta
2545 494 2762 565 (Matth.
2803 508 2861 553 ι,
2896 492 3024 563 ‘27)?
3073 490 3217 545 Dicit
3262 487 3407 543 enim
3457 484 3658 541 beatus

2063 591 2421 662 Hieronymus
2443 590 2497 644 in
2527 586 2755 658 epistola
2782 584 2895 657 (ὅὲ)
2926 584 2994 638 ad
3024 580 3389 653 Nepotianum
3422 577 3658 650 presby-

2064 691 2263 747 terum,
2306 681 2399 736 ubi
2439 693 2565 735 eum
2608 679 2676 734 de
2721 675 3126 749 praedicationis
3165 670 3655 730 oﬂieio'mstituit:

2071 792 2091 822 ο
2124 770 2383 826 Pessima:
2409 764 2815 825 consuetudinis
2843 772 2951 830 est,
2981 764 3035 819 in
3054 761 3381 833 quibusdam
3393 757 3679 814 Ecclesiis-

2066 873 2252 919 tacere
2270 861 2645 932 presbyteros,
2676 866 2733 912 et
2758 855 3119 928 praesentibus
3139 852 3412 924 episcopis
3447 865 3556 905 non
3577 848 3664 904 lo-

2066 954 2159 1025 qui
2193 950 2392 1022 :quasi
2420 958 2515 1004 aut
2537 948 2818 1005 invideant
2838 954 2934 1001 aut
2962 960 3069 1001 non
3115 945 3408 1015 dignentur
3446 943 3658 998 audire.

2067 1044 2137 1099 Et
2171 1045 2218 1098 si
2241 1042 2357 1109 alii,
2389 1041 2565 1111 inquit
2598 1039 2798 1095 Paulus
2843 1037 3141 1109 apostolus,
3173 1035 3332 1105 fuerit
3377 1032 3664 1089 reselstuns

2067 1136 2290 1201 sedenti,
2338 1135 2486 1207 prior
2530 1140 2720 1187 taceat.
2791 1130 3017 1185 Potestis
3077 1129 3217 1183 enim
3271 1143 3366 1199 per
3426 1125 3664 1197 singulos

2068 1228 2395 1299 prophetare,
2428 1233 2484 1278 ut
2505 1239 2683 1278 omnes
2710 1222 2916 1277 discant
2938 1221 3130 1293 [Edit.,
3154 1229 3202 1273 et
3228 1232 3405 1275 omnes
3432 1216 3664 1289 dicunt],

2070 1329 2118 1374 et
2138 1332 2317 1373 omnes
2342 1316 2677 1372 consolentur
2705 1313 2762 1388 (1
2785 1315 2908 1370 Cor.
2940 1330 3054 1379 xw,
3113 1312 3207 1379 30,
3235 1311 3348 1383 5i).
3375 1312 3444 1373 Et
3488 1330 3503 1366 τ
3541 1310 3669 1383 Spi-

2072 1411 2204 1464 ritus
2225 1410 2595 1481 propheta‘rum
2620 1406 2882 1478 prophetis
2903 1406 3167 1477 subjectus
3207 1413 3319 1471 est;
3370 1421 3477 1459 non
3526 1404 3669 1458 enim

2072 1499 2415 1554 dissensionis
2435 1505 2513 1552 est
2532 1495 2696 1559 Deus,
2716 1495 2808 1550 sed
2830 1494 2976 1566 pacis
3011 1492 3203 1565 (Ibid.,
3234 1508 3366 1548 vers.
3400 1491 3493 1558 32,
3552 1491 3666 1561 35).

2076 1590 2262 1647 Gloria
2286 1592 2452 1662 patris
2476 1597 2552 1644 est
2598 1588 2742 1658 ﬁlius
2783 1585 3202 1658 sapiens'(Prov.
3232 1602 3288 1651 ι,
3317 1584 3395 1657 1).
3421 1583 3674 1640 Gaudeat

2075 1686 2364 1757 cpiscopus
2385 1683 2593 1754 judicio
2621 1698 2742 1747 suo,
2772 1695 2899 1737 cum
2942 1680 3081 1736 tales
3135 1678 3399 1753 [Christo]
3448 1677 3675 1750 elegerit

2003 1759 2054 1823 Β
2078 1777 2413 1833 sacerdotes.
2450 1773 2612 1847 135
2634 1773 2898 1847 [Docente
2922 1773 3049 1829 tein
3076 1772 3313 1828 ecclesia
3337 1770 3535 1843 (£451.,
3565 1770 3676 1825 Do-

388 1875 636 1989 pulorum
673 1875 1014 1965 multitudine
1042 1898 1308 1972 gloriosus
1344 1893 1400 1948 in
1435 1891 1727 1957 conspectu
1758 1875 1977 1935 Domini
2016 1897 2031 1905 ’

2077 1877 2264 1926 centes
2288 1868 2343 1922 in
2362 1865 2618 1937 ecclesia)
2653 1864 2673 1939 ]
2702 1880 2809 1920 non
2832 1864 3042 1920 clamor
3067 1862 3250 1934 populi
3296 1862 3392 1918 sed
3434 1860 3675 1933 gemitus

2076 1961 2394 2016 suscitetur.
2420 1958 2705 2029 Lacrymaa
2739 1957 3049 2013 auditorum
3102 1954 3289 2010 laudes
3316 1962 3425 2009 tua:
3476 1953 3607 2010 sint.
3646 1970 3668 2005 ι

2079 2052 2205 2108 Haec
2240 2058 2427 2107 tantus
2452 2058 2510 2105 et
2559 2048 2895 2105 admirabilis
2935 2048 3126 2104 doctor
3179 2046 3308 2102 huic
3356 2054 3468 2101 tam
3514 2044 3679 2100 malae

2079 2143 2459 2201 consuetudini
2489 2141 2761 2212 opposuit.
2789 2140 3032 2195 Plurima
3052 2140 3250 2196 ainde
3279 2139 3387 2195 dici
3415 2146 3677 2209 possunt.

2080 2236 2175 2292 sed
2198 2235 2427 2306 sapienti
2449 2248 2624 2305 pauca
2651 2232 2950 2288 sufﬁciunt.
2976 2231 3088 2288 Nec
3114 2239 3318 2287 nostra:
3344 2228 3681 2285 rusticitatis

2080 2335 2184 2392 est,
2213 2334 2412 2382 vestrae
2441 2324 2729 2380 laudabilis
2752 2324 3035 2395 sapientiae
3083 2336 3246 2378 aures
3294 2320 3544 2393 plurimis
3582 2334 3680 2392 ag-

2082 2432 2313 2491 gravare
2339 2415 2552 2481 verbis;
2582 2417 2679 2470 sed
2700 2423 2913 2470 tantum
2938 2412 3169 2485 supplici
3197 2412 3484 2469 deprecari
3509 2411 3678 2467 devo-

2083 2511 2250 2573 tione,
2271 2514 2335 2564 ut
2352 2506 2485 2561 talia
2525 2515 2755 2577 paterna
2783 2505 3093 2577 provisione
3131 2501 3395 2573 iubeatis,
3449 2503 3497 2558 si
3545 2516 3680 2557 vera

2084 2600 2215 2667 sint,
2238 2599 2550 2655 emendare.
2583 2598 2860 2664 Quatenus
2883 2596 3112 2652 sublime
3172 2594 3374 2666 regalis
3421 2593 3681 2665 potentiae

2086 2694 2328 2765 regimen
2349 2692 2602 2748 omnibus
2625 2691 2824 2760 ubique
2843 2689 3097 2761 proﬁciat
3118 2689 3186 2743 ad
3212 2687 3470 2753 salutem,
3503 2693 3561 2742 et
3583 2685 3683 2742 tibi

2087 2800 2213 2842 eum
2231 2783 2448 2841 Christo
2476 2783 2707 2839 Domino
2728 2782 2842 2838 Deo
2871 2780 3136 2837 nostro'et
3160 2780 3369 2835 sanctis
3390 2777 3508 2847 ejus
3533 2793 3680 2850 prie-

2087 2876 2197 2932 mia
2225 2874 2473 2946 perpetui
2503 2873 2729 2928 honoris
2760 2878 3083 2941 augeantur.

2160 2958 2408 3020 Vidimus
2438 2974 2653 3033 quoque
2700 2961 2969 3031 aliquibus
3015 2961 3070 3015 in
3110 2959 3246 3015 locis
3300 2957 3682 3033 [negligentes]

2093 3056 2287 3111 altaria
2309 3055 2405 3110 Dei
2431 3055 2638 3126 absque
2665 3062 2831 3119 tecto,
2852 3053 3039 3108 avium
3070 3051 3433 3107 stercoribus»
3459 3051 3544 3106 vel
3587 3065 3687 3106 ca-

2094 3160 2224 3202 num
2253 3147 2420 3201 mictu
2451 3140 2672 3201 (ωαψς
2702 3143 2858 3212 Quod
2884 3141 3045 3198 facile
3066 3150 3251 3197 vestra
3268 3138 3577 3197 veneranda
3626 3141 3687 3196 in

2092 3239 2205 3295 Deo
2224 3238 2475 3293 voluntas
2493 3252 2594 3307 per
2612 3237 2898 3307 episcopos
2921 3234 3215 3290 emendare
3241 3233 3415 3289 valet:
3440 3241 3503 3287 ut
3552 3247 3684 3289 cum

2091 3330 2299 3385 honore
2324 3329 2593 3399 condigno
2621 3334 2840 3381 maneat
2868 3332 3056 3381 mensa
3080 3324 3295 3380 Domini
3319 3324 3373 3378 in
3400 3323 3524 3379 loco
3544 3334 3686 3389 suo,

2090 3420 2175 3475 vel
2198 3426 2449 3491 portetur
2469 3420 2523 3474 in
2545 3417 2838 3473 ecclesiam
2862 3416 3148 3486 majorem,
3199 3413 3503 3470 secundum
3553 3426 3689 3467 san-

2093 3519 2240 3567 ctam
2266 3510 2616 3566 sacerdotum
2668 3508 2765 3563 Dei
2807 3508 3239 3578 providentiam;
3288 3514 3346 3561 et
3386 3504 3693 3561 honerilice

2094 3609 2362 3656 tractetur
2380 3615 2474 3655 seu
2504 3598 2680 3654 altare
2697 3597 2923 3664 Christi,
2953 3611 3051 3653 seu
3075 3597 3418 3652 consecratio
3443 3595 3690 3667 corporis

2095 3701 2154 3746 et
2188 3691 2468 3774 sanguinis
2496 3690 2661 3756 illius,
2690 3697 2747 3744 et
2770 3689 3105 3760 praecipuum
3140 3687 3335 3742 salutis
3368 3695 3569 3741 nostrae
3604 3700 3695 3741 sa-

2098 3793 2440 3842 cramentum
2461 3784 2609 3839 omni
2631 3783 2982 3839 veneratione
3000 3788 3377 3847 consecretur,
3404 3781 3693 3847 habeatur,

2098 3886 2156 3932 et
2177 3876 2537 3933 custodiatur.

2564 3977 2594 4007 ι
2623 3961 2955 4021 EPISTULA
2996 3961 3227 4018 CLXIV.

2487 4052 2556 4092 AD
2604 4052 2855 4093 CAROLUI
2900 4047 3307 4091 ΙΙΡΕΙΛΤΟΙΒἊ.

2106 4128 2398 4201 Respondet
2429 4128 2498 4182 ad
2526 4129 2850 4201 interrogata
2881 4128 2945 4182 de
2966 4127 3159 4201 hymno
3180 4134 3297 4197 post
3327 4139 3531 4179 eam
3553 4121 3700 4178 dicte

2469 4200 2612 4271 apud
2641 4196 2955 4255 Hatthwuut
2977 4196 3027 4253 et
3058 4196 3322 4251 Marcum.

2174 4290 2309 4363 Regi
2349 4289 2499 4364 [Leg.
2531 4290 2702 4366 Rege]
2735 4306 2925 4364 regum
2949 4290 3063 4348 Deo
3089 4290 3311 4347 Christo
3336 4286 3699 4345 donauteCa-

2106 4379 2221 4435 rolo
2251 4382 2385 4451 regi,
2417 4381 2730 4451 imperatori
2750 4381 3016 4452 Augusto,
3043 4380 3272 4452 optimo,
3288 4379 3545 4445 maxime,
3566 4391 3701 4447 per-

418 4461 715 4531 subiunxit,
743 4469 806 4517 ut
832 4462 886 4516 in
902 4456 1672 4532 Lucaapcrtissimelegitur:
1726 4455 1853 4511 Pos.‘
1889 4456 2001 4509 hwc

2104 4479 2302 4541 petuo;
2327 4471 2545 4525 humilis
2585 4471 2993 4527 matricularius
3036 4471 3265 4528 Albinus
3307 4468 3699 4541 sempiternam

420 4566 593 4611 autem
621 4552 908 4624 designavit
938 4552 1193 4607 Dominus
1226 4560 1275 4605 et
1302 4549 1434 4605 alios
1479 4551 1811 4621 septuaginta
1845 4550 2003 4614 duos,

419 4656 470 4699 et
494 4645 632 4699 misit
657 4643 777 4698 illos
801 4644 950 4699 binos
976 4651 1100 4698 ante
1124 4640 1315 4712 faciem
1336 4657 1490 4697 suam
1513 4641 1666 4715 (Luc.
1694 4658 1749 4709 χ,
1807 4642 1884 4715 Ι).
1940 4641 2009 4696 Et

420 4736 585 4809 paulo
603 4743 762 4808 post:
796 4734 901 4802 Qui
930 4750 1018 4791 vos
1044 4734 1215 4800 audit,
1240 4749 1322 4789 me
1346 4735 1530 4800 audit;
1559 4744 1608 4790 et
1640 4735 1731 4805 qui
1762 4751 1850 4789 vos
1862 4750 2008 4804 sper-

421 4832 519 4895 nit,
547 4831 954 4901 msperm’t;et
980 4829 1071 4900 qui
1114 4842 1196 4881 me
1247 4827 1466 4896 spernit,
1501 4826 1699 4897 spernit
1753 4822 1871 4879 eum
1915 4824 2007 4897 qui

418 4939 502 4977 me
528 4923 669 4977 misit
724 4921 914 4993 (Ibid.,
944 4919 1056 4993 16).
1089 4920 1159 4974 Ει
1184 4926 1383 4974 caetera
1403 4932 1524 4987 qua:
1558 4917 1632 4973 ibi
1672 4918 1741 4973 de
1783 4916 2005 4989 dispen-

421 5017 631 5070 satione
658 5014 813 5073 rerbi
837 5013 935 5069 Dei
972 5013 1244 5085 leguntur.
1276 5010 1458 5080 Quare
1485 5013 1540 5067 in
1575 5012 1836 5069 Ecclesiis
1891 5013 2011 5070 ubi-

422 5120 529 5175 que
550 5105 622 5160 ab
643 5105 792 5160 omni
827 5104 1018 5160 ordine
1070 5102 1395 5159 olorinorum
1446 5102 1681 5160 homilize
1718 5104 2011 5176 leguntur?

423 5195 563 5264 Quid
586 5204 674 5252 est
702 5196 942 5262 humilia,
970 5196 1076 5251 nisi
1098 5195 1414 5266 prtedicatio
1432 5195 1458 5249 ?
1480 5195 1675 5250 Mirum
1726 5207 1819 5251 est
1864 5198 2031 5268 quod.

425 5288 605 5358 legere
630 5288 778 5351 licet,
801 5298 859 5343 et
876 5287 1225 5359 interpretari
1251 5302 1357 5343 non
1378 5287 1528 5355 licet,
1559 5286 1748 5360 [utjab
1759 5289 2010 5344 omnibus

428 5379 803 5450 Μηνᾶν
828 5378 968 5447 Quid
990 5387 1079 5434 est
1105 5379 1252 5435 aliud
1270 5418 1285 5446 ,
1314 5380 1422 5436 nisi
1464 5388 1527 5436 ut
1551 5380 1832 5436 audientes
1888 5381 2008 5436 sine

428 5465 807 5533 mum,
821 5476 879 5523 et
905 5469 1196 5539 impleatur
1214 5470 1572 5542 Virgilianum
1605 5470 1766 5526 illud:

642 5559 1362 5613 "Datsiuamemesonomn.
1790 5560 1793 5563 λ

435 5735 447 5750 _
501 5672 527 5705 -
553 5661 930 5750 ηχρερίςιίιξπ
969 5652 1021 5719 in
1052 5662 1636 5750 edit-ionc'Quc‘rcetani
1678 5655 2011 5738 106ti8t,ub

432 5735 549 5817 ipso
576 5734 756 5804 primo
788 5734 929 5786 edita
959 5749 1024 5787 es
1057 5737 1244 5791 codice
1275 5734 1377 5793 ms.
1408 5739 1620 5808 Scripta
1647 5751 1729 5797 est
1754 5755 1876 5811 post
1901 5734 2010 5800 an-

2110 4560 2349 4616 caelestis
2374 4560 2559 4632 gloriae
2584 4563 2835 4641 salutem.

2159 4648 2440 4708 'Mirahilis
2460 4654 2740 4723 sapientia:
2766 4664 2964 4711 vestras
2989 4655 3299 4711 litterarum
3344 4654 3491 4709 serie
3516 4661 3706 4724 perle-

2109 4748 2219 4808 cta,
2241 4741 2545 4798 invenimus
2573 4758 2669 4799 eas
2697 4743 3015 4815 eloquentiae
3042 4745 3217 4801 nitore
3263 4743 3598 4816 Splendidas.
3649 4752 3715 4800 et

2110 4831 2473 4903 profunditate
2495 4850 2752 4891 sensuum
2796 4835 3199 4902 subtilissimas,
3236 4844 3293 4890 et
3335 4833 3717 4905 inquisitionis

2110 4925 2284 4996 gratia
2299 4924 2744 4995 jucundissimas.
2781 4923 2934 4982 Unde
2952 4934 3204 4997 patenter
3231 4925 3453 5003 agnosci
3478 4925 3717 4994 poterit.

2110 5032 2217 5072 non
2242 5026 2452 5073 tantum
2492 5019 2898 5090 imperatoriam
2952 5030 3151 5075 vestrm
3186 5008 3487 5092 prudentiae
3548 5027 3718 5090 pote-

2100 5115 2308 5172 statem
2334 5124 2365 5163 a
2397 5110 2508 5165 Deo
2531 5112 2599 5166 ad
2621 5112 2795 5167 solum
2819 5111 3001 5166 mundi
3025 5112 3286 5185 regimen,
3319 5112 3418 5167 sed
3462 5112 3717 5191 maxime

2112 5200 2180 5256 ad
2207 5200 2465 5256 Ecciesim
2486 5203 2796 5272 praesidium
2823 5212 2878 5259 et
2909 5204 3191 5276 sapientia:
3216 5205 3474 5260 decorem
3533 5203 3718 5260 colla-

2113 5301 2245 5358 tam,
2275 5300 2330 5346 et
2351 5292 2608 5365 juvenem
2637 5302 2845 5349 mentes
2896 5297 3134 5366 Quadam
3194 5296 3403 5351 inertia:
3453 5295 3727 5368 rubigine

2044 5442 2055 5462 χ
2110 5381 2375 5437 obductas
2397 5380 2465 5437 ad
2491 5395 2720 5437 acumen
2738 5382 2942 5457 ingenii
2983 5399 3082 5459 per
3125 5395 3367 5443 vestram
3423 5386 3724 5442 sanctissi-

2113 5488 2257 5527 mam
2287 5471 2563 5527 solertiam
2586 5473 2908 5530 elimandas.
2947 5475 3006 5531 Si
3034 5477 3255 5548 quidem
3286 5482 3485 5548 pneter
3534 5475 3725 5548 impe-

2113 5562 2275 5618 riales
2305 5571 2361 5619 et
2376 5562 2625 5635 publicas
2650 5580 2833 5633 curas,
2854 5569 3199 5643 evangelicas
3230 5568 3557 5641 qucestiones
3579 5584 3726 5624 aca-
3782 5616 3803 5623 -

2114 5692 2245 5753 num
2272 5674 2383 5753 890
2407 5677 2474 5753 ad
2490 5676 2756 5753 garrulum
2779 5679 2891 5751 jam
2923 5681 3338 5753 imperatorem.
3371 5680 3551 5753 (Apud
3576 5679 3728 5737 Fro-

2113 5748 2238 5802 ben.
2270 5742 2427 5821 epist.
2452 5742 2621 5823 125.)
2779 5742 2796 5751 '
2924 5742 2957 5816 χ
