4012 6188
337 289 446 347 829

1816 290 2191 354 ΕΡΙΞΤΟΙηΕ.

3510 315 3615 371 45η

336 407 563 464 demicis
584 406 779 463 vestris
809 420 839 460 a
866 404 1031 462 nonis
1042 404 1714 481 enucleatdzsinquiritis.
1738 411 1923 479 Quan-
1954 426 2002 485 Α
2030 414 2184 484 Quod
2209 426 2339 470 vero
2364 416 2719 487 Evangelistai
2740 416 3023 475 dixerunt:
3051 419 3117 476 Et
3141 424 3333 494 hymno
3363 427 3501 483 dicto
3527 447 3617 486 ea:-

335 512 498 569 quam
547 504 751 551 vestae
789 496 1110 565 prudentia.
1162 507 1225 552 ut
1261 499 1317 553 id
1367 499 1599 570 epistola
1642 501 1923 573 dignitatis

334 599 533 647 vestra:
550 589 772 656 dicitur,
802 591 1024 648 easdem
1063 595 1392 661 quaestiones
1436 596 1753 652 notissimas
1801 613 1925 657 esse

336 678 572 736 sciamus
585 695 603 744 ;
627 687 811 735 tamen
826 695 895 735 ne
907 682 1095 737 senilis
1107 690 1293 738 taceat
1304 686 1584 756 segnities,
1600 687 1923 758 quibusdam

335 771 820 843 interrogationum
859 773 1093 829 stimulis
1130 775 1494 846 somnigeram
1534 777 1676 833 illius
1718 795 1922 836 .socor-

335 864 480 919 diam
505 864 747 919 excitare
767 864 1033 920 voluistis.
1059 866 1213 922 Unde
1240 868 1405 923 etiam
1427 885 1570 925 nunc
1619 873 1793 943 magis
1829 873 1925 929 do-

335 968 463 1009 cere
486 954 691 1009 vestris
722 953 1065 1012 insitionibus
1093 954 1243 1029 [Leg.
1273 958 1738 1035 inquisitiouibus]
1765 963 1925 1019 intel-

333 1044 461 1117 ligo,
492 1058 657 1115 quam
695 1054 891 1102 vestrae
920 1047 1124 1121 aliquid
1168 1049 1591 1108 ainuentissima:
1645 1056 1924 1126 sapientia:

334 1152 398 1191 ex
431 1152 552 1191 mea
583 1138 706 1193 addi
737 1154 898 1208 posse
918 1144 1291 1212 responsione.
1326 1143 1463 1200 Nam
1517 1149 1793 1218 sapienter
1836 1151 1922 1206 in-

332 1238 636 1300 terrogare,
667 1229 865 1285 docere
882 1239 984 1286 est.
1010 1232 1179 1304 Igitur
1199 1237 1497 1309 prudenter
1537 1256 1783 1311 quaerere
1834 1243 1922 1297 via

334 1327 419 1374 est
447 1320 784 1387 inveniendi;
826 1323 991 1378 veluti
1021 1323 1213 1391 fertur,
1255 1327 1620 1401 Pythagoram
1659 1333 1924 1387 ordinatis

334 1411 848 1481 interrogationibus
875 1428 1104 1483 puerum
1141 1418 1431 1486 quemdam
1481 1420 1549 1475 de
1591 1425 1923 1494 geometrica

334 1503 507 1574 magis
532 1503 807 1568 docuisse,
839 1521 1003 1576 quam
1024 1506 1237 1567 discere
1258 1512 1386 1580 quid
1415 1512 1484 1567 ab
1504 1527 1571 1568 eo
1590 1514 1770 1577 vellet.
1797 1515 1920 1572 Sic-

331 1601 395 1646 ut
431 1600 487 1646 et
528 1592 815 1648 Dominum
844 1596 896 1650 in
925 1595 1218 1667 Evangelio
1270 1601 1594 1671 quibusdam
1647 1605 1921 1676 parabolis

334 1683 512 1753 egisse
534 1682 788 1754 legimus.
1374 1705 1381 1711 ·

2021 506 2195 560 ierunt
2223 505 2436 576 (Matth.
2464 522 2611 573 xxvi,
2638 506 2744 573 30;
2785 508 2955 565 Marc.
2995 528 3105 578 xw,
3130 512 3243 586 26),
3285 531 3315 570 a
3340 517 3616 591 plerisque

2022 595 2342 665 simpliciter
2370 598 2607 653 traditur
2646 599 2757 654 ita:
2813 599 2994 656 Laude
3036 602 3147 659 Deo
3184 605 3326 661 dicta
3353 609 3611 666 exierunt.

2023 684 2254 752 Quidam
2290 686 2474 756 itaque
2496 695 2727 757 putant,
2770 706 2859 745 im
2898 692 3088 762 psalmi
3118 710 3335 751 versum
3363 712 3459 753 eos
3485 713 3615 755 can-

2025 783 2168 831 tasse
2193 795 2206 831 :
2250 777 2705 836 Handucarerunt
2736 792 2785 837 et
2814 784 3161 842 adoraoerunt
3194 806 3369 846 omnes
3394 792 3613 867 pingues

2023 875 2177 921 terra:
2221 866 2393 939 (Psal.
2421 885 2537 934 xxv,
2561 870 2686 942 30);
2724 880 2779 926 et
2806 873 2910 928 hoc
2947 890 3013 929 ex
3053 882 3442 938 commentario
3488 866 3613 939 san-

2023 956 2097 1010 cti
2126 956 2439 1027 Hieronymi
2460 960 2826 1028 suspicantur,
2853 962 2943 1031 qui
2982 965 3097 1018 ait:
3143 984 3164 1015 ‹
3202 966 3269 1022 Et
3294 970 3497 1040 hymno
3531 971 3614 1028 ἀι.

2023 1054 2136 1112 cto,
2157 1048 2261 1101 hoc
2279 1056 2384 1112 est,
2405 1049 2550 1117 quod
2573 1049 2626 1103 in
2651 1050 2858 1120 psalmo
2876 1052 3133 1124 legimus:
3160 1056 3611 1118 Manducaverunt

2023 1146 2071 1192 ct
2098 1139 2450 1194 admouerunt
2476 1156 2654 1197 omnes
2676 1142 2893 1215 pingues
2914 1152 3089 1201 terrae.
3126 1167 3145 1200 ι
3173 1148 3313 1205 Sunt
3332 1152 3497 1209 etiam
3516 1152 3611 1225 qui

2024 1232 2079 1286 in
2110 1232 2293 1301 priore
2316 1247 2477 1288 versu
2501 1233 2644 1289 hanc
2668 1230 2882 1291 laudem
2913 1245 3100 1306 aptare
3122 1240 3329 1309 volunt,
3360 1244 3453 1300 ubi
3476 1242 3609 1302 dicio

2025 1330 2150 1377 tur:
2185 1322 2360 1379 Edent
2393 1341 2648 1396 pauperes
2676 1335 2723 1381 et
2764 1329 3174 1399 satur-abutitur,
3224 1344 3276 1388 et
3321 1334 3613 1394 laudabunt
3692 1360 3705 1371 ί

2026 1412 2334 1479 Dominum,
2361 1416 2451 1485 qui
2493 1416 2763 1485 requirunt
2806 1435 2924 1473 eum
2972 1420 3150 1492 (Ibid.
3182 1441 3313 1481 vers.
3344 1423 3469 1499 27').
3500 1429 3611 1487 Sed

2024 1504 2139 1560 fieri
2164 1513 2360 1575 potest,
2376 1504 2590 1562 Judaeos
2610 1508 2813 1565 habere
2836 1510 2891 1564 in
2910 1516 3301 1574 consuetudine
3322 1519 3612 1591 aliquando

2023 1596 2389 1666 hymnidicam
2431 1608 2556 1668 post
2598 1616 2809 1659 coenam
2840 1604 3130 1664 decantare
3166 1610 3378 1667 laudem
3405 1654 3419 1679 ,
3469 1615 3612 1671 sicut

2024 1686 2268 1742 solebant
2308 1695 2655 1751 transeuntes
2699 1692 2841 1749 viam
2889 1696 2944 1751 in
2987 1713 3118 1770 agro
3157 1700 3467 1762 laborantes
3508 1706 3614 1777 hoc

408 1793 567 1867 185
604 1794 712 1851 Sed
740 1804 799 1850 ut
826 1797 894 1853 ad
923 1798 1178 1869 influisita
1202 1803 1579 1870 respondeam.
1602 1815 1764 1875 Prout
1785 1823 1921 1864 metu
1952 1778 1997 1838 Β
2025 1776 2563 1875 νθνῗ⁰,δθ“θῶίῗίῗτθ,²
2605 1780 2907 1875 Benedic“?
2945 1785 3160 1843 Domini
3184 1807 3341 1861 super
3375 1810 3494 1860 vo"
3524 1776 3611 1850 be;

333 1884 681 1954 lnspiraverit
706 1890 869 1947 menti
901 1891 1075 1962 gratia
1096 1892 1349 1960 illius,.de
1375 1894 1528 1964 cujus
1555 1912 1803 1955 sermone
1822 1900 1924 1955 hu—

329 1975 418 2047 jus
446 1978 812 2050 inquisitionis
854 1991 975 2037 orta
1012 1992 1094 2039 est
1127 1985 1515 2058 interrogatio:
1549 1990 1797 2058 quamvis
1833 2007 1924 2046 ve-

333 2076 459 2123 strm
484 2068 714 2126 claritati
740 2070 826 2126 vix
868 2088 988 2127 mea
1029 2073 1231 2145 aliquid
1270 2076 1488 2145 dignum
1527 2078 1766 2146 parvitas
1795 2094 1923 2136 con-

333 2159 475 2218 ferre
498 2161 696 2228 valeat,
727 2163 851 2233 quia
878 2181 985 2220 non
1015 2166 1136 2223 talis
1165 2167 1296 2222 mihi
1336 2168 1478 2223 inest
1504 2167 1691 2225 formae
1717 2170 1799 2225 vel
1827 2186 1919 2226 co-

331 2253 652 2326 gitationum
678 2255 891 2323 fiducia,
925 2258 1065 2314 sicut
1094 2256 1289 2330 legitur
1319 2262 1384 2318 de
1418 2262 1715 2319 Zenoerate
1743 2265 1923 2321 archi-

2026 1866 2320 1925 nediximus
2343 1870 2481 1925 vobis
2520 1872 2577 1926 in
2613 1874 2821 1929 nomine
2852 1874 3063 1933 Domini
3085 1878 3263 1951 (Psal.
3281 1897 3506 1953 cxxvm,
3526 1887 3606 1959 8).

2028 1956 2134 2012 Sed
2176 1958 2261 2015 his
2295 1968 2460 2030 atque
2498 1961 2805 2030 huiusmodi
2845 1968 3188 2041 opinionibus
3231 1956 3609 2046 quorumdam,

2024 2049 2272 2116 quamvis
2305 2054 2620 2119 spernendae
2648 2069 2753 2109 non
2796 2055 2935 2124 sint,
2970 2068 3033 2114 ut
3074 2062 3315 2133 videtur,
3358 2068 3606 2138 omissis,

2024 2136 2284 2208 lquidam
2312 2142 2560 2199 veritatis
2576 2147 2880 2215 pandemus
2909 2150 3428 2229 interpretationem.

2096 2251 2440 2315 Consuetudo
2490 2257 2676 2328 itaque
2720 2268 2805 2319 est
2852 2267 3308 2338 evangelistam
3367 2277 3611 2345 quadam

332 2351 495 2409 tecto,
519 2344 613 2414 qui
637 2344 861 2414 populea
890 2345 1081 2404 fronde
1118 2359 1439 2416 coronatus,
1482 2360 1538 2407 et
1575 2352 1712 2423 pelle
1749 2353 1920 2410 leonis

2025 2342 2235 2434 plenius
2250 2347 2436 2405 dicere
2457 2364 2579 2419 quae
2605 2351 2696 2410 alii
2729 2356 2948 2415 omnino
2973 2367 3275 2419 tacuerunt.
3310 2342 3461 2434 Quod
3500 2383 3610 2428 ma-

333 2434 559 2489 vestitus
588 2436 732 2489 inter
761 2438 944 2494 turbas
975 2441 1155 2512 populi
1203 2443 1422 2499 incessit
1457 2453 1645 2502 contra
1686 2445 1920 2503 tribunal

2025 2433 2170 2490 sime
2196 2437 2415 2531 beatam]
2439 2438 2633 2531 fecisse
2666 2441 2929 2503 Joannem
2949 2433 3348 2522 evangelistam
3364 2472 3612 2531 compro-

266 2557 288 2573 ρ
332 2524 624 2581 Alexandri
663 2525 876 2598 Magni,
922 2540 978 2585 et
1018 2533 1300 2602 quassitum
1338 2541 1424 2591 est
1467 2536 1535 2591 ab
1572 2552 1640 2593 eo
1682 2538 1804 2608 quis
1838 2538 1921 2594 vel
2021 2524 2175 2585 hamo
2202 2524 2369 2594 cuius
2394 2530 2472 2587 rei
2498 2530 2727 2589 idoneus
2751 2533 2922 2595 lector
2955 2539 3012 2593 in
3034 2540 3120 2597 eis
3156 2524 3610 2608 sufﬁcienter-ex-

334 2614 471 2671 unde
492 2618 672 2672 esset?
699 2619 771 2674 At
800 2619 904 2685 ille,
932 2640 953 2671 ι
989 2622 1343 2687 Zenocrates,
1391 2627 1583 2698 inquit,
1613 2644 1713 2699 ego
1739 2630 1919 2686 archi-

2025 2614 2199 2684 empla
2226 2618 2467 2687 reperire
2506 2622 2723 2691 poterit,
2757 2640 2881 2694 qua:
2903 2644 3006 2685 nos
3028 2633 3335 2701 epistolaris
3376 2640 3610 2698 brevitas

334 2705 507 2762 tectus
536 2708 778 2777 Macedo,
803 2712 893 2782 qui
918 2714 984 2769 ad
1015 2723 1065 2769 te
1092 2716 1444 2787 cogitationes
1480 2726 1535 2774 ct
1574 2717 1776 2775 formas
1813 2728 1920 2778 tuac

2025 2712 2247 2776 tangere
2266 2709 2537 2777 prohibet,
2566 2713 2674 2771 nisi
2708 2729 2831 2783 qua:
2868 2717 3030 2788 hujus
3060 2721 3501 2797 interrogationis
3524 2747 3605 2788 re

332 2799 564 2857 claritati
594 2804 893 2874 condignas
932 2806 1115 2865 alfero.
1158 2829 1175 2862 ι
1217 2809 1321 2866 Sed
1354 2813 1519 2869 talem
1566 2814 1699 2871 mihi
1740 2816 1918 2873 inesse
2018 2799 2297 2896 θροηθξῗυί
2319 2804 2627 2896 Demeam
2653 2820 2775 2864 ⁸⁸³⁸
2802 2809 3068 2869 “denm”-
3091 2802 3259 2886 Ῐϐίίῗιν
3280 2819 3345 2874 de
3368 2820 3470 2878 hac
3497 2839 3608 2896 “33°

333 2892 661 2950 voluntatem
711 2896 778 2953 de
821 2908 1014 2955 vestrae
1057 2901 1388 2959 excellentia:
1420 2904 1714 2963 Platonicis
1738 2908 1916 2976 video.

2025 2889 2160 2946 stica
2188 2890 2397 2951 Veteris
2427 2895 2515 2953 vel
2543 2898 2669 2955 novi
2709 2900 3038 2960 Tcstamenti
3059 2923 3215 2964 caena
3248 2912 3349 2967 toti
3377 2889 3608 2984 quatuor

332 2984 504 3054 qualis
527 2985 582 3040 in
612 2984 887 3071 Aristippo
920 2990 1239 3064 philosopho
1265 2995 1544 3062 scribitur,
1570 2996 1665 3065 qui
1699 2997 1919 3055 naufra-

2025 2980 2296 3075 dimerunt,
2336 2986 2422 3041 vel
2466 2989 2599 3058 quid
2640 2991 2697 3046 in
2737 3007 2801 3048 ea
2822 3003 3038 3065 gutum
3076 3008 3218 3058 esset
3259 3002 3345 3058 vel
3382 2980 3608 3075 dictum,

332 3077 419 3147 gio
446 3066 679 3149 perditis.
695 3082 945 3140 omnibus
982 3084 1067 3141 vix
1096 3087 1251 3144 vivus
1292 3089 1463 3144 evasit
1501 3089 1570 3144 ad
1604 3090 1789 3156 littus,
1832 3092 1917 3147 di-

2025 3074 2221 3143 partim
2245 3075 2515 3144 similiter,
2536 3083 2735 3153 partim
2757 3085 3093 3146 dissimiliter
3111 3094 3472 3164 protulerunt,
3490 3066 3608 3169 quis

331 3168 478 3223 xisse
501 3170 614 3226 suis
641 3169 877 3244 legitur:
915 3193 933 3226 ι
963 3175 1040 3231 lte
1076 3178 1323 3245 Athenis,
1352 3189 1408 3236 et
1444 3182 1612 3238 dicite
1641 3184 1918 3256 discipulis

2025 3172 2204 3222 tamen
2233 3168 2415 3226 omnia
2442 3186 2575 3229 vera
2614 3188 2737 3232 esse
2768 3182 3080 3240 necessario
3108 3186 3424 3244 creduntur.
3458 3168 3610 3258 Quod

332 3261 535 3316 nostris
554 3277 647 3317 eas
670 3279 1002 3337 congregare
1035 3268 1252 3326 divitias
1277 3287 1397 3342 qua:
1430 3273 1714 3347 naufragio
1741 3277 1920 3345 perire
2016 3257 2100 3317 πίω
2128 3258 2313 3330 mque
2337 3269 2451 3320 "es
2479 3265 2545 3321 δθ
2577 3269 2735 3337 Panis
2759 3271 3053 3345 ωϋοὶείιιιθ
3090 3257 3497 3339 consecratione
3532 3285 3608 3343 di-

334 3366 444 3405 nou
488 3363 743 3423 possunt;
775 3362 811 3409 ἰ
859 3359 1181 3428 sapientiam
1220 3364 1406 3419 volens
1444 3365 1763 3438 intelligere.
1810 3367 1920 3425 Nec

2025 3362 2239 3423 xerunt,
2273 3357 2376 3414 hoc
2398 3357 2643 3418 Joannes
2674 3364 2878 3435 omisit,
2906 3369 3142 3427 maxime
3164 3384 3406 3434 moratus
3436 3378 3491 3434 in
3516 3379 3606 3435 hu

337 3443 506 3499 etiam
546 3446 660 3503 haec
698 3451 896 3508 veteris
933 3453 1265 3511 monimenta
1301 3456 1541 3512 historim
1581 3458 1916 3538 pmferrem,

2025 3447 2251 3505 utilitate
2285 3449 2488 3508 Christi
2518 3458 2871 3525 ostendenda,
2901 3476 3009 3532 qua
3036 3465 3200 3534 pedes
3223 3467 3608 3538 discipulorum

337 3532 443 3587 nisi
470 3543 662 3590 vestra:
684 3541 1018 3598 auctoritatis
1053 3543 1234 3617 apices
1266 3545 1335 3601 ad
1363 3532 1807 3619 philosophome
1831 3565 1920 3611 me

2025 3551 2241 3594 suorum
2271 3540 2455 3598 lavare
2478 3544 2739 3615 dignatus
2755 3556 2844 3603 est
2870 3566 2883 3605 :
2914 3532 3078 3620 atque
3100 3532 3414 3624 longissimo
3433 3574 3605 3615 sacra-

335 3622 557 3678 mmina
578 3637 953 3695 ρωνοεποηι,
1658 3684 1683 3726 \
2017 3627 2339 3726 tissimoque
2363 3647 2634 3726 sermone,
2663 3651 2847 3706 quem,
2872 3649 3107 3697 exeunte
3128 3622 3241 3700 lilio
3263 3648 3608 3719 perditionis,

402 3734 498 3791 His
521 3737 850 3807 prmlibatis,
882 3742 951 3796 ad
979 3742 1460 3817 interrogationem
1494 3748 1798 3806 litterarum
1827 3766 1919 3807 ves

330 3825 546 3882 niamus
572 3836 898 3895 vestrarum,
922 3832 977 3887 in
1004 3833 1198 3902 quibus
1217 3844 1338 3905 post
1364 3852 1657 3909 congruam
1679 3840 1920 3909 epistola:

330 3915 703 3984 praefationem
731 3919 991 3990 scriptum
1021 3924 1323 3983 invenimus
1342 3967 1358 3994 ,
1384 3935 1445 3983 ut
1471 3927 1673 3986 eisdem
1702 3929 1921 3986 utamur

334 4006 549 4061 verbis:
592 4024 610 4059 ι
645 4006 916 4078 Hymnum
942 4021 1063 4082 post
1092 4029 1304 4070 caenam
1329 4018 1613 4088 mysticam
1639 4018 1724 4074 vel
1752 4020 1919 4076 disci-

328 4095 486 4167 pulos
518 4096 605 4151 vcl
632 4098 813 4167 potius
840 4099 1015 4170 ipsum
1051 4102 1339 4162 Dominum
1376 4108 1611 4175 dixisse,
1652 4123 1719 4165 ex
1750 4109 1942 4180 ipsius'

333 4199 501 4242 sacra:
529 4187 771 4249 historiae
808 4190 1040 4249 lectione
1079 4192 1176 4267 [et]
1216 4197 1541 4255 auctoritate
1565 4199 1916 4270 collegimus;

334 4289 395 4330 ac
421 4284 646 4347 propter
678 4278 781 4334 hoc
802 4295 986 4337 sumus
1013 4298 1118 4337 non
1150 4284 1409 4340 mediocri
1428 4293 1645 4356 stupore
1662 4289 1915 4358 perculsi,

334 4382 429 4421 cur
459 4376 625 4425 tanta:
653 4369 949 4427 dulcedinis
990 4374 1222 4444 hymnus
1265 4375 1351 4433 vel
1391 4376 1461 4433 ab
1507 4377 1625 4447 ipso
1651 4379 1913 4445 Domino.

2019 3719 2128 3775 illis
2154 3724 2405 3785 undecim
2436 3725 2775 3784 electissimis
2800 3740 3013 3787 secreta
3051 3742 3109 3792 et
3142 3736 3369 3806 spiritali
3399 3739 3608 3814 loquela

2016 3809 2296 3871 disseruit.
2325 3811 2443 3879 Qua
2469 3813 2741 3873 locutione
2762 3820 3056 3881 terminata
3076 3824 3217 3881 idem
3239 3827 3429 3886 beatus
3446 3809 3605 3889 evan-

2017 3900 2212 3970 gelista
2254 3903 2537 3978 subiunxit
2562 3905 2786 3967 dicens:
2840 3909 2971 3974 Herc
2999 3912 3205 3971 locum
3236 3928 3313 3974 est
3340 3921 3528 3992 Iesus,
3558 3932 3607 3980 et

2019 3990 2297 4047 “uerutis
2316 3993 2484 4051 acidis
2512 3997 2568 4051 in
2596 3997 2780 4053 caelum
2805 4000 2939 4055 dixit
2974 4003 3155 4076 (Joan.
3187 4021 3333 4076 ινιτ,
3367 4011 3459 4082 1)’;
3498 3990 3605 4070 non

2018 4081 2326 4138 solamina
2367 4085 2656 4157 designans
2681 4090 2848 4145 verba
2875 4107 2998 4162 quae
3033 4093 3147 4164 ipse
3172 4081 3407 4157 Joannes
3447 4104 3607 4179 188

2020 4170 2308 4233 Dominum
2336 4173 2542 4233 dixisse
2573 4176 2759 4246 refert,
2781 4195 2971 4237 verum
2996 4185 3159 4240 etiam
3198 4196 3253 4243 et
3276 4203 3340 4244 ea
3366 4170 3487 4261 qum
3506 4170 3603 4250 312':

2018 4263 2380 4334 scripserunt,
2416 4282 2541 4323 eum
2573 4268 2627 4324 in
2649 4269 2743 4327 illo
2786 4280 3133 4334 sacrosancto
3172 4280 3420 4336 convivio
3456 4282 3607 4340 locu-

2021 4365 2136 4416 tum
2165 4372 2305 4417 esse.
2337 4358 2493 4427 Quod
2520 4378 2651 4419 vero
2688 4360 2882 4421 beatus
2919 4370 3243 4438 evangelista
3281 4370 3466 4430 Iesum
3496 4377 3607 4434 ele-

332 4456 435 4521 vel,
478 4458 523 4512 si
556 4473 588 4511 a
627 4458 924 4529 discipulis,
966 4462 1019 4517 in
1045 4466 1333 4532 pra-sentin
1356 4473 1543 4523 tanien
1570 4468 1802 4535 Domini,
1835 4471 1909 4527 di-

2025 4450 2162 4511 yatis
2181 4451 2355 4511 oculis
2374 4452 2431 4510 in
2457 4453 2656 4511 caelum
2684 4455 2888 4513 dixisse
2906 4460 3173 4516 subinfert
3198 4480 3211 4517 :
3240 4463 3423 4532 Pater,
3446 4468 3606 4524 claris

331 4555 475 4613 ctus,
513 4548 584 4603 ab
624 4549 967 4620 evangelistis
1006 4554 1257 4611 omnibus
1296 4557 1368 4611 sit
1410 4560 1846 4629 prmtermissus?
1892 4580 1909 4614 ι

2025 4539 2123 4607 ficu
2158 4539 2361 4599 Filium
2387 4551 2566 4607 tum.
2595 4553 2650 4599 tu
2686 4543 2862 4601 Filius
2885 4556 3006 4603 tuus
3040 4549 3291 4622 clari/iret
3319 4565 3369 4610 te
3411 4556 3603 4631 (loeti.

330 4634 460 4693 llmc
480 4648 566 4697 est
588 4640 752 4696 totius
772 4656 982 4698 summa
1004 4643 1472 4717 interrogationis;
1508 4664 1610 4704 cur
1629 4650 1831 4706 tacitus
1846 4649 1919 4708 sit

332 4726 402 4781 ab
427 4728 682 4808 omnibus
727 4737 890 4786 tantm
932 4733 1232 4790 dulcedinis
1274 4736 1507 4806 hymnus
1533 4740 1915 4809 cvangelistls;

333 4819 460 4874 dum
504 4820 809 4878 certissime
851 4837 917 4883 ex
968 4826 1148 4881 verbis
1190 4842 1361 4884 sacrae
1394 4830 1633 4891 historia:
1669 4840 1915 4900 constat,

332 4908 593 4981 hymnum
622 4921 743 4982 post
772 4929 982 4971 caenam
1009 4917 1294 4988 mysticam
1323 4919 1526 4976 dictum
1555 4938 1675 4980 esse
1701 4940 1734 4979 a
1756 4924 1921 4981 disci-

334 5001 493 5087 pulis,
521 5002 607 5059 vel
637 5006 816 5075 potius
838 5006 907 5062 ab
935 5007 1051 5079 ipso
1070 5009 1335 5065 Domino?
1356 5009 1519 5079 Cujus
1540 5013 1719 5087 itaque
1741 5017 1920 5075 omnis

336 5086 452 5159 [Ρη
482 5093 741 5169 nominis]
772 5095 1146 5167 interpretatio
1168 5100 1348 5169 primo
1367 5102 1591 5158 dicenda
1615 5086 1719 5163 est.
1753 5107 1920 5177 Igitur

336 5175 581 5235 Grzecum
611 5199 809 5241 nomen
859 5195 944 5242 est
984 5189 1228 5259 hymnus,
1257 5200 1311 5247 et
1350 5191 1543 5249 Latine
1573 5175 1917 5265 interpretari

333 5274 531 5336 potest,
564 5270 680 5327 laus
708 5278 975 5333 ranninis.
1010 5278 1162 5346 Sive,
1210 5288 1268 5335 ut
1295 5281 1488 5337 beatus
1530 5281 1768 5342 lsidorus
1800 5287 1914 5344 ait:

341 5375 361 5407 ε
400 5357 642 5432 Hymnus
670 5373 754 5420 est
789 5369 1057 5425 Canticum
1086 5371 1442 5440 laudantium,
1464 5374 1611 5445 quod
1634 5392 1705 5432 ex
1731 5376 1919 5437 Glauco

332 5447 391 5505 in
416 5451 666 5509 Latinum
708 5457 822 5514 laus
859 5459 1276 5532 interpretatur,
1323 5481 1420 5536 pro
1444 5482 1509 5523 eo
1534 5469 1677 5539 quod
1700 5470 1773 5526 sit
1800 5487 1920 5528 car-

338 5560 458 5603 men
488 5548 689 5607 lmtitim
721 5560 775 5605 et
801 5552 994 5610 laudis.
1033 5575 1053 5607 ι
1097 5556 1323 5627 Proprie
1351 5568 1528 5616 autem
1576 5563 1761 5634 hymni
1791 5573 1917 5621 sunt

338 5643 676 5698 continentes
699 5644 911 5708 laudem
950 5646 1066 5702 Dei.
1104 5648 1256 5705 Unde
1288 5659 1343 5706 et
1366 5652 1502 5724 liber
1521 5653 1855 5713 Psalmorum
1884 5674 1915 5713 a

341 5732 610 5804 plerisque
659 5735 969 5795 doctoribus
1031 5740 1185 5796 Lib"
1231 5743 1540 5812 hymnorum
1593 5750 1910 5818 appellatur.

2020 4645 2152 4696 sui,
2182 4630 2246 4702 l)
2274 4669 2288 4685 .
2323 4671 2338 4685 .
2365 4671 2380 4689 .
2402 4647 2577 4702 usque
2597 4633 2651 4691 in
2675 4650 2800 4690 eum
2827 4636 3027 4705 locum,
3051 4641 3142 4696 ubi
3166 4643 3269 4700 hac
3295 4645 3605 4718 hymnidica

2019 4723 2309 4779 terminata
2344 4723 2503 4784 laude
2546 4734 2601 4780 et
2640 4728 2984 4787 sanctissima
3024 4732 3273 4792 oratione
3312 4738 3505 4795 finita:
3544 4751 3606 4796 tu

2019 4815 2248 4883 dilectio,
2273 4835 2381 4889 qua
2406 4817 2634 4874 dilexisti
2661 4835 2764 4884 me,
2798 4821 2856 4875 in
2885 4822 3011 4893 ipsis
3047 4824 3133 4887 sit,
3171 4835 3221 4881 et
3258 4844 3354 4900 ego
3394 4831 3452 4884 is
3478 4832 3606 4903 ipsis

2022 4906 2209 4979 (Ibid.,
2230 4926 2364 4966 vers.
2391 4908 2513 4982 26);
2536 4926 2697 4981 quam
2721 4928 2820 4983 pro
2846 4928 2904 4969 se
2928 4906 3153 4985 suisque
3173 4917 3472 4990 discipulis,
3494 4923 3604 4985 imo

2019 5009 2073 5053 ct
2098 5002 2348 5058 omnibus
2372 5001 2636 5070 fidelibus,
2661 5007 2754 5075 qui
2785 5021 2955 5076 usque
2987 5008 3054 5064 ad
3084 5014 3604 5072 consummationem

2020 5092 2202 5148 seculi
2231 5094 2447 5150 venturi
2489 5104 2689 5161 essent,
2722 5096 2845 5166 pius
2864 5095 3125 5155 Salvator
3156 5098 3268 5155 Deo
3296 5100 3443 5158 Patri
3469 5119 3601 5175 pro:-

2019 5179 2177 5237 fudit.

2089 5290 2196 5348 lste
2216 5300 2301 5348 est
2330 5296 2563 5366 hyrnnus
2584 5298 2984 5356 sacratissimus
3018 5308 3074 5357 et
3100 5301 3518 5373 pulcherrimus,
3548 5317 3604 5364 et

2018 5385 2229 5445 armetis
2256 5389 2698 5455 pernecessarius
2720 5391 3065 5450 credentibus
3082 5434 3098 5462 ,
3133 5411 3294 5467 quem
3320 5399 3602 5459 advocatus

2020 5486 2193 5532 uoster
2214 5477 2263 5550 (Ι
2287 5477 2449 5533 Joan.
2491 5496 2552 5544 ιι,
2581 5480 2634 5551 l)
2658 5482 2917 5540 Dominus
2940 5495 3125 5543 noster
3148 5486 3308 5546 Iesus
3331 5491 3598 5561 Christus.

2018 5578 2238 5637 peracto
2264 5583 2462 5629 nostra:
2488 5573 2678 5630 salutis
2704 5584 2760 5632 et
2785 5591 2895 5634 sua:
2912 5579 3134 5653 pietatis
3166 5585 3416 5643 convivio
3433 5627 3450 5652 ,
3486 5604 3601 5645 ma-

2018 5674 2121 5729 gna
2150 5658 2428 5719 dulcedine
2451 5670 2508 5716 et
2530 5662 2763 5720 mirabili
2802 5668 3067 5725 suavitate
3101 5674 3460 5740 praesentibus
3485 5677 3603 5732 suis

2019 5748 2295 5820 discipulis
2334 5751 2657 5818 demutavit.
2692 5752 2795 5810 iste
2832 5767 2917 5813 est
2947 5754 3180 5831 hymnus
3214 5779 3373 5835 quem
3409 5772 3591 5818 saneta
