4012 6188
380 255 485 314 ιιι

1262 257 1327 310 Β.
1364 256 1431 310 Γ.
1475 257 1697 312 ΑιιιιΝι
1737 258 1866 314 SEL'
1893 257 2166 313 ALCUlNl
2211 258 2490 314 OPEllUM
2531 259 2706 316 PARS
2745 261 2783 315 l.

3536 263 3641 319 ὅτι-2

386 373 689 430 sollicitudo
711 372 986 442 sapientiae
1013 378 1202 423 vestrae
1223 369 1474 437 inquirit.
1499 368 1661 424 istum
1680 380 1960 438 perpetua,
1995 375 2039 431 Α
2144 370 2300 440 18³1
2332 370 2405 424 De
2429 381 2650 438 peccato
2675 372 2891 441 quidem
2922 371 3199 440 disputans
3227 371 3516 442 Apostolus
3543 374 3649 428 hoc

387 469 691 525 dulcissime
713 467 782 520 mi
816 465 1001 528 David,
1036 465 1088 517 in
1119 463 1330 518 laudem
1360 463 1568 518 Domini
1594 472 1648 518 et
1672 462 1965 518 Salvatoris

387 563 554 617 nostri
581 566 634 616 et
661 559 713 612 in
741 572 834 626 spe
859 565 1076 610 aeternae
1104 554 1473 620 beatitudinis,
1501 555 1727 610 teneatis
1763 569 1968 610 memo-

386 654 485 708 ria.
519 650 700 704 Potuit
719 649 862 704 enim
886 649 1000 703 haec
1028 649 1216 703 eadem
1243 646 1406 701 verba
1434 647 1756 718 bymnidica:
1794 646 1967 701 laudis

383 749 440 796 et
465 739 724 794 orationis
765 737 934 792 Filius
972 736 1120 791 Patri
1153 737 1373 792 silenter
1416 737 1628 803 dicere,
1671 736 1764 791 sed
1793 735 1966 789 oratio

383 829 502 884 Filii
539 829 783 884 doctrina
825 836 908 882 est
935 827 1352 896 discipulorum,
1397 827 1505 880 imo
1527 842 1582 882 et
1608 827 1847 880 omnium
1876 825 1966 894 qui

381 925 438 978 in
480 923 726 978 oratione
772 921 946 975 laudis
991 919 1202 974 Domini
1251 918 1535 988 deprecari
1583 924 1963 974 consuescunt.

384 1015 538 1069 Nulla
563 1015 736 1068 oratio
766 1012 972 1068 dulcior
999 1020 1084 1065 est
1103 1026 1266 1080 quam
1294 1026 1414 1080 qua:
1450 1010 1504 1064 in
1535 1010 1728 1064 divina:
1752 1009 1964 1065 bonita-

385 1107 457 1161 tis
474 1105 632 1161 laude
657 1102 1017 1174 profunditur.
1047 1100 1199 1157 Unde
1226 1111 1280 1155 et
1308 1101 1420 1170 ipse
1441 1100 1698 1155 Dominus
1718 1115 1816 1170 per
1837 1099 1968 1154 Pro-

383 1197 601 1264 t-betam
644 1195 758 1249 ait:
799 1194 1132 1262 Sacri/icium
1175 1191 1348 1245 laudis
1377 1191 1742 1259 Itonoriﬁcabit
1782 1208 1890 1256 me,
1919 1201 1966 1245 et

381 1289 490 1343 illic
526 1290 662 1350 iter;
707 1288 845 1358 quod
906 1286 1174 1340 ostendam
1216 1286 1296 1349 ei,
1335 1282 1566 1338 salutare
1631 1281 1726 1335 Dei
1781 1281 1962 1352 (Psal.

380 1399 506 1436 «ιιι
525 1423 536 1446 ,
568 1381 679 1445 25).

861 1493 884 1520 ι
927 1477 1260 1534 EPISTOLA
1293 1475 1503 1533 CLXV.-

864 1606 929 1643 ΑΙ)
957 1604 1202 1644 οΑιιοιυιιι
1236 1601 1473 1642 HAGNUM.

389 1701 744 1773 Respondetur
769 1701 836 1752 ad
869 1698 1323 1773 interrogationem
1353 1695 1416 1747 de
1443 1695 1608 1764 pretio
1645 1692 1831 1747 salutis
1869 1693 1965 1746 ltu-

870 1786 1059 1830 mante,
1085 1769 1171 1820 cui
1196 1767 1428 1824 daretur.

452 1881 510 1935 ιη
549 1880 764 1934 nomine
813 1878 906 1932 Dei
955 1876 1156 1931 Christi
1204 1873 1504 1928 Salvatoris
1549 1873 1754 1954 mundi.
1804 1872 1971 1928 David

379 1972 600 2029 Christo
621 1971 833 2027 Domini
876 1969 1102 2024 Albinus
1140 1974 1414 2038 perpetuae
1439 1966 1589 2036 pacis
1617 1974 1672 2020 et
1696 1965 1968 2035 pr05peri-

382 2066 511 2121 tatis
534 2065 588 2119 in
615 2063 845 2118 Domino
875 2060 1123 2116 salutem.

456 2155 730 2226 Sapientia
752 2163 857 2218 est,
881 2161 940 2206 ut
963 2151 1265 2222 philosophi
1294 2148 1640 2214 deﬁnierunt,
1668 2147 1972 2202 divinarum

378 2251 852 2313 humanarumque
899 2257 1079 2297 rerum
1126 2241 1379 2304 scientia,
1420 2255 1604 2310 quam,
1632 2238 1971 2294 excellentis-

384 2339 517 2394 sime
565 2337 904 2406 imperator,
961 2331 1364 2404 religiosissima
1412 2339 1605 2385 vestrae
1652 2328 1972 2384 humilitatis

380 2429 671 2499 prudentia
719 2426 1006 2496 diligenter
1029 2423 1099 2478 ab
1124 2422 1433 2478 hominibus
1469 2420 1747 2490 requirere
1785 2433 1972 2473 assue-

381 2521 486 2575 scit
505 2559 519 2584 ,
558 2527 615 2572 ut
641 2516 882 2571 omnium
913 2527 1107 2568 sensus
1134 2512 1352 2582 proprio
1379 2511 1558 2566 cordis
1601 2512 1860 2565 thesauro
1889 2511 1971 2564 in-

383 2611 595 2674 fundat,
628 2617 898 2679 quatenus
934 2605 1001 2661 de
1029 2605 1132 2660 hoc
1161 2602 1627 2658 abundantissime
1664 2603 1972 2657 divitiarum

379 2702 765 2776 gazophylacio
784 2698 937 2768 juxta
967 2697 1336 2768 evangelicum
1371 2693 1612 2750 Scribam
1654 2711 1784 2749 nova
1814 2704 1860 2748 et
1893 2711 1973 2749 ue-

379 2808 491 2850 tera
524 2793 748 2866 (Matth.
795 2807 892 2846 xm
916 2831 930 2854 ,
962 2788 1061 2860 52)
1089 2786 1334 2858 proferre
1363 2785 1558 2840 valeat.
1585 2784 1849 2852 Quocirca
1879 2799 1972 2838 cu-

371 2886 590 2954 jusdam
613 2884 872 2954 sapientis
895 2880 1068 2936 Grzeci
1097 2878 1596 2948 interrogationem,
1618 2876 1684 2930 de
1701 2877 1866 2947 pretio
1886 2892 1971 2928 sa-

380 2977 503 3030 lutis
525 2975 791 3035 humanas,
818 2974 906 3026 cui
931 2971 1168 3033 daretur,
1197 2969 1523 3038 inquirentis
1559 2975 1756 3022 nostra:
1785 2966 1968 3036 parvi-

380 3068 508 3122 tatis
542 3065 757 3136 ingenio
785 3062 940 3134 [Cod.
981 3059 1127 3124 Vat.,
1160 3059 1448 3131 ingeniolo]
1494 3060 1726 3129 dirigere
1755 3059 1964 3113 stndui-
1995 3064 2037 3123 (ἶ

378 3160 501 3221 stis,
531 3171 662 3218 non,
689 3165 749 3209 ut
773 3154 973 3224 optime
996 3152 1142 3216 novi,
1173 3151 1492 3222 ignorando,
1533 3150 1629 3204 sed
1657 3148 1965 3218 probando,

379 3247 510 3318 quid
547 3253 744 3300 nostra:
773 3243 1056 3314 parvitatis
1100 3240 1403 3296 intellectus
1439 3239 1634 3293 exinde
1674 3237 1964 3300 sensisset,

375 3336 464 3394 vel
487 3352 516 3391 a
539 3335 814 3406 magistris
835 3334 1130 3388 didicisset.
1157 3330 1310 3396 Quod
1335 3330 1590 3400 pretium,
1614 3329 1704 3383 cui
1723 3329 1966 3394 daretur,

379 3428 598 3498 sapiens
627 3425 714 3480 ille
740 3423 1028 3494 pradictus
1056 3436 1087 3474 a
1127 3419 1449 3488 quibusdam
1479 3416 1760 3472 catholicae
1789 3416 1969 3470 erudi-

378 3522 542 3577 tionis
573 3519 694 3576 (iliis
724 3519 777 3574 in
805 3515 1003 3586 palatio
1020 3512 1301 3583 inquirere
1325 3509 1560 3572 dicitur;
1601 3515 1676 3572 et,
1707 3515 1769 3560 ut
1793 3506 1966 3560 visum

377 3622 462 3669 est
486 3609 605 3679 eius
632 3609 953 3680 sapientiam
993 3603 1367 3668 audientibus,
1391 3601 1532 3656 velle
1558 3615 1681 3654 eum
1722 3606 1967 3654 astruere

377 3702 538 3770 hujus
562 3699 721 3772 pretii
749 3698 1110 3769 acceptricem
1141 3710 1264 3751 esse
1301 3702 1569 3758 mortem;
1605 3699 1837 3762 putans,
1878 3705 1966 3744 re-

379 3793 744 3862 demptionem
767 3805 886 3845 esse
910 3804 1017 3844 non
1045 3804 1225 3859 posse,
1250 3787 1355 3842 nisi
1386 3785 1521 3842 forte
1546 3794 1712 3851 esset,
1735 3786 1826 3855 qui
1846 3799 1968 3854 pre-

380 3886 513 3939 tium
542 3883 837 3953 recepisset
877 3882 946 3936 ab
969 3890 1212 3952 emptore
1233 3921 1248 3947 ,
1278 3890 1440 3951 atque
1482 3880 1682 3949 aliquid
1723 3881 1803 3934 sui
1829 3878 1968 3947 juris

378 3973 609 4044 emptori
653 3988 753 4042 pro
773 3973 952 4042 pretio
999 3971 1312 4027 tradidisset
1354 3978 1607 4041 accepto;
1640 3971 1744 4024 hoc
1790 3971 1966 4040 ipsum

379 4078 592 4135 quoque
623 4064 930 4134 apostolicae
968 4063 1307 4117 auctoritatis
1333 4063 1600 4117 sententia
1642 4061 1967 4116 conﬁrmare

379 4159 550 4223 nisus,
578 4157 705 4228 quia
735 4157 938 4212 dictum
967 4165 1086 4211 est:
1129 4155 1382 4226 Regnavit
1419 4172 1558 4210 mors
1587 4157 1652 4210 ab
1678 4157 1848 4209 Adam
1879 4173 1968 4210 us-

374 4269 473 4321 que
501 4251 571 4305 ad
601 4249 819 4322 Moysen
845 4247 1023 4320 (Rom.
1067 4265 1128 4315 ν,
1172 4248 1282 4320 14).
1325 4247 1408 4304 Ad
1447 4249 1610 4317 cujus
1653 4251 1967 4319 quies-tionis

375 4339 816 4411 profunditatem,
847 4355 915 4395 ne
940 4339 1070 4410 quid
1109 4348 1312 4396 temere
1339 4340 1547 4405 dicam,
1579 4341 1827 4396 sensibus
1857 4340 1963 4396 Pa-

2068 459 2331 515 subinfert
2377 462 2743 516 testimonium
2799 460 2984 516 dicens
3027 481 3038 517 :
3092 460 3342 533 Regnavit
3388 479 3531 517 mors
3583 465 3649 517 ab

2067 551 2235 604 Adam
2266 568 2424 621 usque
2459 552 2527 606 ad
2560 552 2794 623 Moysen.
2831 553 2887 608 Si
2924 555 3192 610 demorte
3227 552 3409 609 carnis
3444 555 3651 610 solum-

2070 637 2226 691 modo
2257 637 2656 707 intelligendum
2681 647 2917 708 putaret,
2947 640 3130 708 utique
3153 639 3418 696 dixisset:
3447 640 3656 710 Regna-

2069 729 2144 782 vit
2170 744 2314 783 mors
2336 723 2407 783 ab'
2430 728 2601 784 Adam
2634 746 2804 800 usque
2831 730 2898 784 ad
2926 730 3074 784 illum
3100 731 3262 796 diem,
3291 730 3357 786 de
3385 746 3492 801 quo
3523 729 3656 804 [alio

2068 817 2208 891 loco]
2252 819 2393 874 idem
2437 820 2550 873 ait:
2583 820 2880 874 Novissima
2916 820 3130 874 inimica
3175 821 3473 875 destruetur
3511 837 3654 876 mors

2069 907 2119 979 (I
2145 908 2268 963 Cor.
2292 926 2380 976 xv,
2405 907 2518 982 26),
2556 926 2715 979 quam
2746 909 2921 964 adhuc
2948 910 3000 964 in
3028 926 3192 967 carne
3212 918 3395 965 nostra
3424 927 3655 982 regnare

2067 1001 2330 1057 dolemus.
2366 1003 2519 1058 Unde
2567 1011 2620 1056 et
2667 1003 2779 1072 ipse
2826 1001 3112 1072 Apostolus
3145 1003 3260 1058 ait:
3296 1002 3363 1057 In
3388 1004 3484 1057 hoc
3515 1005 3654 1058 enim

2067 1091 2450 1162 ingemiscimus
2501 1093 2847 1162 pra'gravati,
2895 1094 3018 1163 quia
3063 1091 3306 1148 nolumus
3348 1093 3655 1165 exspoliari,

2068 1183 2157 1235 sed
2192 1185 2558 1253 supervestiri,
2612 1192 2667 1236 ut
2706 1183 3046 1237 absorbeatur
3091 1185 3210 1250 hoc,
3255 1186 3393 1256 quod
3435 1186 3658 1241 mortale

2069 1281 2166 1337 est,
2199 1290 2230 1325 a
2254 1274 2358 1326 vita
2385 1271 2469 1342 (Il
2501 1273 2623 1327 Cor.
2649 1289 2704 1339 v,
2731 1272 2810 1344 4).
2841 1272 3073 1328 Proinde
3100 1274 3245 1329 aliud
3267 1275 3538 1344 quoddam
3565 1263 3686 1348 ge:

2069 1380 2170 1417 nus
2191 1365 2380 1419 mortis
2404 1365 2489 1420 his
2513 1365 2694 1419 verbis
2714 1365 3032 1436 Apostolum
3056 1354 3362 1436 signiﬁcare
3383 1376 3658 1436 putamus,

2069 1454 2212 1524 quod
2234 1471 2490 1526 regnasse
2532 1456 2735 1510 dictum
2780 1463 2862 1511 est
2899 1457 2967 1511 ab
3007 1455 3181 1511 Adam
3214 1472 3383 1528 usque
3411 1459 3479 1513 ad
3508 1458 3661 1530 May-

2071 1561 2165 1600 sen
2194 1564 2207 1599 :
2241 1545 2294 1600 id
2323 1555 2426 1612 est,
2458 1563 2628 1616 usque
2671 1549 2735 1602 ad
2782 1547 2971 1602 ultima
3019 1556 3260 1618 tempora
3313 1549 3446 1618 legis
3471 1558 3528 1604 et
3557 1550 3660 1604 ini—

2071 1637 2205 1691 tium
2251 1639 2470 1709 gratia),
2524 1654 2644 1709 quae
2695 1639 2799 1693 hoc
2850 1653 3076 1710 regnum
3127 1640 3316 1694 mortis
3366 1641 3654 1696 destruxit.

2001 1715 2042 1776 Β
2069 1725 2212 1782 Mors
2241 1743 2390 1790 vero,
2421 1728 2486 1782 de
2511 1743 2615 1797 qua
2650 1729 2845 1783 dicitur
2871 1747 2882 1783 :
2918 1729 3170 1799 Regnavit
3205 1747 3344 1784 mors
3367 1731 3432 1784 ab
3458 1733 3655 1798 Adam,

2071 1815 2159 1870 illa
2207 1825 2289 1871 est
2338 1816 2455 1871 sine
2502 1817 2686 1882 dubio,
2737 1817 2801 1871 de
2847 1833 2950 1887 qua
3000 1819 3262 1887 propheta
3290 1819 3405 1872 ait:
3438 1819 3654 1888 Anima,

2069 1923 2186 1977 qua:
2212 1909 2517 1978 peccaverit,
2543 1909 2655 1978 ipsa
2684 1909 2934 1962 morietur
2956 1910 3171 1974 (Ezech.
3201 1927 3352 1974 XVIII,
3377 1910 3454 1982 4).
3483 1911 3659 1984 Hujus

2071 2010 2201 2048 vero
2238 2010 2465 2064 regnum
2513 1997 2704 2050 mortis
2743 1998 2918 2067 gratia
2961 1998 3282 2053 adveniente
3324 2001 3662 2058 destructum

2072 2095 2174 2151 est,
2205 2097 2488 2158 postquam
2534 2088 2735 2144 Christi
2773 2091 2994 2161 sanguis
3035 2091 3474 2164 chirographum,
3515 2099 3662 2164 quod

2071 2187 2290 2246 peccata
2320 2189 2502 2234 nostra
2536 2181 2890 2250 scripserunt,
2924 2181 3120 2236 delevit
3159 2181 3296 2253 (Col.
3322 2199 3387 2249 ιι,
3411 2183 3524 2255 14),
3556 2187 3664 2256 afﬁ-

2073 2288 2198 2340 gens
2234 2271 2368 2326 illud
2407 2273 2549 2326 cruci
2575 2291 2592 2326 :
2624 2273 2941 2342 interﬁciens
2971 2275 3276 2328 inimicitias
3304 2276 3360 2329 in
3385 2278 3662 2347 semetipso

2075 2359 2289 2431 (Ephes.
2321 2377 2378 2425 ιι,
2412 2360 2522 2431 16),
2563 2378 2683 2432 quae
2721 2372 2877 2417 erant
2908 2364 3050 2418 inter
3083 2364 3248 2419 Deum
3275 2373 3330 2419 et
3363 2367 3660 2423 hominem.

2074 2452 2181 2506 Sed
2211 2454 2313 2508 hoc
2335 2455 2524 2509 mortis
2549 2471 2716 2526 genus
2737 2456 2941 2510 nullum
2967 2457 3153 2512 habuit
3181 2460 3233 2512 in
3255 2457 3459 2515 Christi
3481 2461 3664 2515 anima

2076 2542 2453 2613 Redemptoris
2482 2545 2654 2598 nostri
2687 2559 2930 2614 regnum,
2959 2546 3084 2615 quia
3119 2563 3397 2617 nunquam
3425 2547 3513 2602 illa
3536 2563 3666 2618 pec—

2073 2634 2245 2700 cavit;
2297 2635 2420 2690 ideo
2471 2652 2569 2691 nec
2615 2636 2966 2691 moriebatur.
3001 2638 3058 2692 Si
3101 2655 3228 2694 vero
3255 2639 3508 2697 Christus
3534 2657 3662 2712 pec-

2073 2733 2256 2777 catum
2289 2740 2397 2780 non
2418 2724 2568 2791 fecit,
2599 2727 2742 2797 quod
2771 2737 2854 2782 est
2882 2744 3031 2783 mors
3060 2730 3282 2797 animm;
3318 2737 3374 2786 et
3393 2747 3521 2788 caro
3542 2731 3664 2802 ejus

2073 2813 2327 2868 damnato
2381 2816 2571 2870 mortis
2617 2817 2805 2872 aculeo
2856 2832 2980 2872 cum
3031 2819 3285 2891 triumphi
3325 2822 3497 2893 gloria
3534 2839 3660 2880 sur-

2075 2906 2214 2959 rexit
2268 2907 2334 2962 de
2356 2908 2603 2977 sepulcro
2631 2929 2642 2963 :
2667 2911 2753 2963 cui
2808 2927 2948 2966 mors
3004 2913 3161 2977 ultra,
3202 2924 3258 2969 ut
3298 2917 3518 2984 dicitur,
3555 2937 3663 2974 non

2071 2995 2428 3050 dominabitur
2474 2997 2652 3070 (Rom.
2697 3016 2770 3065 vt,
2812 3001 2906 3072 9):
2936 3003 3026 3057 ubi
3079 3012 3160 3059 est
3202 3007 3458 3075 pretium,
3513 3011 3661 3080 quod

2073 3102 2220 3141 mors
2246 3087 2348 3141 sibi
2375 3090 2630 3144 traditum
2661 3104 2779 3146 esse
2803 3094 3097 3163 gloriatur?
3127 3095 3302 3163 Quare
3329 3113 3434 3156 non
3466 3104 3662 3167 tenuit,

2073 3176 2115 3229 si
2149 3176 2275 3246 jure
2314 3180 2601 3248 emptionis
2645 3183 2852 3251 accepit
2897 3184 3060 3239 illud?
3089 3185 3198 3240 Nec
3240 3189 3420 3243 statim
3471 3206 3666 3247 conse-

2071 3280 2243 3335 quens
2286 3275 2369 3322 est
2415 3277 2476 3322 ut
2517 3270 2750 3338 pretium
2798 3272 2876 3325 illi
2925 3274 3099 3340 detur,
3147 3293 3176 3330 a
3209 3291 3315 3347 quo
3342 3278 3540 3350 aliquid
3572 3297 3662 3335 re-

2070 3355 2342 3427 demptum
2370 3374 2490 3414 esse
2517 3360 2733 3415 dicitur.
2769 3362 3036 3433 Propheta
3087 3368 3232 3422 enim
3278 3381 3532 3440 precatus
3573 3382 3663 3429 est

2073 3445 2241 3501 Deum
2291 3455 2351 3502 ut
2395 3465 2454 3505 se
2509 3451 2800 3508 redimeret
2852 3456 2920 3510 ab
2965 3458 3226 3527 angustiis
3264 3460 3436 3533 (Psal.
3465 3479 3657 3534 cxvnt,

2073 3535 2219 3607 ita),
2254 3552 2354 3592 nec
2381 3547 2561 3595 tamen
2593 3541 2794 3612 aliquid
2824 3545 2954 3611 Deo,
2984 3547 3124 3602 unde
3147 3551 3426 3620 angustiis,
3459 3555 3661 3623 quibus

2071 3627 2334 3698 Propheta
2366 3634 2682 3703 angebatur,
2724 3637 2882 3707 pretii
2913 3639 3191 3696 tradidisse
3235 3643 3518 3700 dicendum
3545 3658 3654 3703 est.

2069 3719 2202 3776 Item
2223 3721 2422 3778 dicitur
2442 3724 2496 3778 in
2521 3725 2628 3780 alio
2649 3728 2856 3797 psalmo
2884 3748 2896 3783 :
2927 3731 3110 3786 Dicant
3133 3749 3268 3787 nunc
3288 3735 3376 3805 qui
3402 3737 3660 3810 redempti

2070 3826 2188 3868 sunt
2232 3832 2264 3868 a
2312 3815 2555 3882 Domino,
2606 3837 2735 3890 quos
2783 3823 2994 3877 redemit
3029 3825 3094 3878 de
3127 3842 3283 3879 manu
3326 3829 3549 3895 inimici,
3591 3834 3660 3888 de

2073 3906 2370 3975 regionibus
2427 3913 2756 3980 congregavit
2807 3930 2894 3966 eos
2943 3914 3137 3984 (Psal.
3178 3933 3285 3982 ενι,
3317 3917 3414 3989 2).
3470 3919 3662 3991 Neque

2069 3999 2213 4052 enim
2245 3999 2386 4055 Deus
2416 4003 2757 4071 omnipotens
2797 4007 2956 4060 toties
2985 4006 3138 4079 [ϐοά.
3184 4006 3324 4072 Vah,
3356 4011 3510 4082 totis]
3539 4027 3663 4082 pre-

2072 4094 2206 4144 tium
2236 4091 2382 4146 dedit
2423 4095 2672 4164 gentibus
2713 4097 2796 4151 vel
2845 4099 3063 4168 regibus
3106 4098 3212 4172 [vel
3240 4102 3495 4176 inimicisj
3525 4119 3659 4173 quo-

2071 4182 2176 4236 ties
2227 4185 2481 4253 populum
2529 4203 2686 4243 suum
2735 4191 2962 4246 redemit
3008 4195 3076 4248 ab
3122 4194 3220 4249 eis.
3266 4195 3398 4250 Item
3451 4198 3503 4252 in
3551 4199 3660 4255 alio

2070 4273 2322 4342 psalmo:
2358 4275 2428 4330 Et
2464 4278 2679 4333 redemit
2730 4297 2823 4335 nos
2869 4282 2934 4336 de
2982 4300 3142 4338 manu
3192 4287 3524 4345 inimicorum
3565 4306 3662 4344 no—

2071 4373 2298 4418 strorum
2349 4365 2520 4437 (Psal.
2580 4385 2772 4436 cxxsv,
2807 4371 2918 4443 24).
2969 4372 3024 4427 Si
3061 4374 3129 4428 ad
3160 4375 3439 4431 historiam
3481 4387 3661 4433 atten-

376 4445 522 4490 trum
536 4434 862 4504 respondere
879 4433 1174 4504 ingrediar,
1195 4442 1356 4504 atque
1377 4431 1492 4503 ejus
1515 4433 1898 4490 obscuritatem
1913 4435 1963 4500 ι),

2072 4454 2187 4518 das,
2241 4431 2447 4512 nullum
2494 4461 2727 4528 pretium
2760 4431 3048 4535 'ng’yptiis
3088 4467 3254 4532 dedit,
3311 4469 3521 4537 quando
3549 4431 3660 4524 lle-
3723 4443 3730 4449 ‘

371 4528 419 4583 si
451 4525 774 4597 respondere
804 4525 922 4590 vel,
962 4527 1016 4580 in
1056 4523 1148 4598 [F.
1175 4525 1309 4596 leg.,
1336 4523 1551 4598 vellem]
1596 4525 1966 4596 magnitudine

372 4618 497 4674 libri
540 4634 674 4688 opus
718 4620 844 4685 erit,
879 4628 1058 4675 tamen
1103 4621 1177 4674 ita
1219 4621 1532 4691 temperabo
1569 4620 1874 4687 calamum,
1907 4631 1968 4676 ut

373 4709 634 4781 longioris
654 4711 894 4782 epistola:
914 4713 1133 4767 modum
1160 4729 1266 4768 non
1291 4715 1535 4769 excedat.

447 4803 630 4859 Primo
658 4805 1011 4874 quaerendum
1036 4821 1157 4861 esse
1177 4807 1340 4862 video
1369 4808 1433 4863 de
1454 4823 1559 4876 qua
1581 4817 1754 4864 morte
1773 4809 1964 4864 beatus

371 4894 660 4964 Apostolus
697 4896 1062 4952 testimonium
1102 4899 1447 4968 protulisset,
1479 4901 1591 4954 sive
1627 4901 1694 4954 de
1727 4901 1961 4969 diabolo,

373 4987 467 5058 qui
495 5001 639 5057 serpe
661 4987 852 5041 mortis
883 4989 1100 5043 nomine
1124 4989 1474 5061 designatur;
1515 4991 1598 5046 vel
1620 4993 1686 5048 de
1712 5006 1960 5064 peccato,

372 5077 517 5146 quod
543 5087 630 5133 est
654 5092 802 5133 mors
834 5079 1029 5134 animm
1055 5097 1068 5146 ;
1111 5090 1203 5134 aut
1240 5083 1405 5137 etiam
1445 5084 1511 5138 de
1538 5095 1712 5142 morte
1741 5090 1922 5145 carnis
1945 5133 1959 5158 ,

373 5183 494 5237 qum.
519 5177 607 5223 est
630 5185 779 5240 paena
803 5173 1000 5240 peccati
1025 5169 1197 5245 (Rom.
1231 5189 1286 5238 v,
1312 5174 1408 5239 12,
1433 5185 1482 5229 et
1506 5192 1584 5240 vl,
1606 5176 1735 5250 25)?
1757 5179 1962 5237 Deinde

371 5255 440 5313 de
468 5259 643 5327 pretio
667 5258 855 5315 salutis
885 5270 1104 5328 nostraa,
1127 5264 1387 5334 quidquid
1411 5265 1528 5334 ejus
1561 5270 1736 5338 gratia
1777 5280 1962 5327 nostro

369 5359 608 5417 suggerit
634 5350 838 5416 animo,
863 5353 954 5421 qui
981 5369 1080 5424 pro
1119 5355 1273 5410 nobis
1307 5356 1434 5412 illud
1471 5359 1704 5429 pretium
1745 5362 1959 5430 obtulit,

375 5436 638 5494 dicemus.

693 5577 976 5654 ερὶξεριειηι
1012 5595 1078 5635 ει
1117 5582 1568 5654 πιθμβοιὶιεηὶηο
1596 5585 1831 5654 vulgavit
1860 5586 1960 5640 Ba-
2011 5562 2021 5574 ’

370 5635 543 5725 latius
581 5641 673 5697 lib.
725 5635 956 5725 i.Misc.,
1005 5665 1142 5725 pag._
1169 5635 1961 5723 565';'éd'dikinhus'h‘ahnhﬁis

369 5707 628 5768 lectiones
659 5715 928 5770 variantes
946 5707 1023 5778 ei
1045 5707 1164 5775 cod.
1194 5707 1453 5779 mstibl.
1477 5707 1638 5795 regis
1665 5707 1956 5782 vati—caute:

2069 4544 2244 4601 brzeos
2274 4547 2338 4602 de
2369 4550 2619 4607 manibus
2664 4569 2884 4619 eorum,
2939 4558 3202 4627 sanguine
3247 4560 3459 4630 mystici
3505 4561 3659 4632 agni,

2068 4632 2302 4691 liberare
2327 4638 2578 4710 dignatus
2603 4651 2686 4697 est
2716 4643 2912 4716 (Exod.
2946 4662 3044 4712 xu,
3076 4649 3185 4721 15).
3219 4648 3394 4719 Atque
3419 4652 3507 4708 hic
3529 4668 3663 4708 con-

2067 4723 2415 4782 siderandum
2440 4745 2561 4786 esse
2583 4743 2837 4801 putamus
2865 4736 2951 4790 cui
2990 4737 3090 4792 iste
3125 4754 3297 4808 agnus
3328 4741 3380 4794 in
3411 4741 3663 4812 redemp-

2068 4815 2265 4870 tionem
2316 4821 2498 4890 pepuli
2544 4822 2638 4877 Dei
2687 4825 2997 4882 immolatus
3046 4839 3210 4890 esset,
3261 4830 3491 4886 Domino
3546 4832 3660 4890 Deo

2065 4907 2590 4980 misericordissimo,
2625 4917 2709 4971 vel
2747 4915 3017 4974 Pharaoni
3052 4921 3162 4991 regi
3188 4921 3546 4992 impiissimo?
3574 4926 3664 4981 vel

2064 5013 2202 5067 quos
2239 5003 2457 5072 sanguis
2487 5004 2632 5062 illius
2659 5007 3164 5078 superliminaribus
3196 5012 3362 5067 illitns
3389 5013 3665 5070 defendis~

2064 5097 2146 5142 set
2195 5090 2264 5144 ab
2315 5094 2509 5164 angelo
2543 5099 2879 5166 percutiente
2933 5100 3123 5172 (Ibid.,
3156 5119 3286 5157 vers.
3335 5103 3467 5177 25)?
3515 5106 3670 5162 Nun-

2063 5182 2192 5250 quid
2216 5199 2409 5242 carcer
2446 5191 2719 5259 propriam
2753 5193 2915 5248 habet
2942 5195 2995 5249 in
3024 5197 3326 5265 puniendos
3351 5215 3449 5268 per
3471 5216 3531 5256 se
3561 5217 3661 5272 po-

2065 5279 2352 5331 testatem?
2381 5289 2475 5333 aut
2503 5282 2698 5351 aliquis
2729 5290 2935 5343 carceri
2967 5290 3058 5344 dat
3084 5295 3317 5361 pretium
3356 5294 3661 5351 redimendi

2063 5371 2276 5426 vinctos
2304 5389 2369 5427 ex
2417 5375 2521 5429 eo?
2562 5386 2656 5432 aut
2702 5381 2880 5450 gladio
2924 5386 3084 5440 ultori
3127 5388 3392 5444 scelerum
3433 5406 3662 5445 munera

2064 5476 2170 5514 non
2199 5464 2424 5518 nocendi
2448 5467 2650 5523 occidit
2678 5469 2694 5537 [
2702 5470 2832 5526 Cod.
2877 5472 3018 5541 l'at.,
3049 5493 3272 5534 munera
3297 5495 3402 5535 non
3432 5481 3659 5549 occidit;

2065 5597 2496 5726 (Apuldali‘roben.
2527 5608 2683 5675 epist.
2719 5611 2864 5683 196.)

2299 5682 2430 5726 rorat
2458 5690 2668 5726 sensus-

2299 5682 2430 5727 ιοιυιιῑ
2458 5690 2668 5733 8808118.
