4012 6188
316 387 436 443 455

1808 389 2183 447 ΕΡΙΒΤΟιᾸΞ.

3497 403 3599 458 ιεςι

329 507 466 576 forte
507 503 633 573 leg.,
683 520 790 557 non
836 503 1052 558 nocenti
1101 520 1324 558 munera
1373 505 1667 576 accidunt],
1714 515 1769 558 et
1805 520 1914 559 non
1942 511 1989 565 Δ
2017 521 2082 560 ex
2125 507 2415 578 discipulis,
2448 511 2611 564 etiam
2655 509 2935 566 cicatrices
2959 511 3073 580 ejus
3107 520 3466 575 contrectans,
3506 529 3602 569 ex-

329 593 502 662 magis
522 591 715 661 judici.
765 593 857 662 qui
898 593 1060 648 habet
1105 603 1430 663 potestatem
1473 594 1638 664 ligare
1687 593 1772 648 vel
1812 593 1915 649 sol-

329 698 474 749 vere,
499 678 750 738 occidere
775 692 830 737 et
856 684 1162 740 viviﬁcare?
1188 684 1246 740 Si
1274 685 1440 756 igitur
1461 693 1685 755 propter
1718 701 1913 741 nomen

327 777 736 849 redemptionis,
782 779 927 847 quod
970 787 1158 834 sancta
1213 779 1353 834 solet
1393 778 1673 848 Scriptura
1719 779 1916 848 saepius

329 887 424 942 pro
462 881 653 927 nostra
683 887 887 942 ponere
924 872 1263 934 liberatione.
1303 873 1418 926 vult
1443 872 1530 927 ille
1559 872 1791 941 sapiens,
1821 887 1915 927 ne-

326 962 618 1017 cessariam
645 977 766 1018 esse
793 962 848 1016 in
881 963 1053 1018 salute
1089 972 1274 1018 nostra
1319 963 1706 1026 venditionem,
1753 969 1914 1030 atque

323 1053 654 1121 emptionem
676 1067 799 1107 cum
820 1061 994 1108 morte
1014 1053 1213 1118 dicere,
1241 1054 1334 1110 ubi
1354 1054 1500 1124 prior
1519 1052 1720 1124 emptio
1749 1060 1909 1116 esset,

327 1151 388 1197 ut
418 1159 482 1198 ex
514 1158 579 1198 ea
602 1143 785 1213 priore
818 1145 1054 1200 secunda
1085 1147 1347 1216 reemptio
1374 1144 1455 1216 (ut
1477 1146 1563 1201 ille
1598 1147 1914 1216 interpreta-

325 1233 433 1303 tur)
454 1233 602 1302 juste
624 1233 732 1289 dici
757 1234 969 1289 valeat?
1008 1235 1184 1306 (Quod
1217 1251 1346 1291 vero
1373 1237 1602 1292 dicimus
1625 1236 1907 1300 recreatio,

324 1324 405 1378 vel
433 1323 770 1390 reformatio,
801 1325 924 1380 ideo
946 1325 1177 1381 dicimus
1201 1328 1327 1396 quia
1364 1327 1464 1382 fuit
1486 1328 1660 1397 prima
1708 1327 1910 1382 creatio

318 1426 374 1471 et
396 1415 671 1481 formatio,
697 1416 912 1487 quando
951 1417 1197 1472 homines
1232 1417 1399 1472 creati
1439 1425 1565 1472 sunt
1597 1425 1759 1486 atque
1801 1415 1910 1469 for-

322 1506 500 1578 mati.)
527 1505 844 1563 Nullatenus
867 1508 938 1562 ita
961 1508 1183 1578 intelligi
1207 1516 1384 1577 potest
1413 1507 1729 1577 redemptio,
1753 1506 1908 1576 quasi

319 1597 566 1667 quaedam
595 1607 741 1654 esset
775 1599 976 1669 emptio
1005 1607 1131 1654 ante
1157 1618 1170 1651 :
1200 1614 1300 1654 nec
1325 1599 1487 1654 etiam
1515 1598 1638 1663 hoc,
1666 1597 1807 1667 quod
1829 1597 1909 1651 di-

317 1687 459 1741 citur
506 1689 848 1758 redemptio,
898 1688 965 1744 ad
1016 1689 1344 1758 emptionem
1394 1697 1606 1743 tantum
1651 1689 1904 1758 pertinet,

316 1785 577 1846 quantum
601 1777 669 1832 ad
692 1777 1085 1844 liberationem,
1113 1779 1252 1833 sicut
1273 1779 1522 1848 superius
1540 1780 1900 1845 ostendimus;

2015 595 2269 650 clamavit
2287 595 2470 652 dicens
2500 617 2511 651 :
2546 597 2801 654 Dominus
2825 619 2969 656 meus
2997 613 3046 656 et
3072 603 3212 658 Deus
3240 620 3383 658 meus
3413 601 3596 677 (1m.

2014 700 2104 748 xx,
2129 685 2241 757 28).
2277 685 2345 740 Et
2376 703 2498 742 cum
2534 688 2676 744 illius
2705 693 2890 746 carnis
2921 701 3031 747 tota
3059 694 3340 764 integritas
3371 709 3600 766 appare-

2014 785 2117 841 ret,
2148 778 2574 835 demonstratum
2619 791 2702 837 est
2742 785 2794 837 in
2841 801 2925 850 ea,
2966 786 3108 855 quod
3147 801 3275 842 suos
3303 788 3597 844 exhortans

2013 868 2228 923 dixerat
2273 889 2284 922 :
2336 870 2570 942 Capillus
2625 875 2810 945 capitis
2864 878 3018 930 vestri
3067 895 3169 931 non
3215 880 3399 949 peribit
3442 879 3591 949 (Luc.

2013 975 2125 1023 xxi,
2155 959 2261 1031 i8).
2291 962 2491 1017 Verum
2522 965 2566 1018 si
2597 965 2775 1034 capilli
2820 975 3132 1022 sanctorum
3174 985 3277 1022 non
3323 969 3593 1038 peribunt,

2012 1061 2213 1119 quanto
2257 1054 2428 1124 magis
2467 1069 2566 1109 nec
2607 1058 2827 1126 sanguis
2862 1058 3139 1113 Christi?»
3175 1059 3437 1114 Similiter
3470 1061 3598 1116 bea-

2013 1148 2098 1192 tus
2114 1141 2430 1212 Fulgentius
2443 1144 2580 1214 (Lib.
2595 1162 2652 1200 ιιι
2669 1147 2738 1199 ad
2746 1146 3152 1202 Trasimundum
3168 1159 3356 1219 regem,
3373 1166 3487 1220 cap.
3504 1150 3594 1221 36)

2010 1228 2077 1283 de
2109 1239 2217 1285 tota
2247 1233 2582 1290 humanitate
2625 1233 2871 1306 corporis
2917 1223 3118 1293 Christi
3165 1221 3504 1294 ascendentis
3525 1241 3598 1299 .in

2010 1320 2206 1375 caelum
2250 1324 2615 1380 testimonium
2646 1325 2751 1380 tale
2780 1327 2834 1380 in
2859 1326 3002 1382 libro
3035 1328 3101 1382 de
3148 1327 3253 1383 ﬁde
3285 1328 3594 1384 Christiana

2009 1411 2290 1480 proferens
2315 1433 2326 1467 :
2350 1433 2366 1464 ι
2389 1414 2607 1483 Postea,
2636 1417 2829 1487 inquit,
2858 1432 3024 1488 quam
3050 1419 3231 1490 posuit
3259 1420 3516 1484 animam,
3542 1429 3597 1476 et

2008 1506 2396 1575 resumpsisset
2433 1509 2730 1565 secundum
2769 1517 2936 1564 totam
2979 1510 3372 1565 humanitatem
3417 1525 3593 1576 suam,

2009 1594 2062 1647 in
2116 1595 2312 1650 omium
2362 1595 2623 1665 ascendit,
2671 1608 2727 1654 et
2760 1600 2812 1654 in
2853 1600 3075 1656 dextera
3105 1599 3200 1654 Dei
3231 1600 3462 1655 sedisset
3486 1599 3597 1674 [se-

2008 1687 2120 1759 det]
2159 1728 2172 1741 .
2205 1709 2223 1741 ›
2269 1690 2519 1746 Redemit
2562 1693 2706 1747 enim
2753 1708 2853 1749 nos
2898 1693 3144 1748 diversas
3191 1693 3462 1748 sustinens
3506 1692 3592 1748 in-

2001 1779 2178 1848 jurias
2201 1792 2256 1837 et
2279 1785 2581 1853 passiones,
2608 1785 2820 1840 vincula
2850 1801 3061 1856 passus,
3093 1784 3263 1856 alapis
3283 1799 3472 1849 caesus,
3497 1783 3594 1838 lla-

315 1866 455 1934 quod
501 1874 556 1921 et
596 1866 766 1937 ipsius
807 1867 1020 1922 Domini
1075 1868 1254 1924 verbis
1306 1869 1525 1939 probari
1573 1877 1772 1939 potest,
1811 1872 1901 1927 ubi
1941 1850 1981 1908 li
2007 1871 2160 1943 gellis
2187 1850 2506 1929 verberatus
2534 1883 2634 1930 est.
2666 1850 2916 1930 Redemit
2950 1851 3136 1946 utique
3173 1850 3436 1946 sanguine
3463 1891 3590 1946 pas-

314 1958 430 2011 ait:
472 1955 644 2013 Filius
685 1960 908 2014 hominis
939 1977 1041 2014 non
1083 1962 1218 2014 venit
1265 1961 1579 2026 ministrari,
1627 1964 1718 2017 sed
1753 1965 1902 2020 mini-

311 2060 500 2115 strare,
535 2062 582 2105 et
619 2051 746 2105 dare
771 2053 1001 2106 animam
1039 2069 1191 2106 suam
1225 2054 1630 2124 redemptionem
1656 2071 1749 2124 pro
1773 2056 1903 2109 mul-

310 2141 376 2194 tis
399 2140 618 2213 (Matth.
647 2158 736 2206 xx,
763 2143 876 2213 28).
910 2142 1042 2209 Quis
1075 2144 1236 2198 audet
1267 2143 1448 2199 dicere
1486 2145 1720 2200 animam
1752 2147 1898 2202 illam

309 2241 574 2298 sanctam,
618 2233 1038 2300 immaculatam,
1086 2244 1424 2305 segregatam
1464 2237 1531 2292 ab
1580 2239 1726 2292 omni
1775 2254 1897 2308 pec-

309 2333 446 2385 cato,
489 2324 652 2379 morti
679 2325 862 2380 datam
893 2326 1046 2382 esse?
1075 2326 1244 2397 Magis
1273 2326 1555 2384 videamus
1581 2330 1668 2385 cui
1699 2332 1816 2386 haec
1842 2331 1894 2386 in

308 2413 732 2484 redemptionem
759 2411 999 2471 nostram
1031 2416 1268 2471 daretur.
1297 2417 1481 2474 Refert
1504 2420 1696 2475 beatus
1722 2420 1896 2478 Lucas

305 2505 635 2575 evangelista
663 2505 836 2562 Deum
874 2505 1060 2563 Iesum
1089 2509 1145 2564 in
1173 2525 1334 2565 cruce
1376 2511 1644 2568 clamasse
1670 2533 1681 2566 :
1710 2513 1890 2583 Pater,

306 2598 358 2650 in
382 2614 570 2651 manus
597 2607 716 2652 tuas
746 2598 1049 2653 commendo
1075 2596 1316 2670 spiritum
1362 2617 1565 2665 meum;
1597 2613 1644 2655 et
1667 2603 1778 2657 ha'c
1808 2605 1893 2657 di-

303 2704 421 2743 cens
469 2689 751 2758 exspiravit
801 2688 950 2761 (Luc.
994 2705 1153 2752 χχιιι,
1196 2689 1307 2762 46).
1354 2690 1588 2760 Spiritus
1629 2700 1685 2746 et
1713 2693 1892 2748 anima

302 2777 515 2833 diversa
539 2787 669 2834 sunt
687 2779 904 2832 nomina
929 2796 943 2845 ;
971 2780 1066 2834 sed
1084 2780 1170 2836 his
1200 2780 1520 2836 testimoniis
1553 2780 1762 2836 Domini
1787 2798 1892 2837 una

299 2885 420 2927 esse
457 2885 548 2927 res
595 2870 926 2942 agnoscitur.
973 2870 1088 2926 Non
1132 2872 1295 2942 igitur
1341 2871 1520 2941 aliqua
1569 2873 1892 2930 necessitate

301 2971 538 3026 coactus,
568 2964 666 3018 sed
694 2963 914 3034 pr0pria
943 2963 1233 3028 voluntate,
1271 2964 1513 3029 tradidit,
1542 2964 1670 3019 dum
1700 2965 1889 3031 voluit,

299 3054 567 3124 spiritum.
601 3052 726 3108 Sive
757 3057 992 3108 animam
1015 3055 1130 3109 sive
1149 3055 1399 3125 spiritum
1429 3055 1672 3110 dicamus
1699 3074 1711 3110 :
1740 3055 1890 3110 Patri

297 3145 716 3208 commendavit,
746 3153 801 3199 et
837 3145 1058 3199 tradidit
1087 3145 1139 3198 in
1167 3145 1592 3216 redemptionem
1621 3153 1884 3211 nostram,

295 3237 436 3290 sicut
476 3245 601 3290 ante
639 3234 908 3307 pnedixit,
953 3234 1046 3290 ubi
1096 3236 1206 3290 ait:
1244 3235 1560 3290 Potestatem
1587 3235 1750 3290 habeo
1790 3253 1886 3306 po-

295 3327 453 3380 nendi
501 3327 732 3379 animam
778 3320 983 3392 meam,
1038 3335 1084 3379 et
1128 3335 1434 3397 potestatem
1487 3325 1650 3379 habeo
1700 3327 1888 3380 iterum

293 3418 540 3472 sumendi
562 3436 675 3472 eam
697 3418 877 3488 (Joan.
907 3435 960 3484 x,
987 3419 1095 3488 18).
1121 3418 1372 3472 Animam
1397 3433 1527 3472 vero
1556 3433 1711 3472 suam
1733 3417 1890 3473 Chri-

293 3519 416 3564 stus
446 3524 547 3580 pro
576 3509 724 3565 nobis
750 3511 950 3581 posuit,
1001 3519 1056 3566 et
1103 3510 1318 3580 quando
1358 3509 1548 3576 voluit,
1581 3509 1792 3580 posuit;
1834 3518 1891 3564 et

293 3600 514 3670 quando
539 3601 734 3670 posuit,
761 3599 910 3654 Patri
945 3600 1108 3670 188
1129 3600 1557 3664 commendavit;
1589 3608 1645 3653 et
1667 3599 1882 3661 iterum,

294 3693 510 3764 quando
550 3693 732 3757 voluit,
777 3694 1006 3764 sumpsit
1047 3707 1187 3748 eam.
1229 3691 1437 3747 Ponere
1467 3706 1596 3763 ergo
1624 3692 1885 3756 animam,

296 3785 430 3839 mori
456 3793 559 3839 est.
585 3783 728 3839 Caro
748 3785 929 3855 posuit
954 3785 1211 3850 animam,
1244 3793 1299 3839 et
1324 3799 1452 3839 caro
1475 3785 1670 3838 iterum
1701 3798 1886 3852 sump-

295 3878 363 3931 sit
382 3893 506 3932 eam
537 3885 804 3947 potestate
836 3877 1188 3932 inhabitantis
1218 3864 1379 3931 verbi
1412 3875 1505 3929 Dei
1535 3875 1587 3928 in
1618 3889 1702 3928 eo.
1733 3872 1887 3938 Quod

297 3970 378 4024 hic
400 3970 558 4025 dicit:
580 3969 896 4024 Potestatem
918 3969 1082 4024 habeo
1096 3969 1321 4041 ponendi
1338 3969 1569 4021 animam
1589 3981 1788 4029 meam;
1813 3965 1887 4019 ibi

295 4063 485 4136 [Edit.,
508 4063 624 4138 ubi]
649 4063 851 4118 dictum
875 4071 990 4117 est:
1016 4059 1280 4115 Inclinato
1304 4059 1469 4132 capite
1491 4057 1709 4112 tradidit
1731 4057 1889 4126 spiri-

294 4162 397 4207 tum
423 4153 607 4225 (Joan.
633 4167 746 4216 xu,
771 4150 880 4225 30).
901 4151 1001 4220 Qui
1029 4150 1252 4220 spiritus
1273 4147 1453 4202 anima
1474 4153 1581 4211 est,
1604 4160 1766 4216 quam
1791 4159 1889 4215 po-

297 4245 398 4300 suit
415 4243 670 4300 Christus
687 4244 814 4298 dum
835 4243 1021 4297 voluit.
1046 4241 1103 4296 In
1117 4254 1176 4294 se
1193 4239 1337 4294 enim
1358 4247 1600 4308 potestas
1621 4245 1756 4300 erat,
1780 4251 1886 4290 non

297 4339 345 4393 in
373 4346 568 4399 morte,
621 4337 838 4408 quando
877 4342 1105 4407 poneret
1147 4333 1405 4397 animam,
1438 4329 1657 4402 quando
1687 4330 1885 4383 iterum

293 4438 532 4484 sumeret
558 4443 700 4483 eam.
731 4427 870 4496 Quid
895 4441 1027 4482 vero
1053 4426 1106 4480 in
1132 4423 1495 4492 Redemptore
1521 4428 1708 4476 nostro
1734 4433 1885 4474 mors

294 4519 578 4590 potestatis
604 4517 812 4580 habuit,
843 4518 971 4572 dum
997 4515 1180 4571 omnia
1207 4513 1427 4584 propria
1453 4511 1730 4567 voluntate
1758 4525 1885 4581 per—

294 4610 431 4674 fecit,
465 4626 590 4681 quae
617 4619 816 4666 nostra:
844 4609 1034 4664 salutis
1064 4623 1228 4662 causa
1258 4607 1528 4663 communi
1555 4621 1676 4661 cum
1705 4604 1880 4675 patria

292 4697 404 4772 [F.,
439 4697 630 4772 Patre]
680 4699 974 4762 voluntate,
1024 4712 1214 4769 gerere
1270 4696 1568 4766 disposuit?
1613 4696 1781 4766 Igitur
1819 4694 1884 4749 de

293 4793 610 4847 dormientis
634 4791 805 4846 Adam
835 4790 1005 4846 latere
1028 4790 1160 4855 Eva,
1193 4803 1312 4860 quae
1341 4790 1729 4858 interpretatur
1749 4787 1880 4852 vita,

292 4882 526 4940 formata
572 4892 658 4940 est
697 4882 848 4956 (Gen.
882 4899 944 4946 ιι,
967 4880 1093 4954 2|);
1123 4882 1203 4936 sic
1231 4881 1297 4935 de
1325 4879 1526 4935 Christi
1557 4879 1728 4934 latere
1755 4879 1882 4934 dor-

293 4981 511 5036 mientis
558 4979 819 5034 in‘cruce
862 4976 1134 5049 prolatum
1187 4984 1274 5030 est
1321 4973 1576 5029 Ecclesiae
1624 4973 1878 5044 pretium.

294 5069 446 5128 Unde
476 5079 531 5126 et
559 5071 674 5141 ipse
722 5085 822 5141 per
862 5067 1192 5139 Prophetam
1220 5084 1235 5122 :
1263 5066 1375 5137 Ego
1415 5065 1657 5131 dormivi,
1686 5065 1881 5134 inquit,

291 5172 338 5216 et
367 5179 609 5217 somnum
640 5161 770 5232 cepi,
805 5169 852 5214 et
878 5159 1162 5224 resurrexi,
1204 5158 1451 5229 quoniam
1482 5155 1737 5209 Dominus
1769 5171 1885 5209 sus-

291 5254 422 5323 cepit
446 5269 530 5308 me
584 5250 757 5323 (Psai.
798 5266 878 5313 ιιι,
920 5249 995 5322 6).
1044 5248 1161 5304 Nisi
1203 5247 1343 5303 forte
1391 5245 1648 5316 quislibet
1689 5245 1887 5298 audeat

292 5345 474 5402 dicere
499 5344 646 5417 quod
676 5345 894 5415 sanguis
931 5343 1156 5408 Christi,
1189 5342 1279 5412 qui
1325 5339 1531 5396 eﬂ‘usus
1574 5345 1660 5392 est
1697 5336 1886 5390 lancea

293 5437 479 5494 militis
506 5439 562 5494 in
590 5447 796 5493 terram
842 5435 1022 5508 (Joan.
1049 5449 1160 5497 xix,
1187 5433 1298 5506 5i),
1333 5441 1506 5488 morte
1554 5427 1672 5502 [F.,
1700 5427 1859 5483 morti
1864 5427 1885 5502 j

296 5531 652 5586 remansisset
679 5529 833 5600 quasi
861 5529 1117 5599 pretium.
1151 5525 1348 5579 Audiat
1383 5525 1510 5595 quid
1545 5521 1737 5578 beatus
1771 5519 1884 5575 Au-

293 5623 542 5690 gustinus
588 5623 641 5676 in
681 5622 821 5677 libro
863 5636 918 5675 iv
962 5618 1312 5691 pulcherrimi
1356 5617 1537 5686 cperis
1583 5616 1649 5671 de
1695 5623 1885 5669 sancta

295 5713 562 5771 'l'rinitate
615 5714 766 5786 (Cap.
802 5695 878 5785 .3)
927 5713 1144 5769 sentiat.
1197 5709 1337 5764 Dicit
1382 5708 1525 5762 enim
1579 5715 1702 5776 post
1760 5721 1887 5760 con-

299 5820 487 5866 Eruam
536 5807 603 5862 de
655 5816 827 5862 morte
867 5804 1066 5862 Christi
1113 5799 1527 5871 disputationem
1560 5816 1571 5850 :
1613 5818 1629 5848 ς
1653 5798 1718 5883 Et
1748 5813 1884 5851 unus

2000 1963 2230 2018 sionem.
2263 1963 2343 2018 Ad
2371 1972 2702 2040 postremum
2725 1965 2956 2020 redemit
2979 1980 3097 2026 nos,
3123 1965 3382 2020 miracula
3409 1981 3593 2021 resur-

2001 2057 2258 2112 rectionis
2303 2057 2630 2122 ostendens,
2689 2059 2830 2112 sicut
2878 2058 3015 2112 dixit
3056 2057 3346 2128 Apostolus
3397 2066 3588 2114 cuncta

1997 2144 2364 2216 complectens
2415 2165 2428 2198 :
2482 2145 2676 2216 Magno
2719 2147 2886 2216 pretio
2941 2145 3186 2216 redempti
3237 2146 3358 2200 estis
3385 2145 3435 2217 (ι
3462 2143 3585 2200 Cor.

1998 2253 2071 2302 vi,
2100 2236 2214 2308 20).
2244 2235 2376 2304 Quis
2404 2251 2534 2291 vero
2574 2236 2704 2292 illud
2749 2237 3049 2306 accepisset
3087 2243 3199 2290 tam
3239 2243 3434 2306 potens
3467 2250 3592 2304 prs-

2000 2328 2155 2392 tium,
2196 2328 2483 2382 audiamus
2522 2327 2650 2397 quid
2676 2325 3036 2381 Cassiodorus
3063 2324 3294 2379 eximius
3321 2325 3591 2394 interpres

1995 2417 2335 2472 Psalmorum
2363 2417 2595 2472 dixisset
2621 2416 2687 2472 de
2716 2422 2790 2471 eo
2810 2430 2970 2470 versu
2996 2434 3008 2468 :
3042 2413 3467 2483 Redemptiouem
3491 2415 3591 2468 mit-

1995 2510 2060 2560 sit
2090 2507 2348 2561 Dominus
2379 2507 2569 2578 popqu
2592 2523 2688 2562 suo
2713 2506 2887 2578 (Psal.
2919 2523 3006 2571 cx,
3037 2506 3114 2578 9).
3152 2525 3171 2556 ι
3192 2506 3590 2562 Convenienter

1995 2598 2160 2661 enim,
2185 2597 2279 2661 ait,
2308 2597 2528 2661 dicitur,
2562 2595 2986 2666 Redemptionem
3016 2597 3177 2660 misit,
3205 2598 3463 2666 quoniam
3483 2599 3597 2654 hoc

1993 2686 2315 2742 videbantur
2349 2687 2590 2757 indigere
2627 2686 2845 2756 captivi.
2884 2685 2991 2741 Sed
3036 2685 3144 2740 tale
3187 2687 3422 2756 pretium
3461 2687 3584 2752 fuit,

1992 2776 2136 2845 quod
2173 2793 2280 2831 non
2317 2785 2580 2848 tyrannus
2619 2783 2876 2840 sumeret,
2907 2775 3001 2830 sed
3028 2775 3116 2830 ille
3146 2776 3238 2844 qui
3266 2775 3584 2830 absolveba—

1994 2879 2082 2924 tur
2110 2871 2399 2940 acciperet.
2443 2868 2710 2923 Lucratus
2749 2877 2833 2924 est
2869 2868 3115 2938 captivus
3159 2869 3584 2939 redemptionem

1992 2970 2168 3026 suam,
2198 2970 2255 3018 et
2280 2962 2399 3032 ipse
2438 2961 2612 3032 magis
2654 2961 2779 3015 inde
2808 2961 3030 3024 ditatus,
3059 2959 3154 3029 qui
3176 2958 3462 3014 tenebatur
3487 2959 3585 3014 ob.

1992 3055 2206 3118 noxius,
2237 3062 2293 3108 et
2329 3062 2590 3125 tyrannus
2633 3052 2942 3116 damnatus,
2991 3050 3083 3120 qui
3130 3049 3345 3105 tenebat
3387 3064 3532 3105 eum.
3560 3069 3578 3101 ι

1993 3146 2101 3202 Sed
2148 3146 2496 3218 querendum
2525 3154 2612 3201 est
2638 3143 2947 3214 diligentius
2976 3151 3139 3212 atque
3168 3140 3360 3195 merito
3388 3140 3582 3194 intuitu

1995 3239 2408 3309 inspiciendum,
2437 3251 2506 3292 an
2528 3236 2727 3306 justius
2755 3235 2970 3290 dicatur
2994 3242 3226 3288 mortem
3248 3248 3278 3286 a
3302 3230 3586 3286 Salvator.

1994 3339 2181 3385 nostro
2214 3331 2518 3400 suscepisse
2547 3329 2802 3400 pretium,
2854 3343 2923 3381 an
2967 3327 3139 3398 ipsam
3181 3333 3412 3380 mortem
3455 3338 3583 3394 pre-

1994 3423 2126 3477 tium
2152 3436 2276 3477 esse
2308 3421 2694 3492 redemptionis
2720 3428 2937 3476 nostra}.
2971 3417 3268 3473 Audiamus
3294 3416 3424 3488 quid
3450 3415 3580 3472 bea-

1995 3521 2082 3568 tus
2123 3512 2453 3584 Augustinus
2498 3511 2624 3566 inde
2671 3511 2817 3566 dicat
2863 3507 3019 3581 [Cod.
3065 3507 3203 3572 Vat.,
3254 3505 3476 3576 indicat]
3525 3507 3583 3560 in

1990 3603 2128 3658 libro
2173 3612 2370 3675 quarto
2414 3604 2480 3658 de
2523 3610 2713 3656 sancta
2754 3601 3022 3654 Trinitate
3049 3597 3200 3667 (Cap.
3231 3596 3318 3659 i2,
3345 3597 3402 3649 in
3427 3595 3580 3674 ﬁne),

1991 3695 2081 3749 ubi
2120 3695 2354 3764 plurima
2396 3692 2710 3762 disputabat
2749 3691 2814 3744 de
2848 3686 3048 3760 pmnali
3076 3685 3452 3756 etjustissima
3480 3689 3585 3741 mi-

1991 3784 2146 3838 seria:
2171 3793 2386 3845 nostrae,
2414 3790 2468 3834 et
2497 3796 2601 3835 non
2632 3779 2811 3834 debita
2843 3777 3055 3833 Domini
3085 3777 3253 3832 nostri
3273 3775 3404 3833 Jesu
3421 3775 3583 3832 Chri-

1991 3872 2059 3927 sti
2086 3879 2280 3925 morte.
2323 3868 2442 3923 xAd
2483 3874 2734 3932 mortem,
2763 3868 2956 3936 inquit,
2991 3882 3090 3937 per
3121 3875 3403 3936 peccatum
3429 3869 3581 3922 veni-

1990 3977 2132 4027 mus,
2179 3970 2236 4016 et
2273 3960 2360 4015 ille
2398 3974 2495 4030 per
2527 3956 2817 4026 justitiam.
2868 3956 2937 4010 Et
2981 3957 3104 4012 ideo
3145 3972 3268 4011 cum
3317 3957 3390 4012 sit
3431 3971 3581 4013 mors

1989 4064 2174 4110 nostra
2210 4068 2370 4125 poena
2405 4051 2632 4123 peccati,
2663 4064 2812 4105 mors
2839 4048 2979 4104 illius
3001 4047 3143 4102 facta
3170 4056 3257 4103 est
3275 4049 3450 4104 hostia
3477 4065 3578 4118 pro

1989 4147 2245 4217 peccatis.
2271 4165 2289 4196 ι
2324 4142 2586 4198 Similiter
2629 4141 2734 4196 alio
2782 4138 3016 4212 capitulo
3062 4137 3306 4207 ejusdem
3353 4137 3474 4192 libri
3510 4139 3577 4193 de

1990 4247 2164 4293 morte
2204 4235 2406 4292 Christi
2459 4235 2534 4289 ita
2580 4233 2711 4289 dicit
2754 4231 2907 4305 (Cap.
2959 4231 3045 4296 15,
3086 4246 3140 4284 n.
3183 4227 3308 4302 i7):
3353 4226 3576 4298 «Neque

1989 4330 2131 4384 enim
2161 4329 2480 4399 cujusquam
2497 4325 2621 4395 jure
2641 4325 2927 4396 potestatis
2951 4330 3145 4379 exutus
3172 4329 3257 4376 est
3283 4319 3578 4376 carnaliter

1990 4421 2163 4493 [Leg.,
2185 4417 2396 4490 carne),
2425 4418 2517 4473 sed
2545 4418 2660 4488 ipse
2687 4431 2746 4470 se
2771 4415 2939 4470 exuit.
2971 4412 3107 4466 Nam
3135 4412 3227 4481 qui
3259 4419 3445 4482 posset
3467 4426 3578 4466 non
3621 4437 3626 4440 -

1989 4513 2127 4568 mori
2159 4512 2203 4568 si
2237 4509 2420 4573 nbllet,
2449 4506 2659 4580 [procul
2703 4503 2888 4577 dubio]
2929 4503 3055 4573 quia
3091 4501 3280 4566 voluit,
3325 4510 3576 4556 mortuus

1988 4611 2090 4658 est.
2116 4593 2184 4656 Et
2205 4599 2325 4655 ideo
2346 4599 2679 4669 principatus
2698 4603 2754 4650 et
2771 4601 3070 4665 potestates
3089 4589 3416 4662 exemplavit
3438 4588 3576 4644 ﬁdu-

1987 4692 2196 4747 cialiter
2244 4689 2586 4758 triumphans
2638 4701 2734 4741 eas
2783 4685 2838 4740 in
2885 4683 3194 4754 semetipso.
3256 4681 3427 4737 Morte
3475 4695 3574 4734 sua

1987 4785 2183 4855 quippe
2209 4796 2317 4837 uno
2341 4781 2628 4836 verissimo
2653 4777 2921 4834 sacriﬁcio
2941 4791 3040 4846 pro
3070 4774 3224 4830 nobis
3243 4773 3424 4830 oblato
3445 4790 3491 4839 ς»
3517 4780 3582 4828 et

1987 4885 2182 4932 czetera
2229 4889 2349 4946 quae
2399 4871 2719 4928 mirabiliter
2762 4868 3110 4940 prosequitur
3153 4867 3220 4921 de
3259 4865 3450 4920 eadem
3492 4879 3570 4919 re.

1986 4971 2119 5025 item
2141 4977 2265 5040 post
2285 4980 2479 5038 pauca,
2523 4965 2578 5018 in
2614 4978 2680 5017 eo
2708 4958 2961 5030 capitulo,
2992 4957 3079 5012 cui
3108 4955 3270 5029 talem
3293 4953 3582 5026 proposuit

1988 5058 2248 5132 [titulum]
2279 5058 2396 5111 :-De
2425 5054 2686 5124 sacriﬁcio
2717 5051 2944 5126 perfecto
2964 5060 3011 5104 et
3038 5065 3155 5104 vero
3183 5047 3321 5119 quod
3345 5047 3454 5116 ipse
3477 5062 3572 5116 pro

1988 5151 2133 5204 nobis
2180 5147 2426 5204 Salvator
2463 5147 2680 5215 effectus
2708 5153 2802 5207 est,
2833 5141 3163 5196 lucidissime
3203 5139 3439 5195 ostendit
3478 5139 3586 5208 qui.

1986 5249 2134 5297 esset
2173 5239 2428 5294 sacerdos
2471 5247 2526 5292 et
2554 5236 2696 5306 quod
2731 5233 3083 5296 sacriﬁcium,
3111 5245 3212 5301 pro
3237 5229 3450 5300 quibus,
3487 5231 3586 5283 vel,

1988 5349 2018 5387 a
2039 5349 2146 5403 quo
2165 5331 2405 5386 oblatum
2424 5338 2588 5384 esset.
2618 5328 2709 5381 Ait
2727 5327 2870 5381 enim
2892 5326 3161 5397 (August.,
3183 5323 3284 5378 loc.
3315 5325 3428 5388 cit.,
3451 5338 3580 5392 cap..

1989 5425 2107 5496 M):
2137 5443 2154 5474 ι
2178 5423 2312 5490 Quis
2338 5436 2466 5491 ergo
2491 5429 2600 5474 tam
2613 5419 2792 5489 justus
2810 5424 2866 5472 et
2879 5424 3101 5472 sanctus
3127 5415 3382 5471 sacerdos
3407 5429 3582 5484 quam.

1988 5517 2179 5571 unicus
2215 5514 2310 5569 Dei
2344 5511 2534 5576 Filius,
2578 5509 2670 5580 qui
2700 5522 2806 5562 non
2830 5523 2965 5579 opus
2990 5505 3218 5562 haberet
3239 5519 3340 5577 per
3364 5505 3574 5561 sacriﬁ-

1988 5609 2130 5664 cium
2177 5620 2276 5661 sua
2317 5616 2552 5675 purgare
2588 5605 2836 5672 peccata,
2878 5613 2978 5653 nec
3020 5597 3327 5668 originalis,
3368 5610 3469 5652 nec
3501 5609 3570 5650 es

1988 5701 2224 5756 humana
2255 5697 2364 5750 vita
2391 5707 2514 5766 qute
2541 5690 2851 5748 adduntur?
2887 5689 2957 5744 Et
2982 5690 3111 5759 quid
3137 5700 3248 5745 tam
3273 5702 3573 5760 congruen-

1993 5803 2072 5848 ter
2101 5791 2168 5845 ab
2197 5788 2502 5846 hominibus
2551 5791 2874 5846 sumeretur,
2922 5782 3064 5851 quod
3109 5797 3205 5851 pro
3234 5783 3311 5834 eis
3347 5778 3572 5834 offerre-
