4012 6188
425 379 529 436 ‘35

1292 375 1352 428 B.
1391 374 1451 427 F.
1483 372 1708 427 ALBlNl
1748 371 1879 429 SEU
1918 372 2193 428 ALCULN'!
2241 373 2523 429 OPEitUM
2561 374 2741 429 PARS
2777 374 2818 428 ι.

3563 372 3670 428 45ίῦ

426 499 532 556 tur,
579 503 740 558 quam
781 489 1013 542 humana
1060 487 1225 542 caro?
1267 487 1334 542 Et
1365 489 1495 557 quid
1533 498 1640 543 tam
1681 499 1864 560 aptum
1901 489 2001 542 im-
2031 497 2073 549 Α
2102 489 2192 554 Q5,
2219 489 2307 560 26)
2338 506 2437 559 pro
2468 491 2597 544 suis.
2622 490 2767 544 Idem
2792 490 2906 558 ipse
2931 497 3121 558 potens
3143 503 3266 543 cum
3297 487 3408 543 Deo
3435 489 3596 544 Patre
3621 501 3676 546 et

427 579 720 641 moiationi,
767 591 930 646 quam
983 591 1112 630 caro
1158 579 1476 634 mortalis?»
1527 579 1596 634 Et
1639 579 1800 650 paulo
1836 589 1996 650 post:

425 690 446 722 s
465 668 602 734 Quid
635 676 740 721 tam
765 675 918 736 grate
945 668 1129 722 oll'erri
1157 676 1212 724 et
1238 670 1437 741 suscipi
1461 671 1650 740 possit,
1680 685 1844 740 quam
1872 684 2004 726 caro

423 757 671 812 sacriﬁcii
706 757 874 811 nostri
923 773 1120 828 corpus
1160 758 1408 814 effectum
1457 760 1757 815 sacerdotis
1797 760 1999 826 nostri;

420 858 479 903 ut
510 849 766 918 quoniam
805 857 1038 918 quatuor
1077 851 1493 906 considerantur
1525 851 1578 905 in
1615 851 1760 905 omrii
1789 850 2000 906 sacriﬁ-

418 941 523 1008 cio,
567 941 655 996 cui
694 941 974 1006 oll'eratur,
1024 957 1054 996 a
1093 957 1200 1010 quo
1237 941 1520 1007 otl‘eratur,
1563 943 1692 1011 quid
1718 943 2000 1008 oﬁ‘eratur,

419 1045 516 1101 pro
538 1030 734 1100 quibus
758 1029 1036 1094 oﬂ‘eratur,
1088 1031 1229 1085 idem
1273 1031 1389 1100 ipse
1428 1048 1568 1087 unus
1592 1043 1860 1102 Verusque
1888 1047 2003 1086 me—

418 1123 596 1178 diator
639 1139 740 1194 per
784 1123 1112 1178 sacriﬁcium
1155 1121 1308 1193 pacis
1360 1124 1715 1179 reconcilians
1756 1138 1855 1178 nos
1891 1123 2000 1178 Deo

417 1230 586 1270 unum
635 1213 792 1286 [Cod.
862 1213 1005 1281 γαίη
1063 1217 1310 1289 uilicum]
1365 1232 1488 1270 cum
1544 1215 1635 1271 illo
1690 1214 1860 1277 foret,
1913 1213 2001 1268 cui

411 1305 695 1369 oﬁ‘erebat,
743 1321 908 1360 unum
939 1307 1000 1360 in
1021 1321 1082 1362 se
1111 1307 1339 1374 faceret,
1367 1323 1466 1377 pro
1491 1307 1686 1376 quibus
1715 1304 1997 1365 oﬁ‘erebat,

415 1414 554 1453 unus
581 1399 696 1469 ipse
726 1406 893 1462 esset,
943 1399 1037 1468 qui
1073 1399 1335 1454 oﬁerebat
1378 1409 1434 1455 et
1478 1399 1622 1468 quod
1668 1397 1992 1452 offerebant

414 1488 600 1544 Nonne
620 1488 967 1559 perSpicuum
1005 1499 1093 1545 est
1132 1491 1220 1546 his
1250 1490 1410 1561 189
1434 1490 1616 1545 verbis
1651 1489 1792 1544 beati
1819 1489 2000 1558 Augu-

409 1579 541 1633 stini
582 1578 724 1634 bene
768 1578 1072 1643 intellectis,
1121 1581 1208 1635 cui
1251 1582 1354 1636 hoc
1397 1580 1726 1636 sacriﬁcium
1773 1579 2001 1633 obtulit?

412 1669 527 1725 Nisi
558 1669 698 1725 forte
725 1671 847 1740 quis
877 1673 1076 1726 audeat
1100 1673 1301 1736 dicere,
1334 1673 1480 1727 aliud
1517 1687 1638 1727 esse
1673 1671 1999 1726 sacriﬁcium

409 1765 554 1833 quod
585 1765 694 1819 Deo
717 1765 868 1820 Patri
903 1765 1141 1820 oblatum
1169 1773 1271 1830 est,
1301 1764 1445 1819 aliud
1489 1765 1723 1834 pretium
1762 1778 1870 1832 quo
1908 1778 1995 1817 re-

410 1858 614 1928 dempti
660 1874 864 1913 sumus.
904 1858 963 1912 in
1009 1858 1258 1912 omnibus
1302 1856 1532 1926 injuriis,
1585 1857 1889 1927 opprobriis
1934 1871 1999 1910 ac
2032 1860 2074 1920 Β

410 1948 774 2018 passionibus,
821 1963 958 2018 quas
1005 1949 1200 2003 unicus
1245 1947 1339 2002 Dei
1383 1947 1551 2002 Filius
1597 1947 1854 2002 sustinuit
1896 1962 1995 2016 pro

409 2038 591 2104 nobis,
644 2039 775 2109 quid
824 2047 1036 2110 gestum
1082 2046 1185 2102 est,
1237 2038 1339 2093 nisi
1388 2037 1588 2092 oblatio
1629 2053 1728 2107 pro
1759 2038 1996 2106 peccatis

411 2133 636 2197 nostris,
676 2133 778 2187 nisi
813 2133 1049 2202 pretium
1088 2132 1474 2202 redemptionis
1515 2132 1750 2186 nostrae?
1796 2131 1865 2185 Et
1905 2148 1996 2186 suo

409 2221 674 2292 pertiuum
715 2221 928 2276 videtur
957 2236 1202 2291 quaerere
1237 2223 1360 2291 quis
1391 2223 1532 2276 hanc
1558 2221 1882 2276 oblationem
1912 2221 1996 2276 vel

407 2314 518 2368 hoc
561 2313 794 2383 pretium
842 2315 1158 2384 accepisset,
1192 2315 1322 2369 dum
1360 2313 1552 2368 beatus
1586 2313 1784 2369 Paulus
1807 2315 1859 2368 in
1885 2323 1997 2369 ter-

411 2404 550 2458 tium
591 2412 778 2474 raptus
819 2403 1015 2460 ctelum
1043 2405 1150 2459 tale
1177 2405 1244 2460 de
1269 2419 1360 2469 eo,
1399 2405 1492 2474 qui
1522 2413 1608 2459 est
1650 2405 1904 2460 sacerdos
1941 2409 1997 2459 et

411 2493 624 2557 hostia,
666 2495 901 2564 pretium
951 2504 1008 2550 et
1057 2494 1289 2560 oblatio,
1337 2493 1584 2564 proferte
1631 2494 1996 2549 testimonium

410 2599 518 2639 non
545 2585 750 2649 timuit,
779 2585 868 2656 qui
897 2586 1247 2656 semetipsum,
1275 2583 1481 2649 dicens,
1521 2599 1616 2656 pro
1653 2584 1801 2638 nobis
1841 2585 1995 2638 asta-

410 2673 472 2728 lit
499 2673 821 2743 sacriﬁcium
845 2673 953 2728 Deo
981 2675 1037 2727 in
1061 2673 1274 2728 odorem
1300 2675 1575 2728 suavitatis
1607 2673 1823 2744 (Ep/tes.
1843 2689 1894 2737 v,
1912 2671 1991 2743 2).

414 2764 483 2818 Et
511 2765 656 2835 quod
681 2765 792 2819 vita
820 2765 1030 2820 venerit
1057 2767 1123 2820 ad
1154 2774 1384 2821 mortem
1424 2774 1657 2821 testatur
1700 2767 1840 2820 idem
1880 2765 1994 2818 Au-

409 2856 659 2925 gustinus
710 2856 763 2910 in
815 2856 1243 2926 quinquagesimi
1291 2856 1467 2910 octavi
1515 2855 1709 2927 psalmi
1758 2861 1993 2909 tractatu

411 2949 610 3020 (Serm.
633 2950 689 3014 2,
716 2967 772 3004 ιι.
801 2950 856 3021 4)
885 2968 900 3004 :
929 2971 949 3002 ι
972 2951 1111 3017 Quid
1154 2958 1337 3004 autem
1381 2949 1644 3012 fecerunt,
1698 2950 1889 3018 inquit,
1939 2948 1994 3002 in

409 3039 664 3095 Christo?
702 3039 818 3094 Non
865 3040 1058 3106 vitam,
1105 3041 1200 3095 sed
1246 3049 1477 3094 mortem
1521 3039 1852 3094 occiderunt.
1885 3039 1994 3093 Ex-

411 3130 611 3183 stineta
635 3130 833 3198 quippe
859 3139 1056 3194 morte,
1077 3130 1187 3184 vita
1211 3130 1561 3185 resurrexit.-
1593 3129 1708 3199 lpse
1727 3145 1856 3184 vero
1873 3128 1994 3183 Sal-

411 3228 569 3273 vator
592 3227 796 3282 noster,
818 3222 870 3274 in
896 3231 1156 3290 quantum
1182 3222 1448 3276 medicina
1469 3229 1553 3276 est
1577 3229 1632 3276 et
1652 3220 1818 3284 salus,
1842 3219 1996 3275 nobis
2023 3234 2069 3290 ε

409 3311 573 3365 datus
607 3317 720 3376 est,
761 3311 900 3366 sicut
927 3313 1124 3367 dicitur
1145 3328 1174 3365 a
1202 3311 1464 3382 propheta
1493 3330 1505 3364 :
1535 3309 1708 3364 Filius
1736 3310 1892 3362 datus
1920 3318 1994 3362 est

415 3399 583 3463 nobis,
617 3410 667 3455 et
696 3402 869 3471 factm
891 3413 966 3456 est
999 3403 1324 3472 principatus
1365 3402 1480 3471 ejus
1523 3417 1679 3470 super
1718 3400 1991 3453 humanam

408 3495 525 3566 ejus
554 3495 710 3566 (Isai.
743 3511 820 3560 nt,
849 3495 926 3566 6).
959 3493 1179 3549 Scilicet
1217 3495 1370 3549 lsaac
1406 3508 1624 3547 crucem
1665 3491 1900 3561 portavit
1939 3491 1993 3545 in

411 3587 654 3642 humeris
707 3587 776 3640 ad
830 3585 1251 3640 immolationem
1297 3584 1400 3639 sui.
1454 3582 1598 3637 idem
1648 3581 1900 3637 sacerdos
1941 3588 1998 3634 et

411 3677 736 3732 sacriﬁcium
763 3677 874 3732 Deo
907 3675 1058 3731 Patri
1084 3693 1116 3730 a
1143 3677 1435 3745 semetipso
1460 3673 1672 3728 oblatus
1697 3687 1798 3743 pro
1822 3671 1996 3726 salute

413 3776 602 3822 nostra
628 3768 682 3820 in
699 3768 922 3822 odorem
952 3767 1254 3822 suavitatis.
1289 3766 1364 3820 De
1387 3781 1494 3835 quo
1518 3763 1786 3834 Propheta
1814 3761 1997 3817 Domi-

409 3873 542 3912 num
560 3857 774 3927 jurasse
813 3858 943 3912 dicit
971 3875 984 3910 :
1013 3857 1090 3910 Tu
1113 3874 1166 3912 es
1187 3856 1430 3911 sacerdos
1451 3857 1507 3910 in
1532 3865 1782 3910 internum
1811 3869 1995 3907 secun-

408 3950 538 4004 dum
585 3951 820 4005 ordinem
860 3949 1237 4005 Melchisedech
1283 3947 1478 4021 (I’sal.
1530 3963 1638 4010 etx,
1685 3946 1783 4016 Δ).
1841 3945 1994 4012 Quod

407 4042 778 4097 testimonium
837 4042 1030 4096 beatus
1070 4040 1373 4112 Cyprianus
1410 4041 1601 4094 doctor
1649 4037 1896 4108 egregius
1941 4045 1997 4090 et

408 4141 618 4204 martyr
638 4132 903 4204 gloriosus
919 4132 995 4187 ita
1017 4131 1238 4201 intelligi
1261 4130 1432 4184 voluit
1455 4129 1646 4200 (Epist.
1673 4127 1792 4198 65):
1817 4147 1834 4177 ι
1858 4127 1993 4180 Nam

413 4225 535 4292 quis
573 4225 770 4292 magis,
813 4224 1004 4292 inquit,
1042 4221 1295 4276 sacerdos
1323 4220 1419 4274 Dei
1453 4219 1648 4274 summi
1687 4233 1850 4286 quam
1888 4216 1996 4271 Do-

410 4313 591 4366 minus
634 4319 821 4367 noster
864 4310 1023 4366 Jesus
1065 4309 1340 4374 Christus,
1383 4308 1474 4378 qui
1522 4307 1845 4362 sacriﬁcium
1882 4307 1994 4361 Deo

403 4405 557 4460 Patri
597 4404 812 4469 obtulit,
860 4411 916 4459 et
959 4402 1154 4458 obtulit
1200 4403 1303 4457 hoc
1348 4401 1492 4456 idem
1527 4399 1670 4470 quod
1709 4399 1990 4454 Melchise-

406 4495 542 4550 dech
567 4495 856 4561 obtulerat,
881 4495 935 4548 id
967 4503 1052 4550 est
1073 4509 1268 4566 panem
1297 4499 1352 4547 et
1379 4493 1584 4556 vinum,
1611 4489 1812 4564 [suum]
1846 4491 1992 4545 scili-

2104 579 2308 648 Spiritu
2348 585 2536 633 sancto
2582 579 2750 633 vitam
2796 578 3139 633 credentibus
3185 579 3238 632 in
3280 594 3358 633 se.
3389 580 3534 636 idem
3567 582 3678 637 Deo

2101 678 2159 725 et
2194 671 2317 723 vivo
2359 670 2670 740 unigenitus
2699 669 2796 724 Dei
2819 669 2987 724 Filius
3021 668 3282 724 Dominus
3308 678 3494 725 noster
3519 671 3678 728 Iesus

2097 760 2370 825 Christus,
2407 762 2560 831 cujus
2593 761 2712 817 laus
2738 769 2793 815 et
2823 761 2994 830 gloria
3021 760 3075 814 in
3105 759 3299 816 saecula
3327 763 3674 833 sempiterna.

2171 893 2226 948 lu
2257 891 2431 948 Patris
2459 901 2512 949 et
2531 893 2676 959 Nati,
2705 893 2958 949 Paracliti
2985 903 3040 948 et
3068 893 3286 949 nomine
3312 908 3506 965 magno

2244 985 2324 1040 Sit
2362 987 2454 1041 tibi
2486 986 2837 1056 prosperitas,
2869 987 3056 1055 gloria,
3088 986 3217 1050 vita,
3249 986 3413 1041 salus.

2171 1076 2215 1132 Ο
2246 1076 2317 1130 ιιιί
2348 1076 2518 1131 dulcis
2551 1091 2702 1130 amor
2731 1076 2915 1139 David,
2947 1076 3162 1132 insecla
3190 1075 3386 1131 valeto.

2243 1169 2324 1223 Sit
2356 1169 2491 1233 laus,
2526 1169 2638 1235 lux,
2670 1169 2861 1236 virtus,
2891 1168 3137 1224 Christus
3164 1168 3363 1238 ubique
3389 1167 3503 1223 tibi.

2172 1279 2439 1334 Fortassis
2459 1280 2804 1335 Atheniensis
2825 1280 3063 1351 scphista
3080 1297 3146 1334 ex
3169 1282 3476 1337 academica
3497 1283 3682 1339 schola

2100 1374 2404 1442 hujusmodi
2433 1374 2655 1444 protulit
2681 1375 3060 1442 qumtionem;
3106 1391 3228 1430 cum
3257 1391 3364 1446 quo
3394 1376 3686 1435 Platonicis

2098 1464 2373 1535 paulisper
2401 1465 2561 1519 liceat
2591 1466 2922 1533 argumentis
2956 1466 3117 1521 verba
3155 1482 3461 1523 conserere.
3513 1468 3685 1525 Porro

2099 1555 2316 1609 beatum
2371 1552 2593 1610 Paulum
2645 1556 2872 1626 legimus
2911 1573 3032 1612 cum
3073 1558 3260 1613 stoicis
3299 1559 3596 1628 disputare,
3625 1570 3684 1614 ut

2100 1661 2288 1699 eorum
2316 1661 2409 1700 eos
2439 1646 2736 1716 disciplinis
2782 1647 2849 1701 ab
2888 1661 3075 1701 errore
3133 1647 3185 1701 in
3239 1648 3384 1702 viam
3435 1649 3685 1705 veritatis

2102 1737 2493 1791 transduceret.
2552 1736 2686 1792 Nam
2737 1747 2792 1792 et
2842 1738 3071 1808 populus
3098 1739 3217 1803 Dei,
3273 1741 3620 1798 redimendus
3651 1758 3680 1796 a

2101 1825 2358 1879 servitute
2383 1824 2693 1892 durissima,
2729 1826 3064 1898 Egyptiacis
3102 1828 3304 1883 ditatus
3329 1830 3550 1898 divitiis,
3578 1832 3681 1888 du-

2100 1931 2217 1970 cem
2248 1932 2278 1970 a
2309 1915 2419 1970 Deo
2445 1916 2707 1972 directum
2735 1927 2970 1984 secutus,
3023 1935 3091 1974 ex
3120 1921 3316 1990 quibus
3347 1920 3399 1975 in
3427 1923 3685 1978 taberna-

2097 2006 2204 2062 culi
2259 2007 2668 2064 aadiﬁcationem
2719 2008 2948 2079 plurima
2997 2010 3107 2065 Deo
3155 2011 3295 2065 dona
3323 2012 3534 2066 obtulit.
3572 2011 3686 2067 Cur

2097 2114 2204 2152 non
2233 2107 2343 2153 tam
2369 2099 2644 2170 praeclaris
2672 2101 2916 2156 eruditus
2944 2102 3204 2172 exemplis
3249 2098 3560 2158 dialecticos
3605 2103 3684 2158 illi

2096 2191 2479 2258 quaestionario
2527 2193 2878 2262 proponimus
2925 2194 3307 2264 syllogismos,
3359 2203 3419 2248 ut
3456 2209 3681 2250 suorum

2095 2281 2370 2336 sauciatus
2413 2282 2580 2337 armis
2623 2283 2678 2336 in
2717 2281 2968 2339 catholici
3000 2286 3271 2340 exercitus
3298 2285 3475 2341 libens
3500 2295 3684 2340 castra

2095 2382 2358 2428 recurrat.
2410 2373 2507 2429 Dic
2535 2415 2551 2441 ,
2599 2391 2730 2446 rogo
2753 2416 2770 2441 ,
2805 2375 2890 2431 dic
2919 2417 2933 2439 ,
2987 2377 3175 2433 doctor
3219 2378 3681 2448 prudentissime!

2098 2474 2351 2521 utrumne
2399 2482 2548 2522 mors
2593 2468 2663 2523 sit
2691 2469 3034 2524 substantia?
3076 2469 3350 2539 Quatenus
3379 2471 3680 2536 videamus,

2097 2558 2143 2612 si
2196 2557 2354 2628 dig-ne
2388 2558 2495 2614 dici
2533 2558 2726 2615 debeat
2761 2568 2969 2614 tantum
3015 2576 3136 2616 eam
3185 2562 3487 2632 suscepisse
3539 2577 3679 2632 prte-

2097 2651 2266 2705 mium
2297 2636 2451 2722 [Codi
2488 2649 2632 2718 Vat.,
2668 2653 2905 2724 suscepit
2948 2651 3226 2724 pretium].
3261 2653 3426 2724 igitur
3457 2655 3503 2709 si
3533 2671 3683 2710 mors

2097 2742 2400 2796 substantia
2444 2751 2548 2806 est,
2578 2749 2825 2798 creatura
2859 2743 2953 2797 Dei
2978 2752 3084 2809 est,
3111 2745 3237 2813 quia
3273 2744 3414 2798 nulla
3444 2754 3529 2800 est
3553 2747 3681 2801 sub-

2098 2832 2313 2893 stantia,
2349 2833 2451 2886 nisi
2482 2842 2576 2887 aut
2603 2817 2718 2904 ἰρεό
2745 2835 2848 2900 sit,
2878 2842 2970 2888 aut
2997 2851 3027 2888 a
3056 2850 3116 2890 se
3139 2844 3344 2890 creata.
3385 2835 3444 2890 Si
3490 2851 3618 2892 vero
3646 2853 3680 2894 a

2098 2923 2210 2978 Deo
2261 2933 2440 2978 creata
2497 2940 2644 2980 mors
2690 2935 2793 2991 est,
2825 2925 2965 2980 inter
2991 2941 3156 2996 opera
3189 2943 3284 2982 sex
3313 2923 3519 2984 dierum
3557 2945 3682 2984 eam

2099 3027 2219 3068 esse
2245 3023 2484 3070 creatam
2511 3017 2713 3070 nemini
2756 3017 2999 3071 dubitare
3028 3017 3190 3082 licet;
3224 3019 3348 3086 quia
3381 3019 3493 3088 ipse
3526 3033 3684 3075 crea-

2101 3113 2204 3169 tor,
2234 3114 2292 3159 ut
2319 3114 2504 3160 sancta
2533 3106 2698 3160 refert
2727 3107 2974 3171 historia,
3003 3118 3156 3163 sexto
3184 3110 3270 3163 die
3286 3109 3685 3164 consummavit

2100 3213 2263 3266 opera
2300 3213 2396 3252 sua
2435 3207 2490 3254 et
2527 3199 2580 3252 in
2609 3200 2838 3270 septimo
2867 3201 3133 3271 requievit
3170 3202 3238 3256 ab
3276 3202 3524 3257 omnibus
3551 3217 3684 3270 ope-

2104 3289 2251 3342 ribus
2279 3289 2391 3344 suis
2426 3288 2580 3360 (Gen.
2610 3306 2670 3355 ιι,
2706 3290 2783 3360 2).
2817 3290 2875 3344 Si
2917 3291 3082 3361 igitur
3116 3292 3256 3346 inter
3289 3291 3405 3346 illos
3445 3307 3539 3346 sex
3563 3292 3687 3346 dies

2098 3395 2246 3434 mors
2269 3387 2450 3434 creata
2481 3395 2600 3435 esse
2629 3396 2738 3435 non
2767 3371 3056 3447 invenitur,
3084 3383 3269 3453 utique
3295 3390 3546 3437 creatura
3572 3398 3688 3436 non

2097 3483 2200 3526 est.
2253 3472 2320 3526 Et
2355 3472 2401 3526 si
2452 3480 2700 3527 creatura
2729 3489 2834 3527 non
2861 3482 2945 3527 est
2973 3513 2987 3538 ,
3041 3489 3168 3544 ergo
3198 3490 3297 3529 nec
3325 3474 3527 3544 aliquid
3555 3474 3685 3528 sub~

2098 3563 2317 3616 stantia.
2355 3559 2465 3616 Nec
2491 3561 2672 3632 plane,
2719 3563 2980 3633 quidquid
3011 3565 3222 3618 nomine
3251 3563 3444 3617 mortis
3473 3563 3683 3633 signiﬁ-

2098 3652 2210 3706 cari
2238 3650 2467 3714 videtur,
2495 3652 2648 3721 prius
2689 3650 2790 3705 fuit
2839 3668 3001 3722 quam
3033 3651 3188 3707 homo
3213 3660 3512 3720 peccasset.
3544 3651 3681 3718 Qua:

2097 3751 2181 3798 cst
2199 3742 2475 3813 originalis
2500 3743 2705 3812 peccati
2726 3757 2908 3810 pmna,
2931 3744 3072 3798 inter
3093 3741 3378 3811 originales
3398 3750 3682 3798 creaturas

2100 3834 2357 3889 condita?
2381 3835 2559 3903 Atque
2609 3834 2730 3888 ideo
2768 3849 2869 3890 nec
2919 3843 3064 3890 recte
3105 3834 3488 3890 creatura-dici
3520 3851 3684 3907 posse

2097 3929 2378 3998 probatur.
2413 3926 2470 3981 Si
2494 3943 2622 3982 vero
2648 3926 2806 3998 190
2830 3928 2930 3982 hac
2957 3927 3234 3982 dialectica
3261 3926 3520 3997 praefatus
3569 3943 3683 3982 ma-

2094 4023 2262 4093 gister
2288 4022 2497 4077 ratione
2526 4022 2850 4076 credendum
2877 4037 2982 4076 non
3008 4021 3241 4077 testimet
3268 4061 3282 4085 ,
3311 4031 3542 4076 mortem
3573 4037 3683 4076 non

2098 4129 2219 4169 esse
2253 4121 2512 4177 creatam,
2542 4112 2637 4166 Dei
2686 4113 2768 4166 vel
2800 4124 3000 4190 sancun
3029 4111 3323 4183 Scriptura:
3370 4112 3682 4168 testimonio

2097 4203 2303 4267 credat,
2339 4218 2460 4273 qua:
2488 4202 2640 4268 dicit,
2670 4212 2729 4256 ut
2759 4202 2956 4274 legitur
2987 4220 3000 4256 :
3034 4199 3292 4256 Dominus
3329 4212 3548 4256 mortem
3577 4219 3679 4256 non

2098 4296 2219 4366 fecit
2249 4295 2403 4368 (Sap.
2436 4311 2474 4359 ι,
2502 4294 2610 4365 l3).
2643 4294 2811 4365 Igitur
2853 4294 2898 4348 si
2939 4294 3199 4348 Dominus
3225 4308 3346 4347 eam
3374 4307 3483 4346 non
3512 4291 3637 4346 fecit
3661 4330 3676 4355 ,

2096 4388 2306 4456 utique,
2327 4395 2388 4440 ut
2413 4385 2673 4450 diximus,
2704 4401 2803 4441 nec
2827 4393 3074 4441 creatura
3099 4393 3201 4439 est.
3227 4384 3337 4440 Nec
3363 4384 3506 4438 aliud
3532 4384 3679 4437 vide-

2099 4489 2187 4533 tur
2206 4493 2325 4533 esse
2350 4485 2619 4543 mortem,’
2645 4476 2749 4530 nisi
2777 4476 3100 4530 absentiam.
3139 4473 3276 4541 Quia
3305 4474 3391 4528 ubi
3417 4473 3524 4526 vita
3545 4469 3677 4539 aju-

403 4593 494 4639 cet
520 4598 716 4655 corpus
748 4594 805 4640 et
832 4586 1168 4656 sanguinem.
1189 4604 1210 4636 ι
1241 4583 1347 4638 Pro
1381 4583 1535 4638 nobis
1563 4582 1776 4647 obtulit,
1806 4589 1865 4635 ut
1891 4596 1989 4635 nos

2098 4579 2315 4626 ventute
2332 4568 2448 4642 [F.,
2466 4569 2701 4643 vivente]
2731 4569 2967 4635 recedet,
2991 4570 3062 4623 ibi
3089 4570 3193 4627 erit
3215 4569 3345 4624 illud
3367 4567 3507 4638 quod
3525 4579 3678 4622 mors

403 4691 470 4730 ee
493 4675 783 4732 redimeret
817 4677 1104 4732 sacriﬁcio.
1147 4677 1466 4746 Utrumque,
1497 4683 1552 4731 et
1577 4691 1676 4746 pro
1704 4675 1858 4730 nobis
1894 4675 1992 4730 ob—

404 4769 526 4824 tulit
561 4770 668 4824 hoe
709 4769 1056 4833 sacriﬁcium,
1098 4778 1155 4824 et
1196 4770 1349 4824 nobis
1397 4770 1545 4824 dedit
1585 4767 1986 4850 in’memoriale

403 4859 818 4930 sempiternum,
851 4859 994 4914 sicut
1021 4859 1074 4914 in
1103 4859 1391 4931 Evangelio
1420 4859 1614 4929 legitur
1641 4876 1652 4910 :
1687 4857 1756 4910 Et
1778 4867 1987 4926 accepto

405 4963 561 5022 parte,
589 4952 764 5023 inquit
783 4950 1137 5022 evangelista,
1159 4953 1357 5022 gratias
1379 4951 1479 5022 egit
1501 4960 1547 5003 et
1571 4949 1742 5018 fregit,
1771 4957 1818 5001 et
1843 4947 1986 5002 dedit

405 5044 484 5097 eis
514 5043 689 5098 dicens
711 5060 730 5099 ε
755 5041 870 5097 Hoc
897 5053 968 5097 est
999 5059 1186 5112 corpus
1218 5058 1389 5096 meum
1415 5039 1555 5111 quod
1586 5056 1693 5109 pro-
1719 5039 1858 5093 vobis
1887 5038 1986 5093 da-

401 5146 506 5188 tur.
537 5133 653 5189 Hoc
678 5134 835 5205 facite
856 5135 913 5188 in
934 5150 1103 5188 meam
1129 5131 1691 5187 commemorationem.
1736 5128 1994 5185 Similiter

399 5236 448 5280 et
489 5225 706 5281 calicem
760 5237 1032 5298 postquam
1079 5225 1293 5280 coenavit
1334 5223 1553 5277 dicens:
1585 5220 1688 5276 Hic
1731 5232 1806 5278 est
1852 5221 1994 5276 calix

403 5316 543 5373 Novi
569 5317 886 5373 Testamenti
906 5319 962 5372 its
984 5317 1238 5387 sanguine
1265 5331 1399 5379 meo,
1427 5314 1567 5384 quod
1591 5331 1687 5384 pro
1712 5314 1854 5368 vobis
1874 5313 1994 5382 futt-

395 5407 549 5460 detur
569 5409 721 5481 (Luc.
737 5425 875 5474 am,
897 5407 1108 5481 19,20).
1121 5407 1266 5462 Idem
1284 5407 1465 5476 itaque
1484 5406 1657 5461 victor
1677 5413 1734 5461 et
1750 5405 1994 5466 victima,

395 5507 453 5550 et
479 5499 602 5555 ideo
625 5502 801 5557 victor
820 5503 949 5572 quia
985 5501 1225 5555 victima.
1262 5499 1408 5554 idem
1443 5499 1625 5567 itaque
1654 5496 1906 5552 sacerdos
1933 5500 1988 5547 et

400 5590 745 5657 sacriﬁcium,
772 5603 826 5649 et
858 5595 978 5650 ideo
1011 5594 1269 5650 sacerdos
1292 5593 1421 5662 quia
1446 5589 1798 5646 sacriﬁcium.
1831 5587 1888 5642 ln
1920 5599 1984 5640 ea

397 5680 593 5752 quippe
639 5691 831 5737 natura
873 5685 1154 5747 sacerdos,
1182 5684 1310 5753 quia
1347 5681 1694 5744 sacriﬁcium,
1733 5676 1996 5733 excelsior-

398 5768 552 5823 βαιὴ·
579 5768 770 5838 factus,
815 5788 1013 5840 semper
1059 5775 1201 5826 rirus
1248 5769 1602 5840 intcrpelhrsse
1649 5769 1834 5840 (Hebr.
1884 5783 1990 5834 γυ,

2099 4664 2326 4729 dicitur;
2366 4663 2508 4718 sicut
2551 4663 2788 4717 tenebras
2823 4661 2896 4716 nil
2924 4660 3069 4717 aliud
3105 4670 3252 4725 sunt,
3291 4660 3396 4716 nisi
3433 4658 3678 4714 absentia

2096 4756 2248 4812 lucis.
2277 4755 2349 4810 At
2369 4755 2415 4810 si
2438 4770 2584 4809 mors
2613 4762 2862 4810 creatura
2886 4770 2992 4808 non
3023 4760 3202 4818 est,ut
3225 4765 3352 4806 vere
3374 4751 3677 4807 divinarum

2094 4847 2405 4904 testimonio
2424 4847 2746 4912 litterarum,
2775 4844 2856 4900 vel
2902 4852 3344 4915 argumentorum
3371 4840 3679 4899 rationabili

2094 4940 2416 4996 necessitate
2453 4939 2742 5008 probatum
2783 4945 2886 5000 est,
2919 4937 3188 5007 quomodo
3226 4935 3474 5004 accipere
3503 4933 3678 5002 potuit

2094 5033 2324 5104 pretium
2357 5033 2606 5086 omnibus
2631 5030 2895 5086 creaturis
2917 5028 3283 5084 excellentius.
3317 5024 3586 5094 Quidquid
3622 5023 3676 5076 in

2094 5126 2305 5182 Domini
2343 5124 2638 5180 Salvatoris
2685 5123 2855 5178 nostri
2898 5123 3148 5192 passione
3173 5119 3435 5174 diabolica
3476 5114 3675 5172 invidia

2095 5218 2178 5272 vel
2213 5216 2432 5272 Iudaica
2457 5215 2681 5286 perﬁdia
2713 5224 2921 5285 gestum
2949 5229 3068 5268 esse
3105 5212 3333 5282 legitur,
3363 5209 3466 5264 hoc
3503 5215 3680 5262 totum

2095 5311 2196 5368 fuit
2218 5311 2413 5367 divinat
2441 5309 2657 5378 pietatis
2682 5308 3012 5379 dispensatio
3029 5348 3045 5372 ,
3097 5321 3228 5362 usus
3255 5318 3442 5358 eorum
3471 5299 3678 5356 malitia

2097 5406 2150 5460 in
2178 5419 2236 5460 se
2266 5402 2382 5474 [F.,
2406 5400 2538 5473 sum]
2569 5401 2824 5455 bonitatis
2853 5400 3104 5456 effectum
3151 5405 3458 5464 nostrteque
3484 5391 3680 5446 salutis

2087 5494 2407 5566 profectum.
2438 5493 2510 5546 At
2553 5491 2812 5564 quidquid
2862 5493 3108 5548 diabolus
3153 5507 3250 5562 per
3276 5502 3464 5544 eorum
3497 5483 3678 5541 carni-

2088 5586 2218 5642 ﬁoas
2243 5600 2436 5639 manus
2465 5583 2579 5640 suis
2608 5582 2724 5656 [F.,
2742 5582 2908 5656 juris]
2938 5584 3170 5654 gessisse
3192 5578 3420 5652 putavit,
3464 5577 3568 5631 hoc
3594 5583 3678 5628 to-

2086 5686 2201 5733 tum
2234 5677 2374 5732 illius
2398 5677 2488 5748 qui
2516 5691 2704 5746 passus
2731 5687 2813 5732 est
2833 5716 2846 5739 ,
2888 5675 3186 5748 voluntaria
3217 5671 3318 5728 fuit
3343 5667 3633 5741 permissio
3659 5703 3678 5728 ,

2085 5769 2167 5825 vel
2195 5769 2472 5838 dispositio
2499 5809 2514 5835 ,
2560 5785 2664 5825 non
2703 5765 2946 5825 mo’rtulis
2978 5765 3273 5824 dominatio
3305 5759 3676 5819 necessitatis.
