4012 6188
335 314 443 372 457

1733 307 2115 367 ενιετοωε.
2130 352 2135 369 ι

3500 307 3617 365 4Ξῆ

335 428 402 483 Et
428 424 629 482 mirum
658 402 928 494 quomodo
954 423 1114 480 morti
1142 424 1273 480 dare
1312 423 1546 495 pretium
1593 430 1875 493 putaretur
1905 462 1920 487 ,
1951 429 2000 486 Α
2024 420 2280 476 sistentes
2326 424 2504 474 autem
2550 416 2779 473 viriliter
2811 417 3092 483 obviandi;
3142 417 3290 473 dubii
3314 474 3319 481 ,
3345 432 3473 472 vero
3521 417 3610 471 vel-

333 517 429 588 qui
444 515 612 571 morti
639 514 777 569 nihil
799 513 1018 570 debuit?
1047 530 1149 570 nec
1179 529 1328 571 mors
1347 553 1365 579 ,
1407 514 1550 569 sicut
1575 513 1778 569 dictum
1802 520 1888 569 est
1906 553 1922 579 ,

334 602 640 664 substantia
670 613 775 670 est,
807 613 869 661 ut
897 603 1002 660 tale
1048 605 1285 675 pretium
1325 605 1448 676 jure
1496 619 1791 675 exposcere
1826 620 1924 676 po-

336 701 545 756 tuisset.
1386 730 1391 735 ι

797 801 825 830 ⁸
857 788 1195 853 EPISTOLA
1232 787 1460 843 CLXVI.

335 899 429 939 σευ
469 896 806 938 (εΑριῐυωιΕ
844 896 1229 939 Αωιοδιτιοκιε
1274 898 1342 937 AD
1398 895 1617 941 BUIDEM
1651 894 1918 934 CAROLUH.

405 974 650 1048 Capitula
679 991 797 1047 quae
825 973 919 1029 tali
947 975 1180 1035 convenit
1203 975 1268 1029 .in
1294 983 1523 1045 “uapore
1548 974 1849 1028 memorari.

404 1070 448 1125 I.
487 1067 876 1124 Testamentum
913 1066 971 1120 in
999 1067 1223 1123 mortuis
1249 1064 1618 1135 conﬁrmatur,
1660 1062 1922 1134 Apostolo

324 1167 669 1233 protestatus
694 1157 884 1230 (Hebr.
913 1174 993 1223 ιι,
1026 1158 1139 1228 Η).
1170 1158 1403 1227 Ideoque
1436 1165 1561 1229 post
1595 1158 1803 1213 obitum
1850 1165 1922 1213 te-

332 1253 554 1309 statoris
582 1250 948 1307 omnimodam
972 1249 1280 1304 ﬁrmitatem
1301 1250 1553 1305 obtinuit.
1578 1248 1731 1316 Quod
1756 1249 1920 1305 etiam

332 1354 465 1419 ante
506 1351 739 1399 mortem
771 1356 1071 1404 consensus
1110 1342 1352 1397 omnium
1397 1340 1755 1396 conﬁrmavit.
1804 1339 1920 1396 Non

333 1436 518 1507 itaque
543 1441 730 1506 postea
755 1432 899 1488 valet
921 1431 1141 1504 infringi
1183 1433 1327 1503 quod
1370 1438 1530 1487 antea
1569 1431 1717 1486 nullo
1760 1432 1920 1488 modo

332 1528 508 1600 potuit
527 1525 848 1597 improbari.
1324 1530 1329 1536 ‘

401 1618 466 1674 ll.
497 1616 820 1687 (hiemique
843 1615 1091 1671 testatori
1116 1614 1391 1685 reperitur
1409 1615 1672 1686 ingratus,
1698 1612 1921 1683 insuper

333 1718 390 1765 et
424 1707 848 1765 contumeliosus
883 1704 1102 1770 existat,
1150 1705 1266 1775 ipse
1306 1703 1410 1760 sibi
1462 1694 1619 1758 testis
1662 1709 1747 1758 est
1794 1703 1919 1772 quia

333 1805 661 1856 testamento
706 1797 900 1869 dignus
938 1810 1048 1852 non
1082 1804 1187 1852 est.
1225 1794 1387 1852 Verbi
1419 1809 1582 1851 causa
1620 1811 1635 1847 :
1665 1792 1922 1849 Chanaan

332 1890 504 1969 patris
523 1887 939 1945 inexhonoratio
960 1900 1179 1942 servum
1204 1885 1514 1950 constituit;
1539 1884 1683 1940 Esau
1701 1891 1923 1954 propter

336 1978 809 2053 intemperantiam
835 1979 1196 2051 primogenita
1234 1978 1494 2048 perdidit;
1533 1977 1721 2032 Ruben
1743 1976 1923 2048 iunio-

334 2076 485 2130 ribus
526 2071 786 2130 fratribus
826 2072 1151 2130 contumelia
1196 2080 1423 2142 paterna
1466 2070 1791 2141 postposuit.
1839 2068 1922 2123 Ad

328 2176 666 2238 postremum
703 2179 920 2237 quoque
952 2179 967 2218 :
998 2162 1109 2230 Qui
1154 2162 1485 2218 maledixerit
1532 2162 1671 2234 patri
1718 2158 1916 2231 (Exod.

333 2275 447 2324 xxi,
480 2259 543 2314 I7
569 2275 584 2325 ;
612 2256 734 2313 Lee.
763 2273 856 2323 xx,
883 2253 948 2327 9)
978 2296 993 2321 ,
1024 2261 1081 2310 et
1103 2253 1329 2324 reliqua.

402 2348 491 2406 Ill.
524 2349 944 2406 Benedictiones
971 2354 1188 2418 patrum
1226 2346 1280 2401 in
1308 2344 1422 2401 tilio
1474 2341 1800 2401 han-editam
1829 2356 1922 2415 ge-

333 2441 556 2496 nuinum
584 2446 691 2496 est.
737 2437 939 2495 Contra
987 2435 1146 2509 leges
1183 2441 1363 2491 autem
1406 2440 1616 2490 natura
1656 2436 1918 2504 pugnant,

332 2532 424 2604 qui
457 2532 776 2604 parantibus
814 2529 1240 2587 inobcdientiam
1268 2542 1364 2584 seu
1401 2527 1794 2584 contumaciam
1824 2541 1920 2597 pa-

328 2634 475 2682 rant.
500 2622 802 2696 Legitimos
839 2623 1008 2694 igitur
1052 2623 1230 2678 haeres
1256 2620 1396 2687 erit,
1418 2619 1517 2690 qui
1540 2618 1790 2691 praeﬁxos
1828 2614 1943 2699 or-t

335 2715 645 2786 dines‘erga
679 2720 934 2784 parentes
962 2713 1217 2769 tenuerit.

403 2806 490 2861 IV.
513 2804 675 2861 Aliud
696 2813 789 2861 est
818 2805 1051 2861 indebite
1074 2804 1375 2866 ciemter
1400 2801 1635 2865 admitti,
1666 2799 1811 2855 aliud
1849 2812 1918 2855 ex

335 2900 516 2956 debito
549 2905 926 2970 competenter
965 2897 1187 2954 ascribi.
1214 2895 1329 2951 Nec
1355 2902 1585 2966 possunt
1622 2908 1690 2949 ex
1734 2888 1918 2950 debito

321 2991 524 3062 ‘repeti,
552 3005 674 3062 quae
706 3004 933 3060 prorsus
956 2987 1193 3045 indebite
1216 3001 1534 3043 concessum
1560 2993 1644 3040 est
1672 2985 1916 3056 adipisci.

333 3078 632 3136 Diversitas
675 3079 943 3149 siquidem
994 3077 1315 3134 meritorum
1376 3075 1720 3132 diversitates
1750 3076 1920 3149 exigit

333 3189 701 3244 praemiorum.

405 3268 470 3322 ν.
500 3267 656 3335 Quod
703 3266 907 3337 optime
959 3275 1140 3331 natus,
1179 3272 1236 3319 et
1274 3261 1647 3318 hereditatem
1681 3258 1921 3331 legitime

334 3368 674 3426 consecutus,
689 3374 863 3430 neque
883 3356 1273 3428 legisantiqum
1292 3370 1386 3410 seu
1408 3368 1565 3408 nova:
1578 3358 1921 3421 contemptor

340 3454 610 3517 inventus,
636 3467 732 3507 nec
752 3452 1014 3507 adversus
1037 3457 1249 3520 patrem
1275 3447 1512 3513 saucius,
1528 3460 1702 3516 neque
1728 3454 1918 3501 contra

335 3543 591 3613 populum
637 3543 974 3608 vulneratus,
1018 3556 1271 3612 magnam
1329 3540 1525 3597 debeat
1566 3537 1919 3595 hmreditandi

335 3650 545 3708 gerere,
574 3635 800 3691 Domino
826 3636 1140 3700 miserante,
1161 3632 1433 3688 ﬁduciam.

405 3728 494 3787 VI.
514 3727 713 3785 Fracto
734 3729 910 3798 capite
924 3726 1167 3797 subjecta
1188 3740 1416 3798 quaeque
1431 3723 1686 3795 languere
1710 3720 1921 3793 perspi-

338 3838 498 3879 cuum
546 3830 650 3889 est,
679 3836 802 3878 cum
832 3819 898 3876 de
934 3818 1191 3875 firmitate
1220 3815 1414 3889 capitis
1442 3815 1609 3871 totius
1635 3812 1919 3884 proveniat

339 3916 685 3973 incolumitas
722 3913 998 3984 corporis;
1030 3927 1131 3968 nec
1157 3916 1385 3984 possunt
1405 3924 1467 3975 ea
1493 3906 1725 3962 sanitate
1751 3919 1921 3961 mem-

336 4009 431 4064 bra
451 4009 663 4067 subdita
687 4005 930 4080 gloriari,
959 4018 1120 4076 quam
1146 4007 1361 4059 constat
1394 3999 1450 4054 in
1486 3996 1663 4071 capite
1694 4012 1801 4052 non
1827 3994 1919 4050 ba-

336 4100 471 4156 beri.

405 4187 518 4244 V'll.
556 4187 658 4243 Hic
686 4187 732 4241 si
760 4187 963 4242 veritas
991 4183 1288 4256 quatritur,
1324 4197 1433 4237 non
1472 4188 1555 4236 est
1609 4176 1915 4248 incognita;

337 4282 382 4338 si
416 4282 579 4347 ratio,
608 4295 716 4336 non
743 4288 827 4336 est
850 4280 1135 4377 ambigtm;
1168 4277 1214 4333 si
1241 4273 1559 4337 auctoritas,
1594 4287 1699 4327 non
1730 4276 1814 4327 est
1839 4268 1921 4323 in-

337 4382 504 4431 certa.
537 4371 805 4441 Quoniam
844 4378 900 4429 et
941 4359 1236 4427 auctoritas
1268 4362 1669 4439 supereminet,
1702 4370 1757 4418 et
1782 4359 1921 4417 ratio

338 4474 507 4538 patet,
539 4474 597 4522 et
625 4466 825 4523 veritas
851 4452 1110 4519 abscondi
1136 4476 1242 4516 non
1266 4467 1465 4531 potest.

411 4559 567 4633 191
592 4557 726 4629 Vili.
765 4556 1063 4628 Tripartita
1110 4552 1489 4610 distributione
1535 4547 1784 4603 videntur
1819 4544 1921 4601 ista

338 4632 520 4707 omnia
549 4632 767 4713 includi,
796 4645 1196 4705 consulentium
1226 4642 1451 4707 scilicet,
1480 4656 1545 4695 ac
1569 4638 1875 4694 nocentium
1906 4678 1921 4704 ,

340 4750 395 4797 et
416 4757 607 4798 eorum
622 4741 717 4810 qui
736 4740 816 4794 sic
841 4739 984 4793 inter
1005 4744 1263 4805 utrosque
1283 4744 1498 4801 seraper
1516 4728 1751 4799 ambigui
1776 4733 1919 4791 sunt,

340 4841 401 4887 ut
433 4845 572 4902 quos
596 4830 846 4886 obtinere
885 4824 1298 4898 perspexerint,
1345 4820 1427 4874 eis
1463 4834 1522 4874 se
1555 4817 1813 4874 continuo
1839 4831 1929 4872 so-

344 4923 505 4980 cient.
558 4921 701 4978 Sunt
726 4934 856 4993 ergo
885 4916 1230 4975 consulentes
1256 4911 1462 4968 utiliter
1485 4907 1793 4979 adiuvandi,
1840 4922 1929 4965 re-

413 5071 441 5103 ι
462 5059 581 5117 Hoc
608 5057 905 5129 capitulare
926 5053 1084 5129 idem
1108 5052 1182 5129 cl1
1190 5122 1201 5129 _
1220 5049 1489 5129 galeatus
1509 5044 1631 5129 loc.
1663 5044 1922 5129 ci_t.npag.

343 5130 449 5188 575
466 5112 589 5187 3a.
618 5112 847 5185 ἰἱὸιιιῑιιε
874 5125 1087 5182 Alcuini
1117 5120 1304 5179 edidit.
1333 5116 1492 5191 Quod
1520 5127 1644 5191 cum
1665 5113 1734 5191 εκι
1759 5112 1927 5191 cars:

345 5182 454 5258 iiii.
488 5182 1046 5272 iagnumigvsimiiiter
1071 5182 1458 5272 directumsit,
1487 5182 1927 5272 epistyliu-

344 5255 648 5329 tes—eodeni
689 5269 876 5327 codice
911 5265 1195 5337 descriptae
1224 5255 1552 5337 subiungere
1588 5255 1830 5337 placuit;
1859 5267 1928 5337 eo

345 5324 660 5415 ῑιῖιοῖίῐιὶὶὲ
682 5324 1022 5415 άιῐᾶΑμουξρί
1048 5324 1301 5415 οὐιιεοιιιφ
1324 5324 1927 5415 «causam»

346 5394 699 5471 Sigei
943 5409 1040 5463 Est
1062 5394 1210 5471 vero,
1234 5413 1299 5461 ut
1326 5394 1569 5485 autumo,
1722 5394 1932 5485 capita:

348 5468 797 5556 ἰὲνῖιὲοεροιιέίο
842 5481 910 5536 ad
958 5468 1445 5556 paneatius?”
1478 5471 1576 5556 Pb.
1603 5468 1932 5556 ἭξεῗὲἮῖ

348 5540 764 5613 consultsiionis
786 5565 947 5609 causa
959 5540 1285 5619 proposita;
1315 5545 1431 5599 haec
1472 5540 1932 5619 fortassislmagis

386 5603 764 5682 }Eii;
778 5603 1115 5692 {imprimi-0
1135 5603 1379 5672 vero'est
1400 5609 1684 5683 generalis.
1723 5608 1744 5679 (
1774 5603 1931 5678 Apud

354 5693 1028 5829 ὟῊὲιῨίόιῗξτέρῗέθ,
1056 5757 1236 5817 Canis.
1268 5754 1355 5813 si.
1384 5752 1636 5828 (Froben.
1679 5743 1823 5818 iss.)
1908 5704 1919 5777 ἕ

2027 509 2420 566 rationabiliter
2461 509 2788 575 attrahendi,
2821 510 2904 575 vel
2933 510 3326 580 circumspecte
3352 507 3605 577 dissimu-

2023 604 2206 670 landi;
2239 603 2557 672 cunctisque
2603 602 3013 659 monstrandum
3042 642 3059 667 ,
3093 615 3193 656 nec
3217 599 3603 675 auctoritatem
3686 632 3693 638 ι

2022 710 2180 766 posse
2203 693 2500 765 corrumpi,
2544 708 2646 749 nec
2677 693 2939 751 rationem
2967 691 3110 746 vinci
3130 730 3144 755 ,
3191 703 3292 747 nec
3318 687 3604 747 veritatem

2022 783 2241 851 penitus
2277 782 2543 852 superari.

2092 874 2184 930 IX.
2218 874 2453 944 Populus
2469 872 2625 942 juxta
2640 872 2950 928 sanctiones
2970 872 3178 927 divinas
3202 871 3479 927 ducendus
3496 878 3605 933 est,

2023 981 2133 1021 non
2179 964 2517 1036 sequendus;
2561 972 2615 1020 et
2653 964 2721 1019 ad
2764 961 3131 1017 testimonium
3160 976 3403 1032 persona:
3430 959 3603 1030 magis

2023 1055 2293 1125 eliguntur
2319 1053 2579 1109 honeste.
2609 1050 2718 1107 Nec
2739 1051 2990 1107 audiendi
3021 1049 3113 1118 qui
3156 1049 3331 1105 solent
3376 1048 3555 1105 dicere
3584 1066 3599 1101 :

2032 1141 2147 1198 Vox
2181 1141 2380 1215 populi,
2408 1158 2507 1197 vos:
2534 1141 2652 1196 Dei.
2680 1140 2820 1197 Cum
2843 1138 3243 1195 tumultuositas
3273 1137 3419 1209 vulgi
3465 1152 3605 1194 sem-

1990 1262 1995 1265 *
2021 1256 2118 1312 per
2145 1239 2367 1294 insania:
2394 1238 2642 1308 proxima
2667 1235 2756 1291 sit.

2091 1330 2160 1386 Χ.
2215 1331 2445 1401 Vulgare
2492 1327 2834 1399 proverbium
2865 1332 2950 1381 est
2980 1341 2992 1378 :
3029 1323 3104 1378 Dc
3136 1322 3275 1385 duro
3317 1328 3607 1392 superatur

1974 1424 2246 1495 ~aliquid,
2269 1425 2335 1481 de
2363 1423 2509 1480 molli
2534 1438 2663 1478 vero
2688 1426 2934 1477 remanet
2962 1417 3118 1474 nihil.
3157 1415 3327 1472 Debet
3349 1423 3529 1470 tamen
3551 1420 3608 1470 et

2021 1518 2283 1587 sapientia
2306 1517 2618 1572 ministrare
2639 1514 3000 1573 constantiam
3020 1553 3037 1579 ,
3066 1520 3121 1568 et
3149 1510 3455 1568 constantia
3475 1522 3604 1578 per-

2021 1609 2191 1665 ﬁcere
2215 1609 2558 1678 sapientiam,
2588 1614 2647 1662 ut
2690 1608 2761 1663 sit
2801 1605 3106 1664 constantia
3148 1602 3389 1673 sapiens,
3418 1608 3473 1656 et
3519 1614 3606 1657 sa-

2021 1700 2219 1771 pientia
2259 1708 2536 1755 constans.
3160 1708 3171 1713 ‘

1952 1773 1998 1835 Β
2096 1790 2186 1848 XI.
2225 1790 2317 1846 Sic
2347 1791 2651 1846 exercenda
2694 1798 2779 1845 est
2825 1787 3140 1860 pradicatio
3184 1785 3353 1855 pacis,
3393 1799 3461 1839 ne
3502 1783 3604 1839 sub

2025 1882 2245 1941 nomine
2294 1882 2517 1952 pietatis
2564 1881 2852 1939 inducatur
2899 1879 3129 1937 assertio
3159 1875 3429 1932 falsitatis.
3469 1872 3602 1931 Nam
3662 1882 3669 1890 ‘

2022 1976 2165 2031 sicut
2186 1989 2376 2044 pacem
2405 1987 2658 2043 rumpere
2684 1972 2979 2040 pessimum
3020 1978 3105 2025 est
3130 2009 3146 2033 ,
3192 1968 3269 2023 ita
3317 1966 3605 2020 veritatem

1994 2095 2007 2107 -
2022 2078 2222 2138 negare
2245 2064 2640 2136 blasphemum.
2674 2062 2897 2117 Multum
2926 2061 3029 2118 sibi
3057 2059 3288 2129 denique
3312 2054 3606 2113 concinnat

2022 2172 2188 2213 verax
2213 2158 2396 2214 unitas
2429 2165 2488 2213 et
2514 2154 2743 2226 paciﬁca
2770 2153 2993 2209 veritas.

2093 2248 2209 2305 XII.
2254 2248 2385 2311 Haec
2426 2256 2483 2304 et
2511 2244 2797 2317 ejusmodi,
2829 2259 2973 2308 reor,
3006 2241 3323 2299 inculcanda
3349 2235 3607 2308 simplici-

2018 2346 2154 2411 bus;
2180 2360 2245 2403 eo
2262 2343 2409 2416 quod
2437 2338 2737 2415 ignorantia
2758 2333 3003 2393 veritatis
3026 2340 3184 2405 cogat
3208 2343 3395 2387 errare
3417 2342 3605 2399 quam-

2019 2440 2303 2512 plurimos.
2336 2437 2508 2495 Porro
2534 2434 2763 2497 veritate
2803 2427 3151 2487 manifestata
3189 2423 3453 2483 contrarii
3473 2436 3605 2479 con-

2019 2530 2336 2595 fundentur,
2358 2526 2519 2583 amici
2542 2523 2945 2585 solidabuntur,
2969 2517 3210 2575 universi
3239 2530 3371 2573 vero
3404 2512 3607 2585 pariter

2019 2618 2368 2677 excusatione
2391 2615 2675 2671 carebunt.
3248 2682 3255 2687 ι

2090 2712 2222 2778 Ista,
2254 2709 2526 2783 supplico,
2571 2706 2858 2777 dignanter
2902 2715 2968 2756 ac
3001 2697 3287 2768 diligenter
3332 2692 3600 2765 inspicite.
3680 2724 3685 2733 μ

2020 2802 2229 2861 Vestra:
2263 2798 2528 2871 siquidem
2572 2792 2848 2853 ﬁdelitatis
2893 2788 3231 2847 immensitas
3280 2783 3610 2853 parvitatem.

2019 2908 2198 2952 meam
2232 2890 2411 2948 reddit
2461 2886 2828 2959 impatientem
2872 2896 2971 2954 pro
3020 2878 3173 2933 vobis
3201 2917 3215 2940 ,
3266 2875 3398 2929 facit
3438 2871 3612 2927 etiam

2020 2998 2185 3056 supra
2212 2982 2358 3041 vires
2383 2978 2693 3036 audentem.
2732 2971 2889 3027 Enim
2915 2984 3045 3024 vero
3076 2966 3233 3022 ﬁdem
3261 2979 3368 3018 non
3400 2959 3601 3033 perdit,

2022 3075 2129 3137 nisi
2153 3073 2247 3144 qui
2271 3084 2544 3141 nunquam
2574 3064 2784 3122 habuit.
2829 3062 2888 3116 In
2919 3058 3072 3130 cujus
3099 3071 3265 3113 manu
3297 3061 3423 3110 sunt
3447 3066 3607 3123 reges

1943 3148 1990 3211 (ἶ
2022 3173 2075 3222 et
2092 3142 2219 3235 jura
2243 3174 2567 3234 regnorum,
2610 3157 2725 3223 ipse
2754 3165 2985 3210 coronas
3016 3154 3226 3205 vestras
3246 3142 3566 3217 multiplicet
3584 3181 3609 3208 ,ἡ

2019 3266 2254 3322 tueatur,
2285 3251 2592 3311 obumbret.

2464 3369 2494 3411 ι»
2520 3363 2857 3424 EPISTOLA
2894 3361 3152 3420 CLXVII.

2389 3458 2459 3498 ΔΙ)
2494 3454 2706 3496 PETRUI
2756 3446 3227 3500 Αῐιοιηεριεεοιιωι.

2020 3536 2361 3595 Commendat
2380 3551 2433 3590 se
2454 3531 2686 3606 paternis
2699 3527 2970 3600 affectibus
2995 3533 3041 3579 et
3068 3521 3234 3577 sacris
3257 3515 3601 3572 orationibus.

2090 3625 2452 3684 Dilectissimo
2466 3624 2520 3678 in
2536 3621 2751 3677 Christo
2766 3616 2914 3671 Patri
2937 3625 2959 3651 α
2984 3612 3144 3667 Petro
3171 3606 3600 3676 archiepiscOpo,

2018 3720 2247 3781 Albinus
2271 3727 2490 3775 αξιοι-ηαξ
2511 3709 2863 3769 beatitudinis
2885 3705 3133 3763 salutem.

2088 3809 2293 3865 Memor
2304 3803 2629 3864 dulcissimae
2645 3796 2963 3855 humilitatis
2984 3803 3040 3851 et
3060 3790 3364 3849 dilectionis
3385 3797 3608 3853 vestrae,

2019 3899 2312 3972 ingemisco
2339 3891 2639 3950 absentiam
2688 3887 2852 3951 illius,
2894 3886 3047 3957 cujus
3088 3882 3364 3939 charitatis
3390 3879 3606 3935 ﬂamma

2019 3968 2264 4049 inrcorde
2286 3984 2525 4045 ardescit
2554 3981 2668 4037 ﬁlii.
2706 3979 2919 4048 Quanta
2949 3983 3033 4031 est
3062 3973 3220 4044 huius
3243 3970 3426 4053 saeculi
3468 3968 3606 4024 infe-

2016 4076 2215 4146 licitas,
2241 4095 2361 4155 qua:
2383 4086 2491 4135 tam
2511 4075 2706 4132 charos
2733 4069 2990 4142 disiungit
3011 4066 3238 4131 amicos,
3265 4070 3386 4133 quae
3432 4062 3602 4119 ﬁlium

2019 4184 2238 4247 separat
2263 4189 2296 4229 a
2322 4180 2496 4244 patre.
2523 4167 2567 4226 Ο
2595 4167 2642 4224 si
2675 4180 2880 4238 pennas
2923 4160 3117 4233 aquilae
3151 4156 3460 4214 habuissem
3489 4194 3503 4217 ,
3546 4160 3609 4206 ut

2019 4244 2330 4326 altitudines
2363 4262 2578 4334 Alpium
2620 4258 2856 4316 velocior
2880 4256 3025 4312 Euro
3048 4250 3385 4308 transvolare
3406 4244 3606 4299 valuis-

2022 4360 2177 4418 sem!
2207 4372 2371 4430 quam
2394 4355 2503 4411 cito
2532 4360 2657 4407 ante
2693 4358 2950 4423 paternos
2998 4343 3270 4401 stetissem
3314 4336 3505 4408 pedes,
3545 4341 3617 4388 ιιι·

2026 4425 2402 4523 refrigerarem
2428 4460 2497 4500 ex
2533 4450 2760 4513 paterna
2798 4437 3008 4493 visione
3037 4432 3277 4506 pectoris
3313 4427 3420 4485 mei
3449 4425 3606 4481 ardo-

1950 4503 2002 4565 D
2203 4503 2336 4595 iSedV
2370 4535 2497 4607 quia
2533 4503 2651 4589 bne
2700 4530 2819 4587 ﬁeri
2846 4545 2952 4585 non
2979 4503 3149 4591 valet,
3191 4523 3479 4580 induamur
3508 4534 3608 4575 nos

2025 4632 2255 4704 duplicis
2283 4626 2564 4685 charitatis
2588 4623 2781 4697 pennis
2812 4639 2825 4678 :
2851 4620 3023 4676 simus
3059 4619 3114 4675 in
3140 4616 3359 4674 Christo
3394 4628 3609 4685 semper

2024 4730 2339 4795 praesentes,
2365 4717 2460 4789 qui
2492 4731 2680 4773 sumus
2710 4714 2765 4770 in
2793 4713 2989 4767 saeculo
3024 4710 3294 4766 absentes.
3339 4704 3480 4773 Quid
3521 4713 3607 4760 est

2029 4818 2287 4881 Charitas,
2328 4813 2434 4870 nisi
2468 4811 2651 4867 unitas
2681 4808 3010 4869 animorum,
3058 4803 3273 4859 dicente
3309 4802 3429 4872 ipsa
3453 4797 3610 4855 Veri-

2029 4920 2139 4968 tate
2163 4953 2178 4978 ,
2230 4910 2358 4966 dum
2387 4922 2487 4979 pro
2525 4905 2638 4962 suis
2680 4907 2864 4959 oraret
2886 4902 2954 4956 ad
2981 4897 3197 4953 Patrem
3225 4909 3241 4950 :
3270 4892 3452 4957 Pater,
3484 4904 3610 4944 con-

2101 5058 2124 5087 ο
2155 5046 2310 5101 Petro
2336 5040 2755 5113 archiepiscopo.
2792 5017 3214 5113 Μθάξοιαιιιιξ-ιξδίἸ
3239 5027 3306 5112 ad
3337 5040 3615 5113 quern‘se-

2029 5097 2539 5189 quentem‘sc‘ripsi't
2566 5097 2869 5189 epistolam.
2901 5106 3063 5189 Rexit
3091 5097 3388 5189 Eccle‘siam

2028 5167 2576 5267 Faiiéh's'e'ih'iuamlo
2594 5167 2704 5236 ’783
2728 5176 2989 5267 usquead
3016 5189 3220 5267 annum
3218 5167 3614 5267 gﬁlbqt‘l‘odail

2030 5252 2715 5396 assueta-tas
2734 5236 3616 5396 stagnabant:

2034 5383 2196 5455 sima.
2220 5383 2288 5449 a‘d
2316 5390 2570 5448 Carolum
2608 5389 2870 5459 Magnum
2910 5386 2977 5459 de
3033 5383 3386 5459 trapslatione
3424 5383 3618 5459 sit-neti

2032 5448 2317 5531 Kiiwg—ustini
2346 5461 2569 5531 Papiam
2597 5448 2740 5531 anno
2767 5455 2873 5511 725
2902 5454 3068 5531 facta.
3096 5453 3365 5531 Cistsws.
3382 5448 3612 5531 I-Nihil

2034 5520 2095 5594 in
2119 5520 2238 5591 Irae
2283 5520 2510 5604 epistola
2550 5529 2827 5609 reperitur
2852 5541 2960 5595 quo
2987 5524 3332 5609 angilbertus
3376 5520 3612 5609 Romam

2031 5623 2260 5688 pergens
2286 5594 2700 5688 commendet—ur
2738 5594 3333 5721 huicarchiepiscopo,
3363 5594 3506 5666 quod
3536 5601 3617 5645 ta-

2036 5695 2158 5735 men
2186 5672 2383 5732 Mabill.
2413 5678 2646 5730 asseruit
2666 5668 2760 5726 lib.
2780 5684 2917 5737 im:
2938 5666 3093 5724 Anna
3120 5707 3133 5723 .
3156 5663 3316 5731 Ben.,
3339 5679 3462 5739 pag.
3487 5660 3611 5717 518.
