4012 6188
271 335 357 389 ιιι
817 332 826 340 ’
929 357 934 360 ·
1671 328 2049 386 -ΕΡιΒΤΟΙιᾹ-Ξ.

3410 336 3517 391 ιη

271 448 435 519 (Cant.
467 457 590 507 vur,
621 441 717 512 7)?
743 441 810 495 Et
833 442 956 512 quis
994 442 1224 507 alienus,
1265 443 1370 496 nisi
1417 457 1572 497 amor
1614 441 1842 496 saeculi?
1870 441 2026 504 Avel
2066 457 2152 498 me
2193 443 2498 510 oﬂ’endere,
2551 454 2611 499 ut
2663 445 2956 517 intelligam
3003 446 3272 509 studium,
3319 448 3373 502 in
3410 463 3516 517 quo

269 537 383 594 Ideo
405 536 512 590 duo
532 534 732 588 servati
762 542 889 587 sunt
912 548 979 588 ex
1002 533 1124 588 filiis
1143 535 1321 588 Aaron
1342 542 1563 605 propter
1579 534 1686 589 duo
1704 549 1842 604 prae-

269 636 415 700 cepta
465 624 788 688 cbaritatis;
847 632 904 678 et
945 624 1052 678 duo
1099 626 1376 694 perierunt
1401 633 1620 695 propter
1661 624 1860 688 saeculi.

265 732 497 775 amorem
527 724 584 770 et
612 723 909 770 amatorem
932 715 1073 770 illius
1103 715 1285 787 (Leuit.
1319 717 1442 781 x,l,
1473 716 1551 786 2).
1579 714 1842 785 Optimam

268 821 454 884 partem
491 807 643 878 elegit
683 808 782 862 sibi
827 806 1026 872 Maria,
1074 823 1191 879 qui:
1222 825 1326 862 non
1371 807 1638 876 auferetur
1681 807 1747 860 ab
1778 822 1841 860 ea

271 903 409 974 (Lac.
437 917 498 966 x,
513 899 626 971 42).
644 899 905 953 Amemus
921 899 1064 968 quod
1087 915 1191 953 non
1214 898 1490 954 auferetur
1517 897 1671 970 [ϐοά.
1698 897 1838 964 Sal.,

269 991 549 1064 adfertur],
566 990 834 1061 fugiamus
856 989 999 1058 quod
1027 988 1229 1043 auferri
1257 997 1452 1059 potest.
1480 989 1707 1058 lmpium
1735 997 1839 1054 est,

267 1083 565 1155 diligentem
607 1097 714 1136 non
738 1079 985 1150 diligere,
1013 1088 1068 1133 et
1098 1079 1414 1134 retribuenti
1448 1094 1554 1133 non
1579 1078 1842 1134 retribue-

267 1191 339 1231 re.
367 1174 505 1240 Quid
533 1171 786 1228 retribuit
825 1169 980 1223 nobis
1016 1168 1193 1222 Deus?
1234 1168 1504 1223 Retribuit
1547 1168 1704 1224 nobis
1741 1183 1841 1238 pro

267 1263 412 1318 malis
450 1261 652 1316 nostris
696 1259 838 1313 bona
867 1272 965 1312 sua
1000 1277 1012 1311 :
1049 1257 1204 1328 193
1235 1257 1596 1312 retribuamus
1643 1258 1694 1312 ei
1741 1273 1840 1326 pro

265 1353 410 1408 benis
435 1351 549 1406 suis
572 1349 714 1404 bona
741 1355 946 1402 nostra.
978 1345 1108 1413 Qum
1134 1353 1263 1400 sunt
1288 1345 1430 1400 bona
1459 1356 1644 1401 nostra
1670 1387 1684 1411 ,
1735 1346 1839 1400 nisi

268 1451 323 1497 ut
341 1441 627 1510 diligamus
646 1453 794 1503 eum,
815 1445 870 1492 et
889 1437 1147 1491 mandata
1166 1437 1284 1507 ejus
1303 1437 1695 1491 observemus?
1721 1451 1841 1505 qua:

265 1542 381 1590 sunt
413 1532 665 1587 mandata
695 1530 860 1594 illius,
898 1529 1000 1594 nisi
1034 1538 1095 1584 ut
1136 1528 1422 1600 diligamus
1469 1529 1741 1584 invicem?
1772 1528 1840 1583 In

267 1625 340 1677 liis
389 1621 593 1676 duobus
641 1621 910 1691 praeceptis
947 1628 1056 1674 tota
1094 1618 1179 1674 lea:
1221 1623 1406 1690 pendet
1456 1629 1504 1673 et
1575 1619 1838 1690 prophetae

265 1713 470 1786 (Natta.
502 1727 642 1778 χιιι,
671 1713 784 1785 40).

1944 533 2113 586 otium
2148 533 2305 588 istius
2343 535 2468 588 anni
2511 536 2832 602 exercuisti;
2881 545 2936 590 et
2981 552 3088 606 quo
3130 537 3379 593 thesauro
3421 554 3519 594 cor

1945 623 2184 692 impleris
2211 633 2385 692 tuum,
2406 625 2580 694 pande
2605 624 2782 692 nobis,
2809 636 2868 681 ut
2899 635 3074 682 tecum
3105 627 3434 697 gaudeamus
3459 628 3519 683 in

1940 713 2083 768 bono
2113 723 2225 768 tuo.
2258 713 2475 770 Utinam
2498 715 2788 784 Evangelia
2817 727 3068 786 quatuor,
3118 734 3224 772 non
3247 716 3518 776 IEneades

1942 802 2256 869 duodecim,
2300 813 2490 873 pectus
2533 806 2838 874 compleant
2887 816 3059 872 tuum,
3091 817 3151 862 ut
3173 823 3237 863 ea
3281 817 3334 864 te
3357 809 3519 864 vehat

1943 890 2137 964 [Edit.,
2169 901 2223 947 et
2267 902 2321 948 te
2345 895 2562 966 avehat]
2591 897 2852 967 quadriga
2880 898 2946 950 ad
2977 899 3214 954 caelestis
3243 899 3392 970 regni
3418 915 3515 970 pa-

1939 983 2147 1049 latium,
2187 986 2279 1040 ubi
2313 994 2397 1040 est
2428 987 2602 1042 honor
2635 989 2949 1046 indeliciens
2975 999 3029 1045 et
3063 1006 3285 1060 regnum
3321 995 3520 1062 sempi-

1940 1079 2178 1140 ternum,
2205 1075 2297 1131 ubi
2321 1091 2420 1144 pro
2443 1093 2531 1132 me
2562 1079 2913 1144 intercedere,
2937 1082 3114 1142 credo,
3145 1097 3352 1137 memor
3377 1083 3518 1148 eris;
3607 1064 3613 1069 I

1940 1165 2066 1232 quia
2096 1174 2168 1231 te,
2199 1173 2260 1220 ut
2288 1161 2682 1234 illuc'venires,
2715 1170 2994 1224 exhortari
3023 1173 3340 1242 gaudebam.

2409 1293 2434 1321 δ
2463 1279 2798 1337 EPISTOLA
2838 1283 3044 1338 CLXX.

2081 1367 2148 1404 AD
2188 1367 2457 1407 RlGBODUI
2492 1367 2782 1408 EPISCOPUII
2821 1370 2908 1417 QUI
2947 1371 3017 1411 ΕΤ
3057 1372 3374 1428 ΜΔΩΗᾼΜΙΕ.

2385 1443 2538 1499 Dolet
2563 1445 2626 1500 de
2651 1447 2808 1500 amici
2829 1448 3086 1503 absentia.

2013 1533 2218 1588 Dilecto
2265 1533 2414 1588 Patri
2463 1534 2772 1602 Machario,
2824 1538 3044 1594 humilis
3089 1539 3251 1595 levita
3296 1539 3522 1598 Albinus

1939 1623 2166 1678 salutem
2196 1625 2244 1677 δ.

2009 1713 2302 1770 Charitatis
2344 1715 2680 1772 dulcedinem
2728 1720 3026 1776 litterarum
3077 1721 3250 1778 ollicia
3298 1724 3522 1794 implere

325 1803 435 1860 Cur
460 1805 564 1860 ista
591 1813 702 1859 tam
730 1803 890 1874 longo
919 1803 1145 1874 repetita
1171 1804 1452 1875 principio,
1484 1806 1586 1862 nisi
1610 1813 1670 1860 ut
1696 1805 1834 1860 scias
1867 1795 1914 1854 Β
1938 1819 2044 1858 non
2066 1813 2312 1874 possunt,
2337 1814 2516 1862 tamen
2541 1809 2912 1882 qualecunque
2935 1811 3087 1883 [Cod.
3112 1813 3255 1880 Sal.,
3278 1815 3519 1888 aliquod]

263 1897 504 1952 ardorem
554 1896 734 1952 cordis
787 1897 940 1950 mei?
991 1895 1135 1950 Pene
1173 1897 1304 1951 mihi
1353 1898 1546 1952 melius
1590 1907 1751 1963 esset,
1783 1909 1838 1953 te

266 2003 549 2060 pauperem
590 1988 790 2042 habere
822 1997 1164 2057 praesentem,
1194 2004 1356 2057 quam
1395 1989 1615 2044 divitem
1644 1991 1839 2044 absen-

265 2078 560 2146 tem..Quid
593 2079 724 2132 mihi
749 2079 970 2143 divitize,
998 2079 1044 2133 si
1073 2094 1178 2134 non
1210 2080 1383 2136 habeo
1415 2095 1574 2148 quem
1605 2097 1756 2143 amo;
1789 2082 1838 2136 si

263 2191 364 2230 non
385 2172 672 2228 considero
691 2187 852 2242 quem
882 2171 1163 2228 desidero?
1195 2181 1286 2226 tua
1313 2175 1555 2242 potentia
1597 2175 1728 2228 mihi
1757 2182 1840 2229 est

263 2265 493 2320 miseria.
537 2261 640 2318 Ubi
683 2269 768 2317 est
790 2262 1160 2318 dulcissimum
1190 2263 1331 2318 inter
1358 2279 1456 2318 nos
1481 2264 1839 2334 colloquium?

265 2355 360 2411 Ubi
389 2369 670 2409 sacrarum
694 2353 997 2408 litterarum
1025 2353 1262 2408 stud-ium
1289 2354 1691 2411 desiderabile?
1740 2355 1838 2412 Ubi

263 2447 375 2502 laeta
401 2445 586 2508 facies,
616 2460 776 2513 quam
807 2444 1122 2512 conspicere
1158 2443 1434 2501 solebam?
1469 2445 1567 2502 Ubi
1600 2461 1842 2503 commu-

263 2537 347 2593 nio
371 2536 673 2601 cliaritatis,
707 2551 868 2607 quam
901 2536 1174 2593 fraternus
1197 2555 1351 2593 amor
1380 2540 1511 2596 hinc
1534 2540 1659 2595 inde
1686 2556 1842 2597 exer-

265 2632 407 2686 cuit?
437 2631 542 2687 Ubi
570 2631 761 2685 saltem
802 2631 1062 2687 memoria
1104 2631 1337 2687 nominis
1363 2632 1571 2686 nostri?
1595 2632 1735 2687 Ecce
1761 2642 1841 2687 to-

262 2733 345 2778 tus
383 2723 643 2794 praeteriit
689 2738 884 2788 annus,
916 2738 1024 2792 quo
1068 2739 1168 2778 nec
1200 2723 1501 2778 litterarum
1542 2723 1841 2780 consolatio

262 2813 427 2868 oculis
464 2812 699 2875 advenit,
733 2826 834 2866 nec
872 2811 1210 2866 salutationis
1237 2811 1470 2868 officium
1500 2814 1721 2868 auribus
1758 2814 1842 2867 in-

263 2905 456 2959 sonuit.
482 2904 620 2971 Quid
650 2905 895 2973 peccavit
925 2912 1097 2974 pater,
1124 2914 1182 2960 ut
1206 2921 1235 2958 a
1266 2905 1376 2960 tilio
1401 2906 1842 2962 oblivisceretur?

263 2996 395 3064 Quid
424 2997 700 3066 magister,
733 3004 792 3051 ut
830 2995 1129 3066 discipulus
1155 2996 1454 3068 neglexerit
1492 2998 1650 3052 eum?
1679 2997 1842 3054 Forte

1938 1894 2116 1951 lumen
2167 1896 2311 1951 illius
2360 1900 2647 1954 ostendere
2691 1902 2957 1957 nituntur.
3011 1903 3164 1958 Sicut
3189 1905 3355 1974 digito
3383 1922 3522 1977 pra:-

1939 2002 2063 2046 sens
2101 1988 2263 2042 homo
2299 1990 2626 2056 ostenditur,
2660 1991 2735 2046 ita
2773 1992 2970 2049 litteris
3005 1995 3244 2051 absentis
3279 1997 3522 2054 cbaritas

1938 2080 2361 2135 demonstratur.
2412 2081 2629 2148 Fateor,
2659 2099 2796 2139 meat
2823 2086 3021 2140 mentis
3052 2085 3267 2142 dilectio
3299 2088 3376 2142 tui
3427 2097 3538 2143 ιω..

1938 2167 2028 2222 det
2050 2167 2350 2222 absentiam
2374 2187 2388 2224 :
2413 2179 2663 2238 essetque
2691 2171 2907 2240 aliquod
2931 2174 3131 2229 amoris
3157 2173 3518 2246 refrigerium,

1939 2259 1983 2313 si
2012 2258 2094 2312 vel
2125 2257 2283 2331 194
2311 2259 2390 2314 tui
2439 2261 2616 2316 cordis
2651 2260 2902 2317 affectum
2940 2277 3037 2332 per
3084 2263 3307 2318 alterius
3361 2262 3515 2336 [ϐοά.

1941 2350 2079 2415 Sal.,
2108 2350 2292 2423 altius]
2324 2351 2567 2406 audirem
2597 2368 2690 2418 os;
2727 2352 2810 2408 vel
2844 2369 2966 2409 cum
3010 2353 3220 2409 litteras
3261 2354 3516 2424 legerem,

1939 2461 2098 2514 quem
2137 2445 2415 2499 ardentius
2446 2460 2721 2513 cuperem,
2754 2446 3130 2516 intelligerem.
3171 2445 3288 2502 Non
3321 2445 3522 2516 disiun-

1939 2543 2030 2605 gat
2057 2534 2310 2588 saeculum
2342 2549 2478 2604 quos
2504 2534 2706 2588 Christi
2736 2534 2972 2589 cbaritas
3007 2535 3306 2606 conjunxit.
3325 2535 3408 2590 Et
3432 2552 3524 2591 ve-

1940 2623 2054 2678 niat
2091 2639 2187 2692 per
2223 2637 2348 2677 eum
2387 2632 2570 2692 optata
2602 2623 2718 2678 dies
2748 2624 2964 2679 videndi
2999 2621 3228 2695 [Canis.,
3258 2615 3532 2698 vivendi],

1939 2717 2031 2786 qui
2077 2731 2265 2772 omnes
2295 2716 2410 2772 dies
2447 2716 2653 2770 creavit
2686 2717 2755 2770 ad
2788 2716 3093 2771 videndum.
3138 2716 3302 2772 Multa
3343 2710 3521 2774 tecum

1941 2809 2250 2864 habuissem
2293 2807 2522 2880 [utilia]
2571 2806 2840 2873 conferre,
2891 2808 2937 2863 si
2989 2816 3097 2864 tute
3147 2809 3523 2870 collocutionis

1942 2897 2098 2970 [ϐοά.
2127 2897 2270 2963 Sal.,
2297 2896 2641 2970 conlationis]
2686 2897 3057 2953 familiaritate
3099 2899 3177 2953 uti
3207 2898 3519 2954 valuissem.

1942 2988 2130 3042 Veniet
2173 2997 2405 3058 tempus,
2453 2989 2580 3044 dum
2619 2987 2733 3043 vult
2780 2987 2869 3042 ille
2915 2989 3007 3057 qui
3056 2988 3292 3059 disponit
3337 2989 3520 3044 omnia

259 3085 512 3142 exaltatio
560 3084 741 3140 seculi
791 3084 1076 3155 dedignata
1124 3093 1208 3139 est
1255 3101 1448 3139 nomen
1497 3085 1740 3156 magistri
1786 3086 1838 3140 in
1875 3144 1912 3156 _
1941 3087 2205 3148 tempora,
2236 3077 2318 3151 [ut
2340 3077 2414 3150 te]
2445 3095 2567 3134 cum
2597 3080 2744 3134 omni
2792 3079 3077 3134 cliaritatis
3106 3079 3384 3136 dulcedine
3415 3077 3523 3152 [vi-

260 3177 383 3232 illo?
420 3177 530 3230 Aut
555 3144 1066 3248 peregrinatiovmea
1093 3176 1243 3230 viluit
1288 3177 1342 3230 in
1366 3177 1537 3232 oculis
1564 3144 1708 3231 tuis?
1734 3176 1841 3231 Aut
1868 3144 1916 3208 θ
1946 3169 2072 3225 dere
2100 3169 2351 3242 valeam].
2377 3169 2570 3224 Valeas
2600 3170 2695 3235 fili,
2727 3168 2894 3226 frater
2922 3178 2978 3225 et
3004 3171 3196 3226 amice.

261 3283 413 3322 amor
443 3266 678 3323 Maronis
707 3267 828 3321 tulit
859 3268 1176 3322 memoriam
1215 3268 1361 3322 mei?
1408 3267 1452 3323 Ο
1486 3269 1531 3322 si
1575 3269 1707 3322 mibi
1747 3284 1843 3322 no-

257 3372 381 3412 men
418 3365 564 3412 esset
591 3357 881 3429 Virgilius!
925 3352 1051 3412 tunc
1082 3373 1296 3428 semper
1329 3365 1454 3412 ante
1483 3358 1666 3414 oculos
1695 3357 1845 3413 lude-

258 3465 378 3504 rem
412 3457 554 3512 tuos,
580 3459 633 3502 et
655 3464 770 3504 mea
799 3450 942 3504 dicta
975 3458 1087 3505 tota
1115 3457 1477 3518 pertractares
1512 3447 1691 3522 [Can.,
1720 3464 1843 3518 per-

254 3540 610 3614 scrutareris]
656 3542 967 3608 intentione,
1021 3551 1076 3599 et
1113 3541 1268 3612 juxta
1311 3544 1654 3614 proverbium
1701 3543 1844 3598 illius

255 3648 432 3690 essem
458 3635 598 3702 apud
631 3640 682 3687 te

439 3744 579 3796 Tunc
599 3743 714 3795 felix
739 3746 962 3810 nimium,
985 3759 1084 3810 quo
1106 3759 1198 3796 non
1219 3745 1408 3797 felicior
1428 3747 1575 3796 ullus.

323 3851 466 3919 Quid
505 3851 736 3908 faciam?
771 3852 854 3907 An
883 3869 1056 3908 meam
1086 3854 1241 3908 doleo
1288 3852 1681 3918 infelicitatem,
1712 3852 1842 3922 quia

259 3958 363 3999 non
391 3959 510 4000 sum
539 3961 702 4015 quem
735 3945 944 4014 diligis?
993 3943 1078 3998 An
1104 3952 1250 3998 tuam
1295 3943 1456 3998 laudo
1497 3943 1837 4012 sapientiam,

257 4036 378 4104 quia
408 4035 587 4105 diligis
625 4035 796 4101 illum,
825 4036 916 4105 qui
945 4051 1052 4090 non
1081 4035 1198 4089 est?
1241 4033 1466 4089 Flaccus
1515 4032 1745 4105 [Canis.,
1773 4033 1841 4086 ti-

256 4125 379 4200 lius]
407 4129 652 4192 recessit,
683 4128 939 4198 Virgilius
966 4127 1211 4190 accessit,
1234 4134 1290 4181 et
1315 4127 1370 4179 in
1400 4126 1522 4181 loco
1556 4124 1734 4196 [Can.,
1761 4124 1840 4179 lo-

257 4219 398 4292 cum]
451 4219 698 4290 magistri
738 4219 980 4274 niditicat
1023 4217 1207 4272 Maro?
1246 4216 1360 4271 Hoc
1386 4216 1577 4272 dolens
1614 4216 1836 4280 dictavi,

2393 3273 2416 3301 ο
2453 3261 2788 3318 EPISTULA
2827 3261 3056 3318 CLXXI.

1986 3349 2013 3390 ιι
2054 3369 2122 3406 sn
2166 3367 2432 3408 arcsonuu
2483 3368 2938 3408 sucursrrscoruu
2986 3368 3340 3410 cocsousnro
3383 3372 3484 3411 us-

2605 3439 2863 3479 CHARlUM.

2500 3515 2678 3587 (Anno
2705 3516 2961 3589 incerto.)

1947 3602 2197 3670 Queritur
2248 3605 2313 3659 de
2363 3603 2671 3659 intermisso.
2725 3607 3030 3657 commercio
3082 3605 3394 3660 litterarum.
3442 3607 3522 3660 Ad

2013 3676 2196 3728 horam
2213 3676 2401 3743 expetit
2426 3680 2666 3743 quadam
2688 3675 2878 3742 scripta
2901 3677 3071 3728 sancti
3097 3674 3283 3730 Leonis
3309 3685 3357 3729 et
3396 3673 3519 3731 Ven.
3544 3697 3550 3702 ’
3640 3705 3646 3716 ι

2013 3744 2190 3799 Beda.
2216 3742 2297 3797 Ad
2328 3742 2567 3797 sanctum
2592 3742 2882 3796 Martinam
2907 3745 3113 3799 invitat.

2013 3834 2288 3889 Machario
2319 3845 2342 3874 ο
2365 3833 2690 3904 patriarchae
2716 3833 2942 3891 Albinus
2967 3837 3218 3893 salutem.

2011 3925 2153 3994 Quid
2173 3923 2463 3996 proficiunt
2477 3925 2742 3994 sapientia
2771 3925 3088 3980 abscondita
3118 3927 3202 3982 vel
3232 3930 3524 3983 thesaurus

1943 4021 2145 4074 invisus
2170 4017 2358 4090 (Eccli.
2382 4033 2478 4083 xx,
2504 4015 2616 4089 '52),
2633 4017 2719 4072 vel
2747 4017 2988 4073 cbaritas
3006 4019 3198 4072 muta?
3223 4017 3364 4073 Num
3385 4021 3526 4089 ignis

1943 4112 1995 4165 in
2022 4111 2196 4175 silice,
2227 4110 2331 4164 nisi
2369 4109 2701 4174 excutiatur,
2741 4107 3120 4163 ﬂammifacit?
3171 4107 3350 4175 Quare
3389 4117 3478 4163 tua
3505 4150 3520 4175 ,

1942 4207 2113 4259 frater
2138 4203 2478 4268 charissime,
2513 4202 2755 4258 cbaritas
2779 4202 3150 4257 taciturnitate
3167 4201 3530 4264 obmutescit?

253 4307 334 4363 vel
373 4317 598 4379 propter
644 4307 970 4364 oblivionem
1017 4306 1144 4370 mei,
1168 4304 1250 4358 vel
1275 4312 1494 4374 propter
1535 4305 1836 4360 absentiam
1940 4295 2052 4352 Cur
2079 4312 2184 4352 non
2211 4295 2453 4351 movebis
2478 4294 2718 4365 linguam
2745 4295 2811 4350 ad
2839 4294 3185 4359 dictandum,
3208 4307 3426 4347 manum
3455 4293 3523 4348 ad

254 4399 350 4463 tui,
381 4399 660 4469 paululum
687 4398 938 4455 ferociori
976 4397 1189 4467 pumice
1230 4396 1474 4450 chartam
1510 4406 1726 4460 terens,
1777 4402 1840 4448 ut
1941 4389 2330 4444 scribendum?
2374 4387 2513 4455 Quid
2563 4387 2826 4442 talentum
2871 4388 3036 4441 humo
3079 4385 3306 4441 obruis?
3343 4384 3525 4452 Quare

253 4490 334 4544 vel
353 4491 532 4545 iratus
555 4490 755 4559 aliquid
787 4489 1146 4544 rescriberes:
1175 4487 1300 4556 quia
1322 4487 1420 4542 bos
1443 4486 1624 4542 lassus
1650 4484 1834 4558 [Can.,
1869 4511 1919 4572 υ
1942 4480 2306 4572 admonitoria
2329 4493 2458 4572 _non
2502 4479 2678 4572 currit
2704 4475 2993 4572 chartula
3021 4476 3192 4546 Legat
3215 4475 3342 4545 quid
3373 4473 3523 4572 desi-

251 4577 434 4652 ltcsus]
469 4580 662 4635 fortius
690 4579 803 4650 figit
831 4578 1104 4649 ungulam.
1137 4577 1316 4646 Incipe
1335 4576 1422 4632 vel
1445 4575 1734 4632 defendere
1763 4583 1834 4640 te,

319 4726 345 4754 ι
375 4714 522 4768 Edit.
550 4712 799 4780 Qucrcet.
824 4712 912 4775 40,
956 4711 1137 4765 Canis.
1179 4710 1276 4775 l9;
1327 4708 1522 4780 collata
1543 4723 1677 4780 ﬁcum
1711 4708 1834 4780 cod.

251 4798 355 4837 ms.
407 4778 609 4837 Salisb.
685 4784 805 4838 Vid.
851 4782 1010 4852 epist.
1061 4782 1317 4851 priorem.
1383 4778 1560 4850 (Apud
1602 4779 1834 4833 Froben.

250 4855 408 4924 epist.
444 4853 564 4924 15οτ

323 4925 351 4963 δ
379 4924 514 4980 Cod.

248 4995 394 5063 quis.

322 5077 346 5100 ιτ
381 5063 614 5119 Froben.
647 5061 806 5133 episl.
838 5061 960 5115 197.

316 5133 346 5173 δ
380 5134 535 5190 Hanc
568 5129 977 5202 inscriptionem
1017 5131 1181 5202 habet
1215 5131 1330 5202 ipse
1382 5129 1839 5202 θρόει-βοιωτι-

245 5218 353 5259 nus
375 5244 390 5268 ,
432 5205 522 5258 cui
551 5199 989 5258 omnino-similis
1014 5210 1100 5258 est
1124 5201 1212 5255 illa
1238 5199 1483 5271 epistola:
1513 5200 1613 5254 167
1639 5200 1730 5254 ubi
1761 5200 1840 5253 vi—

242 5273 380 5328 deas
407 5290 530 5343 qua:
557 5275 625 5328 de
655 5273 894 5343 [licitolo
916 5273 1308 5343 adnotavimus.

320 5357 347 5384 ε
374 5339 726 5398 Patr-inretiat.
782 5341 935 5396 Hunc
981 5342 1215 5396 nominis
1271 5341 1531 5395 honorem
1579 5339 1840 5394 Alcuinus

241 5414 420 5494 etiam
448 5413 882 5494 tribuit-Arriani
900 5412 1307 5494 archiepiscopo
1352 5411 1749 5494 Salisburgensi
1783 5410 1836 5463 in

242 5485 496 5564 carmine
525 5485 670 5564 quod
693 5483 954 5564 epistobe,
977 5482 1325 5564 “quaheiderr‘t
1372 5482 1650 5564 inscripsit
1670 5495 1840 5564 .com-

242 5551 581 5624 mentarium
615 5553 668 5608 iu
702 5551 946 5611 Psalmos
971 5551 1408 5616 Pmnitentiales,
1437 5551 1712 5624 subiungit
1733 5592 1747 5616 ,
1784 5551 1836 5604 in

243 5623 444 5679 ultimo
467 5624 736 5679 versiculo
764 5643 781 5680 :

589 4921 683 4988 aL,
726 4921 927 4977 Dilecto
952 4921 1101 4976 Patri
1143 4917 1363 4974 salutem
1389 4959 1403 4984 ,
1445 4919 1661 4975 omissis
1716 4918 1839 4973 reli—

343 5777 416 5828 Te
452 5778 666 5830 ducente
693 5786 847 5841 pater,
873 5779 1063 5839 Pastor,
1091 5776 1357 5839 patriarcha
1387 5774 1629 5826 Sacerdos.

1941 4571 2128 4637 derat;
2161 4569 2468 4649 consideret
2495 4569 2622 4639 quid
2651 4567 2836 4623 faciat.
2875 4567 2895 4605 ί
2921 4566 3108 4622 Timeo
3137 4582 3206 4622 ne
3224 4584 3339 4621 mus
3363 4567 3382 4620 ι
3404 4583 3524 4622 eme

1965 4713 2084 4767 dem
2123 4725 2252 4764 vero
2283 4708 2468 4762 titulus
2505 4721 2888 4776 nonnunquam
2937 4703 3192 4776 tribuitur
3230 4718 3271 4776 ag
3297 4697 3535 4776 privatis
3627 4709 3630 4711 λ

1940 4782 2296 4851 scriptoribus
2325 4781 2617 4850 primarum
2649 4773 2853 4832 sedium
2884 4774 3327 4897 archiepiscopis,
3351 4773 3524 4832 maxi-

1940 4869 2027 4897 mp.
2058 4852 2163 4897 illis:
2194 4852 2284 4897 mri
2311 4851 2604 4897 nrimatum
2637 4845 2923 4897 quemdam
2952 4845 3007 4897 in
3037 4860 3067 4897 a
3093 4846 3171 4897 ius
3195 4845 3479 4897 episcenos
3503 4885 3518 4897 .

1939 4869 2027 4907 me
2053 4845 2163 4907 illis
2194 4852 2284 4921 qui
2311 4845 2604 4921 primatum
2637 4845 2923 4921 quemdam
2952 4845 3007 4899 in
3037 4845 3171 4921 alios
3195 4845 3479 4913 episcopos
3503 4885 3518 4907 ,

1939 4939 2032 4978 seu
2066 4916 2394 4993 ipsos—etiam
2415 4918 2848 4993 archiepiscopbs
2870 4916 3231 4993 exercebant;
3257 4928 3363 4993 qua
3384 4928 3521 4993 prie:

1940 4983 2180 5064 mgat'iva
2235 4990 2542 5064 pneprimis
2571 4983 2907 5064 antiquitus.
2945 4985 3221 5064 fulgebant
3281 4983 3521 5064 episcopi

1941 5053 2292 5118 Tr‘e'virenses
2321 5053 2372 5114 in
2421 5053 2542 5115 tota.
2561 5053 2739 5113 Gallia
2753 5053 2817 5112 et
2838 5053 3067 5125 utraque
3095 5053 3386 5109 Germania
3413 5071 3425 5106 :
3455 5053 3524 5125 Et

1940 5141 2171 5208 sanctus
2201 5130 2468 5208 llildulfus
2595 5143 2823 5208 recensu
2855 5123 3523 5208 privile.gii‘,nrr'ronast.erio

1941 5204 1997 5258 S.
2029 5194 2255 5257 DeOdati
2286 5201 2530 5256 concessi
2557 5193 2964 5276 (ap_ud_Sur_ium
3002 5193 3088 5276 die
3122 5196 3184 5276 ιβ
3213 5193 3377 5265 Junii)
3415 5208 3516 5276 yo—

1940 5281 2094 5328 catur
2121 5290 2139 5321 ‹
2170 5283 2370 5326 sanctae
2391 5265 2778 5334 corrtpassionis
2806 5269 2910 5332 vir,
2927 5265 3382 5334 archiepiscOpus,
3413 5265 3522 5334 imo

1940 5287 2094 5328 catur
2121 5290 2139 5321 ‹
2170 5287 2370 5326 sancrae
2391 5287 2508 5326 com
2551 5287 2778 5323 assronrs
2806 5287 3382 5334 vir,arcureprswpus,
3413 5287 3522 5317 IIIIU

1937 5342 2271 5414 patriarcha.
2297 5359 2314 5392 ι
2345 5340 2469 5414 _Vid.
2506 5287 2860 5414 grodromum
2890 5337 3025 5390 Hist.
3043 5335 3422 5414 _Tt:evirensis._
3445 5333 3523 5414 9e

1939 5402 2219 5484 disciplina
2239 5409 2498 5484 Aetydoctr.
2522 5409 2757 5484 _F_‘.ccle§._
2773 5407 2933 5484 'l‘rev.
2978 5407 3079 5484 sub
3117 5404 3373 5484 Romanis
3398 5403 3426 5477 ᾗ
3449 5402 3518 5484 6_,

2226 5480 2345 5608 ξιξ,
2371 5495 2496 5550 pag.
2517 5479 2639 5544 155,
2661 5477 2776 5541 156,
2795 5486 2850 5531 et
2868 5477 2935 5530 de
2961 5475 3151 5530 eadem
3171 5476 3272 5530 sub
3295 5475 3520 5530 Francis

2017 5535 2039 5566 μ
2119 5535 2134 5537 ν
2191 5535 2202 5547 ι
2249 5535 2262 5550 .
2332 5535 2344 5545 .
2373 5535 2389 5550 .
2445 5535 2475 5550 υ
2627 5535 2636 5544 ,
2767 5535 2775 5541 ,

2017 5575 2044 5662 Ρ
2072 5535 2382 5697 (Egit:
2413 5621 2596 5697 bactra.
2640 5620 2752 5697 vos
2789 5616 3045 5697 fortassis
3076 5617 3349 5697 theodisca
3378 5616 3524 5697 desi-

1941 5709 2111 5764 gnans
2139 5693 2370 5761 aliquem
2400 5692 2659 5746 minorem
2677 5688 2896 5743 fluvium
2925 5687 3106 5764 Germ.
3140 5687 3304 5743 Bscu.
3336 5719 3408 5730 -—
3427 5687 3519 5740 Sic

1942 5758 1993 5818 i'n
2019 5778 2118 5818 ms.
2150 5758 2330 5834 inquo
2352 5777 2452 5816 vos
2470 5777 2587 5814 mus
2617 5774 2780 5814 cruce
2809 5758 3142 5830 superposita
3175 5768 3409 5813 notatur.
