4012 6188
309 260 416 314 ηυξ)

1728 253 2107 310 ΕΡΙΞΤῡῐιΛῗ.

3471 255 3576 317 130

312 371 424 440 Π).
459 368 581 423 Ideo
611 368 919 434 necessaria
942 375 1027 421 est
1069 375 1382 424 sanctorum
1413 369 1571 425 lectio
1611 370 1890 439 librorum,

2014 361 2226 416 wicula.
2259 361 2371 415 Tua
2416 363 2594 433 lingua
2631 365 2797 420 clavis
2820 376 2904 420 est
2949 370 3098 439 regni
3126 365 3417 438 oculorum;
3441 386 3582 442 qua-

311 470 584 530 quatenns
635 461 690 512 in
715 460 798 514 eis
841 460 1072 528 quisque
1119 459 1381 531 intelligat
1441 461 1572 533 [Al.,
1607 464 1894 537 inveniat],

310 551 440 622 quid
471 552 649 616 sequi,
680 551 763 604 vel
808 551 937 620 quid
993 567 1190 606 cavere
1242 553 1458 609 debeat.
1501 555 1718 612 Maneat
1767 575 1898 616 vero

313 644 369 696 in
409 642 565 696 vobis
613 641 796 696 lumen
829 641 1087 706 scientiaa,
1118 651 1173 696 et
1198 658 1294 712 per
1316 659 1414 699 vos
1448 644 1567 700 aliis
1612 646 1791 702 luceat
1811 665 1900 704 ec-

311 734 510 798 clesiis,
539 740 599 787 ut
620 740 803 786 vestra
829 731 950 787 laus
982 733 1034 787 in
1062 749 1158 788 ore
1189 744 1407 789 resonet
1435 739 1700 803 omnium,
1729 749 1782 794 et
1805 757 1900 796 vo-

312 825 398 880 bis
427 825 482 879 in
505 823 661 879 cmlis
721 838 932 880 merces
978 831 1197 878 maneat
1243 833 1466 880 aeterna.
1520 827 1901 900 Unusquisque

313 917 520 988 proprii
560 916 766 972 laboris
810 917 1117 970 mercedem
1177 918 1426 987 accipiet.
1468 918 1673 978 Pueros
1724 924 1902 978 adole-

315 1015 637 1078 scentesque
676 1008 962 1079 diligenter
1008 1008 1270 1064 librorum
1312 1013 1594 1068 scientiam
1618 1016 1687 1072 ad
1731 1018 1900 1073 vitam

321 1097 457 1170 [Αιη
485 1099 538 1153 in
566 1097 677 1172 via]
709 1099 804 1154 Dei
834 1098 1048 1165 docete,
1079 1108 1137 1154 ut
1157 1101 1304 1172 digni
1327 1105 1492 1159 vestri
1524 1105 1747 1163 honoris
1769 1108 1904 1164 fiant

320 1203 686 1255 successores,
721 1191 886 1244 etiam
933 1197 988 1243 et
1018 1190 1408 1248 intercessores
1444 1211 1543 1265 pro
1573 1198 1748 1254 nobis.
1780 1199 1905 1254 Suf-

321 1279 499 1352 fragia
545 1295 674 1335 vero
716 1280 1011 1335 viventium
1060 1291 1287 1352 prosunt
1333 1286 1690 1344 morientibus
1719 1290 1802 1344 vel
1834 1289 1902 1345 ad

320 1377 534 1430 veniam
584 1382 957 1444 peccatorum,
1008 1375 1095 1430 vel
1159 1377 1228 1431 ad
1268 1376 1492 1446 majoris
1537 1379 1723 1450 gloriae
1775 1398 1906 1454 aug-

325 1476 592 1522 mentum.
1213 1455 1224 1468 ’

393 1560 495 1626 Qui
525 1575 632 1614 nou
663 1560 916 1625 seminat,
973 1557 1078 1615 non
1131 1570 1318 1626 metet,
1347 1575 1402 1616 et
1445 1564 1536 1633 qui
1571 1580 1677 1619 non
1723 1565 1904 1634 discit,

321 1668 428 1706 non
459 1653 634 1707 docet.
665 1651 735 1706 Et
762 1651 885 1707 talis
930 1651 1081 1708 locus
1125 1653 1240 1708 sine
1281 1654 1593 1710 doctoribus
1631 1664 1726 1711 aut
1775 1675 1902 1724 non,

2003 459 2220 519 propter
2241 468 2512 522 nunquam
2543 472 2571 508 a
2601 457 2754 510 bonis
2785 459 2960 525 sileat,
2989 477 3265 531 nunquam
3297 466 3366 520 ab
3391 465 3583 520 admo-

2002 541 2298 595 nitionibus
2331 551 2524 596 cesset.
2557 543 2832 614 Superbos
2854 556 2909 602 et
2938 560 3288 610 contumaces
3307 557 3458 610 duris
3499 550 3588 610 in-

2001 631 2404 700 crepationibus
2426 635 2679 704 castiget;
2709 637 2940 694 humiles
2962 651 3016 695 et
3030 643 3243 711 quietos
3262 646 3368 716 piis
3387 648 3587 703 exhor-

2005 723 2298 777 tationibus
2331 724 2600 791 refoveat;
2643 727 2900 783 talentum
2930 734 3074 801 quod
3116 736 3394 804 accepisti,
3429 737 3586 806 quasi

2003 811 2228 866 devotus
2255 816 2559 884 negotiator
2582 829 3099 886 superaugmentare
3128 825 3412 878 contende.
3466 823 3584 879 Non

2005 903 2183 957 tardat
2210 905 2469 961 Dominus
2494 908 2584 976 qui
2619 909 2766 964 dedit
2789 913 3034 968 revenire
3076 923 3132 968 et
3172 917 3436 972 rationem
3472 919 3589 973 exi-
3654 945 3672 959 ι

2005 1013 2133 1068 gere
2169 1001 2565 1068 pecuniarsum.
2599 1003 2730 1058 Vide
2757 1014 2811 1059 et
2840 1006 3100 1062 intentius
3123 1012 3403 1066 considera
3420 1029 3590 1082 quan-

2007 1097 2092 1144 tas
2121 1091 2332 1146 animas
2377 1091 2429 1146 in
2466 1093 2708 1162 periculo
2742 1096 2937 1151 anima:
2981 1098 3085 1160 tua:
3124 1102 3387 1168 regendas
3435 1117 3588 1158 acce-

2004 1182 2150 1251 pisti.
2176 1181 2284 1236 Fac
2309 1184 2404 1238 tibi
2444 1185 2654 1240 lucrum
2686 1202 2750 1242 ex
2779 1188 2903 1253 illis,
2931 1205 3036 1244 non
3067 1192 3342 1247 damnum.
3370 1194 3452 1248 Ad
3491 1211 3590 1253 ex-

2006 1272 2243 1341 emplum
2272 1273 2482 1328 Demini
2507 1276 2600 1330 Dei
2643 1278 2721 1331 tui
2747 1293 2987 1345 recurre,
3031 1285 3302 1351 quomodo
3330 1302 3426 1356 per
3459 1288 3592 1343 civi-

2009 1368 2170 1427 tates,
2198 1363 2438 1430 castella,
2463 1366 2614 1422 vicos
2641 1368 2803 1422 etiam
2833 1378 2888 1424 et
2913 1371 3102 1449 domos
3133 1374 3373 1446 singulas
3398 1380 3595 1449 praedi-

2008 1453 2180 1505 cando
2194 1454 2524 1509 cucurrisset
2538 1455 2753 1530 (Matth.
2781 1474 2834 1513 1x
2846 1500 2859 1524 ,
2875 1459 2965 1532 55)
2988 1441 3005 1526 ;⁸
3029 1463 3136 1517 imo
3153 1441 3595 1536 convivia—publi-

2009 1553 2267 1594 canorum
2295 1552 2350 1597 et
2375 1555 2724 1613 peccatorum
2761 1565 2867 1603 non
2898 1551 3201 1619 abhorruit,
3228 1566 3493 1628 quatenus
3526 1576 3594 1622 ex

2013 1627 2398 1688 familiaritatis
2425 1639 2800 1694 communione
2826 1643 3224 1711 praedicationis
3252 1627 3595 1706 occasionem

321 1756 418 1798 aut
454 1745 543 1799 vix
582 1741 762 1798 salvus
786 1742 902 1797 ﬁeri
939 1743 1155 1814 poterit.
1200 1743 1391 1815 Magna
1439 1754 1525 1801 est
1563 1747 1904 1819 eleemosyna
1942 1725 1982 1782 Β
2012 1724 2256 1819 h‘fberetf
2291 1725 2367 1819 ita
2401 1735 2453 1780 ω
2485 1725 2603 1794 eius
2645 1730 2932 1787 mbomms
2959 1736 3244 1806 exemplis’
3286 1739 3596 1811 Ubicunque

321 1848 618 1903 pauperem
669 1833 790 1888 cibo
840 1849 1068 1904 pascere
1119 1836 1429 1905 corporali;
1479 1838 1572 1892 sed
1624 1837 1798 1907 major
1823 1849 1908 1897 est

323 1925 565 1978 animum
595 1922 751 1996 [Cod.
793 1923 935 1988 Sal.,
968 1924 1230 1998 animam]
1276 1926 1522 1981 doctrina
1548 1929 1783 1997 spiritali
1821 1946 1906 2008 sa-

325 2017 462 2070 tiare
499 2016 847 2071 esurientem.
892 2015 1045 2070 Sicut
1088 2026 1277 2086 pastor
1322 2019 1581 2088 providus
1630 2022 1780 2092 gregi
1809 2037 1907 2078 suo

321 2107 526 2176 optima
576 2107 861 2176 providere
917 2123 1119 2178 pascua
1171 2118 1346 2172 curat,
1408 2111 1484 2164 ita
1516 2111 1706 2166 doctor
1734 2113 1909 2170 bonus

323 2196 438 2251 suis
456 2195 713 2264 subjectis
745 2198 1004 2266 perennia
1043 2212 1244 2266 pascua
1273 2200 1398 2254 vita:
1423 2201 1568 2255 omni
1595 2203 1771 2259 studio
1791 2220 1911 2275 pro-

324 2301 520 2342 curare
565 2286 741 2341 debet.
782 2286 923 2341 Nam
954 2288 1327 2358 multiplicatio
1372 2292 1574 2362 gregis,
1631 2293 1799 2364 gloria
1827 2304 1911 2351 est

326 2380 582 2448 pastoris,
621 2389 675 2435 et
711 2382 991 2436 multitudo
1035 2385 1370 2454 sapientium,
1417 2388 1618 2442 sanitas
1665 2398 1739 2442 est
1771 2389 1909 2444 orbis

329 2471 482 2542 (Sap.
515 2489 594 2538 γι,
621 2472 733 2545 26).

401 2563 528 2621 Scio
557 2580 671 2629 vos,
716 2567 1042 2622 sanctissimi
1083 2569 1295 2635 Patres,
1355 2571 1470 2628 haec
1511 2574 1716 2644 Optime
1767 2577 1911 2632 scire

327 2664 384 2708 et
410 2655 713 2712 voluntarie
733 2657 977 2728 implere.
1019 2657 1126 2716 Sed
1153 2663 1396 2719 Charitas
1444 2664 1700 2722 dictantis
1723 2669 1792 2724 ab
1813 2685 1911 2724 ore

333 2750 509 2820 rapuit
540 2753 724 2818 verba,
768 2755 1000 2812 credens
1022 2773 1120 2813 vos
1145 2759 1233 2827 pia
1261 2759 1398 2815 velle
1432 2761 1740 2818 humilitate
1768 2764 1912 2836 lege-

329 2855 412 2904 re,
440 2856 561 2910 quce
591 2843 771 2898 sobria
800 2843 856 2898 in
901 2846 996 2901 Dei
1031 2847 1318 2904 dilectione
1356 2850 1555 2906 dictavi
1602 2853 1907 2910 devotione.

330 2928 528 2984 lterum
572 2932 879 3006 iterumque
922 2939 1153 2994 obsecro
1174 2947 1234 2993 ut
1272 2941 1376 2996 mei
1405 2942 1639 2997 nominis
1663 2943 1805 2998 inter
1830 2943 1910 2998 far

331 3021 571 3080 miliarcs
597 3034 805 3083 vestros
829 3030 1146 3086 memoriam
1169 3032 1374 3088 habere
1402 3032 1713 3104 dignemini.
1743 3034 1911 3092 Almi-
1939 3071 1986 3134 ε

333 3126 499 3172 tatem
525 3125 758 3172 vestram
784 3135 884 3189 pro
923 3128 1034 3175 tota
1074 3122 1168 3177 Dei
1214 3123 1638 3180 intercedentem
1666 3124 1909 3183 Ecclesia

332 3207 447 3278 ipse
482 3208 626 3265 Deus
645 3208 895 3266 Christus
917 3214 1195 3280 exaudiat,
1216 3230 1420 3286 vosque
1451 3217 1518 3272 ad
1545 3226 1763 3275 aeterna:
1783 3220 1914 3277 bea-

333 3299 576 3355 titudinis
601 3299 823 3372 gloriam
845 3305 1128 3369 pervenire
1150 3307 1430 3372 concedat,
1470 3309 1779 3367 charissimi
1800 3312 1913 3367 fra-

335 3396 464 3443 tres.
720 3407 724 3411 “

760 3495 783 3522 α
810 3483 1142 3542 EPISTOLA
1175 3486 1458 3543 CLXXIX.

759 3593 827 3632 AD
871 3595 1124 3642 QUEMDAH
1171 3598 1483 3638 EPISCOPUI.

334 3685 642 3767 Adfetema
680 3691 932 3767 suspirat.
980 3691 1240 3767 Hortatur
1273 3695 1342 3747 ad
1390 3696 1613 3765 oﬁirium
1650 3699 1917 3767 pastorale

407 3757 684 3834 diligenter
729 3757 1043 3834 obeundum.
1101 3764 1358 3834 Auguria,
1389 3757 1562 3820 allium
1609 3757 1814 3833 cantus,
1867 3780 1916 3824 et

407 3830 809 3883 sternutationes
835 3831 1031 3885 aboleri
1059 3833 1184 3887 vult.

412 3939 756 3993 Dulcedinem
787 3941 1089 3998 dilectionis
1121 3943 1357 4000 brevitas
1382 3946 1585 4002 charta:
1610 3963 1716 4003 non
1743 3949 1916 4019 expli-

337 4037 444 4082 cat.
479 4028 590 4083 Sed
612 4045 796 4099 spero,
825 4030 957 4086 ﬁdes
983 4041 1174 4087 vestrae
1199 4033 1412 4102 pietatis
1441 4042 1585 4090 tenet
1608 4038 1752 4106 quod
1787 4053 1920 4094 mea:

339 4121 624 4191 imperitiae
643 4121 819 4176 littera
837 4138 942 4178 non
965 4123 1160 4178 sullicit
1181 4124 1442 4193 proferre.
1470 4125 1755 4198 Utcunque
1774 4131 1920 4184 enim

339 4210 609 4264 memoria
643 4212 925 4268 charitatis
951 4215 1209 4269 absentia:
1260 4215 1537 4270 tristitiam
1570 4219 1918 4274 consolatur:

337 4312 395 4356 et
413 4319 576 4372 quem
605 4303 706 4358 sibi
733 4307 1047 4374 praesentari
1075 4322 1174 4376 per
1195 4307 1405 4378 singula
1431 4318 1707 4364 momenta
1735 4312 1923 4366 oculus

337 4396 556 4463 quaerit,
603 4395 747 4450 hunc
766 4397 978 4452 animus
1009 4399 1284 4453 absentem
1327 4415 1543 4470 semper
1585 4417 1769 4456 amare
1811 4417 1918 4458 non

2011 1814 2076 1867 ad
2103 1816 2348 1869 convivia
2390 1818 2606 1883 venias,
2639 1820 2708 1873 ibi
2756 1823 3177 1891 praedicationis.
3203 1826 3377 1883 ofﬁcia
3435 1846 3597 1901 agere

2009 1922 2116 1960 non
2140 1921 2340 1973 cesses,
2369 1919 2426 1963 ut
2449 1925 2546 1980 pro
2570 1913 2897 1978 carnalibus,
2923 1931 3041 1984 quae
3090 1919 3469 1974 ministrantur
3497 1923 3594 1977 tibi

2010 2000 2222 2069 tuisque
2253 2002 2413 2056 sociis
2438 2004 2702 2072 spiritalia
2735 2005 2836 2060 sibi
2868 2009 3088 2077 suisque
3122 2013 3598 2083 commanipulari-

2010 2091 2112 2145 bus
2150 2094 2416 2163 accipiant
2448 2095 2854 2166 (Ram.xv,-27,
2883 2110 2933 2153 et
2957 2100 3124 2155 ICor.
3148 2119 3222 2168 ix,
3251 2105 3360 2173 ll).
3393 2106 3599 2162 Memor

2011 2192 2216 2253 quanta
2240 2187 2476 2256 seipsum
2505 2187 2838 2244 districtione
2881 2192 3001 2260 pius
3032 2195 3356 2262 praedicator
3401 2197 3600 2254 Paulus

2010 2275 2266 2346 obligavit
2311 2277 2497 2333 dicens
2543 2298 2554 2332 :
2612 2277 2701 2334 Vra
2749 2283 2917 2335 mihi!
2964 2285 3134 2339 sinon
3175 2288 3600 2358 euangelizavero

2012 2365 2068 2437 (I
2113 2364 2236 2420 Cor.
2274 2383 2359 2433 ix,
2393 2368 2501 2438 16).
2530 2369 2598 2423 Ει
2639 2371 2857 2436 iterum,
2895 2388 3058 2441 quam
3096 2377 3355 2431 terribilia
3379 2382 3600 2437 commi-

2011 2466 2171 2513 natus
2195 2468 2280 2514 est
2295 2461 2552 2515 Dominus
2581 2463 2692 2531 ipse
2711 2463 2974 2518 Ezechieli
2996 2469 3289 2536 prophetas,
3311 2472 3435 2526 dum
3462 2490 3600 2544 pra:-

2012 2549 2296 2623 dicationis
2346 2552 2396 2606 ei
2445 2551 2619 2606 ollicia
2660 2554 2918 2622 ingessit:
2948 2555 3057 2609 Fili
3085 2559 3331 2625 hominis,
3361 2564 3599 2632 specula-

2012 2651 2175 2695 torem
2198 2644 2349 2711 posui
2379 2652 2428 2698 te
2453 2644 2630 2696 domui
2659 2643 2848 2698 Israel.
2878 2645 2948 2699 Et
2967 2655 3090 2716 post
3117 2663 3287 2718 pauca
3321 2669 3334 2704 :
3371 2651 3434 2707 Si
3461 2656 3599 2708 enim

2013 2746 2118 2784 non
2167 2733 2560 2786 amauntiaveris
2603 2734 2782 2804 iniquo
2824 2735 3154 2806 iniquitatem
3199 2755 3371 2806 suam,
3422 2752 3471 2796 et
3512 2743 3600 2798 ille

2011 2822 2266 2874 morietur
2300 2823 2358 2875 in
2404 2825 2630 2893 peccatis
2663 2826 2805 2891 suis,
2840 2828 3149 2897 sanguinem
3184 2829 3301 2900 eius
3347 2831 3412 2886 de
3439 2849 3599 2887 manu

2013 2921 2105 2966 tua
2123 2914 2385 2984 requiram
2403 2916 2618 2988 (Ezeclt.
2639 2934 2720 2983 ιιι,
2740 2919 2953 2992 17,18).
2985 2921 3053 2975 Ει
3076 2922 3267 2977 iterum
3288 2940 3385 2994 per
3406 2925 3599 2981 Isaiam

2013 3004 2333 3074 prophetam
2381 3008 2449 3063 de
2497 3010 2794 3065 tacentibus
2847 3011 3046 3068 dicitur
3097 3015 3540 3084 prtedicatoribus
3582 3037 3595 3072 :

2015 3094 2185 3150 Canes
2213 3100 2346 3152 muti
2384 3117 2488 3155 non
2518 3102 2746 3158 valentes
2770 3104 2970 3160 latrare
3001 3105 3158 3180 (Isai.
3188 3125 3298 3173 Lvl,
3357 3111 3466 3183 10).
3499 3111 3600 3180 Qui

2015 3196 2141 3242 sunt
2161 3204 2325 3246 canes
2363 3194 2519 3260 muti,
2550 3195 2654 3250 nisi
2684 3204 2932 3266 pastores
2964 3207 3232 3266 tacentes,
3264 3210 3455 3257 contra
3484 3205 3601 3258 dia-

2015 3277 2219 3334 bolicas
2246 3281 2466 3337 insidias
2495 3299 2593 3355 per
2627 3287 3067 3355 praedicationem
3114 3289 3318 3345 latrare
3348 3307 3456 3347 non
3506 3309 3602 3348 va-

2016 3368 2224 3426 lentes?
2267 3372 2494 3441 ldcirco,
2546 3375 2892 3432 dilectissime
2947 3379 3150 3446 frater,
3200 3389 3252 3436 te
3297 3382 3602 3454 diligentius

2016 3460 2241 3517 obsecro
2289 3471 2349 3517 ut
2396 3479 2586 3521 omnes
2633 3467 2702 3520 ad
2744 3477 2892 3522 tuam
2940 3471 3274 3537 pertinentes
3321 3472 3601 3528 dimcesim

2022 3553 2184 3622 198
2210 3555 2374 3609 verba
2411 3557 2534 3612 vitae
2560 3558 2748 3612 audire
2776 3559 2964 3624 facias,
3000 3560 3082 3614 vel
3104 3576 3202 3630 per
3238 3565 3490 3634 teipsum,
3513 3566 3601 3619 vel

2016 3659 2116 3714 per
2156 3654 2276 3700 tuos
2315 3647 2586 3714 adjutores
2611 3650 2977 3719 presbyteros,
3003 3659 3064 3706 ut
3105 3654 3469 3724 subjectorum
3504 3659 3601 3715 tibi

2019 3734 2186 3799 salus,
2217 3744 2308 3790 tua
2339 3737 2411 3790 sit
2439 3737 2605 3807 gloria
2634 3740 2773 3808 apud
2803 3741 2991 3795 Deum.
3019 3741 3077 3798 Si
3109 3746 3228 3814 quis
3265 3762 3418 3814 vero,
3458 3750 3602 3820 quod

2019 3825 2180 3891 absit,
2218 3835 2469 3895 postea...
2495 3831 2714 3899 sanguis
2738 3829 2854 3897 ejus
2882 3833 2954 3886 sit
2998 3849 3160 3904 super
3185 3846 3346 3907 caput
3393 3855 3547 3896 suum
3583 3861 3596 3895 :

2021 3926 2080 3971 tu
2128 3933 2259 3972 vero
2282 3919 2536 3976 immunis
2570 3935 2600 3974 a
2631 3923 2932 3991 perditione
2959 3923 3100 3980 illius
3151 3927 3470 3994 inveniaris,
3509 3935 3602 4000 qui

2019 4008 2327 4077 praedicasti
2373 4010 2444 4074 ei,
2498 4009 2624 4065 licet
2648 4027 2756 4066 non
2805 4012 3079 4070 obedisset
3103 4014 3217 4069 tibi.
3275 4016 3422 4073 Raro
3458 4021 3602 4074 enim

2021 4106 2209 4168 aperta
2239 4097 2413 4155 fronte
2449 4102 2590 4172 apud
2616 4101 2956 4160 Christianos
2993 4115 3195 4177 pugnat
3227 4107 3481 4178 antiquus
3507 4111 3605 4164 ho-

2021 4189 2123 4242 stis
2157 4207 2167 4242 :
2205 4189 2298 4244 sed
2338 4190 2439 4244 sub
2485 4201 2748 4262 praetextu
2789 4195 3007 4264 pietatis
3053 4211 3258 4251 venena
3313 4198 3604 4254 mortifera:

2022 4283 2379 4353 suggestionis
2423 4285 2676 4340 occultat.
2734 4285 2995 4358 [Auguria
3055 4304 3268 4358 quoque
3309 4298 3365 4344 et
3420 4292 3602 4346 avium

2023 4381 2234 4436 cantus,
2287 4381 2342 4427 et
2370 4375 2792 4430 sternutationes
2836 4384 2892 4429 et
2937 4377 3065 4444 talia
3111 4377 3342 4446 plurima
3384 4381 3606 4435 omnino

339 4461 570 4542 desistit.
614 4488 758 4543 Heu!
783 4505 945 4558 quam
967 4490 1098 4545 dura
1136 4499 1219 4546 est
1237 4489 1399 4558 hujus
1420 4461 1765 4549 mortalitatis
1791 4510 1922 4550 con-
1951 4461 2002 4524 θ
2024 4463 2252 4558 νῗωῐῖῴ
2285 4472 2432 4558 9"?"
2460 4480 2580 4535 qua:
2605 4465 2739 4558 imm
2769 4465 2966 4530 valem’
2992 4467 3093 4558 nisi
3123 4471 3264 4558 apud,
3288 4485 3383 4526 eos
3409 4471 3500 4542 qui
3535 4486 3601 4526 ea

339 4577 496 4641 ditio,
523 4594 645 4648 quae
675 4580 839 4634 variis
866 4581 1149 4635 eventibus
1179 4583 1338 4636 toties
1386 4583 1591 4637 amicos
1619 4583 1880 4656 disjungit
1905 4626 1921 4651 ,

341 4685 440 4727 nec
458 4672 894 4742 patitursemper
917 4671 1100 4729 videre
1127 4681 1397 4728 amantem
1423 4683 1719 4729 amatorem
1743 4692 1921 4731 suum.

339 4760 385 4817 0
405 4779 570 4832 quam
596 4761 724 4818 felix
748 4772 831 4818 est
858 4772 1058 4818 aeterna
1088 4761 1384 4827 beatitudo,
1421 4763 1514 4818 ubi
1538 4777 1754 4834 semper
1771 4766 1924 4821 vide—

343 4864 429 4908 tur
460 4855 608 4927 quod
653 4863 888 4920 amatur,
922 4863 978 4911 et
1014 4870 1287 4924 nunquam
1335 4856 1578 4911 cernitur
1625 4858 1769 4926 quod
1815 4874 1925 4914 non

341 4945 582 4997 amatur!
624 4942 709 4998 Ad
734 4944 876 4999 hanc
897 4958 995 4998 nos
1020 4942 1276 4998 festinare
1301 4951 1532 5012 oportet,
1558 4951 1618 5008 ut
1652 4944 1800 4999 illam
1843 4947 1926 5001 in-

343 5043 488 5088 trare
516 5049 842 5098 mereamur.
877 5033 1063 5088 Nullus
1108 5049 1207 5088 nos
1253 5034 1407 5088 labor
1433 5034 1727 5100 deterreat,
1779 5036 1924 5091 nulla

341 5123 629 5178 delectatio
661 5125 935 5178 retardet:
970 5125 1064 5178 sed
1105 5131 1255 5178 tanto
1304 5122 1514 5177 avidius
1542 5123 1670 5177 totis
1717 5124 1925 5180 viribus

342 5214 628 5268 tendamus
661 5213 729 5267 ad
771 5213 934 5278 illam,
966 5221 1165 5284 quanto
1192 5213 1401 5268 beatius
1421 5211 1565 5266 illam
1599 5211 1798 5267 habere
1823 5227 1922 5281 po-

340 5306 472 5361 terit
506 5306 598 5376 qui
623 5306 807 5360 intrat.
845 5305 927 5359 Me
953 5313 1150 5368 tecum,
1178 5304 1526 5360 dilectissime
1547 5301 1733 5368 frater,
1765 5303 1924 5358 obse-

338 5412 456 5464 cro,
509 5399 784 5454 continuis
823 5399 1076 5467 precibus
1107 5398 1337 5452 attrahe.
1367 5397 1448 5452 Tn
1488 5413 1617 5452 vero
1641 5397 1804 5460 aries,
1833 5397 1922 5450 cui

330 5488 495 5558 juxta
520 5487 864 5542 Salomonem
892 5489 1072 5542 nullus
1119 5487 1370 5542 resistere
1389 5487 1533 5540 valet
1562 5484 1746 5557 (Prov.
1792 5502 1918 5540 xxx.

336 5577 434 5649 51)
467 5593 607 5649 :ego
644 5580 888 5634 morbida
941 5580 1081 5635 inter
1105 5592 1322 5649 gregem
1350 5577 1670 5645 evangelicae
1711 5591 1925 5647 pascutn

2024 4549 2224 4620 aliquid
2270 4552 2451 4606 valere
2497 4553 2741 4619 credunt,
2797 4561 2860 4608 ut
2893 4556 3187 4610 secundum
3239 4557 3398 4614 ﬁdem
3447 4575 3602 4618 suam

2023 4639 2119 4694 fiat
2144 4641 2268 4696 illis.
2315 4642 2646 4698 Permissum
2676 4653 2762 4699 est
2805 4645 2948 4700 enim
2997 4647 3231 4720 maligno
3277 4650 3487 4721 spiritui
3533 4653 3602 4707 ad

2024 4731 2396 4802 deceptionem
2443 4734 2548 4790 ista
2589 4735 2991 4792 observantium
3040 4737 3257 4806 facere,
3306 4748 3368 4795 ut
3399 4741 3603 4813 aliquid

2026 4821 2252 4892 auguria
2279 4837 2420 4893 saepe
2447 4837 2634 4882 verum
2659 4824 2970 4893 praedicent.
3003 4825 3172 4897 Igitur
3199 4835 3255 4882 et
3280 4828 3334 4883 in
3359 4828 3476 4900 lege
3509 4845 3604 4884 ve-

2023 4913 2125 4967 teri
2155 4914 2380 4984 auguria
2399 4913 2753 4970 observantes
2777 4924 2950 4971 morte
2961 4917 3139 4986 puniri
3157 4916 3416 4984 iubentur
3438 4916 3605 4990 (Deu—

2021 5017 2115 5062 ter.
2157 5025 2311 5073 xvm,
2352 5009 2442 5075 10,
2493 5009 2603 5080 12),
2635 5017 2697 5064 ut
2740 5011 2976 5065 sciamus
3012 5010 3114 5065 sub
3153 5012 3327 5082 gratia
3360 5012 3603 5068 viventes

2021 5101 2164 5170 quali
2201 5116 2358 5170 paena
2395 5102 2660 5172 plectendi
2691 5103 2799 5157 sint
2848 5104 3061 5168 animae,
3111 5105 3203 5176 qui
3252 5104 3355 5159 hoc
3398 5104 3602 5159 malum

2023 5194 2076 5248 in
2098 5184 2480 5248 consuetudine
2503 5194 2742 5267 habent].
2779 5195 2902 5250 Haec
2928 5211 3057 5250 vero
3094 5204 3150 5250 et
3175 5194 3481 5265 hujusmodi
3510 5215 3606 5269 pe-

2027 5292 2138 5340 stes
2174 5283 2329 5353 quasi
2356 5283 2445 5354 pio
2479 5285 2683 5353 pastori
2716 5292 2771 5340 et
2798 5286 3050 5356 prudenti
3098 5287 3310 5343 medico
3351 5293 3608 5346 convenit

2026 5382 2123 5438 tibi
2145 5379 2436 5436 commisso
2451 5390 2756 5446 praecavere
2783 5375 2953 5445 gregi,
2974 5376 3052 5429 uti
3078 5390 3202 5430 eum
3229 5378 3282 5431 in
3313 5388 3604 5449 conspectu

2026 5474 2213 5530 aeterni
2245 5469 2445 5540 judicis
2482 5467 2880 5522 immaculatum
2923 5467 3191 5523 adducere
3218 5471 3500 5537 merearis,
3547 5479 3606 5528 et

2027 5587 2212 5628 vocem
2241 5565 2650 5624 desiderabilem
2695 5563 2882 5618 audire
2919 5562 3111 5634 dignus
3137 5563 3422 5620 elllciaris:
3457 5565 3606 5635 Euge

417 5701 439 5728 ι
473 5686 617 5742 Edit.
653 5685 852 5740 Mablll.
884 5687 954 5741 22
981 5687 1131 5756 cujus
1160 5684 1428 5740 defectum
1456 5685 1509 5738 in
1532 5683 1636 5737 line
1660 5683 2020 5752 supplevimus
2049 5697 2111 5738 ex
2145 5681 2260 5736 cod.
2296 5694 2396 5733 ms.
2423 5676 2614 5733 Salisb.
2639 5675 2811 5747 (Apud
2838 5675 3067 5730 Froben.
3099 5677 3254 5746 epist.
3294 5676 3434 5745 l35).
