4012 6188
390 296 496 355 451

1299 291 1356 345 Β.
1396 289 1458 345 F.
1499 287 1727 344 ALBINI
1766 285 2209 347 SEU'ALCUINI
2260 282 2546 341 OPERUM
2583 280 2763 337 PARS
2800 282 2839 336 l.

3557 279 3664 335 452

396 426 555 473 ωηεν
582 409 715 465 bone
746 415 797 461 et
825 402 1021 475 ﬁdelis,
1056 402 1195 457 intra
1236 402 1293 456 in
1331 402 1583 473 gaudium
1636 403 1847 457 Domini
1894 403 1972 457 tsi
2001 405 2045 464 Δ
2077 414 2229 461 num,
2257 406 2315 454 et
2339 396 2523 453 omnia
2569 409 2906 467 quacunque
2946 392 3121 449 facias
3143 406 3406 466 prospera
3434 394 3532 450 tibi
3558 396 3671 452 sint

396 501 765 575 (Hall/nan,
793 495 907 565 Si).

818 614 871 651 ἰ
901 606 1237 664 EPISTOLA
1273 605 1531 663 CLXXX.

840 736 906 774 AD
943 735 1084 783 QUEM
1094 735 1198 773 DA“
1234 733 1544 774 EPISCOPUH.

395 834 549 891 Dolet
578 834 643 889 de
670 834 827 888 amici
873 832 1218 903 (egritudine;
1263 831 1507 903 hortatur
1641 834 1970 899 patientiam,

685 904 754 958 ad
784 898 1015 967 virtutes,
1049 920 1110 956 ac
1149 917 1331 955 curam
1358 898 1698 955 scholarium.

465 1015 685 1071 Litteris
712 1022 905 1070 vestra:
930 1012 1277 1068 beatitudinis
1308 1012 1550 1085 acceptis
1574 1010 1707 1067 satis
1730 1023 1817 1064 me
1840 1007 1976 1063 lacti-

397 1108 580 1165 ﬂcavit
599 1108 771 1165 facies
799 1108 1035 1171 illarum,
1057 1116 1112 1161 et
1130 1121 1320 1162 sensus
1345 1106 1527 1163 omnia
1556 1104 1766 1177 gaudiis
1788 1102 1975 1175 perfu-

386 1182 475 1255 dit
499 1201 730 1265 viscera,
757 1200 859 1254 nisi
890 1207 1097 1255 tantum
1127 1197 1417 1257 inﬁrmitas
1442 1204 1624 1252 vestra
1653 1210 1804 1250 meas
1847 1210 1976 1265 per-

388 1272 639 1345 turbavit
696 1305 883 1344 venas.
947 1287 1055 1343 Sed
1103 1280 1269 1359 juxta
1320 1286 1638 1359 Apostolum
1688 1287 1978 1343 inﬁrmitas

392 1383 640 1454 corporis
667 1380 927 1437 fortitudo
955 1389 1041 1437 est
1068 1381 1233 1439 animi
1267 1398 1281 1434 :
1312 1380 1545 1451 gaudeat
1573 1379 1737 1445 illius,
1756 1387 1818 1435 ut
1847 1394 1976 1435 eru-

395 1471 575 1527 diatur
621 1487 651 1524 a
678 1480 851 1542 patre.
894 1470 1103 1525 Aurum
1133 1470 1477 1527 examinator
1527 1470 1583 1525 in
1632 1469 1879 1535 fornace,
1921 1477 1981 1525 ut

386 1562 580 1637 purior
608 1560 954 1633 Splendescat
981 1576 1047 1616 ex
1075 1560 1307 1616 ﬂammis
1330 1545 1516 1632 (Pro'v.
1538 1577 1718 1628 xxvu,
1745 1560 1871 1632 21);
1924 1569 1982 1614 et

394 1656 556 1713 homo
577 1655 628 1715 in
646 1652 831 1709 dolore
853 1654 1101 1724 corporis
1122 1654 1465 1725 excoquitur,
1485 1662 1545 1707 ut
1558 1654 1747 1723 purior
1765 1652 1982 1710 exsiliat

393 1749 573 1803 anima
600 1749 666 1804 de
694 1744 964 1820 ergastulo
994 1746 1232 1802 carceris
1255 1747 1360 1802 sui.
1393 1746 1611 1801 Placeat
1626 1746 1722 1805 tibi
1746 1746 1980 1817 castiga—
2010 1762 2055 1821 Β

394 1841 467 1895 tio
492 1849 740 1910 paterna,
766 1840 893 1909 quia
921 1838 1129 1911 ﬂagella
1142 1841 1315 1910 patris
1335 1839 1705 1910 proficiuntad
1719 1839 1971 1895 salutem.

388 1932 554 1989 Pauci
580 1941 707 1988 sunt
730 1932 843 1987 dies
889 1931 1129 1989 laboris:
1161 1940 1217 1987 et
1262 1941 1536 2003 perpetuae
1568 1930 1754 2005 [Forte
1779 1947 1975 2004 perpe-

388 2023 491 2097 tui]
545 2010 834 2080 mercedis.
889 2023 1097 2079 Idcirco
1135 2023 1399 2079 instanter
1448 2023 1660 2079 laboret
1701 2023 1884 2095 lingua
1921 2024 1976 2079 in

382 2117 887 2186 praedicationibus,
919 2132 1112 2171 manus
1152 2117 1206 2172 in
1238 2117 1615 2186 eleemosynis,
1651 2131 1748 2186 pes
1784 2116 1840 2173 in
1871 2117 1978 2171 cir-

386 2209 599 2264 cuendo
611 2222 825 2279 gregem
852 2207 1071 2264 Christi.
1101 2208 1328 2263 Animus
1350 2208 1533 2278 vigilet
1553 2209 1606 2263 in
1618 2208 1974 2274 orationibus,

390 2310 446 2356 et
475 2302 527 2355 in
545 2300 860 2370 psalmodiis
882 2299 1162 2365 solidetur,
1184 2308 1239 2354 et
1268 2301 1320 2354 in
1339 2300 1500 2355 laude
1528 2300 1622 2356 Dei
1652 2299 1975 2361 laetilicetur.

389 2391 545 2459 Quod
566 2405 781 2462 semper
809 2390 915 2446 erit
935 2399 1159 2447 acturus
1185 2391 1347 2446 homo
1370 2391 1423 2447 in
1454 2391 1627 2456 cmlis,
1650 2392 1739 2449 hic
1780 2392 1979 2462 saepius

392 2491 519 2554 agat
561 2484 616 2539 in
646 2484 829 2539 terris.
862 2481 1201 2548 Sacri/icium
1255 2482 1430 2539 laudis
1459 2483 1825 2553 Iwnoriﬁcauit
1871 2500 1976 2548 me.

390 2572 523 2627 dicit
553 2572 694 2629 Deus
745 2588 844 2643 per
890 2572 1242 2642 Prophetam,
1285 2573 1395 2628 illis
1426 2574 1524 2628 iter
1550 2584 1646 2640 est,
1671 2592 1773 2645 quo
1800 2586 1976 2631 osten-

389 2663 512 2718 dam
544 2663 623 2718 illi
669 2662 904 2721 salutare
944 2664 1042 2721 Dei
1073 2663 1247 2738 (Psal.
1274 2680 1435 2732 nix,
1480 2666 1592 2738 25).
1636 2668 1722 2725 Sit
1763 2668 1978 2727 humili-

392 2764 475 2813 tas
509 2756 562 2811 in
598 2757 763 2812 corde
786 2765 842 2811 et
864 2757 922 2812 in
943 2772 1204 2828 corpore;
1238 2759 1311 2814 sit
1350 2760 1613 2830 patientia
1640 2761 1696 2817 in
1732 2764 1979 2819 mor-ibin

386 2849 790 2913 etverbis;sit
835 2865 1030 2906 servus
1058 2850 1270 2906 Domini
1322 2851 1538 2910 fervens
1563 2854 1620 2910 in
1667 2863 1877 2921 mente;
1905 2856 1980 2911 sit

386 2957 493 3015 pax
525 2942 580 2997 in
605 2956 724 3006 ore,
752 2950 809 2997 et
836 2942 890 2997 in
916 2943 1081 2997 corde
1107 2944 1391 3011 charitas;
1426 2953 1485 3001 et
1533 2961 1749 3017 semper
1784 2948 1978 3003 suavia

387 3030 555 3085 verba
593 3030 924 3084 misceantur
970 3029 1302 3099 durioribus,
1346 3035 1476 3104 quia
1525 3033 1738 3093 facilius
1780 3035 1976 3093 durum

2078 490 2145 547 ad
2174 488 2422 545 salutem.
2452 487 2522 543 Et
2542 500 2751 541 mmor
2769 485 2873 539 mei
2894 484 3095 549 valeto,
3110 485 3457 539 sanctissime
3481 484 3669 545 Pater.

2499 600 2530 641 1»
2578 596 2913 654 EPISTOLA
2956 598 3237 654 CLXXXI.

2582 718 2589 723 .
2662 680 2684 708 ⁸
2722 686 2790 724 AD
2826 683 3102 733 QUBIDLI.

2080 760 2341 817 Hortatur
2387 760 2458 816 ad
2484 760 2731 831 pietatem
2758 798 2774 825 ,
2825 760 3154 831 reliquasque
3205 762 3421 817 uirtutes
3460 780 3482 818 :
3528 780 3674 821 com-

2148 831 2358 914 mendat
2403 829 2585 889 curam
2628 829 2818 887 divina:
2858 829 3113 886 laudisin
3142 831 3376 891 ecclesiis
3413 833 3494 890 illi
3528 853 3674 891 com.

2145 919 2341 955 ηιιδειε.
2730 920 2739 928 ’

2146 990 2281 1047 Pars
2325 1008 2467 1056 mea,
2500 992 2635 1049 dixit
2678 990 2939 1047 Dominus
2968 993 3162 1049 anima:
3209 1009 3345 1048 mem
3375 994 3554 1066 (Trcn.
3587 1014 3669 1061 ut,

2072 1080 2190 1154 24).
2219 1080 2354 1136 Pars
2377 1096 2515 1145 mea,
2546 1081 2682 1142 dixit
2707 1089 2864 1152 pater
2893 1081 3003 1138 lilio
3022 1098 3141 1147 suo,
3165 1083 3254 1139 cui
3284 1084 3352 1140 sit
3381 1100 3509 1159 pars
3544 1102 3670 1142 cum

2077 1174 2276 1229 sanctis
2299 1174 2349 1228 in
2372 1182 2651 1228 aeternum.
2670 1174 2801 1228 Tum
2822 1172 3172 1230 beatitudinis
3199 1175 3453 1246 perlectis
3474 1177 3675 1234 litteris

2078 1263 2376 1336 gaudebam
2400 1263 2467 1317 de
2492 1271 2594 1317 tua:
2618 1262 2998 1334 prosiieritatis
3032 1263 3225 1330 salute,
3257 1263 3411 1335 cujus
3429 1283 3674 1338 praesens

2079 1364 2340 1426 quantum
2378 1353 2521 1408 valui
2580 1352 2760 1413 fautor
2790 1351 2906 1433 _fui;
2959 1353 3125 1408 etiam
3175 1363 3231 1410 et
3275 1371 3420 1411 nunc
3473 1357 3674 1412 absens

2080 1448 2324 1517 cupidus.
2350 1445 2419 1501 Et
2445 1446 2673 1512 utinam,
2702 1454 2761 1501 ut
2786 1444 2983 1502 litteris
3007 1447 3330 1516 promisisti,
3359 1462 3569 1504 memor
3596 1450 3674 1505 sis

2081 1539 2317 1608 antiqua:
2363 1538 2703 1608 paternitatis
2751 1546 2806 1593 et
2830 1537 3129 1593 dulcedinis
3162 1538 3305 1595 inter
3339 1556 3436 1595 nos
3476 1540 3529 1595 in
3562 1526 3672 1597 Do-

2080 1628 2247 1691 mino,
2277 1627 2367 1698 qui
2397 1641 2612 1696 semper
2640 1642 2738 1682 nos
2763 1628 2816 1682 in
2867 1643 2962 1682 sua
2992 1628 3253 1699 provehat
3275 1627 3571 1696 voluntate,
3616 1639 3674 1686 et

2079 1719 2343 1789 prolicere
2393 1717 2558 1773 faciat
2600 1718 2655 1773 in
2678 1719 2791 1775 suis
2835 1719 3126 1774 mandatis.
3178 1718 3444 1775 Memores
3478 1720 3670 1785 simus,

2081 1812 2223 1881 quod
2249 1827 2349 1867 nos
2376 1811 2441 1867 de
2467 1821 2705 1867 stercore
2733 1811 2926 1879 erexit,
2952 1819 3005 1866 et
3024 1812 3206 1883 posuit
3232 1813 3375 1867 inter
3396 1813 3699 1885 principes-

2075 1902 2259 1973 populi
2306 1903 2389 1958 sui
2438 1901 2620 1976 (Psal.
2654 1919 2796 1968 cxu,
2832 1900 2862 1957 7
2910 1913 2959 1957 et
3005 1904 3094 1973 8);
3125 1919 3230 1961 non
3275 1905 3475 1961 nostris
3504 1906 3674 1963 meri-

2078 1995 2166 2057 tis,
2195 1993 2290 2048 sed
2329 2008 2425 2048 sua
2468 1993 2701 2064 gratuita
2731 1993 3132 2059 misericordia;
3175 1993 3262 2049 cui
3291 2010 3505 2063 semg‘er
3545 2011 3678 2067 gra-

2078 2084 2182 2139 tias
2226 2099 2448 2155 agamus
2471 2083 2526 2138 in
2551 2086 2696 2139 omni
2726 2085 2837 2139 vita
2867 2093 3071 2151 nostra,
3094 2092 3154 2139 ut
3179 2085 3290 2153 ille,
3340 2086 3429 2156 qui
3459 2086 3675 2141 exalta-

2072 2177 2175 2243 vit,
2206 2179 2370 2232 etiam
2390 2186 2695 2233 conservet.
3104 2222 3117 2233 κ

2147 2268 2349 2325 Omnes
2384 2284 2514 2324 vero
2559 2269 2854 2337 ecclesias,
2915 2285 3087 2340 quas,
3128 2270 3241 2327 Deo
3289 2271 3543 2336 donante.
3601 2271 3676 2333 ad

2076 2358 2371 2430 regendum
2426 2360 2748 2429 accepistis,
2805 2360 3213 2432 diligentissime
3265 2362 3319 2417 in
3365 2363 3458 2419 Dci
3513 2363 3675 2419 laude

2076 2464 2300 2505 exorna.
2348 2446 2469 2504 Sint
2489 2450 2543 2504 in
2579 2450 2659 2506 eis
2686 2450 2961 2506 canonicis
2999 2449 3151 2507 boris
3194 2451 3530 2506 Psalmorum
3560 2468 3677 2508 me-

2078 2540 2252 2606 lodia,
2293 2541 2600 2596 orationum
2648 2541 2930 2607 instantia,
2984 2541 3274 2599 missarum
3311 2542 3574 2598 solemnia
3616 2550 3675 2598 et

2076 2629 2490 2687 intercessiones
2506 2646 2605 2703 pro
2631 2641 2681 2686 te
2709 2633 2922 2702 tuisque
2943 2632 3153 2688 amicis.
3188 2630 3307 2687 Sint
3333 2632 3450 2697 tibi,
3473 2630 3545 2686 fili
3572 2632 3669 2698 mi,

2076 2737 2255 2779 mores
2299 2722 2528 2795 [Canis.,
2564 2723 2659 2779 lilii
2705 2723 2965 2801 minores]
3001 2741 3123 2779 cum
3151 2724 3437 2781 honestate
3459 2733 3516 2779 et
3538 2733 3671 2779 tem-

2074 2816 2344 2887 perantia,
2366 2815 2816 2871 vestimentorum
2855 2817 3168 2872 modcratus
3193 2815 3390 2880 cultus,
3421 2815 3672 2871 convivia

2076 2920 2184 2961 non
2210 2906 2267 2961 in
2294 2905 2505 2961 luxuria
2529 2914 2585 2961 et
2616 2906 2901 2972 ebrietate,
2943 2905 3037 2961 sed
3063 2906 3118 2961 in
3144 2906 3436 2961 sobrietate
3461 2914 3518 2962 et
3543 2921 3675 2963 con-

2077 2997 2323 3068 gruentia
2363 2998 2698 3067 temporibus
2726 3005 2781 3051 et
2828 2996 3094 3067 personis.
3139 2996 3352 3068 Ubique
3384 2997 3479 3052 Dei
3510 2998 3675 3053 timo-

386 3137 486 3177 cor
511 3130 803 3191 penetrant
825 3122 1007 3195 mollia
1032 3086 1203 3181 verba
2000 3109 2048 3173 ο
2078 3103 2199 3197 Ἕω
2233 3096 2359 3197 fate
2379 3086 2568 3197 001,1]?
2601 3089 2822 3197 bibe?"
2854 3089 3142 3197 nimim“?
3176 3098 3227 3145 te
3251 3089 3562 3197 Exalm’fi
3580 3107 3675 3147 ve.

390 3214 467 3268 tio
507 3212 637 3283 quid
671 3213 759 3270 cui
813 3216 1101 3272 conveniat
1126 3219 1380 3288 tempori,
1433 3234 1698 3289 personae.
1726 3221 1877 3278 atati
1918 3227 1979 3276 et

387 3306 562 3377 Operi.
592 3304 674 3361 Sit
696 3305 859 3362 lectio
887 3307 1102 3374 crebra,
1133 3307 1409 3378 etjcjunia
1438 3310 1619 3368 sobria
1646 3321 1703 3367 et
1729 3314 1975 3373 convivia

387 3399 660 3465 modesta,
685 3407 747 3454 et
772 3401 1251 3471 bonorltospitum,
1272 3409 1331 3457 et
1361 3403 1631 3461 ordinatio
1654 3420 1973 3477 pauperum,

387 3499 445 3548 et
476 3505 610 3549 cura
639 3490 879 3558 familiae,
908 3499 964 3547 et
981 3491 1256 3562 diligentia
1287 3493 1341 3549 in
1369 3494 1587 3565 populo.
1610 3494 1751 3563 Quid
1779 3512 1936 3567 agam
1958 3538 1973 3565 ,

386 3592 444 3640 et
472 3584 603 3656 quid
633 3596 719 3643 est
768 3585 914 3656 quod
942 3584 1123 3641 scribo
1146 3624 1164 3651 ,
1193 3586 1298 3643 nisi
1326 3587 1451 3658 quia
1506 3589 1747 3645 cbaritas
1796 3594 1978 3652 tacere

385 3675 579 3751 nescit.
602 3682 659 3730 et
685 3674 958 3745 quoddam
986 3674 1327 3747 refrigerium
1366 3685 1458 3733 est
1481 3678 1663 3735 verbis
1690 3679 1976 3751 proferre,

388 3750 443 3818 ib
473 3778 581 3834 quo
627 3779 782 3820 mens
831 3764 1231 3822 inﬂammatur?
1274 3768 1343 3823 Et
1385 3770 1501 3827 scio
1535 3777 1586 3825 te
1612 3750 1977 3829 rusticitatem

388 3870 566 3913 meam
593 3856 864 3926 patienter
883 3855 1050 3925 ferre,
1079 3867 1135 3914 et
1167 3857 1550 3919 familiaritatis
1572 3862 1843 3921 littemlas
1866 3879 1977 3920 non

388 3947 799 4002 abhorrescere.
828 3947 951 4003 Ideo
975 3964 1083 4004 non
1120 3950 1382 4006 erubesco
1402 3952 1557 4021 prius
1599 3952 1744 4011 dicta
1778 3954 1978 4010 rescri-

385 4037 534 4100 bere,
568 4046 625 4092 et
647 4038 845 4095 iterare
870 4054 997 4109 qua:
1031 4049 1158 4097 ante
1180 4040 1380 4098 direxi.
1409 4044 1524 4100 Etsi
1556 4044 1848 4101 immemor
1871 4048 1975 4107 sint

385 4130 516 4200 quid
564 4130 718 4202 prius
746 4131 1104 4207 scripserim,
1147 4146 1258 4187 non
1301 4141 1483 4189 tanien
1520 4135 1810 4191 irumemor
1854 4152 1977 4195 sum

384 4218 671 4275 charitatis
701 4226 938 4275 aeternae.

454 4313 609 4368 Nunc
642 4311 806 4367 velim
836 4320 887 4368 te
912 4328 1212 4385 properare
1262 4315 1317 4371 in
1358 4317 1592 4387 patriam
1616 4331 1674 4375 et
1719 4321 1975 4380 ordinare

384 4421 679 4477 puerorum
724 4404 1009 4487 lectiones,
1041 4408 1165 4477 quis
1193 4411 1605 4480 grammaticam
1631 4412 1823 4480 discat,
1849 4416 1973 4486 quis

383 4496 644 4569 epistolas
667 4504 722 4552 et
744 4511 945 4568 parvos
971 4481 1180 4556 libellos
1206 4499 1369 4571 legat,
1396 4502 1519 4573 quis
1547 4511 1791 4559 sanctam
1819 4481 1972 4561 scri-
2000 4481 2052 4545 θ

382 4593 599 4655 pturam
632 4586 814 4649 sobria
843 4598 1024 4645 mente
1052 4590 1275 4649 haurire
1315 4592 1509 4664 dignus
1549 4595 1640 4650 sit.
1691 4594 1771 4650 Tu
1816 4611 1972 4662 vero,

382 4683 572 4745 sancte
606 4675 791 4753 Pater,
817 4679 1148 4751 evangelicis
1193 4683 1433 4739 maxime
1450 4685 1675 4741 studeas
1724 4685 1974 4743 lectioni-

381 4766 506 4833 bus,
533 4775 591 4822 et
612 4769 889 4827 canonicis
908 4778 1222 4829 sanctamm
1250 4771 1656 4843 Scripturarum
1703 4775 1973 4835 inservire

379 4859 798 4928 eruditionibus,
829 4863 959 4932 quia
988 4871 1042 4918 te
1079 4863 1238 4919 decet
1263 4865 1548 4923 meditatio
1588 4867 1786 4924 divina:
1814 4868 1969 4940 legis,

380 4958 445 5009 ut
466 4950 682 5009 dicatur
716 4952 782 5009 de
806 4960 862 5006 te
895 4970 909 5008 :
948 4952 1017 5011 In
1045 4953 1156 5025 lege
1182 4954 1399 5011 nmini
1434 4958 1775 5014 meditabitur
1796 4961 1883 5016 die
1908 4978 1972 5017 ac

378 5052 525 5099 noue
559 5040 734 5115 (Psal.
766 5061 809 5111 ι,
839 5044 918 5117 2),
950 5053 1011 5103 ut
1058 5046 1270 5104 fructus
1309 5057 1434 5104 tuus
1481 5051 1662 5123 vigeat
1708 5051 1764 5107 in
1811 5060 1974 5110 aiter-

452 5194 827 5282 129..“.n'~"£
863 5200 1486 5282 episwlajrimonunc
1526 5204 1801 5282 prodite:
1847 5211 1968 5265 cod.

377 5279 482 5320 ms.
531 5268 731 5349 §alisb.
763 5268 1054 5349 __Caret_i_b_i
1100 5268 1479 5349 inscriptione;
1526 5268 1743 5331 llcuini
1778 5285 1969 5349 tamen

376 5350 501 5394 me
528 5339 647 5408 ipsa
675 5339 1212 5417 styli‘eonditioinos
1240 5339 1491 5415 ignorare
1532 5362 1639 5402 non
1684 5346 1849 5417 sinit;
1902 5349 1970 5405 ad

374 5419 537 5490 (Ιξωξη
569 5425 709 5490 νει-ο,
733 5413 1066 5490 episcopum
1075 5416 1202 5490 data
1243 5413 1425 5490 merit,
1469 5417 1620 5490 nullo
1648 5427 1803 5476 certo
1831 5413 1973 5475 indi-

376 5481 469 5559 cio
491 5481 795 5559 innotescit.
829 5481 1265 5559 (Apudfrobcn.
1280 5481 1448 5558 epist.
1467 5488 1615 5559 l36.)

447 5545 476 5584 δ
508 5547 648 5603 Edit.
704 5545 954 5620 Quercét.
996 5554 1066 5613 55
1089 5596 1104 5621 ,
1138 5545 1335 5615 Canis.‘
1358 5560 1447 5615 31.
1502 5545 1680 5632 (Apud
1728 5559 1965 5615 Froben.

374 5616 543 5686 (mist.
576 5620 727 5686 137.)

410 5622 919 5774 ῗιῗᾷάηέἇὶηιάφη
968 5696 1281 5819 episcopum
1336 5707 1709 5770 certe,,atque
1751 5699 1965 5756 Διαιὴή

410 5760 717 5819 tsmpttlum,
749 5771 807 5814 ut
835 5771 1118 5819 contextus
1168 5771 1421 5819 nutritur.
1453 5779 1647 5819 cetera
1700 5771 1964 5819 ignotum.

372 5757 717 5831 dism'pnlut'n,
749 5771 807 5814 ut
835 5757 1118 5820 c'onteitus
1150 5757 1421 5836 loquitur,
1453 5757 1648 5825 caetera
1699 5771 1964 5842 ignotum.

2078 3182 2213 3238 ritas
2246 3182 2619 3240 honorabilem
2657 3181 2841 3251 faciat,
2872 3194 2930 3240 et
2951 3183 3323 3243 misericordia
3359 3185 3670 3241 amabilem.

2074 3271 2163 3327 Sit
2190 3281 2284 3327 tua
2326 3288 2523 3329 manus
2580 3274 2913 3344 pauperibus
2959 3273 3128 3346 larga,
3176 3275 3362 3333 amicis
3410 3274 3669 3347 benigna.

2076 3363 2207 3419 Esto
2224 3363 2399 3421 ﬁdelis
2426 3365 2767 3436 dispensator
2793 3365 2974 3422 domui
2999 3367 3263 3423 Dci.Esto
3285 3367 3454 3425 forma
3477 3368 3674 3427 salutis

2075 3455 2328 3511 omnibus
2350 3464 2527 3512 tecum
2550 3456 2918 3513 habitantibus
2938 3456 2987 3529 (1
3021 3456 3254 3515 Thessal.
3285 3475 3328 3525 ι,
3356 3458 3431 3532 7).
3456 3458 3524 3513 Et
3544 3458 3674 3528 quia

2078 3549 2222 3605 Deus
2249 3558 2303 3604 te
2323 3549 2535 3605 honore
2556 3549 2789 3606 nobilem
2833 3548 2983 3615 fecit,
3011 3558 3127 3606 esto
3157 3565 3371 3621 quoque
3413 3560 3471 3605 et
3508 3551 3677 3607 mori-

2076 3640 2179 3695 bus
2200 3639 2418 3696 nobilis.
2433 3640 2638 3696 Luceat
2652 3640 2746 3696 lux
2774 3649 2882 3697 tua;
2909 3641 3166 3697 bonitatis
3187 3656 3370 3697 coram
3391 3642 3672 3698 omnibus.

2074 3730 2424 3788 Gloriﬂootur
2461 3732 2521 3788 in
2558 3740 2614 3788 te
2639 3730 2804 3790 Pater
2825 3733 3085 3800 caelatis,
3113 3733 3202 3804 qui
3225 3726 3279 3787 te
3304 3733 3359 3787 in
3395 3732 3500 3788 hac
3529 3748 3680 3804 prm-

2077 3826 2218 3882 senti
2264 3825 2378 3881 vita
2408 3826 2702 3891 custodiat,
2744 3825 2884 3883 etin
2938 3826 3119 3882 futura
3157 3824 3268 3882 vita
3314 3824 3544 3896 gloriam
3576 3827 3674 3881 tibi

2076 3932 2201 3973 cum
2247 3919 2453 3974 sanctis
2476 3917 2740 3975 concedat
2765 3926 3046 3977 aeternam.

2148 4028 2281 4086 Pars
2309 4046 2449 4097 mea,
2484 4046 2638 4103 pars,
2672 4031 2890 4101 valeas;
2919 4046 3134 4105 semper
3152 4032 3233 4090 sit
3244 4048 3374 4104 pars
3401 4041 3497 4088 tua
3515 4030 3676 4090 Chri-

2220 4215 2352 4273 Esto
2380 4230 2588 4272 memor
2615 4224 2809 4287 patris,
2829 4232 2978 4290 pars,
3010 4232 3224 4290 precor,
3247 4217 3393 4283 alma,
3412 4125 3589 4273 ltuit“.

2487 4326 2512 4367 ἀ
2551 4328 2890 4386 EPISTOLA
2936 4329 3242 4387 CLXXXII.

2399 4435 2469 4474 AD
2512 4435 2863 4478 RECBSTMUI
2912 4438 3316 4478 mserum.

2079 4530 2342 4587 [leuatur
2367 4533 2439 4587 ad
2460 4534 2673 4589 uirtutes
2710 4550 2729 4588 :
2748 4524 2804 4588 ἐί
2832 4536 3157 4608 orationibus
3194 4537 3482 4592 amicorum
3520 4539 3671 4608 cupit

2625 4621 2681 4660 se
2730 4605 3111 4661 commendari.

2141 4692 2279 4751 Filio
2308 4708 2428 4751 meo
2457 4694 2779 4751 charissima
2805 4707 2829 4735 ο
2857 4690 3138 4765 Alupétra
3157 4696 3386 4753 Albinus
3412 4697 3671 4755 salutem.

2147 4784 2368 4845 Utinam
2387 4784 2546 4855 juxta
2566 4800 2767 4863 nomen
2793 4795 2945 4843 tuum
2975 4788 3073 4843 ﬂat
3109 4801 3325 4845 merces
3350 4797 3442 4845 tua
3465 4789 3579 4847 alta
3616 4799 3679 4845 ut

2071 4874 2248 4935 ﬁrma.
2281 4876 2394 4934 Hoc
2442 4892 2593 4943 vero,
2621 4884 2703 4943 ut,
2735 4878 2848 4933 Deo
2874 4878 3144 4945 donante,
3192 4879 3317 4946 ﬂat,
3358 4879 3543 4935 labora
3582 4880 3676 4935 iri-

2069 4974 2312 5034 stanter;
2342 4983 2525 5035 curre,
2550 4968 2679 5025 dum
2725 4968 2901 5024 lucem
2927 4969 3126 5036 habes;
3164 4969 3399 5026 ascende
3427 4970 3677 5041 quotidie

2070 5070 2170 5127 per
2194 5056 2437 5129 singulos
2481 5058 2681 5129 gradus
2702 5058 2988 5122 virtutum,
3015 5066 3078 5113 ut
3104 5058 3172 5113 de
3212 5067 3269 5115 ts
3294 5058 3401 5114 dici
3452 5061 3630 5129 possit
3652 5074 3673 5113 :

2142 5209 2169 5251 δ
2199 5210 2343 5274 Edit.
2384 5211 2636 5278 Quercet.
2669 5211 2760 5277 ιδ.
2781 5210 2964 5268 Canis.
3006 5210 3078 5270 56
3129 5212 3322 5268 collata
3349 5228 3475 5268 cum
3507 5213 3671 5269 codd.

2032 5336 2037 5341 ,
2074 5297 2209 5354 mss.
2242 5281 2441 5354 Salisb.
2486 5291 2542 5337 et
2570 5282 2743 5340 sancti
2796 5283 3147 5339 Emmerami.
3186 5282 3378 5354 (Apud
3430 5282 3674 5340 Froben.

2073 5352 2523 5506 ῗρῗὶλᾶἓῗὶρηςε
2552 5439 2573 5473 ι
2616 5421 2872 5506 imperio,
2913 5423 3300 5506 ait_Cauisius,
3324 5427 3380 5479 in
3400 5423 3676 5506 divisian

2072 5492 2334 5549 Ludovici
2353 5498 2433 5567 ει
2480 5492 2663 5567 Caroli
2683 5492 2886 5567 gnum
2932 5504 3134 5567 petram
3184 5509 3382 5567 nomen
3412 5495 3518 5553 loci
3547 5503 3677 5567 post

2074 5569 2321 5637 sanctum
2353 5558 2547 5617 Ursum
2576 5562 2648 5637 _in
2680 5558 3497 5637 Saledoro"etGrandivallem1
3520 5558 3680 5637 {Ast

2074 5632 2167 5713 hic
2189 5644 2385 5713 nomen
2408 5631 2684 5713 proprium
2707 5643 2928 5713 est_non
2950 5633 3076 5698 loci,
3104 5634 3450 5713 sed_l_tominis
3475 5631 3675 5690 Latine

2074 5703 2344 5761 redditum
2369 5742 2385 5767 ,
2436 5703 2584 5767 quod
2632 5704 2909 5761 tbeodisce
2962 5712 3119 5762 sonat
3189 5703 3527 5762 "cristam
3569 5720 3673 5763 seu

2079 5770 2476 5840 Herhslainum,
2507 5772 2646 5830 forte
2686 5773 3057 5830 Hochenatein.
