4012 6188
399 302 511 360 Αιὕὸ

1282 289 1341 342 Β.
1380 287 1441 341 F.
1479 283 1702 339 ALBINI
1740 281 1872 338 SEU
1912 277 2186 336 ALCUINI
2234 271 2515 331 OPERL'M
2556 269 2734 325 PARS
2772 269 2812 323 ι.

3561 257 3670 311 836

405 414 616 470 meritis
665 410 895 466 maxime
935 400 1278 460 adhmtis.
1310 398 1560 454 Christus
1586 411 1683 467 per
1712 393 1985 452 bumilita-
2017 399 2059 454 Α
2090 391 2165 443 Da
2193 396 2266 451 te,
2297 383 2518 455 supplex
2540 383 2783 441 obsecro,
2814 386 2872 470 ut
2920 376 3187 470 duplicem
3216 374 3432 470 habeas
3455 387 3674 470 merce-

405 516 516 563 tem
531 506 674 560 viam
705 501 858 556 nobis
887 498 1015 553 fecit
1037 495 1104 549 ad
1125 493 1352 557 cadum;
1387 491 1515 560 quid
1535 488 1843 558 superbiam
1861 501 1985 556 pra-

403 610 592 651 vorum
622 588 934 660 sequimur?
963 585 1209 657 Angelus.
1242 599 1342 652 per
1386 581 1695 652 superbiam
1726 577 2009 648 promite.

402 685 567 752 cmlo;
600 683 728 751 quid
753 679 998 750 superbit
1017 679 1178 733 homo
1202 683 1348 729 terra
1368 681 1426 728 et
1447 671 1616 726 cinis?
1645 669 1776 736 Quis
1797 682 1987 736 super-

399 778 567 836 bienti
593 772 796 831 homini
820 770 968 824 locus
991 768 1294 834 deputetur,
1345 763 1390 817 si
1441 760 1632 831 angelo
1657 756 1986 830 superbienti

400 868 692 930 infernales
717 877 889 935 poenae
914 865 1229 931 prceparatze
1249 854 1412 910 sunt?
1450 851 1569 908 Non
1612 859 1696 906 est
1732 864 1868 919 opus
1893 863 1990 902 vos

403 961 560 1035 quasi
591 957 932 1032 [insipientes
954 949 1061 1022 vel]
1088 948 1287 1003 inscios
1310 947 1620 1006 admonere,
1647 942 1774 996 dum
1815 939 1991 994 Evan-

403 1030 611 1126 gelium
627 1046 830 1106 Cbristi
856 1052 980 1098 ante
1002 1040 1186 1096 oculos
1215 1038 1446 1094 habetis.
1500 1035 1685 1105 Legite
1713 1040 1768 1088 et
1791 1030 1988 1126 intelli-

403 1123 536 1218 gite,
565 1143 696 1214 quid
717 1141 786 1196 sit
808 1138 1109 1195 cavendum
1135 1134 1221 1189 vel
1244 1133 1370 1202 quid
1388 1128 1802 1186 observandum.
1827 1123 1991 1191 Quid-

399 1240 532 1312 quid
576 1236 650 1292 ibi
693 1234 952 1302 scriptum
983 1237 1088 1291 est,
1123 1240 1344 1282 necesse
1369 1221 1496 1295 [est]
1527 1230 1584 1275 ut
1625 1220 1737 1282 fiat,
1780 1218 1992 1274 dicente

405 1335 521 1404 ipsa
536 1329 777 1386 Veritate
808 1344 820 1378 ;
848 1322 1045 1378 Caelum
1068 1329 1114 1374 et
1135 1328 1278 1373 terra
1304 1316 1624 1378 transibunt,
1641 1312 1794 1367 verba
1808 1319 1992 1404 autem

403 1400 521 1477 mea
542 1435 644 1473 non
664 1414 958 1470 transibunt
987 1409 1204 1482 (Matth.
1256 1423 1406 1473 xxxv,
1448 1406 1559 1476 55).
1585 1405 1755 1460 item:
1795 1400 1991 1471 Siquis

403 1512 578 1582 diligit
609 1525 711 1573 me,
742 1521 1004 1562 sermones
1055 1518 1196 1557 meos
1249 1499 1471 1555 servabit
1505 1497 1686 1567 (Joan.
1734 1508 1844 1558 xiv,
1875 1492 1989 1562 23).

403 1603 664 1662 Indicium
684 1597 988 1655 dilectionis
1010 1595 1109 1650 Dei
1137 1601 1222 1649 est
1249 1591 1502 1646 mandata
1528 1588 1647 1658 ejus
1669 1587 1992 1646 observare;

404 1704 459 1751 et
485 1691 764 1764 pmmium
805 1685 1130 1747 dilectionis,
1162 1684 1300 1737 visio
1333 1679 1516 1753 [ὅπη
1557 1675 1819 1748 visitatio]
1866 1672 1994 1747 [est]

404 1781 734 1845 divinitatis;
769 1792 834 1834 eo
867 1778 984 1845 ipso
1006 1774 1352 1844 promittente
1397 1784 1558 1839 quem
1588 1767 1812 1838 diligere
1840 1765 1995 1835 jube-

407 1889 547 1936 mur,
577 1871 694 1944 [qui
725 1867 876 1940 dicit]
911 1882 925 1920 :
960 1866 1062 1932 Qui
1110 1873 1285 1920 autem
1337 1861 1507 1932 diligit
1546 1876 1646 1922 me,
1685 1857 1933 1927 diligetur
1960 1872 1993 1908 a

409 1943 595 2016 Patre,
623 1974 756 2022 meo,
805 1966 852 2010 et
889 1971 983 2025 ego
1027 1953 1244 2023 diligam
1294 1966 1433 2015 eum,
1474 1957 1522 2003 et
1568 1945 1914 2016 manifestabo
1947 1943 1994 1996 ei

408 2053 660 2122 nteipsum
688 2049 869 2118 (Joan.
899 2062 1013 2110 xw,
1041 2043 1154 2114 21).
1186 2042 1296 2096 Pro
1319 2056 1406 2095 me
1435 2047 1651 2096 orantes
1675 2037 1870 2099 valete,
1893 2033 1995 2088 viri

409 2141 626 2204 fratres,
658 2137 963 2200 charissimi
996 2136 1052 2189 iu
1082 2133 1319 2189 Christo.

823 2263 852 2290 ε
885 2245 1218 2302 EPISTOLA
1253 2243 1584 2300 CLXXXIV.

865 2356 931 2394 AD
971 2352 1353 2394 Ριιεδθῖτειιυκ
1391 2349 1548 2388 BADA.

417 2437 524 2492 Pro
551 2433 854 2489 muneribus
888 2425 1088 2500 gratia!
1108 2429 1248 2498 agit;
1297 2425 1437 2500 dolet
1480 2427 1636 2500 sede
1661 2422 1842 2500 gradu
1869 2438 2001 2492 pau-

483 2505 698 2576 pertatis
719 2494 922 2571 raptum
965 2494 1160 2576 esse‘iii
1186 2497 1480 2567 voraginem
1525 2494 1856 2557 divitiarum;
1881 2509 2002 2545 ora-

484 2569 711 2630 tionibus
740 2569 793 2626 se
818 2569 1165 2625 commendat.

419 2739 424 2750 .
483 2690 693 2747 Dilecto
722 2686 899 2740 amico
933 2684 962 2723 δ
987 2682 1135 2738 Eada
1161 2677 1725 2752 presbyteroAlbinus
1750 2675 2000 2731 salutem.

489 2781 801 2840 Dilectionis
847 2789 954 2833 tua:
981 2790 1206 2832 munera
1238 2788 1430 2845 magna
1479 2771 1780 2826 devotionis
1820 2768 2006 2824 lietitia

414 2874 651 2943 suscepi,
686 2870 1021 2933 desiderans,
1048 2865 1283 2920 donante
1311 2864 1424 2919 Deo
1451 2863 1687 2926 Christo,
1735 2860 2009 2931 prosperi-

416 2977 584 3023 tatem
632 2979 735 3017 vos.
789 2969 844 3016 et
890 2965 1211 3029 presentem
1269 2955 1474 3010 habere
1522 2963 1686 3023 atque
1745 2951 2005 3013 futuram,

417 3070 717 3129 agnoscens
739 3053 975 3120 antiquae
997 3049 1052 3103 in
1075 3048 1228 3104 vobis
1262 3046 1642 3102 muniﬁcentia:
1678 3044 2004 3114 largitatem.

417 3151 759 3217 Quapropter
814 3151 871 3198 et
897 3143 953 3196 in
998 3140 1158 3196 nobis
1206 3140 1442 3209 antiquae
1487 3137 1611 3192 fidei
1667 3134 2004 3192 reformastis

418 3239 736 3295 amicitiam.
769 3237 986 3292 Utinam
1033 3235 1213 3289 divina
1255 3233 1538 3289 clementia
1570 3233 1624 3286 in
1652 3233 1807 3289 vobis
1834 3247 2007 3302 usque

421 3333 492 3388 ad
522 3331 683 3385 ﬁnem
706 3329 840 3384 vita:
867 3340 1218 3397 perseverare
1251 3324 1437 3389 faciat,
1486 3323 1631 3392 quod
1671 3324 1743 3380 ab
1792 3323 2010 3378 ineunte

419 3434 578 3482 :etate
607 3424 661 3480 in
682 3423 837 3478 vobis
858 3420 1072 3490 operari
1096 3419 1314 3488 dignata
1335 3425 1437 3471 est.
1457 3416 1699 3476 Prteterit
1715 3417 1852 3470 enim
1878 3416 2012 3486 ﬁgu-

382 3574 397 3588 ,
422 3533 483 3574 ra
513 3515 674 3586 hujus
702 3511 948 3584 temporis
974 3508 1026 3582 (Ι
1049 3506 1173 3564 Cor.
1197 3523 1294 3571 vn,
1317 3506 1432 3579 51).
1461 3506 1666 3562 Idcirco
1685 3520 1906 3564 necesse
1924 3512 2010 3561 est

421 3614 482 3660 ut
500 3619 600 3660 nos
625 3603 742 3659 dies
761 3609 1005 3658 extrema
1030 3599 1086 3652 in
1116 3596 1420 3652 dilectionis
1457 3596 1685 3667 geminae
1717 3595 2011 3654 sobrietate

420 3695 646 3750 vestitos
685 3691 940 3748 inveniat.
976 3687 1116 3754 Quia
1140 3689 1229 3758 qui
1265 3686 1542 3757 o/Tenderit
1565 3687 1768 3748 inuno,
1807 3683 1860 3738 id
1903 3691 2006 3748 est,

424 3787 482 3844 in
533 3800 639 3840 uno
686 3782 968 3840 cbaritatis
1004 3790 1290 3852 praecepto,
1324 3781 1496 3851 factus
1521 3789 1596 3834 est
1631 3780 1865 3834 omnium
1891 3795 2010 3833 reus

425 3877 570 3952 (Jac.
598 3893 662 3940 ιι,
695 3875 807 3947 ιο).

496 3970 656 4042 κω
682 3969 890 4025 Habeto
916 3984 1034 4032 nos,
1049 3970 1297 4035 obsecro,
1314 3970 1490 4026 socios
1510 3970 1860 4026 beatitudinis
1882 3979 2008 4036 tute,

426 4063 565 4118 sicut
586 4070 638 4118 te
665 4063 912 4132 cupimus
935 4063 1143 4118 socium
1169 4063 1372 4120 habere
1396 4064 1775 4133 prosperitatis
1790 4072 2008 4120 nostrae.

427 4155 493 4210 Et
515 4156 854 4211 orationibus
873 4155 1177 4210 devotionis
1201 4163 1397 4209 vestra:
1439 4155 1612 4210 deduc
1656 4171 1756 4210 nos
1781 4156 1837 4210 in
1861 4170 2014 4210 eum-

426 4251 546 4306 dem
571 4247 908 4320 paupertatis
931 4247 1176 4316 gradum,
1204 4245 1260 4300 in
1285 4261 1413 4315 quo,
1439 4245 1751 4316 perficiente
1771 4247 1900 4311 Deo,
1928 4263 2015 4302 sa-

428 4343 654 4398 lubriter
677 4340 948 4396 consistis.
973 4339 1053 4395 Tu
1076 4347 1228 4394 tenes
1259 4339 1313 4394 in
1335 4340 1584 4396 manibus
1604 4341 1748 4411 quod
1773 4357 1872 4397 nos
1885 4342 2014 4397 olim

431 4444 616 4490 tenere
637 4433 1012 4504 cogitavimus.
1042 4431 1148 4487 Sed
1174 4430 1369 4488 fluctus
1387 4433 1569 4488 saeculi
1596 4443 1838 4490 nostram
1864 4435 2016 4489 navi-

430 4525 604 4580 culam
630 4525 949 4595 procellosis
971 4525 1147 4580 ventis
1172 4525 1225 4578 in
1249 4525 1560 4595 voraginem
1587 4527 1894 4583 divitiarum
1919 4542 2011 4582 ra-

429 4627 681 4688 puerunt.
707 4616 815 4674 Sed
837 4625 891 4673 te
911 4633 1104 4688 precor
1127 4627 1186 4672 ut
1200 4634 1287 4673 me
1307 4619 1526 4690 pietatis
1547 4623 1798 4691 precibus
1822 4621 1876 4676 in
1889 4636 2016 4691 por-

431 4719 546 4767 tum
572 4712 768 4782 quietis
793 4729 1048 4769 revocare
1071 4715 1308 4771 studeas.
1355 4714 1546 4785 Cupio,
1588 4717 1684 4773 sed
1718 4732 1824 4772 non
1849 4714 2010 4770 facio.

433 4799 744 4874 Tranquilla
769 4811 853 4860 est
875 4812 1183 4874 paupertas,
1207 4821 1371 4875 quam
1397 4805 1626 4862 feliciter
1644 4807 1773 4862 obm
1797 4807 2011 4861 amasti.

433 4895 587 4952 Beati
611 4913 868 4969 pauperes
898 4898 1108 4968 spiritu,
1141 4900 1391 4968 quoniam
1429 4899 1662 4970 ipsorum
1702 4908 1778 4953 est
1801 4915 2016 4968 regnum

436 4992 681 5046 cwlorum
710 4991 924 5064 (Matth.
948 5008 1000 5060 v,
1022 4993 1098 5066 3).
1126 4993 1229 5048 Sed
1251 5002 1539 5064 paupertas
1561 4995 1675 5049 haec
1702 4993 2018 5048 humilitatis

436 5083 804 5152 gubernaculo
829 5093 1065 5155 regatur,
1095 5091 1150 5140 et
1169 5085 1449 5140 charitatis
1473 5085 1615 5152 velo,
1639 5085 1801 5142 flante
1833 5094 2019 5142 sancto

439 5172 643 5243 Spiritu
664 5174 718 5229 in
743 5190 881 5238 eam,
911 5176 978 5231 ad
1004 5185 1221 5231 :eternze
1254 5174 1606 5234 beatitudinis
1649 5189 1863 5249 portum
1892 5194 2019 5249 per-

443 5266 633 5329 veniet,
666 5267 758 5322 ubi
785 5267 889 5323 mei
913 5267 1148 5324 nominis
1191 5281 1400 5323 memor
1445 5268 1781 5326 intercedere
1803 5285 1907 5340 pro
1936 5283 2022 5324 me

441 5354 667 5425 [Canis.,
714 5373 816 5426 pro
857 5375 976 5414 mea
1027 5358 1342 5414 infelicitate
1375 5367 1427 5414 te
1455 5361 1699 5437 supplex]
1727 5371 2018 5419 mereatur.

510 5466 723 5546 fEclltL
753 5467 1010 5546 Quercet.
1056 5471 1145 5535 57,
1196 5470 1376 5527 Canis.
1427 5470 1517 5528 42.
1565 5471 1740 5542 (Apud
1785 5473 2019 5530 Froben.

439 5535 772 5609 epist-.1400

517 5599 724 5688 {Eadd
753 5599 1253 5688 presbyterq.‘llunc
1281 5613 1604 5688 monachum
1635 5613 1803 5688 fuisse
1842 5614 2026 5688 Habil—

445 5673 592 5732 lonio
615 5673 1012 5734 verisimile'est
1040 5679 1134 5735 lib.
1166 5697 1313 5735 xxvn
1340 5682 1536 5737 Annal.
1563 5700 1712 5739 num.
1744 5685 1832 5739 3i.
1862 5704 1882 5733 ι
1901 5684 2026 5740 Hice

449 5761 574 5800 vero
601 5744 844 5812 epistola,
871 5747 967 5815 ait,
995 5756 1247 5802 testatum
1297 5751 1442 5813 facit,
1472 5764 1731 5819 quantum
1774 5755 2028 5812 Atcuinus

2089 477 2209 532 dem
2239 494 2251 528 :
2277 489 2439 529 unam
2469 473 2545 526 tui
2570 471 2758 540 ipsius,
2806 469 3029 523 alteram
3077 465 3263 521 fratris
3303 464 3404 519 tui.
3455 463 3674 520 Utinam

2087 580 2148 624 ut
2169 583 2380 622 merear
2401 576 2454 621 te
2472 564 2655 620 videre
2677 579 2801 619 cum
2829 563 3014 617 laetitia
3041 562 3174 626 illic,
3201 561 3250 615 si
3289 561 3380 616 hic
3421 559 3540 615 fieri
3565 575 3677 616 non

2089 658 2287 730 possit!
2329 657 2518 712 Divina
2550 662 2603 709 te
2631 654 2805 725 gratia
2827 654 3140 716 comitetur,
3170 660 3226 707 et
3248 652 3304 706 in
3341 652 3489 706 omni
3534 653 3681 708 bono

2089 750 2282 804 ﬂorere
2323 747 2508 813 faciat,
2553 754 2613 800 ut
2659 760 2781 800 cum
2832 743 3115 813 multiplici
3155 745 3421 798 bonorum
3451 758 3678 813 operum

2090 843 2266 898 fructu
2294 842 2458 896 vitam
2485 838 2748 894 merearis
2769 835 2975 904 ingredi
2999 835 3402 906 sempiternam.

2511 963 2533 990 ο
2586 947 2921 1004 EPISTOLA
2961 945 3267 1002 CLXXXV.

2483 1039 2552 1077 AD
2622 1034 2877 1083 QUEIDAI
2946 1033 3284 1073 DISCIPULUIL

2091 1116 2295 1173 Gaudet
2348 1115 2410 1169 ob
2440 1111 2683 1182 discipuli
2730 1111 3124 1182 prosperitatem
3165 1118 3213 1162 et
3254 1107 3549 1182 litterarum
3574 1119 3684 1179 etu-

2163 1188 2344 1252 dium;
2397 1177 2638 1238 hortatur
2696 1177 2763 1236 ait
2806 1177 3168 1252 paenitentiam
3235 1188 3281 1252 et
3336 1177 3405 1232 ad
3451 1177 3683 1252 pugnant

2163 1248 2342 1310 contra
2369 1255 2538 1308 hostes
2561 1253 2773 1305 animm.
2793 1248 3053 1303 Ornatam
3071 1249 3302 1315 corporis
3332 1248 3678 1318 reprehendit.

2162 1343 2476 1400 Dilectionis
2500 1349 2696 1398 vestrae
2722 1340 2932 1394 litteras
2981 1347 3133 1410 grata
3180 1339 3392 1407 suscepi
3435 1338 3682 1403 dextera,

2093 1447 2147 1493 et
2171 1437 2292 1492 laeto
2315 1435 2557 1503 legebam
2595 1432 2793 1496 animo,
2828 1430 3132 1499 intelligens
3165 1430 3217 1483 in
3239 1430 3320 1485 eis
3344 1437 3538 1484 vestra:
3555 1429 3684 1485 vita:

2091 1526 2508 1600 prosperitatem
2533 1531 2588 1578 et
2613 1522 2864 1576 litteralis
2889 1521 3135 1576 exercitii
3169 1522 3427 1586 studium,
3463 1537 3530 1577 ex
3573 1537 3684 1592 quo

2097 1619 2352 1675 dictantis
2373 1617 2676 1686 eloquentia
2702 1615 2915 1670 claruit.
2951 1614 3065 1669 lloc
3088 1614 3218 1669 mihi
3246 1614 3540 1668 maximum
3565 1628 3690 1669 esse

2027 1747 2069 1806 Β
2098 1711 2353 1783 gaudium
2381 1714 2612 1772 constat,
2636 1715 2696 1761 ut
2735 1705 2873 1761 filios
2903 1705 3099 1778 [meos]
3153 1704 3345 1761 ﬂorere
3393 1705 3604 1761 videam
3632 1705 3689 1759 in

2098 1801 2527 1858 conversationis
2573 1799 2808 1869 puritate
2837 1807 2890 1852 et
2915 1797 3188 1868 profectus
3236 1797 3531 1869 diligentia.
3580 1797 3693 1852 Iste

2095 1901 2178 1950 est
2200 1901 2423 1947 ornatus
2454 1906 2612 1960 quem
2654 1889 2835 1960 optavi
2868 1890 2920 1944 in
2950 1891 3027 1944 eis
3057 1888 3189 1962 [Al.,
3221 1888 3400 1962 meis].
3425 1888 3544 1944 Istae
3563 1897 3694 1944 sunt
3783 1875 3795 1882 ”

2096 1986 2298 2041 delicia:
2327 1985 2522 2053 quibus
2547 1981 2665 2036 illos
2698 1981 2998 2036 desideravi
3033 1981 3241 2035 vestiri.
3276 1980 3381 2036 lsta
3427 1989 3511 2036 est
3533 1997 3694 2034 mun-

2097 2075 2226 2130 ditia
2253 2089 2413 2143 quam
2441 2071 2723 2142 concupivi
2749 2072 2800 2125 in
2833 2071 2956 2125 illis.
3012 2071 3098 2126 liae
3125 2083 3249 2126 sunt
3279 2071 3452 2140 epula:
3483 2071 3536 2125 in
3569 2070 3692 2140 qui-

2095 2171 2196 2224 bus
2234 2165 2663 2234 illosjucundari
2698 2165 2895 2219 amavi.
2927 2163 3021 2218 llis
3045 2164 3208 2218 etiam
3236 2165 3416 2218 anima
3450 2162 3695 2218 reficitur

2097 2259 2344 2316 esuriens
2369 2266 2423 2312 et
2469 2258 2660 2312 sitiens
2698 2256 2986 2327 justitiam.
3022 2255 3136 2310 Hoc
3179 2263 3264 2309 est
3309 2252 3496 2307 vinum
3548 2252 3697 2322 quod

2099 2352 2289 2406 miscet
2333 2349 2597 2418 sapientia
2639 2347 2878 2402 invitatis
2930 2346 2998 2400 ad
3048 2360 3293 2400 mensam
3338 2360 3512 2408 suam,
3559 2341 3691 2399 dum

2100 2451 2305 2512 septem
2335 2441 2600 2496 columnis
2645 2440 2928 2495 subnixam
2973 2438 3075 2493 sibi
3125 2439 3341 2492 domum
3387 2437 3696 2491 construxit

2103 2533 2283 2605 (Prov.
2335 2548 2410 2596 Ix,
2449 2530 2501 2596 5,
2538 2529 2609 2602 l).
2654 2530 2708 2584 In
2739 2531 2840 2584 hac
2880 2529 3060 2584 divina
3106 2530 3282 2592 domo,
3327 2527 3496 2582 frater
3529 2525 3688 2600 (Cod.

2105 2623 2244 2688 Sal.,
2291 2623 2387 2696 fili]
2434 2623 2734 2687 carissime,
2790 2630 2841 2676 te
2889 2622 3137 2676 habitare
3173 2636 3389 2690 semper
3432 2620 3691 2682 obsecro;

2105 2716 2246 2770 illius
2275 2724 2328 2769 te
2357 2714 2532 2786 epulis
2577 2715 2720 2784 pasci
2771 2712 3067 2783 deprecor;
3100 2712 3204 2767 hoc
3237 2710 3373 2784 [Αι.,
3400 2709 3587 2783 hujus]
3641 2719 3696 2765 te

2106 2805 2292 2860 calicis
2316 2820 2469 2860 mero
2493 2804 2749 2859 inebriari
2776 2812 2999 2874 exopto;
3025 2817 3130 2857 non
3150 2817 3317 2856 vanas
3338 2801 3518 2856 saeculi
3544 2815 3700 2870 pom-

2108 2913 2228 2968 pas,
2253 2913 2361 2952 non
2385 2896 2576 2951 noxias
2605 2895 2848 2967 corporis
2885 2894 3269 2950 delectationes
3303 2892 3548 2961 exsequi,
3579 2905 3698 2962 qum

2107 3005 2215 3044 non
2239 2988 2538 3060 proderunt
2554 2987 2953 3043 ambulantibus
2973 2987 3026 3040 in
3052 2985 3151 3051 eis,
3174 2986 3267 3041 sed
3290 3001 3416 3040 suos
3441 2998 3701 3055 sequaces

2035 3097 2082 3161 ρ
2114 3085 2168 3138 in
2195 3093 2411 3138 mternae
2430 3082 2748 3154 perditionis
2774 3081 3086 3151 voraginem
3123 3081 3516 3134 demerseruut.

2183 3175 2265 3229 Tu
2291 3190 2440 3239 vero,
2475 3188 2628 3228 amor
2651 3175 2846 3228 anima;
2874 3189 3026 3238 mete,
3043 3173 3087 3227 si
3105 3172 3235 3243 quid
3261 3171 3500 3227 sordium
3524 3186 3588 3226 ex
3613 3171 3701 3227 bis

2110 3265 2449 3331 contraxisti,
2477 3264 2734 3336 lacrymis
2777 3263 2913 3328 lava,
2945 3264 3270 3334 pmnitentia
3297 3263 3470 3327 ablue,
3499 3271 3551 3318 et
3573 3261 3702 3318 vim

2114 3360 2354 3414 melioris
2397 3375 2560 3414 manu
2601 3360 2748 3424 dele;
2796 3374 3004 3414 memor
3053 3357 3148 3422 tui,
3202 3372 3514 3430 memorque
3560 3357 3701 3423 mei;

2111 3452 2347 3506 animam
2397 3468 2572 3508 meam
2605 3451 2906 3517 lzetilicans,
2960 3460 3064 3506 ture
3105 3466 3332 3522 parcens
3361 3469 3374 3504 :
3405 3451 3529 3521 quia
3560 3450 3704 3505 salus

2111 3551 2202 3597 tua
2249 3543 2545 3598 consolatio
2577 3559 2697 3597 mea
2738 3554 2840 3597 est.
2895 3543 3014 3598 Noli
3055 3552 3258 3614 patrem
3305 3559 3401 3597 sua
3453 3543 3706 3598 mercede

2112 3635 2360 3690 fraudare
2384 3635 2448 3690 de
2473 3643 2544 3689 te.
2574 3635 2692 3689 Noli
2720 3635 2814 3691 filii
2844 3652 3039 3691 nomen
3082 3635 3255 3690 delere
3287 3634 3340 3688 in
3389 3643 3459 3689 te.
3510 3633 3568 3690 Si
3594 3651 3700 3706 pro

2112 3737 2164 3783 te
2199 3744 2306 3782 non
2329 3729 2430 3794 vis,
2461 3725 2546 3782 vel
2584 3743 2685 3798 pro
2719 3744 2806 3783 me
2835 3728 2939 3783 lac.
2985 3726 3044 3783 Si
3069 3727 3152 3783 vel
3186 3743 3272 3782 me
3298 3743 3404 3805 non
3429 3745 3612 3791 curas,
3647 3737 3705 3782 et

2112 3827 2165 3874 te
2187 3821 2436 3892 negligis;
2467 3817 2637 3875 Deum
2666 3821 2816 3884 time,
2842 3821 3022 3892 dilige,
3049 3822 3277 3877 honora.
3302 3821 3397 3876 Ille
3431 3831 3515 3877 est
3535 3835 3706 3877 verus

2111 3919 2286 3982 pater,
2317 3911 2403 3966 ille
2427 3912 2756 3982 redemptor,
2784 3911 2872 3966 ille
2898 3912 3137 3967 omnium
3176 3912 3400 3984 largitor
3437 3894 3704 3968 bonorum

2114 4004 2338 4059 suscitat
2361 4003 2718 4058 dormientem
2749 4003 2802 4058 in
2832 4004 3039 4060 deliciis
3065 4005 3324 4060 animam.

2184 4096 2382 4152 Contra
2407 4103 2517 4150 tres
2538 4097 2633 4151 tibi
2657 4097 2898 4168 quotidie
2922 4099 3272 4168 pugnandum
3299 4106 3381 4152 est
3405 4097 3652 4154 inimicos
3689 4113 3704 4151 :

2116 4195 2307 4242 contra
2358 4187 2651 4254 diabolum,
2698 4195 2884 4243 contra
2917 4188 3192 4254 sarculum,
3225 4199 3416 4244 contra
3460 4205 3704 4245 carnem.

2117 4276 2396 4345 Quomodo
2419 4278 2622 4348 poteris
2645 4294 2837 4334 secure
2860 4279 3135 4335 dormire?
3166 4279 3242 4335 Te
3261 4296 3390 4336 vero
3405 4280 3708 4337 dormiente

2116 4371 2364 4440 vigilant,
2386 4372 2476 4441 qui
2501 4377 2554 4426 te
2574 4371 2820 4426 occidere
2834 4381 3101 4440 quaerunt.
3120 4371 3400 4440 Quomodo
3420 4387 3523 4427 non
3549 4373 3710 4427 times

2043 4460 2096 4518 D
2120 4464 2363 4520 ﬂammas
2393 4473 2607 4520 aeternae
2631 4465 2982 4536 perditionis?
3004 4467 3143 4534 Quid
3175 4476 3254 4533 tu,
3281 4468 3427 4538 parvi
3446 4467 3712 4536 temporis

2114 4555 2328 4624 hospes.
2353 4555 2587 4623 patriam
2631 4555 2830 4626 quieris
2858 4556 2909 4610 in
2956 4557 3411 4626 peregrinatione,
3455 4564 3508 4612 et
3557 4556 3710 4612 illam

2113 4643 2449 4700 obliviscaris
2471 4645 2525 4700 in
2551 4661 2655 4716 qua
2684 4646 2820 4702 civis
2840 4648 3177 4718 conscriptus
3213 4664 3274 4704 es
3302 4649 3354 4703 in
3401 4649 3710 4720 baptismo?

2116 4738 2303 4810 Cogita
2330 4740 2450 4809 quis
2469 4755 2570 4810 pro
2595 4749 2644 4795 te
2668 4741 2919 4811 pependit
2951 4741 3005 4796 in
3040 4758 3201 4798 cruce
3233 4740 3527 4814 [patienter
3545 4742 3715 4798 susti-

2119 4846 2252 4885 nens
2263 4833 2458 4900 probra
2476 4831 2828 4906 invidorum],
2853 4832 3002 4902 cujus
3019 4833 3161 4889 latus
3173 4833 3356 4889 lancea
3373 4831 3713 4903 perforatum

2119 4930 2226 4976 tuae
2271 4922 2586 4994 sanguinem
2623 4922 3012 4998 redemptionis
3053 4927 3344 4978 emanavit.
3391 4922 3512 4977 Noli
3533 4923 3719 4993 parvi-

2118 5014 2353 5084 pendere
2375 5014 2608 5084 pretium
2638 5024 2745 5070 tuae
2771 5013 2922 5086 [ϐοά.
2950 5013 3047 5070 Sal
3076 5055 3091 5079 ,
3109 5014 3364 5086 propriae]
3381 5015 3592 5070 salutis.
3608 5014 3718 5070 Pro

2123 5111 2175 5156 te
2205 5103 2436 5160 traditus
2457 5113 2564 5169 est,
2588 5104 2682 5174 qui
2713 5111 2766 5158 te
2795 5102 2920 5159 fecit
2947 5120 2962 5159 :
2987 5105 3094 5160 imo
3117 5107 3359 5160 omnium
3382 5106 3546 5176 203
3563 5121 3721 5161 crea-

2123 5203 2209 5248 tor
2233 5195 2301 5250 ad
2329 5194 2714 5264 redemptionis
2733 5202 2840 5250 tua:
2877 5195 3111 5265 pretium
3159 5195 3394 5268 seipsum
3439 5196 3720 5266 expendit.

2123 5281 2233 5338 Cur
2266 5290 2318 5338 te
2345 5282 2636 5354 ignobilem
2665 5281 2820 5350 facis,
2867 5285 3204 5343 nobilissimo
3247 5296 3464 5357 emptus
3510 5287 3722 5359 pretio?

2125 5373 2244 5430 Noli
2266 5389 2333 5428 ex
2361 5373 2471 5428 ﬁlio
2493 5373 2587 5428 Dei
2617 5372 2800 5431 facere
2821 5391 3038 5433 servum
3061 5379 3281 5434 diaboli.

2128 5483 2363 5563 abfuerit
2403 5502 2432 5540 a
2473 5485 2785 5563 divitiarum
2832 5488 3144 5563 cupiditate,
3185 5513 3202 5544 ι
3229 5491 3299 5548 ob
3341 5508 3504 5563 quam
3558 5493 3722 5549 alicui

2129 5554 2378 5632 fortassis
2404 5557 2825 5632 reprehensione
2847 5554 3041 5632 dignus
3066 5554 3235 5618 videri
3263 5554 3552 5632 potuisset.

2202 5635 2224 5664 α
2242 5624 2380 5679 Είὶίι.
2399 5624 2647 5694 Quercet.
2662 5628 2750 5694 56,
2771 5624 2955 5686 Canis.
2972 5632 3040 5686 58
3063 5624 3391 5687 collata-cum
3413 5633 3570 5691 codd.
3588 5648 3719 5690 mss.

2133 5695 2306 5767 (Apud
2336 5695 2566 5753 Froben.
2591 5700 2747 5768 epist.
2776 5700 2866 5754 lii
2884 5701 2921 5771 .)
3299 5720 3312 5725 υ
3617 5714 3622 5716 -
