4012 6188
316 350 420 407 157

1747 339 2126 405 ιεριδτοιηε.

3480 333 3589 401 ιδδ

387 460 529 539 Quid
551 473 578 503 ι
607 460 930 532 pompaticis
968 473 1188 517 carnem
1228 458 1407 522 induis
1453 458 1896 531 vestimentis,et
1927 466 1972 522 Α
2002 455 2121 513 fuit.
2148 456 2194 512 0
2222 457 2268 513 si
2299 458 2429 514 mihi
2467 471 2568 514 vox
2598 457 2775 514 fort-ca
2802 464 2966 525 esset,
2994 443 3051 515 et
3074 472 3267 531 omnes
3292 457 3386 531 pili
3414 467 3594 517 verte-

315 559 628 611 ornamenta
654 550 851 606 animat
877 566 984 605 non
1023 548 1260 620 quaeris?
1284 548 1481 603 Beatus
1516 549 1614 613 rir,
1638 547 1793 618 cujus
1825 558 1900 602 est

317 660 500 705 nomen
530 641 742 697 Domini
774 657 890 711 spes
915 640 1053 710 ejus,
1079 640 1170 712 qui
1195 655 1301 693 non
1325 639 1532 710 respicit
1557 637 1616 692 in
1647 638 1903 697 uanitates

317 749 361 799 et
395 734 636 796 insanias
666 731 832 803 falsas
862 731 1035 804 (Psal.
1088 747 1276 795 nux,
1320 730 1397 804 5)“.
1431 728 1622 785 Melius
1647 736 1732 793 est
1762 729 1904 785 collo

320 826 596 900 sapientiae
639 823 838 881 monile
888 822 1175 892 suspendi,
1223 836 1386 892 quam
1433 820 1610 876 serico
1649 820 1905 882 vanitatis

320 916 514 984 involvi
552 914 743 989 (Eccli.
768 913 865 987 v1).
908 913 1099 970 Melius
1138 921 1225 968 est
1262 911 1517 974 castitate
1546 911 1760 967 lumbos
1800 912 1907 967 οἰτ-

318 1005 603 1077 cmncingi,
631 1019 793 1075 quam
835 1002 1139 1060 numerosis
1163 1017 1481 1074 pomparum
1510 1002 1742 1074 cingulis
1771 1017 1903 1057 con-

319 1097 537 1169 stringi,
576 1104 632 1151 et
682 1094 935 1150 ardentes
981 1095 1248 1149 bonorum
1295 1107 1521 1163 operum
1553 1091 1608 1153 in
1656 1092 1907 1148 manibus

321 1194 538 1260 portare
574 1184 841 1250 lucernas,
870 1198 1034 1254 quam
1062 1183 1259 1253 digitos
1285 1181 1501 1247 annulis
1528 1181 1907 1240 ostentationis

321 1277 535 1342 radiare
565 1273 715 1349 (Luc.
748 1290 856 1340 ιιι,
887 1272 1001 1345 55).
1037 1272 1220 1337 Satius
1256 1282 1341 1329 est
1369 1273 1537 1345 pedes
1579 1272 1635 1337 in
1659 1272 1906 1343 Evange-

321 1366 451 1423 lium
495 1365 645 1438 pacis
689 1364 971 1443 expeditos
1013 1376 1154 1430 esse,
1200 1378 1363 1434 quam
1410 1362 1570 1434 longo
1615 1361 1906 1427 fasciarum

324 1470 461 1513 nexu
488 1453 644 1526 ligari
669 1451 883 1527 (Ephes.
907 1468 982 1518 η,
1012 1451 1121 1523 l5).
1171 1452 1315 1517 lleu!
1346 1453 1493 1523 quod
1516 1452 1885 1530 corrumpitur

325 1555 470 1603 tanta
512 1544 789 1617 diligentia
820 1557 1076 1611 ornatur;
1107 1553 1164 1599 et
1210 1545 1355 1614 quod
1397 1552 1709 1617 permanet,
1756 1551 1907 1599 tanta

324 1636 565 1699 socordia
606 1635 919 1708 negligitur!
951 1635 1087 1698 Illud
1114 1637 1260 1699 omni
1295 1650 1425 1692 cura
1454 1644 1696 1702 ornatur,
1725 1634 1904 1706 pasci-

326 1734 413 1789 tur
437 1733 491 1791 et
516 1726 747 1787 vestitur
766 1742 785 1787 ,ε
814 1728 917 1788 hoc
942 1727 1095 1803 quasi
1127 1727 1233 1785 vile
1269 1726 1600 1801 supellectile
1628 1726 1774 1782 nullo
1818 1725 1910 1781 de-

2006 556 2196 604 rentur
2216 548 2273 603 in
2293 548 2527 620 linguas,
2547 557 2611 604 ut
2635 549 2721 605 vel
2739 550 2820 605 sic
2844 550 2910 605 ad
2930 565 3093 605 aures
3118 550 3195 605 tui
3223 550 3404 607 cordis
3422 550 3589 607 verba

2005 637 2309 693 dilectionis
2335 652 2470 693 mea:
2491 645 2775 708 pervenire
2800 639 3119 705 valuissent;
3150 640 3237 695 vel
3261 639 3315 696 in
3363 649 3455 696 tuo
3493 657 3591 713 pe-

2007 737 2159 785 ctore
2204 727 2425 798 spiritus
2464 736 2612 787 eSSet
2635 730 2953 799 prophetire,
2979 738 3041 785 ut
3064 731 3374 802 perspicere
3409 732 3591 788 cordis

2005 819 2114 874 mei
2141 833 2340 873 arcana
2366 820 2662 889 potuisses!
2688 822 2939 877 crederes
2973 823 3156 892 utique
3184 839 3342 893 quam
3378 824 3592 880 suavis-

2005 908 2145 973 simo
2172 923 2364 985 sapore
2389 910 2465 965 tui
2494 910 2695 977 amoris
2726 920 2913 980 pectus
2950 924 3132 969 meum
3152 911 3314 985 305
3339 913 3590 984 implere-

2006 1009 2111 1067 tur.
2139 998 2245 1067 Sed
2270 1015 2435 1067 nunc,
2458 1000 2602 1070 quod
2628 999 2803 1066 valeo,
2833 999 3046 1058 faciam.
3090 1000 3200 1057 llos
3235 1018 3433 1072 parvos
3472 1004 3588 1075 api-

2005 1106 2119 1158 ces,
2146 1108 2357 1166 magnae
2375 1078 2581 1153 indices
2601 1095 2905 1161 charitatis,
2938 1095 3031 1157 tibi
3061 1096 3256 1168 dirigo,
3283 1105 3344 1156 ut
3368 1114 3465 1171 per
3488 1100 3589 1155 hos

2007 1182 2276 1254 intelligas
2304 1183 2447 1253 quod
2472 1184 2557 1253 vi;
2589 1184 2810 1257 intelligi
2841 1193 3037 1256 potest.
3066 1183 3218 1248 Sicut
3241 1185 3457 1251 ﬂamma
3491 1203 3591 1259 po-

2006 1283 2112 1337 test
2134 1275 2325 1340 videri,
2351 1276 2501 1349 tangi
2545 1282 2725 1337 autem
2766 1291 2875 1339 non
2917 1283 3115 1348 potest,
3147 1276 3223 1333 ita
3265 1277 3506 1332 charitas
3535 1278 3591 1334 in

2006 1366 2200 1431 litteris
2222 1367 2372 1427 cerni
2393 1374 2594 1436 potest,
2625 1366 2720 1422 sed
2748 1367 2837 1423 vix
2865 1367 2920 1425 iu
2951 1369 3133 1422 animo
3156 1367 3444 1424 scribentis
3466 1384 3595 1427 sen-

2009 1455 2096 1510 tiri
2125 1454 2288 1511 valet.
2334 1454 2471 1523 Quia
2510 1456 2651 1517 sicut
2694 1456 2941 1513 scintillae
2968 1458 3035 1514 de
3074 1458 3198 1530 igne
3241 1468 3588 1531 sparguntur,

2005 1547 2081 1609 ita
2108 1545 2326 1609 dilectio
2348 1546 2653 1612 litterarum
2692 1545 2867 1608 cilicio
2904 1548 3065 1605 volat.
3090 1547 3198 1605 Sed
3225 1550 3442 1622 plurimi
3465 1561 3596 1607 sunt

2005 1636 2059 1692 in
2093 1652 2322 1707 quorum
2351 1638 2513 1699 corde
2542 1637 2904 1709 exstinguitur
2928 1658 2940 1693 :
2972 1639 3093 1697 ideo
3118 1640 3323 1712 gratius
3349 1640 3593 1706 lucescit,

2004 1728 2095 1787 ubi
2124 1728 2210 1784 vel
2251 1729 2431 1799 aliqua
2461 1727 2579 1797 ejus
2616 1728 2889 1786 ﬂammula
2928 1731 3185 1788 ardescit.
3225 1732 3363 1801 Quia
3412 1733 3467 1788 in
3515 1741 3591 1797 to,

326 1831 448 1873 core
490 1816 708 1888 dignum
754 1817 997 1877 ducitur!
1029 1818 1327 1879 Terrenum
1358 1818 1573 1883 colitur,
1601 1825 1655 1873 et
1682 1817 1903 1879 caeleste
1938 1820 1980 1881 Β
2007 1816 2177 1874 frater
2219 1819 2584 1885 sanctissime,
2624 1836 2809 1889 veram
2856 1821 3036 1877 inveni
3078 1823 3433 1891 charitatem,
3472 1822 3596 1878 ideo

326 1923 430 1973 non
457 1911 705 1973 curatur!
735 1909 828 1969 Dei
856 1926 1032 1981 imago
1058 1910 1287 1977 vilescit,
1315 1919 1370 1967 et
1395 1921 1554 1967 terra:
1581 1912 1789 1985 species
1819 1912 1911 1969 ho-

328 2002 578 2056 noratur!
608 2000 723 2056 Non
750 2002 847 2067 ita,
872 2000 967 2066 fili,
995 2017 1101 2056 non
1130 2003 1205 2057 ita
1230 2002 1285 2058 in
1312 2011 1366 2059 te
1390 2003 1479 2058 sit.

396 2090 475 2147 Tu
497 2092 636 2147 sacri
657 2091 844 2148 altaris
866 2092 1136 2159 minister,
1163 2101 1217 2149 tu
1242 2092 1439 2151 summi
1460 2093 1681 2156 honoris
1705 2096 1909 2163 socius,

328 2191 385 2238 tu
411 2182 691 2253 sapientiae
715 2198 829 2248 vas,
859 2181 958 2238 flos
986 2183 1384 2251 adolescentiae,
1414 2184 1730 2255 dignitatem
1762 2193 1909 2241 tuam

329 2274 565 2340 attende,
591 2283 646 2330 et
673 2282 791 2329 esto
812 2273 953 2344 quod
983 2275 1298 2342 nominaris.
1327 2274 1516 2346 Cogita
1542 2290 1738 2347 corpus
1759 2284 1914 2333 tuum

330 2365 382 2433 in
390 2365 670 2449 pulverem
693 2365 894 2429 reverti
916 2373 970 2421 et
994 2366 1229 2421 animam
1249 2374 1394 2432 tuam
1410 2367 1478 2422 ad
1492 2367 1757 2439 judicium
1775 2371 1909 2442 rapi.

332 2456 510 2524 Qualis
536 2465 664 2513 tunc
687 2471 807 2512 esse
840 2455 1046 2525 cupias,
1077 2456 1238 2513 talem
1267 2465 1320 2513 te
1349 2474 1492 2514 nunc
1520 2460 1735 2523 exhibe,
1761 2459 1916 2519 Nunc

332 2556 540 2616 tempus
555 2554 639 2600 est
654 2545 955 2611 laborandi,
972 2553 1098 2601 tunc
1112 2547 1497 2609 remunerandi
1514 2564 1529 2611 ;
1552 2563 1691 2603 nunc
1705 2562 1915 2621 prome-

332 2636 501 2699 rendi,
529 2643 656 2690 tunc
677 2634 993 2704 accipiendi.
1010 2633 1111 2711 Qui
1132 2635 1252 2707 plus
1266 2635 1498 2703 laborat,
1512 2637 1634 2707 plus
1652 2639 1915 2694 mercedis

333 2724 780 2805 accipiet.Cttrre,
809 2725 932 2791 dum
956 2724 1123 2788 lucem
1149 2726 1306 2781 habes
1337 2724 1519 2793 (Joan.
1546 2743 1645 2793 ιιι,
1672 2727 1784 2801 55).
1810 2727 1913 2796 Qui

335 2817 492 2873 hodie
514 2825 616 2881 est,
640 2832 760 2871 cras
788 2833 896 2872 non
924 2816 1050 2884 erit,
1069 2817 1279 2873 dicente
1306 2817 1585 2887 Scriptura
1614 2836 1626 2870 :
1659 2817 1787 2872 Noli
1805 2827 1916 2873 tar-

332 2906 459 2971 dare
486 2909 711 2971 converti
747 2907 815 2961 ad
839 2906 1139 2971 Dominum,
1169 2909 1292 2979 quia
1321 2908 1510 2973 nescis,
1537 2907 1664 2980 quid
1700 2919 1917 2970 ventura

333 3002 505 3074 pariat
532 3002 641 3057 dies
670 3000 859 3073 (Eccli.
880 3017 936 3067 v,
953 3001 1030 3073 8).
1045 3000 1234 3057 Omnis
1253 3000 1423 3070 gloria
1440 3000 1620 3056 sreculi
1644 3002 1795 3073 quasi
1818 3000 1919 3058 llos

333 3092 442 3150 feni
494 3091 723 3147 decidet.
778 3091 975 3146 Atescit
1023 3090 1203 3162 fenum
1252 3099 1299 3144 et
1335 3091 1434 3161 ﬂos
1483 3090 1597 3162 ejus
1635 3090 1830 3162 deperit
1861 3090 1916 3164 (Ι

2009 1907 2155 1975 nulla
2187 1916 2457 1964 terrarum
2498 1909 2674 1980 spatia
2703 1925 2790 1965 me
2832 1911 3141 1982 prohibent,
3172 1913 3470 1981 secundum
3498 1928 3598 1984 op.

2008 1998 2398 2069 portunitatem
2422 2001 2693 2069 portantis
2717 1999 2960 2073 [visere],
2986 2002 3208 2073 cupiens
3231 2009 3283 2065 te
3300 2003 3355 2069 in
3379 2001 3599 2062 Christo

2009 2089 2322 2159 perenniter
2348 2088 2488 2155 frui,
2516 2089 2671 2159 cujus
2698 2106 2853 2149 amor
2896 2099 3082 2156 nostra
3125 2093 3334 2149 utinam
3377 2092 3601 2165 impleat

2011 2176 2178 2244 corda
2205 2185 2265 2233 ut
2288 2192 2387 2249 per
2413 2176 2532 2253 ejus
2568 2178 2911 2235 dilectionem
2939 2180 3095 2236 nobis
3126 2181 3445 2243 inviolabilis
3468 2196 3599 2254 per-

2012 2277 2231 2335 maneat
2258 2268 2593 2338 fraternitas,
2616 2270 2772 2344 cujus
2798 2271 3119 2333 charitatem
3162 2272 3305 2333 sicut
3344 2274 3602 2330 sacerdos

2012 2358 2109 2426 Dei
2152 2360 2370 2429 summi,
2401 2360 2543 2417 sicut
2586 2360 2716 2423 tuba
2738 2361 3001 2434 ctelestis,
3030 2363 3171 2422 sicut
3206 2378 3386 2434 praeco
3411 2364 3604 2425 salutis

2014 2456 2337 2511 cunctorum
2360 2450 2609 2522 ingerere
2631 2451 2882 2509 cordibus
2906 2451 3145 2515 studeas.
3165 2452 3440 2524 Quidquid
3460 2452 3604 2521 illius

2016 2538 2225 2609 respuit
2268 2540 2563 2606 sanctitas,
2615 2539 3007 2607 instantissime
3046 2541 3301 2612 prohibe;
3342 2543 3605 2615 quidquid

2016 2626 2158 2689 illius
2183 2627 2354 2700 diligit
2378 2628 2615 2696 bonitas,
2648 2630 3026 2697 ardentissime
3052 2631 3305 2701 prtedica.
3337 2633 3455 2691 Non
3493 2643 3605 2696 ter-

2017 2734 2162 2774 renae
2197 2717 2507 2792 fragilitatis
2535 2727 2740 2781 terreat
2764 2729 3025 2791 potestas,
3052 2736 3161 2776 non
3187 2722 3463 2788 sacularis
3486 2740 3606 2787 mn-

2017 2810 2151 2871 bitio
2211 2812 2603 2869 sacerdotalem
2651 2815 2993 2870 severitatem
3050 2824 3377 2885 compescat.
3426 2814 3606 2876 Nolite

2019 2898 2177 2972 [Cud.
2191 2917 2293 2957 ms.
2313 2901 2462 2975 Noli]
2490 2904 2670 2963 timere
2689 2920 2776 2960 eos
2799 2904 2889 2976 qui
2907 2921 3095 2975 corpus
3116 2914 3330 2976 possunt
3351 2905 3603 2975 occidere,

2017 2990 2251 3047 animam
2274 3002 2448 3048 autem
2475 3011 2579 3050 non
2602 3004 2815 3067 possunt
2838 2993 3065 3068 (Matth.
3094 3011 3151 3062 ι,
3172 2993 3286 3069 28).

2089 3082 2221 3140 Esto
2255 3085 2504 3142 omnibus
2542 3087 2665 3146 vice
2690 3085 2931 3150 lucerna,
2962 3088 3195 3157 praevius
3235 3088 3449 3145 viarum
3473 3089 3603 3156 Dei,

335 3183 480 3238 Petr.
502 3199 540 3247 1,
570 3180 683 3249 24).
708 3180 976 3236 Memento
998 3180 1260 3235 creatoris
1283 3180 1391 3244 tui,
1425 3189 1711 3259 antequam
1740 3182 1922 3238 veniat
1948 3173 1994 3238 C
2023 3174 2330 3247 exemplum
2370 3177 2690 3237 honestatis.
2735 3177 2867 3242 Esto
2894 3177 3108 3234 miseris
3138 3178 3463 3246 consolatio,
3491 3194 3608 3236 mc-

333 3283 546 3344 tempus
590 3270 912 3327 alllietionis.
945 3270 1254 3343 Pugnemus
1289 3270 1520 3337 fortiter,
1559 3280 1613 3331 et
1643 3272 1920 3332 vincamus

334 3364 629 3436 perniciter
653 3360 805 3435 [Ms.,
829 3362 1086 3427 viriliter;
1118 3361 1214 3432 a!.,
1247 3361 1614 3435 pertinaciter]
1636 3404 1650 3429 ,
1678 3371 1737 3418 ut
1763 3380 1923 3425 coro-

336 3472 530 3511 ncmur
555 3453 803 3517 feliciter.
834 3453 988 3521 lllum
1013 3455 1277 3517 habemus
1321 3453 1641 3522 adiutorem,
1669 3471 1831 3527 quem
1867 3465 1923 3512 et

336 3554 817 3601 remuneratorem.
833 3542 925 3599 Ille
948 3545 1097 3618 prior
1121 3545 1332 3609 hostem
1346 3545 1495 3610 vicit,
1514 3553 1572 3599 ut
1592 3561 1691 3602 nos
1708 3547 1923 3603 vincere

337 3636 625 3706 possimus.
640 3635 1014 3707 Triumphavit
1038 3638 1090 3693 in
1126 3653 1309 3705 cruce,
1338 3646 1397 3697 ut
1423 3653 1523 3696 nos
1551 3653 1835 3708 regnemus
1866 3640 1921 3695 in

339 3726 499 3787 οωιο.
515 3726 593 3782 Ad
612 3742 711 3782 nos
731 3727 1007 3796 descendit
1036 3727 1090 3782 in
1120 3736 1344 3795 terram,
1369 3739 1429 3786 ut
1450 3748 1548 3790 nos
1567 3733 1924 3795 ascendamus

339 3816 406 3871 ad
436 3818 585 3871 illum
611 3816 665 3871 in
694 3817 909 3872 omium.
936 3816 1106 3883 Filius
1132 3819 1366 3879 hominis
1393 3820 1568 3880 factus
1598 3833 1704 3890 est,
1735 3831 1796 3877 ut
1824 3839 1923 3879 nos

342 3905 436 3962 lilii
477 3907 575 3963 Dei
603 3922 723 3963 esse
749 3922 1074 3975 mereamur,
1097 3911 1183 3964 cui
1208 3908 1323 3968 laus
1351 3919 1407 3966 et
1436 3912 1607 3982 gloria
1637 3914 1691 3968 in
1735 3928 1924 3979 omnes

340 3999 690 4062 aeternitates.
712 3997 909 4064 Amen.

768 4090 796 4132 ι)
822 4089 1156 4154 EPISTOLA
1183 4092 1510 4155 CLXXXVI.

839 4199 906 4246 AD
933 4198 1136 4240 Αυιουιι
1176 4199 1405 4239 ειυειειι
1412 4224 1425 4237 .

347 4293 597 4354 Ardorent
632 4294 1052 4364 cliaritatisisute
1100 4293 1396 4364 signiﬁcat;
1440 4294 1683 4350 hortatur
1729 4305 1784 4350 ut
1814 4313 1925 4351 om-

416 4364 580 4445 nibus.
731 4363 1020 4447 exemplum
1063 4365 1218 4447 ἕξεις.
1256 4363 1601 4447 gemmendat
1653 4365 1924 4447 lectionem

410 4433 581 4516 sancti
623 4422 926 4504 Evangelii,
956 4442 1005 4488 et
1051 4431 1195 4487 Libri
1246 4422 1541 4489 Pastoralis
1584 4422 1751 4490 sancti
1783 4422 1925 4499 'Gre;

446 4519 571 4556 om.

446 4519 571 4556 om.

412 4519 751 4648 {)nlcissima:
793 4593 1095 4650 dilectionis
1132 4593 1289 4651 fratn'
1327 4604 1383 4650 et
1420 4596 1601 4653 amico
1643 4597 1698 4652 in
1729 4596 1931 4654 Christi

344 4681 617 4738 charitate
642 4682 891 4738 salutem.

415 4772 601 4830 Attrita
623 4772 839 4844 antiquo
860 4790 1020 4829 nam
1048 4792 1152 4830 non
1176 4785 1251 4830 est
1279 4775 1468 4831 similis
1490 4775 1680 4848 (Eccli.
1710 4793 1789 4843 1x,
1818 4777 1927 4850 li).

343 4854 568 4921 Amicus
593 4860 687 4929 qui
735 4858 1007 4932 fortunam
1037 4864 1299 4933 sequitur,
1329 4871 1386 4919 et
1422 4872 1633 4935 tempus
1660 4866 1930 4931 observat,

345 4952 435 5019 qui
461 4950 621 5021 juxta
652 4951 969 5022 qualitatem
1008 4953 1109 5010 loci
1155 4962 1417 5022 mutatur,
1448 4971 1724 5026 nunquam
1769 4972 1932 5012 verus

416 5097 441 5125 ι
480 5085 802 5157 ξὀηβραιίοἱι
828 5088 1158 5144 vestimentis.
1186 5089 1344 5153 Eum,
1373 5104 1531 5157 quem
1560 5084 1818 5153 Aléuinus
1845 5093 1933 5150 hic

340 5154 415 5229 ob
433 5154 744 5229 affcctatum
770 5159 998 5214 vestium
1025 5160 1363 5229 splendorem
1388 5154 1748 5228 reprehendit,
1768 5162 1933 5218 fuisse

340 5225 603 5295 clericum
621 5267 638 5293 ,
664 5236 814 5297 patet
856 5245 923 5283 ex
966 5225 1069 5285 bis'
1096 5232 1275 5287 verbis
1300 5249 1313 5284 :
1345 5229 1422 5284 Tu
1447 5225 1586 5284 sacri
1614 5230 1800 5286 altaris
1827 5234 1931 5286 nti-

340 5297 525 5366 nister,
552 5306 660 5352 etc.
705 5297 1001 5361 Audiamus
1044 5299 1354 5366 Sidonium,
1383 5300 1613 5355 nitorem
1655 5300 1830 5356 cultus
1876 5302 1931 5357 in

337 5365 720 5439 ecclesiastico
735 5368 953 5424 homine
968 5372 1448 5439 reprehendentem
1471 5388 1483 5423 :
1506 5388 1522 5421 ι
1547 5368 1744 5425 Habitu
1760 5371 1930 5426 cultu-

336 5450 453 5508 que
478 5452 615 5493 mus
653 5437 795 5501 icuo,
830 5439 995 5509 inquit
1021 5437 1050 5492 ἑ
1090 5439 1238 5494 'stola
1270 5441 1357 5506 15,
1394 5440 1487 5497 lib.
1525 5456 1601 5506 ιν,
1638 5456 1745 5496 non
1778 5439 1934 5510 iuve-

336 5508 523 5559 nescit
551 5452 751 5559 soiitm.
782 5508 887 5559 sed
921 5455 1314 5559 auociiimmodo‘
1360 5512 1713 5559 renuerascit-
1750 5512 1933 5559 Enim-

335 5508 523 5565 nescit
551 5508 751 5586 solum,
782 5508 887 5586 sed
921 5508 1314 5586 quodammodo
1360 5508 1933 5586 repuerascit._Enim-

335 5588 478 5634 vero
504 5577 677 5643 vestis
698 5577 951 5641 astricta;
973 5586 1157 5634 tensus
1184 5577 1501 5647 cothurnus,
1530 5582 1696 5639 crinis
1721 5583 1775 5637 in
1801 5592 1932 5639 mue

336 5647 876 5727 specimenaccisus,
905 5648 1069 5727 barba
1092 5647 1234 5727 intra
1260 5658 1515 5718 rugarum
1539 5652 1774 5727 latebras
1795 5668 1934 5727 mer-

337 5711 421 5788 sis
456 5711 735 5788 ad'cutem
763 5711 1259 5788 forcipibus,
1281 5711 1413 5783 et'c'.,
1444 5711 1774 5787 professione
1805 5721 1932 5776 reli-

338 5785 531 5855 gionis
555 5778 796 5858 arrepta,
822 5777 1028 5841 viribus
1052 5777 1589 5858 potius'rezurgentis
1612 5777 1930 5846 innocentia:

796 5878 1074 5949 ᾔτηη,
1135 5875 1203 5936 C.

2023 3267 2204 3329 dicina
2253 3267 2567 3334 vulneratis,
2619 3268 2832 3329 alllictis
2881 3269 3215 3338 consolatio,
3261 3280 3461 3341 pastor,
3503 3287 3608 3326 non

2023 3360 2405 3426 mercenarius,
2434 3360 2620 3416 domus
2676 3360 2804 3427 Dei,
2852 3376 2958 3423 non
3007 3360 3255 3433 spelunca
3306 3360 3570 3430 latronum
3590 3402 3606 3430 ,

2020 3451 2197 3521 palma
2216 3454 2430 3524 ﬂorens,
2450 3453 2586 3510 oliva
2605 3471 2805 3525 semper
2819 3455 2992 3523 pirens
3007 3454 3194 3527 (Joan.
3209 3470 3266 3520 ι,
3290 3454 3387 3521 l3;
3411 3454 3605 3515 Matth.

2022 3541 2258 3607 xs1,l5;
2284 3540 2681 3612 Psal.xc1,l5;
2724 3542 2995 3609 Gemvm,
3021 3542 3131 3614 ll).
3171 3542 3291 3600 Noli
3329 3542 3610 3617 columba;

2024 3628 2119 3695 Dei
2149 3631 2401 3688 vendere.
2434 3630 2611 3689 Gratis
2636 3632 2730 3698 da,
2758 3632 2898 3704 quod
2920 3634 3084 3703 gratis
3112 3633 3358 3702 accepisti
3387 3631 3606 3706 (Matt/1.

2023 3736 2080 3789 ι,
2105 3724 2181 3795 8).
2204 3722 2734 3793 lrreprehensibilem
2762 3723 2991 3793 teipsum
3020 3723 3076 3778 in
3105 3723 3361 3780 omnibus
3387 3723 3612 3792 exhibe,

2023 3819 2083 3867 ut
2108 3814 2217 3868 vita
2248 3820 2339 3868 tua
2367 3813 2608 3875 doctrina
2635 3815 2706 3869 sit
2727 3814 2931 3886 populi,
2964 3823 3026 3871 ut
3055 3832 3122 3873 ex
3150 3816 3292 3872 bona
3321 3832 3612 3874 conversa-

2027 3902 2169 3956 tione
2216 3909 2308 3956 tua
2354 3900 2692 3957 aediﬁcentur
2733 3902 2948 3973 plurimi
2994 3905 3046 3977 (ι
3081 3906 3215 3962 Tim.
3246 3908 3437 3981 111,2).
3468 3908 3612 3981 Lege

2023 3990 2328 4063 diligenter,
2358 3991 2605 4057 obsecro,
2641 3992 2987 4064 Evangelium
3010 3994 3242 4061 Christi,
3272 3997 3439 4055 libros
3475 4014 3613 4067 quo-

2023 4095 2128 4151 que
2178 4079 2313 4140 alios
2357 4081 2630 4139 canonica;
2673 4083 3028 4147 auctoritatis.
3074 4082 3182 4144 Sed
3233 4093 3291 4153 et
3333 4085 3612 4146 Pastorale

2023 4168 2166 4226 beati
2192 4168 2436 4243 Gregorii
2463 4186 2615 4243 papa:
2637 4173 2932 4244 szepiSSime
2956 4182 3322 4245 perscrutarc.
3354 4174 3450 4230 His
3481 4190 3612 4246 epu-

2024 4260 2091 4332 lis
2115 4262 2353 4333 animam
2380 4273 2528 4332 tuam
2554 4280 2736 4335 pasce,
2758 4274 2820 4323 ut
2845 4265 3047 4328 habeas
3073 4268 3216 4324 unde
3237 4267 3373 4324 alios
3392 4282 3611 4339 quoque

2024 4349 2253 4419 reticere
2280 4353 2480 4415 valeas.
2513 4353 2613 4421 Mei
2640 4370 2875 4426 quoque,
2916 4356 3163 4423 obsecro,
3194 4364 3256 4412 ut
3287 4358 3607 4413 memoriam

2026 4440 2232 4513 habeas
2254 4443 2398 4505 inter
2426 4445 2716 4503 missarum
2745 4446 3008 4502 solemnia
3034 4455 3091 4502 ct
3116 4463 3302 4505 sacras
3336 4449 3613 4506 orationes

1958 4517 2002 4577 Ι)
2030 4535 2172 4601 tuas,
2196 4539 2257 4585 ut
2294 4531 2474 4593 divina
2500 4531 2784 4591 clementia
2811 4535 3026 4590 veniam
3066 4536 3199 4592 mihi
3240 4546 3609 4609 peccatorum,

2032 4628 2088 4675 ct
2115 4634 2371 4688 coronam
2403 4620 2495 4679 tibi
2520 4622 2834 4679 meritorum
2854 4632 3111 4695 praestare
3131 4626 3399 4699 dignetur.

2426 4743 2449 4773 ε
2491 4732 2824 4790 EPISTOLA
2863 4735 3212 4793 CLXXXVII.

2525 4820 2594 4860 AD
2631 4820 2883 4869 QUEIDAI
2918 4822 3118 4865 ῖιιιυκ.

2032 4894 2237 4971 Laudat
2288 4895 2531 4968 discipuli
2585 4897 2904 4971 devotionem
2951 4908 3000 4955 et
3046 4901 3313 4971 sapientiae
3354 4902 3608 4960 audiam.

2107 4965 2231 5021 Non
2267 4985 2389 5024 suos
2421 4965 2617 5032 'mores,
2662 4966 2752 5022 sed
2796 4965 3179 5039 exhortationes
3220 4981 3267 5027 et
3306 4982 3611 5041 sanctorum

2031 5096 2393 5153 convalescat.
2421 5118 2439 5151 ι
2469 5098 2570 5155 Ubi
2610 5098 2901 5155 notandum
2952 5107 3066 5164 est,
3112 5108 3324 5156 veteres
3373 5101 3613 5158 Francos

2032 5168 2265 5222 astrictis
2290 5168 2530 5223 vestibus
2552 5184 2695 5233 usos.
2726 5169 2799 5227 De
2818 5170 3013 5240 quibus
3035 5169 3290 5228 Sidonius
3311 5187 3480 5229 carm.
3504 5172 3540 5239 2
3563 5193 3577 5227 ;

2218 5244 2448 5309 {strictius
2470 5254 2676 5305 assueta:
2701 5255 2865 5301 restes
2884 5259 3084 5309 procera
3105 5257 3340 5303 coercent

2220 5304 2436 5355 Membra
2457 5310 2629 5354 virum.

2033 5373 2282 5452 Sicutet
2325 5375 2393 5452 de
2417 5374 2622 5452 Gothis
2654 5375 2910 5452 Sidonius
2948 5377 3040 5452 lib.
3068 5394 3141 5444 1v,
3168 5380 3326 5452 epist.
3354 5379 3442 5438 20.
3490 5379 3614 5441 llaec

2030 5443 2280 5516 Canisius
2304 5435 2396 5514 qui
2424 5436 2576 5516 plura
2607 5438 2710 5501 hoc
2737 5445 2853 5516 loco
2879 5446 2944 5502 de
2969 5435 3339 5507 nominatim
3359 5435 3440 5509 i'c'
3463 5435 3614 5515 1:612;

2032 5529 2167 5638 rei;
2177 5514 2509 5640 [ganearum
2536 5515 2874 5577 vestimentis
2914 5532 2979 5573 ex
3025 5518 3214 5576 eodem
3256 5519 3477 5581 Sidonio
3512 5514 3610 5590 adé

2031 5599 2104 5639 no
2162 5601 2195 5638 v

2103 5655 2133 5695 δ
2163 5654 2302 5732 Edit.
2347 5653 2595 5732 Quercet.
2618 5653 2922 5732 t'l,_Cani_s1
2943 5655 3013 5732 29
3057 5658 3250 5717 collata
3281 5675 3404 5732 cum
3453 5664 3607 5731 codd,

2031 5723 2367 5799 mss._(Apud
2391 5723 2619 5799 Froben.
2643 5726 2801 5797 epist.
2818 5725 2974 5799 lii.)

2102 5804 2126 5834 ε
2157 5794 2405 5862 Quercet.
2434 5794 2536 5850 (Οἳ
2560 5810 2625 5850 ex
2670 5794 2772 5853 ins.
2807 5794 2989 5869 (Apud
3023 5797 3252 5863 Froben.
3279 5803 3432 5871 epist.
3462 5798 3605 5881 lli.)

3144 5889 3218 5962 15
