4012 6188
343 351 448 406 ιῖίυ

1225 345 1289 398 Β.
1329 344 1390 398 F.
1432 341 1654 397 ALBINI
1697 340 1827 395 SEU
1867 337 2142 395 ALCUINI
2195 339 2478 396 OPERUM
2517 339 2698 395 PARS
2736 340 2775 394 I.

3497 337 3600 392 £60

413 464 658 551 ementpla.
680 462 825 551 sequi
845 454 1764 551 lectio-rictu
1945 457 1986 513 Α
2019 461 2072 508 et
2099 453 2417 510 bonoriiicet
2458 454 2598 510 inter
2633 452 2901 518 homines,
2944 459 2999 506 et
3035 450 3205 506 vitam
3249 449 3345 507 tibi
3387 457 3607 523 prmatet

314 542 317 544 ’
413 547 508 588 cla:
540 521 855 601 Scriptum,
902 531 1149 584 virtutum
1181 527 1522 590 exercitium,
1553 539 1735 578 curam
1783 521 1916 576 ado-

317 619 324 628 '
415 604 712 665 Icscentum,
730 611 830 654 etc.

414 731 769 787 Dilectissimo
809 729 918 786 ﬁlio
957 735 1120 799 atque
1154 725 1372 783 amabili
1412 738 1533 780 meo
1571 723 1796 778 Albinus
1835 737 1923 778 sa-

347 824 534 879 intem.

411 937 739 992 Litterarum
765 934 936 990 series
966 942 1177 988 tuarum
1205 929 1498 985 laetiﬁcavit
1533 925 1719 984 oculos
1747 940 1918 990 meos,

347 1026 612 1098 aspiciens
643 1027 696 1079 in
726 1025 803 1080 eis
830 1024 986 1079 boum
1012 1021 1311 1076 devotionis
1341 1019 1615 1081 intuitum,
1643 1024 1697 1071 et
1724 1023 1924 1070 sanctae

348 1115 624 1186 sapientia:
650 1115 920 1178 decorem,
952 1120 1112 1182 atque
1148 1111 1204 1165 in
1231 1125 1350 1164 eam
1379 1108 1618 1164 discendi
1648 1120 1919 1170 amorem;

345 1205 492 1275 quod
538 1205 771 1259 maxime
809 1202 918 1256 tuis
967 1200 1126 1256 modo
1170 1199 1428 1268 competit
1471 1198 1650 1261 annis,
1691 1195 1777 1250 vel
1828 1207 1926 1264 pro

347 1303 561 1348 teterme
585 1293 708 1346 viue
745 1288 1094 1353 beatitudine,
1123 1286 1208 1341 vel
1233 1300 1334 1358 pro
1361 1284 1634 1341 saecularis
1680 1284 1884 1338 honore
1909 1300 1921 1335 :

348 1397 475 1452 quia
508 1381 639 1437 nihil
664 1379 984 1434 laudabilius
1026 1386 1111 1433 est
1132 1378 1188 1432 in
1218 1376 1434 1431 homine
1460 1389 1623 1445 quam
1649 1373 1927 1443 sapientiae

349 1475 512 1530 decus
555 1481 611 1529 et
653 1471 933 1528 charitatis
977 1468 1219 1526 ail‘ectus.
1265 1465 1419 1534 Quod
1464 1481 1593 1522 vero
1640 1464 1927 1536 postulasti

350 1580 498 1620 meos
522 1563 617 1619 tibi
645 1562 939 1619 inscribere
961 1574 1160 1624 mores,
1189 1558 1385 1613 mirum
1411 1558 1654 1620 videtur;
1689 1556 1815 1610 dum
1842 1554 1928 1610 die

350 1663 618 1724 noctuque
663 1667 875 1708 mecum
933 1648 1112 1715 fuisti,
1150 1662 1254 1702 nec
1294 1646 1498 1716 aliquid
1550 1644 1648 1699 tibi
1694 1643 1926 1698 celatum

348 1745 470 1810 fuit,
500 1743 629 1815 quid
656 1743 934 1799 nobiscum
986 1747 1255 1812 ageretur.
1288 1735 1399 1791 Nec
1426 1736 1646 1806 dignum
1693 1734 1924 1798 videtur,

2025 552 2430 614 sempiternam.

2091 634 2168 689 De
2211 633 2365 688 libris
2398 647 2526 688 vero
2556 648 2691 702 quos
2726 632 2953 703 rogasti,
2999 632 3053 688 id
3090 639 3194 698 est,
3242 632 3298 687 in
3339 628 3612 702 EpistoIas

2019 727 2397 798 Apostolorum
2446 725 2590 779 beati
2640 725 2798 780 Bedte
2853 731 3164 790 tractatum,
3213 736 3239 764 α
3285 740 3444 780 soror
3489 741 3610 782 mea

2021 818 2181 888 Gysla
2211 818 2391 873 habet.
2439 818 2576 872 Dum
2621 817 2712 872 illa
2755 817 2994 871 remittet
3041 831 3165 871 eum
3191 817 3346 882 mihi,
3377 816 3608 889 dirigam

2021 911 2192 965 vobis.
2238 910 2314 964 De
2338 909 2366 948 ι’
2393 908 2772 964 Benedictione
2817 906 3276 971 Patriarcharum,
3321 907 3389 962 de
3417 907 3614 976 quibus

2023 1015 2214 1072 rogare
2233 999 2332 1054 tibi
2359 1015 2570 1070 quoque
2594 998 2817 1070 placuit,
2855 999 3131 1069 composui
3159 997 3288 1053 olim
3326 997 3611 1069 epistolam

2025 1090 2124 1146 sub
2163 1090 2378 1144 nomine
2409 1097 2500 1144 tuo
2531 1099 2554 1128 ο
2588 1087 2965 1161 Samuelisque
2992 1088 3343 1159 condiscipuli
3380 1089 3478 1144 tui.
3509 1087 3615 1146 Ne-

2025 1180 2137 1236 scio
2162 1181 2207 1234 si
2236 1179 2302 1234 de
2328 1195 2390 1235 ea
2419 1179 2723 1250 postulasti,
2751 1181 2865 1237 sive
2885 1182 2952 1237 de
2972 1181 3210 1252 quolibet
3239 1179 3343 1235 alio
3371 1187 3611 1237 auctore.

2026 1269 2103 1324 De
2131 1270 2355 1339 epistola
2384 1271 2759 1341 interrogasti,
2791 1273 2920 1341 quid
2953 1271 3131 1327 esset?
3159 1271 3295 1325 Nam
3321 1274 3406 1326 ἐπὶ
3433 1288 3615 1344 super,

2027 1362 2180 1419 στόλοι
2206 1361 2413 1417 habitus
2440 1362 2628 1418 Grmce
2658 1363 2874 1418 dicitur.
2905 1363 3060 1420 Unde
3088 1363 3362 1419 Adrianus
3384 1364 3616 1435 impera-

2028 1462 2113 1508 tor
2136 1453 2161 1492 δ
2193 1453 2493 1524 Epictetum
2521 1453 2899 1524 philosophum
2927 1456 3071 1510 inter
3087 1453 3220 1509 alias
3243 1454 3619 1524 inquisitiones

2029 1543 2397 1612 interrogavit,
2438 1543 2567 1612 quid
2594 1551 2738 1598 esset
2772 1545 3041 1598 cinctum?
3069 1545 3140 1598 At
3164 1544 3251 1600 ille
3275 1545 3464 1600 videns
3491 1560 3615 1600 eum

2028 1634 2310 1704 epistolam
2346 1650 2509 1689 manu
2555 1643 2849 1699 tenentem,
2898 1636 3218 1706 respondit:
3255 1635 3408 1702 Quod
3453 1653 3615 1690 manu

2028 1734 2186 1779 tenes.
2215 1723 2410 1779 Veiens
2432 1724 2750 1795 intelligere,
2781 1726 2934 1796 quasi
2958 1727 3444 1796 supercinctorium
3471 1737 3621 1783 esset

339 1849 469 1890 mea
498 1833 724 1889 multum
747 1841 802 1888 te
822 1830 974 1900 sequi
997 1829 1132 1884 velle
1157 1828 1406 1899 vestigia,
1435 1826 1540 1880 nisi
1567 1824 1706 1880 forte
1741 1824 1928 1880 admo-
1961 1817 2004 1875 Β
2029 1815 2268 1888 epistolas
2289 1815 2543 1887 sigillum,
2564 1831 2670 1887 quo
2690 1833 2720 1871 a
2743 1816 2874 1872 foris
2893 1818 3157 1872 vestiatur
3176 1818 3442 1874 chartula.
3466 1820 3618 1874 Hanc

351 1923 569 1979 nitionis
591 1922 778 1986 verba,
803 1934 925 1991 qua
964 1918 1158 1989 saepius
1187 1917 1402 1972 audisti.
1434 1915 1541 1970 Sed
1568 1915 1730 1970 etiam
1760 1914 1933 1984 magis

350 2021 663 2068 sanctorum
691 2019 743 2068 te
771 2010 1044 2066 instruant
1079 2007 1347 2078 exempla,
1378 2021 1498 2076 qua:
1535 2006 1590 2060 in
1621 2005 1824 2060 sanctis
1852 2004 1931 2060 le-

349 2115 551 2177 guntur
574 2103 894 2174 Scripturis,
933 2108 991 2157 et
1017 2107 1215 2156 nostra:
1241 2101 1367 2154 vita:
1406 2098 1826 2153 stabilimentnm
1854 2097 1936 2151 di-

342 2198 629 2268 .gnoscitur
655 2208 794 2251 esse.
827 2193 909 2248 'I‘u
932 2206 1084 2258 vero,
1113 2190 1186 2246 ﬁli
1215 2191 1553 2254 charissime,
1585 2190 1638 2243 in
1667 2188 1934 2243 eharitate

359 2286 590 2356 teipsum
637 2295 854 2347 exerce,
883 2288 940 2337 et
980 2281 1035 2334 in
1071 2279 1454 2336 ecclesiasticis
1503 2277 1695 2334 ciliciis
1739 2291 1937 2332 ornare

353 2375 519 2429 vitam
548 2382 696 2429 tuam
727 2378 1028 2437 memento;
1058 2369 1268 2441 vigilias
1295 2376 1351 2424 et
1386 2369 1656 2423 orationes
1683 2367 1936 2438 frequen-

354 2474 478 2520 tans
519 2472 576 2519 et
617 2463 672 2519 in
719 2462 965 2518 lectionis
992 2462 1169 2516 studio
1210 2461 1298 2515 die
1351 2468 1621 2530 noctuque
1666 2460 1936 2515 desudans

354 2566 596 2623 quaerere
616 2549 822 2625 (Forte,
850 2548 1052 2623 qurere]
1083 2549 1355 2604 Christum
1385 2550 1438 2603 in
1469 2549 1663 2604 litteris
1702 2549 1937 2620 prophe-

357 2654 530 2696 tarum
552 2641 942 2712 prtedictum,et
968 2641 1021 2694 in
1047 2639 1355 2711 evangelica
1394 2647 1672 2695 ostensum
1703 2639 1940 2694 auctori-

347 2742 484 2788 tate.
512 2732 580 2787 Et
605 2730 729 2785 dum
767 2732 998 2786 invenias
1025 2745 1150 2786 eum
1169 2770 1184 2796 ,
1213 2745 1322 2784 non
1365 2732 1574 2785 amittas
1611 2747 1728 2785 eum
1758 2728 1933 2803 (Cant.

359 2839 443 2889 ιιι,
469 2822 556 2897 4);
585 2822 675 2878 sed
699 2823 940 2878 introduc
959 2837 1079 2877 cum
1108 2822 1163 2876 in
1192 2821 1408 2876 domum
1430 2821 1610 2877 cordis
1640 2821 1738 2886 tui,
1761 2829 1819 2876 et
1841 2823 1939 2875 ha-

355 2916 482 2972 beto
508 2931 631 2972 eum
659 2922 926 2970 rectorem
950 2914 1072 2969 vita:
1098 2920 1220 2968 tute.
1246 2913 1381 2968 Ama
1410 2929 1534 2970 eum
1559 2913 1699 2969 sicut
1727 2911 1940 2968 redem-

356 3017 597 3079 ptorem,
642 3006 1162 3078 gubernatoremque
1211 3011 1395 3070 tuum,
1444 3004 1791 3072 omniumque
1843 3001 1939 3056 tibi

358 3099 665 3170 largitorem
693 3097 977 3153 bonorum.
1007 3095 1223 3152 Custodi
1250 3095 1500 3150 mandata
1525 3094 1668 3150 illius
1698 3093 1752 3166 (I
1776 3093 1935 3147 Joan.

2031 1911 2230 1966 habeto
2269 1909 2790 1980 interpretationem,
2839 1910 3013 1966 donec
3054 1909 3332 1965 meliorem
3379 1910 3621 1966 invenias

2029 2003 2116 2058 vel
2141 2003 2426 2059 veriorem.

2403 2103 2428 2131 ο
2459 2090 2796 2149 EPISTOLA
2823 2092 3193 2149 CLXXXVIII.

2513 2202 2581 2241 AD
2619 2202 2802 2241 Πωωι
2841 2201 3131 2241 ΕΟΒΟΤΕΙ.

2032 2275 2255 2333 Solatur
2269 2276 2443 2342 illum,
2469 2286 2516 2331 et
2535 2277 2777 2331 hortatur
2795 2277 2864 2330 ad
2878 2277 3251 2344 confessionem
3269 2285 3622 2347 peccatorum.

2103 2365 2430 2423 Charissimo
2467 2368 2605 2424 Filio
2630 2369 2802 2424 unicae
2824 2368 3126 2424 dilectionis
3154 2371 3207 2424 in
3235 2368 3435 2424 Christi
3459 2370 3629 2425 bene-

2035 2457 2272 2514 dictione
2299 2458 2548 2515 salutem.

2104 2549 2379 2604 Festinavi
2421 2551 2632 2606 obviam
2664 2559 2858 2608 vestra:
2886 2551 3184 2608 dulcedinis
3217 2555 3538 2622 prmsentiae,
3570 2563 3628 2608 et

2033 2654 2162 2694 ecce
2177 2648 2419 2694 mutuata
2441 2639 2692 2714 [mutata]
2718 2643 2832 2698 vice
2845 2658 2943 2714 pro
2962 2643 3143 2698 laetitia
3167 2643 3390 2698 visionis
3405 2655 3623 2708 vestrm,

2036 2729 2268 2786 tristitiae
2293 2730 2535 2785 chartula
2561 2733 2794 2798 advenit,
2835 2743 3070 2789 vestram
3106 2734 3430 2790 denuntians
3448 2735 3627 2807 lacry-

2036 2819 2219 2875 mabili
2251 2827 2400 2875 textu
2431 2820 2822 2887 inﬁrmitatem,
2860 2826 3244 2894 propemodum
3273 2834 3326 2880 te
3361 2825 3414 2879 in
3441 2825 3627 2882 limine

2039 2909 2199 2982 hujus
2224 2912 2347 2966 vita;
2381 2913 2684 2981 suspirare;
2718 2913 2810 2967 sed
2836 2923 3098 2983 quantum
3122 2914 3189 2968 de
3219 2922 3310 2969 tuo
3331 2916 3629 2970 contristor

2038 3001 2246 3066 labore,
2275 3009 2485 3057 tantum
2513 3004 2580 3058 de
2605 3004 2781 3059 divina
2804 3005 3047 3060 iactiﬁcor
3070 3005 3292 3075 pietate,
3317 3007 3408 3077 qui
3436 3015 3488 3060 te
3517 3017 3629 3061 tam

2041 3093 2294 3149 diuturna
2323 3095 2636 3150 inﬁrmitate
2662 3097 2895 3164 decoxit,
2925 3106 2984 3152 ut
3005 3099 3194 3169 purior
3214 3114 3475 3168 appareas
3498 3114 3630 3153 con-

360 3206 417 3255 v,
438 3163 500 3256 5;
534 3187 725 3243 Matth.
758 3203 871 3255 nx,
901 3185 1012 3262 i7),
1041 3188 1168 3260 quia
1197 3189 1253 3243 in
1300 3187 1405 3243 illis
1449 3188 1561 3242 vita
1589 3195 1674 3242 est
1710 3163 1932 3240 interna.
1961 3163 2008 3224 Ο
2040 3185 2246 3254 spectui
2277 3184 2435 3239 illius.
2461 3184 2657 3240 Beatus
2678 3187 2859 3252 homo,
2885 3163 2978 3256 qui
3001 3163 3339 3258 corripitura
3366 3187 3624 3250 Domino;

361 3279 430 3333 Et
473 3291 671 3349 magna
716 3277 1037 3334 discretione
1076 3278 1306 3348 teipsum
1349 3277 1727 3347 circumspice,
1757 3276 1938 3332 consi-

361 3370 557 3424 derans
601 3368 728 3438 quid
778 3367 1077 3439 agendum,
1122 3368 1208 3423 vel
1256 3368 1385 3438 quid
1433 3367 1593 3438 205
1639 3367 1938 3423 cavendum

361 3460 704 3530 praecipiatur
750 3458 866 3513 tibi.
909 3457 977 3512 Et
1015 3457 1274 3528 quidquid
1320 3458 1574 3528 accepisti
1603 3473 1633 3512 a
1659 3458 1937 3529 magistro,

361 3551 448 3608 vel
473 3549 674 3622 Spiritu
697 3550 990 3620 inspirante
1018 3556 1206 3604 sancto
1234 3547 1505 3619 intelligis,
1535 3548 1692 3603 trade
1719 3548 1943 3618 diligen-

355 3644 593 3709 tissime,
621 3651 676 3697 et
713 3642 875 3706 doce;
904 3649 966 3696 ut
991 3639 1086 3694 tibi
1111 3651 1324 3709 semper
1361 3647 1622 3709 augeatur
1643 3636 1944 3708 intelligen-

365 3736 456 3792 tia:
481 3735 702 3800 donum,
723 3734 848 3802 quia
886 3730 1036 3788 omni
1073 3731 1291 3788 habenti
1329 3731 1545 3786 dabitur
1573 3728 1786 3804 (Matth.
1812 3744 1938 3794 xm,

369 3823 481 3898 i2),
510 3825 563 3880 id
590 3832 693 3890 est,
723 3821 951 3880 docendi
975 3821 1213 3877 studium
1236 3821 1456 3878 habenti
1484 3829 1711 3891 augetur
1743 3820 1941 3876 intelli-

369 3915 530 3989 gendi
559 3914 807 3970 scientia.

439 4004 566 4060 Esto
587 4001 909 4074 pauperibus
944 4008 1000 4060 et
1026 4001 1239 4058 miseris
1263 4000 1414 4071 quasi
1445 4008 1617 4071 pater,
1645 3999 1862 4055 humilis
1889 3998 1942 4052 in

368 4092 743 4160 ministrando,
766 4093 948 4166 largus
966 4093 1020 4147 in
1043 4091 1238 4157 dando,
1262 4098 1530 4160 quatenus
1552 4091 1757 4144 illorum
1783 4089 1944 4144 bene-

370 4185 536 4243 dictio
561 4185 745 4241 veniat
781 4198 943 4255 super
969 4190 1044 4238 te.
1086 4181 1495 4249 Admoneasque
1523 4179 1945 4235 adolescentulos

369 4276 465 4348 qui
491 4283 667 4332 tecum
707 4282 832 4330 sunt
858 4275 924 4331 de
951 4273 1197 4330 castitate
1223 4272 1469 4341 corporis
1497 4272 1601 4336 sui,
1648 4272 1714 4327 de
1736 4271 1946 4327 confes-

372 4365 524 4421 sione
544 4372 884 4436 peccatorum
910 4361 1237 4428 suorum,de
1255 4361 1569 4417 assiduitate
1595 4360 1856 4426 discendi,
1882 4363 1948 4418 de

371 4455 781 4513 conversatione
807 4453 1006 4521 sobria,
1031 4454 1100 4510 de
1135 4453 1396 4509 ebrietate
1421 4453 1678 4519 cavenda,
1707 4454 1772 4508 de
1793 4453 1946 4507 luxu-

2037 3275 2267 3346 ﬂagellat
2309 3293 2426 3330 vero
2456 3293 2658 3330 omnem
2698 3277 2892 3346 ﬁlium,
2919 3295 3069 3350 quem
3103 3280 3281 3349 recipit
3311 3277 3494 3350 (Hebr.
3521 3295 3626 3344 xu,

2039 3363 2115 3436 6).
2143 3365 2268 3420 Haec
2291 3381 2414 3435 spes
2451 3375 2502 3420 te
2536 3367 2859 3430 consoletur,
2890 3369 3210 3423 charissime
3232 3369 3326 3433 ﬁli,
3352 3377 3405 3424 et
3427 3369 3471 3422 si
3496 3370 3632 3439 quid

2041 3457 2220 3513 smculi
2244 3459 2296 3512 in
2323 3467 2464 3512 tuam
2487 3458 2728 3513 deveniat
2752 3468 3092 3529 potestatem,
3117 3462 3269 3530 quasi
3297 3461 3513 3516 obsides
3534 3477 3633 3533 pa-

2041 3549 2119 3604 cis
2136 3549 2402 3618 praamitte
2422 3548 2548 3620 [Μδ.
2565 3549 2902 3622 promittere]
2923 3551 2986 3605 ad
3005 3551 3307 3616 Dominum,
3330 3560 3385 3605 et
3402 3552 3633 3619 diligen-

2043 3648 2128 3693 ter
2155 3638 2540 3694 minutissimas
2559 3655 2799 3709 quasque
2826 3642 3107 3696 verborum
3138 3649 3190 3694 et
3209 3642 3628 3712 cogitationum,

2043 3730 2152 3786 imo
2201 3740 2255 3786 et
2294 3729 2558 3786 factorum
2602 3733 2788 3788 sordes
2818 3733 2957 3804 apud
2997 3734 3352 3790 conicssorem
3410 3733 3630 3790 ﬁdelem

2043 3829 2095 3876 et
2121 3823 2460 3892 prudentem,
2508 3826 2800 3880 secundum
2837 3836 2982 3882 tuam
3026 3828 3430 3890 conscientiam,
3477 3830 3634 3899 puri-

2043 3909 2168 3978 ﬁca,
2197 3921 2258 3966 ut
2299 3912 2432 3967 nihil
2482 3924 2781 3981 remaneat,
2835 3917 2887 3971 in
2938 3933 3045 3988 quo
3096 3918 3359 3989 malignus
3398 3927 3450 3973 te
3488 3920 3633 3990 apud

2045 4017 2313 4058 summum
2353 4003 2593 4059 Judiccm
2623 4006 2822 4062 habeat
2850 4023 3128 4064 accusare.
3163 4010 3218 4064 ln
3249 4009 3478 4066 Domino
3504 4009 3633 4066 Jesu

2045 4090 2338 4147 fortissima
2366 4110 2459 4165 spe
2488 4095 2716 4161 conﬁde,
2747 4099 2837 4166 qui
2869 4100 2935 4153 ad
2967 4115 3127 4153 unam
3156 4099 3513 4156 confessionis
3535 4118 3633 4158 vo-

2043 4197 2162 4236 cem
2203 4182 2394 4239 latroni
2422 4186 2730 4256 paradisum
2758 4190 3004 4259 promisit
3040 4205 3055 4244 :
3086 4198 3140 4244 et
3161 4191 3204 4245 si
3237 4191 3377 4247 illius
3399 4191 3635 4248 clemen-

2045 4273 2140 4339 tia,
2169 4289 2288 4343 quae
2311 4277 2554 4330 occidere
2581 4277 2716 4331 solet
2753 4288 2806 4332 et
2830 4279 3124 4346 viviﬁcare,
3169 4289 3220 4335 te
3250 4283 3302 4336 in
3343 4283 3630 4353 pristinum

2047 4365 2296 4420 sanitatis
2321 4365 2556 4421 ofﬁcium
2586 4382 2840 4423 revocare
2882 4369 3030 4436 velit,
3079 4371 3199 4426 talis
3222 4381 3342 4426 esto
3369 4373 3630 4438 moribus,

2048 4458 2223 4526 qualis
2268 4474 2410 4513 nunc
2453 4459 2752 4524 voluntate;
2801 4469 2857 4516 et
2908 4463 3032 4517 talis
3062 4472 3188 4517 tunc
3234 4479 3416 4534 opere,
3453 4463 3632 4532 qualis

375 4546 457 4602 ria
485 4544 756 4619 fugienda,
787 4545 852 4599 de
878 4545 1113 4600 vanitate
1134 4544 1293 4612 hujus
1320 4543 1501 4600 saeculi
1523 4559 1629 4599 non
1653 4544 1942 4613 sequenda.
1977 4515 2025 4575 θ
2051 4515 2196 4606 nunc
2222 4552 2568 4621 cogitatione,
2596 4561 2655 4608 ut
2695 4554 2788 4609 tibi
2818 4555 2872 4608 in
2907 4554 3132 4610 salutem
3159 4515 3629 4626 proﬁciat'perpe-

375 4634 485 4692 Sed
509 4635 717 4690 discant
733 4634 787 4688 in
806 4633 1183 4699 adolescentia,
1206 4633 1534 4700 uthabeant,
1558 4635 1700 4704 quod
1725 4635 1952 4690 doceant

379 4728 434 4784 in
485 4733 779 4784 senectute.
829 4725 1086 4781 Defcrant
1138 4726 1283 4781 enim
1328 4725 1563 4780 honores
1611 4725 1952 4791 senioribus,

375 4824 559 4874 ament
596 4830 727 4873 vero
769 4813 1132 4872 ecclesiastica
1175 4813 1375 4870 ofﬁcia.
1429 4815 1572 4886 Ergo
1617 4814 1853 4884 prmvide
1895 4821 1956 4868 ut

376 4909 518 4964 bona
546 4907 764 4962 videant
791 4905 845 4959 in
869 4913 920 4960 te
942 4906 1186 4976 exempla
1213 4922 1334 4962 cum
1357 4915 1664 4963 sanctorum
1699 4907 1956 4961 exhorta-

379 5001 523 5055 tione
542 4997 849 5054 verborum.
872 4996 978 5052 Pro
997 4996 1300 5065 hujusmodi
1328 4998 1583 5070 religione
1603 5006 1659 5052 et
1677 4996 1958 5052 devotione

377 5090 472 5146 Dei
522 5087 907 5160 omnipotentis
957 5095 1011 5143 te
1051 5087 1221 5160 gratia
1258 5097 1621 5158 consequatur
1657 5098 1713 5144 et
1735 5087 1954 5157 exultet,

447 5215 474 5244 ι
503 5202 670 5274 Soror
704 5218 819 5256 mea
862 5199 1044 5274 (iysla.
1083 5200 1198 5274 Hoc
1231 5200 1480 5274 deicisla
1519 5202 1754 5274 intelligo
1779 5203 1958 5260 Caroli

379 5273 555 5344 Magni
580 5286 798 5334 sorore;
836 5270 939 5327 non
971 5273 1037 5328 de
1071 5270 1220 5328 Gisia
1246 5271 1388 5328 illius
1423 5273 1551 5329 ﬁlia.
1586 5270 1713 5330 Vid.‘
1728 5283 1885 5330 notas
1905 5275 1959 5328 in

381 5343 538 5396 epist.
565 5341 667 5396 126
698 5342 765 5396 ad
789 5341 1012 5396 Gislam.

381 5341 1215 5496 ῗιῖξῗέιῗςὲίιῗιὲεῗιιιῗξῗὶᾚξιιιίηιιιη
1233 5413 1608 5496 scripsissem;
1628 5414 1831 5496 Bened.
1843 5412 1960 5496 fac

387 5481 639 5555 triarch.;
673 5481 1020 5555 sed'epistoia
1038 5525 1053 5550 ,
1076 5485 1227 5555 cujus
1251 5481 1634 5555 bic'meminit,
1666 5484 1956 5555 intercidit.

457 5547 791 5630 cJSamuelis.
817 5547 962 5609 Illius
983 5547 1250 5630 fortassis,
1279 5555 1368 5630 qui
1395 5565 1595 5630 postea
1611 5547 1785 5610 factus
1808 5551 1964 5630 Wor-

386 5621 664 5693 matiensis
691 5623 994 5693 episcopus,
1039 5624 1245 5679 Rabani
1297 5621 1492 5691 Mauri,
1531 5625 1600 5679 ad
1644 5639 1803 5693 quem
1848 5623 1964 5676 lucc

385 5687 610 5763 epistola
631 5687 747 5763 dari
770 5687 943 5759 potuit
961 5687 1060 5763 sub
1081 5693 1304 5763 Alcuino
1325 5687 1743 5763 condiscipulus.
1769 5691 1842 5749 De
1856 5706 1963 5761 quo

389 5755 528 5816 idem
557 5755 816 5814 iiabantis
840 5772 1011 5816 carm.
1036 5761 1100 5816 21
1131 5755 1157 5817 ξ
1567 5755 1618 5773 ”

2052 4649 2220 4707 tuam,
2251 4643 2361 4698 sive
2404 4644 2730 4701 inﬁrmitatis
2754 4647 2924 4713 labor,
2956 4649 3070 4702 sive
3109 4648 3356 4702 sanitatis
3382 4646 3629 4705 cil‘ectus.

2053 4729 2229 4786 Habes
2248 4748 2354 4798 me,
2381 4744 2640 4803 quantum
2678 4737 2852 4801 valeo,
2887 4737 3097 4792 ﬁdelem
3125 4739 3239 4793 sive
3265 4739 3319 4792 in
3359 4739 3462 4793 iter
3502 4738 3634 4793 illud

2054 4823 2292 4879 terribile
2329 4825 2658 4894 adjutorem;
2683 4830 2793 4885 sive
2827 4830 2880 4884 in
2917 4830 3040 4884 vitae
3075 4830 3356 4901 praesentis
3383 4827 3635 4883 solatium

2055 4913 2477 4970 consiliatorem.

2126 5003 2276 5069 Quod
2305 5021 2434 5062 vero
2471 5017 2559 5063 tua
2605 5010 2882 5081 inquisivit
2919 5011 3159 5068 charitas
3200 5012 3267 5067 de
3294 5012 3519 5068 duorum
3557 5009 3641 5064 di-

2059 5095 2254 5149 stantia
2288 5095 2550 5164 locorum,
2588 5099 2642 5154 id
2669 5107 2775 5164 est,
2805 5101 2916 5156 sive
2941 5103 2996 5156 in
3033 5103 3292 5157 canonica
3342 5101 3494 5165 sede,
3524 5099 3644 5153 sive

2060 5209 2306 5278 Quondam
2333 5226 2541 5278 namque
2564 5226 2728 5278 meum
2753 5215 3021 5278 gaudebam
3044 5223 3096 5264 te
3122 5227 3233 5264 esse
3267 5212 3506 5275 sodalem,
3537 5222 3642 5264 etc.

2061 5273 2197 5339 Quod
2223 5276 2461 5334 quondam
2479 5275 2642 5322 docuit
2665 5273 2868 5326 Albinus
2891 5280 2986 5327 rite
3006 5278 3242 5339 magister

2062 5333 2166 5382 Hoc
2191 5333 2362 5394 pectus
2382 5341 2570 5393 teneat,
2595 5339 2696 5384 etc.

2130 5413 2161 5488 tl
2177 5413 2488 5488 Epictetum.
2503 5413 3004 5488 RespicitAlcninus
3017 5419 3366 5488 quastioan
3383 5417 3608 5473 Adriani
3629 5435 3643 5469 :

2061 5482 2201 5550 Quid
2218 5481 2334 5563 erit
2355 5481 2875 5563 nobistsi’cinctum
2900 5481 3107 5563 solvas?
3134 5488 3230 5563 cui
3257 5488 3648 5563 Epictetus_re-_

2063 5552 2321 5622 spondit:
2355 5551 2590 5622 Epistola
2631 5563 2730 5608 est.
2777 5557 2910 5611 Vide
2950 5551 3365 5613 Altercationém
3417 5557 3650 5612 Adriani

2063 5621 2289 5707 augusti
2315 5632 2369 5707 et
2388 5621 2631 5707 Cpicteti,
2656 5623 2996 5707 Bibliotheca
3022 5627 3222 5684 Grecae
3247 5626 3483 5683 Fabricii
3511 5637 3648 5683 tom.

2037 5689 2604 5832 ΧΨ,Ἇῇἕὶ
2621 5707 2746 5820 peaag‘.
2778 5695 2883 5752 565
2909 5697 3052 5754 inter
3077 5707 3256 5754 notas.
