  <div class='ocr_page' id='page_1' title='image "/cluster/home/n/w/nwhite01/storage/ocr_20150623/100/hvd.32044052819521/238.png"; bbox 0 0 4012 6188; ppageno 0'>
   <div class='ocr_carea' id='block_1_1' title="bbox 325 303 421 361">
    <p class='ocr_par' dir='ltr' id='par_1_1' title="bbox 325 303 421 361">
     <span class='ocr_line' id='line_1_1' title="bbox 325 303 421 361; baseline -0.01 0"><span class='ocrx_word' id='word_1_1' title='bbox 325 303 421 361; x_wconf 69' lang='grc'><strong>465</strong></span> 
     </span>
    </p>
   </div>
   <div class='ocr_carea' id='block_1_2' title="bbox 325 587 1907 664">
    <p class='ocr_par' dir='ltr' id='par_1_2' title="bbox 325 587 1907 664">
     <span class='ocr_line' id='line_1_2' title="bbox 325 587 1907 664; baseline -0.01 -7"><span class='ocrx_word' id='word_1_2' title='bbox 325 601 568 664; x_wconf 66' lang='lat' dir='ltr'><strong>solarere,</strong></span> <span class='ocrx_word' id='word_1_3' title='bbox 597 605 692 651; x_wconf 89' lang='lat' dir='ltr'><strong>aut</strong></span> <span class='ocrx_word' id='word_1_4' title='bbox 715 593 891 664; x_wconf 84' lang='lat' dir='ltr'><strong>magis</strong></span> <span class='ocrx_word' id='word_1_5' title='bbox 919 609 1069 663; x_wconf 99' lang='lat' dir='ltr'><strong>spem</strong></span> <span class='ocrx_word' id='word_1_6' title='bbox 1094 591 1254 661; x_wconf 80' lang='lat' dir='ltr'><strong>posui</strong></span> <span class='ocrx_word' id='word_1_7' title='bbox 1285 591 1337 644; x_wconf 89' lang='lat' dir='ltr'><strong>in</strong></span> <span class='ocrx_word' id='word_1_8' title='bbox 1358 589 1579 644; x_wconf 80' lang='lat' dir='ltr'><strong>homine</strong></span> <span class='ocrx_word' id='word_1_9' title='bbox 1607 603 1771 658; x_wconf 89' lang='lat' dir='ltr'><strong>quam</strong></span> <span class='ocrx_word' id='word_1_10' title='bbox 1797 587 1907 642; x_wconf 92' lang='lat' dir='ltr'><strong>Deo</strong></span> 
     </span>
    </p>
   </div>
   <div class='ocr_carea' id='block_1_3' title="bbox 327 677 1907 762">
    <p class='ocr_par' dir='ltr' id='par_1_3' title="bbox 327 677 1907 762">
     <span class='ocr_line' id='line_1_3' title="bbox 327 677 1907 762; baseline -0.009 -17"><span class='ocrx_word' id='word_1_11' title='bbox 327 689 612 762; x_wconf 79' lang='lat' dir='ltr'><strong>placuisset</strong></span> <span class='ocrx_word' id='word_1_12' title='bbox 637 701 652 740; x_wconf 91' lang='lat'><strong>:</strong></span> <span class='ocrx_word' id='word_1_13' title='bbox 681 693 864 738; x_wconf 86' lang='lat' dir='ltr'><strong>tamen</strong></span> <span class='ocrx_word' id='word_1_14' title='bbox 892 682 1057 738; x_wconf 90' lang='lat' dir='ltr'><strong>nolim</strong></span> <span class='ocrx_word' id='word_1_15' title='bbox 1087 690 1237 736; x_wconf 82' lang='lat' dir='ltr'><strong>tuam</strong></span> <span class='ocrx_word' id='word_1_16' title='bbox 1275 679 1582 735; x_wconf 84' lang='lat' dir='ltr'><strong>bonitatem</strong></span> <span class='ocrx_word' id='word_1_17' title='bbox 1609 679 1676 733; x_wconf 90' lang='lat' dir='ltr'><strong>de</strong></span> <span class='ocrx_word' id='word_1_18' title='bbox 1709 677 1831 733; x_wconf 89' lang='lat' dir='ltr'><strong>aliis</strong></span> <span class='ocrx_word' id='word_1_19' title='bbox 1851 677 1907 731; x_wconf 85' lang='lat' dir='ltr'><strong>id</strong></span> 
     </span>
    </p>
   </div>
   <div class='ocr_carea' id='block_1_4' title="bbox 325 769 1909 850">
    <p class='ocr_par' dir='ltr' id='par_1_4' title="bbox 325 769 1909 850">
     <span class='ocr_line' id='line_1_4' title="bbox 325 769 1909 850; baseline -0.008 -15"><span class='ocrx_word' id='word_1_20' title='bbox 325 780 510 850; x_wconf 79' lang='lat' dir='ltr'><strong>egisse,</strong></span> <span class='ocrx_word' id='word_1_21' title='bbox 553 775 649 831; x_wconf 89' lang='lat' dir='ltr'><strong>sed</strong></span> <span class='ocrx_word' id='word_1_22' title='bbox 682 775 936 829; x_wconf 90' lang='lat' dir='ltr'><strong>omnibus</strong></span> <span class='ocrx_word' id='word_1_23' title='bbox 979 772 1162 828; x_wconf 85' lang='lat' dir='ltr'><strong>omnia</strong></span> <span class='ocrx_word' id='word_1_24' title='bbox 1204 771 1400 836; x_wconf 87' lang='lat' dir='ltr'><strong>factus,</strong></span> <span class='ocrx_word' id='word_1_25' title='bbox 1441 778 1502 825; x_wconf 91' lang='lat' dir='ltr'><strong>ut</strong></span> <span class='ocrx_word' id='word_1_26' title='bbox 1551 783 1619 824; x_wconf 83' lang='lat' dir='ltr'><strong>ex</strong></span> <span class='ocrx_word' id='word_1_27' title='bbox 1655 769 1909 824; x_wconf 90' lang='lat' dir='ltr'><strong>omnibus</strong></span> 
     </span>
    </p>
   </div>
   <div class='ocr_carea' id='block_1_5' title="bbox 328 860 1913 934">
    <p class='ocr_par' dir='ltr' id='par_1_5' title="bbox 328 860 1913 934">
     <span class='ocr_line' id='line_1_5' title="bbox 328 860 1913 934; baseline -0.009 -7"><span class='ocrx_word' id='word_1_28' title='bbox 328 870 623 927; x_wconf 77' lang='lat' dir='ltr'><strong>mercedem</strong></span> <span class='ocrx_word' id='word_1_29' title='bbox 647 865 916 922; x_wconf 85' lang='lat' dir='ltr'><strong>merearis</strong></span> <span class='ocrx_word' id='word_1_30' title='bbox 937 865 1141 920; x_wconf 89' lang='lat' dir='ltr'><strong>habere</strong></span> <span class='ocrx_word' id='word_1_31' title='bbox 1168 863 1310 934; x_wconf 91' lang='lat' dir='ltr'><strong>apud</strong></span> <span class='ocrx_word' id='word_1_32' title='bbox 1333 862 1524 917; x_wconf 90' lang='lat' dir='ltr'><strong>Deum.</strong></span> <span class='ocrx_word' id='word_1_33' title='bbox 1553 860 1823 924; x_wconf 78' lang='lat' dir='ltr'><strong>Christus,</strong></span> <span class='ocrx_word' id='word_1_34' title='bbox 1850 867 1913 913; x_wconf 88' lang='lat' dir='ltr'><strong>ut</strong></span> 
     </span>
    </p>
   </div>
   <div class='ocr_carea' id='block_1_6' title="bbox 329 947 1912 1027">
    <p class='ocr_par' dir='ltr' id='par_1_6' title="bbox 329 947 1912 1027">
     <span class='ocr_line' id='line_1_6' title="bbox 329 947 1912 1027; baseline -0.011 -10"><span class='ocrx_word' id='word_1_35' title='bbox 329 962 377 1016; x_wconf 90' lang='lat' dir='ltr'><strong>in</strong></span> <span class='ocrx_word' id='word_1_36' title='bbox 399 959 644 1017; x_wconf 89' lang='lat' dir='ltr'><strong>historiis</strong></span> <span class='ocrx_word' id='word_1_37' title='bbox 669 956 884 1027; x_wconf 90' lang='lat' dir='ltr'><strong>legitur,</strong></span> <span class='ocrx_word' id='word_1_38' title='bbox 909 955 1160 1024; x_wconf 82' lang='lat' dir='ltr'><strong>Abagaro</strong></span> <span class='ocrx_word' id='word_1_39' title='bbox 1184 952 1296 1023; x_wconf 81' lang='lat' dir='ltr'><strong>regi</strong></span> <span class='ocrx_word' id='word_1_40' title='bbox 1322 965 1532 1022; x_wconf 82' lang='lat' dir='ltr'><strong>pagano</strong></span> <span class='ocrx_word' id='word_1_41' title='bbox 1561 949 1778 1018; x_wconf 73' lang='lat' dir='ltr'><strong>scripsit</strong></span> <span class='ocrx_word' id='word_1_42' title='bbox 1802 947 1912 1016; x_wconf 89' lang='lat' dir='ltr'><strong>epi-</strong></span> 
     </span>
    </p>
   </div>
   <div class='ocr_carea' id='block_1_7' title="bbox 329 1038 1913 1108">
    <p class='ocr_par' dir='ltr' id='par_1_7' title="bbox 329 1038 1913 1108">
     <span class='ocr_line' id='line_1_7' title="bbox 329 1038 1913 1108; baseline -0.008 -3"><span class='ocrx_word' id='word_1_43' title='bbox 329 1050 516 1106; x_wconf 85' lang='lat' dir='ltr'><strong>stolam</strong></span> <span class='ocrx_word' id='word_1_44' title='bbox 547 1066 561 1102; x_wconf 91' lang='lat'>:</span> <span class='ocrx_word' id='word_1_45' title='bbox 589 1057 684 1102; x_wconf 91' lang='lat' dir='ltr'><strong>aut</strong></span> <span class='ocrx_word' id='word_1_46' title='bbox 709 1048 902 1102; x_wconf 87' lang='lat' dir='ltr'><strong>beatus</strong></span> <span class='ocrx_word' id='word_1_47' title='bbox 922 1044 1122 1099; x_wconf 85' lang='lat' dir='ltr'><strong>Paulus</strong></span> <span class='ocrx_word' id='word_1_48' title='bbox 1141 1043 1282 1098; x_wconf 90' lang='lat' dir='ltr'><strong>inter</strong></span> <span class='ocrx_word' id='word_1_49' title='bbox 1305 1057 1398 1098; x_wconf 90' lang='lat' dir='ltr'><strong>eos</strong></span> <span class='ocrx_word' id='word_1_50' title='bbox 1418 1056 1525 1095; x_wconf 92' lang='lat' dir='ltr'><strong>non</strong></span> <span class='ocrx_word' id='word_1_51' title='bbox 1551 1039 1671 1104; x_wconf 91' lang='lat' dir='ltr'><strong>fuit,</strong></span> <span class='ocrx_word' id='word_1_52' title='bbox 1710 1040 1776 1094; x_wconf 93' lang='lat' dir='ltr'><strong>de</strong></span> <span class='ocrx_word' id='word_1_53' title='bbox 1797 1038 1913 1108; x_wconf 89' lang='lat' dir='ltr'><strong>qui-</strong></span> 
     </span>
    </p>
   </div>
   <div class='ocr_carea' id='block_1_8' title="bbox 329 1130 1912 1208">
    <p class='ocr_par' dir='ltr' id='par_1_8' title="bbox 329 1130 1912 1208">
     <span class='ocr_line' id='line_1_8' title="bbox 329 1130 1912 1208; baseline -0.009 -12"><span class='ocrx_word' id='word_1_54' title='bbox 329 1143 423 1196; x_wconf 89' lang='lat' dir='ltr'><strong>bus</strong></span> <span class='ocrx_word' id='word_1_55' title='bbox 452 1139 737 1208; x_wconf 83' lang='lat' dir='ltr'><strong>Scriptura</strong></span> <span class='ocrx_word' id='word_1_56' title='bbox 779 1137 914 1193; x_wconf 90' lang='lat' dir='ltr'><strong>dicit</strong></span> <span class='ocrx_word' id='word_1_57' title='bbox 945 1153 958 1189; x_wconf 90' lang='lat'><strong>:</strong></span> <span class='ocrx_word' id='word_1_58' title='bbox 994 1135 1125 1188; x_wconf 82' lang='lat' dir='ltr'><strong>Erat</strong></span> <span class='ocrx_word' id='word_1_59' title='bbox 1168 1133 1274 1188; x_wconf 89' lang='lat' dir='ltr'><strong>illis</strong></span> <span class='ocrx_word' id='word_1_60' title='bbox 1313 1149 1404 1187; x_wconf 88' lang='lat' dir='ltr'><strong>cor</strong></span> <span class='ocrx_word' id='word_1_61' title='bbox 1428 1147 1590 1186; x_wconf 84' lang='lat' dir='ltr'><strong>unum</strong></span> <span class='ocrx_word' id='word_1_62' title='bbox 1634 1140 1682 1184; x_wconf 86' lang='lat' dir='ltr'><strong>et</strong></span> <span class='ocrx_word' id='word_1_63' title='bbox 1733 1130 1912 1184; x_wconf 81' lang='lat' dir='ltr'><strong>anima</strong></span> 
     </span>
    </p>
   </div>
   <div class='ocr_carea' id='block_1_9' title="bbox 331 1224 1914 1298">
    <p class='ocr_par' dir='ltr' id='par_1_9' title="bbox 331 1224 1914 1298">
     <span class='ocr_line' id='line_1_9' title="bbox 331 1224 1914 1298; baseline -0.007 -10"><span class='ocrx_word' id='word_1_64' title='bbox 331 1251 451 1297; x_wconf 80' lang='lat' dir='ltr'><strong>una,</strong></span> <span class='ocrx_word' id='word_1_65' title='bbox 497 1243 546 1287; x_wconf 86' lang='lat' dir='ltr'><strong>et</strong></span> <span class='ocrx_word' id='word_1_66' title='bbox 573 1243 722 1286; x_wconf 84' lang='lat' dir='ltr'><strong>erant</strong></span> <span class='ocrx_word' id='word_1_67' title='bbox 759 1230 866 1284; x_wconf 88' lang='lat' dir='ltr'><strong>illis</strong></span> <span class='ocrx_word' id='word_1_68' title='bbox 894 1230 1070 1283; x_wconf 88' lang='lat' dir='ltr'><strong>omnia</strong></span> <span class='ocrx_word' id='word_1_69' title='bbox 1105 1229 1404 1282; x_wconf 85' lang='lat' dir='ltr'><strong>communia</strong></span> <span class='ocrx_word' id='word_1_70' title='bbox 1438 1227 1575 1298; x_wconf 83' lang='lat' dir='ltr'><strong>(Act.</strong></span> <span class='ocrx_word' id='word_1_71' title='bbox 1615 1242 1688 1289; x_wconf 83' lang='lat' dir='ltr'><strong>iv,</strong></span> <span class='ocrx_word' id='word_1_72' title='bbox 1715 1224 1828 1294; x_wconf 72' lang='grc'><strong>52),</strong></span> <span class='ocrx_word' id='word_1_73' title='bbox 1858 1231 1914 1278; x_wconf 89' lang='lat' dir='ltr'><strong>et</strong></span> 
     </span>
    </p>
   </div>
   <div class='ocr_carea' id='block_1_10' title="bbox 331 1313 1917 1382">
    <p class='ocr_par' dir='ltr' id='par_1_10' title="bbox 331 1313 1917 1382">
     <span class='ocr_line' id='line_1_10' title="bbox 331 1313 1917 1382; baseline -0.009 0"><span class='ocrx_word' id='word_1_74' title='bbox 331 1328 462 1382; x_wconf 85' lang='lat' dir='ltr'><strong>bene</strong></span> <span class='ocrx_word' id='word_1_75' title='bbox 483 1325 613 1380; x_wconf 86' lang='lat' dir='ltr'><strong>fecit</strong></span> <span class='ocrx_word' id='word_1_76' title='bbox 640 1323 926 1380; x_wconf 88' lang='lat' dir='ltr'><strong>scribendo</strong></span> <span class='ocrx_word' id='word_1_77' title='bbox 952 1321 1181 1376; x_wconf 90' lang='lat' dir='ltr'><strong>amicis?</strong></span> <span class='ocrx_word' id='word_1_78' title='bbox 1218 1319 1325 1374; x_wconf 81' lang='lat' dir='ltr'><strong>Aut</strong></span> <span class='ocrx_word' id='word_1_79' title='bbox 1351 1320 1397 1374; x_wconf 91' lang='lat' dir='ltr'><strong>si</strong></span> <span class='ocrx_word' id='word_1_80' title='bbox 1426 1317 1570 1382; x_wconf 89' lang='lat' dir='ltr'><strong>fecit,</strong></span> <span class='ocrx_word' id='word_1_81' title='bbox 1609 1315 1750 1370; x_wconf 88' lang='lat' dir='ltr'><strong>male</strong></span> <span class='ocrx_word' id='word_1_82' title='bbox 1787 1313 1917 1369; x_wconf 88' lang='lat' dir='ltr'><strong>fecit</strong></span> 
     </span>
    </p>
   </div>
   <div class='ocr_carea' id='block_1_11' title="bbox 1754 286 2136 344">
    <p class='ocr_par' dir='ltr' id='par_1_11' title="bbox 1754 286 2136 344">
     <span class='ocr_line' id='line_1_11' title="bbox 1754 286 2136 344; baseline -0.018 0"><span class='ocrx_word' id='word_1_83' title='bbox 1754 286 2136 344; x_wconf 67' lang='lat' dir='ltr'><strong>EPISTOLJE.</strong></span> 
     </span>
    </p>
   </div>
   <div class='ocr_carea' id='block_1_12' title="bbox 324 371 1974 491">
    <p class='ocr_par' dir='ltr' id='par_1_12' title="bbox 324 371 1974 491">
     <span class='ocr_line' id='line_1_12' title="bbox 324 371 1974 491; baseline -0.012 -16"><span class='ocrx_word' id='word_1_84' title='bbox 324 434 421 491; x_wconf 83' lang='lat' dir='ltr'><strong>quo</strong></span> <span class='ocrx_word' id='word_1_85' title='bbox 441 416 636 472; x_wconf 84' lang='lat' dir='ltr'><strong>timore</strong></span> <span class='ocrx_word' id='word_1_86' title='bbox 672 410 940 466; x_wconf 85' lang='lat' dir='ltr'><strong>calamum</strong></span> <span class='ocrx_word' id='word_1_87' title='bbox 971 371 1429 477; x_wconf 85' lang='lat' dir='ltr'><strong>suspendisses-in</strong></span> <span class='ocrx_word' id='word_1_88' title='bbox 1455 403 1661 474; x_wconf 85' lang='lat' dir='ltr'><strong>pariete</strong></span> <span class='ocrx_word' id='word_1_89' title='bbox 1683 403 1896 472; x_wconf 81' lang='lat' dir='ltr'><strong>regula-</strong></span> <span class='ocrx_word' id='word_1_90' title='bbox 1923 405 1974 462; x_wconf 72' lang='grc' dir='ltr'><strong>Α</strong></span> 
     </span>
    </p>
   </div>
   <div class='ocr_carea' id='block_1_13' title="bbox 324 491 2000 569">
    <p class='ocr_par' dir='ltr' id='par_1_13' title="bbox 324 491 2000 569">
     <span class='ocr_line' id='line_1_13' title="bbox 324 491 2000 569; baseline -0.011 -5"><span class='ocrx_word' id='word_1_91' title='bbox 324 508 392 563; x_wconf 86' lang='lat' dir='ltr'><strong>ris</strong></span> <span class='ocrx_word' id='word_1_92' title='bbox 416 506 628 562; x_wconf 89' lang='lat' dir='ltr'><strong>domus.</strong></span> <span class='ocrx_word' id='word_1_93' title='bbox 669 500 777 554; x_wconf 80' lang='lat' dir='ltr'><strong>Aut</strong></span> <span class='ocrx_word' id='word_1_94' title='bbox 803 513 904 569; x_wconf 87' lang='lat' dir='ltr'><strong>ego</strong></span> <span class='ocrx_word' id='word_1_95' title='bbox 931 497 1157 553; x_wconf 76' lang='lat' dir='ltr'><strong>forsitan</strong></span> <span class='ocrx_word' id='word_1_96' title='bbox 1189 503 1340 551; x_wconf 88' lang='lat' dir='ltr'><strong>tanto</strong></span> <span class='ocrx_word' id='word_1_97' title='bbox 1380 495 1630 564; x_wconf 87' lang='lat' dir='ltr'><strong>indignus</strong></span> <span class='ocrx_word' id='word_1_98' title='bbox 1664 491 1742 546; x_wconf 88' lang='lat' dir='ltr'><strong>fui</strong></span> <span class='ocrx_word' id='word_1_99' title='bbox 1782 507 1908 548; x_wconf 86' lang='lat' dir='ltr'><strong>con-</strong></span> <span class='ocrx_word' id='word_1_100' title='bbox 1995 527 2000 532; x_wconf 85' lang='grc'><strong><em>-</em></strong></span> 
     </span>
    </p>
   </div>
   <div class='ocr_carea' id='block_1_14' title="bbox 3489 273 3598 330">
    <p class='ocr_par' dir='ltr' id='par_1_14' title="bbox 3489 273 3598 330">
     <span class='ocr_line' id='line_1_14' title="bbox 3489 273 3598 330; baseline -0.009 0"><span class='ocrx_word' id='word_1_101' title='bbox 3489 273 3598 330; x_wconf 68' lang='grc' dir='ltr'><strong>ωδ</strong></span> 
     </span>
    </p>
   </div>
   <div class='ocr_carea' id='block_1_15' title="bbox 2460 391 3095 449">
    <p class='ocr_par' dir='ltr' id='par_1_15' title="bbox 2460 391 3095 449">
     <span class='ocr_line' id='line_1_15' title="bbox 2460 391 3095 449; baseline -0.003 -1"><span class='ocrx_word' id='word_1_102' title='bbox 2460 393 2485 432; x_wconf 71' lang='grc' dir='ltr'><strong>ιι</strong></span> <span class='ocrx_word' id='word_1_103' title='bbox 2525 391 2860 449; x_wconf 82' lang='lat' dir='ltr'><strong>EPISTOLA</strong></span> <span class='ocrx_word' id='word_1_104' title='bbox 2895 391 3095 448; x_wconf 76' lang='lat' dir='ltr'><strong>CXCII.</strong></span> 
     </span>
    </p>
   </div>
   <div class='ocr_carea' id='block_1_16' title="bbox 2438 500 3161 542">
    <p class='ocr_par' dir='ltr' id='par_1_16' title="bbox 2438 500 3161 542">
     <span class='ocr_line' id='line_1_16' title="bbox 2438 500 3161 542; baseline -0.003 -1"><span class='ocrx_word' id='word_1_105' title='bbox 2438 503 2519 542; x_wconf 65' lang='lat' dir='ltr'><strong>AD&#39;</strong></span> <span class='ocrx_word' id='word_1_106' title='bbox 2544 501 2816 541; x_wconf 70' lang='lat' dir='ltr'><strong>ANTONIUI</strong></span> <span class='ocrx_word' id='word_1_107' title='bbox 2853 500 3161 540; x_wconf 70' lang='lat' dir='ltr'><strong>IONACBUIIt</strong></span> 
     </span>
    </p>
   </div>
   <div class='ocr_carea' id='block_1_17' title="bbox 2008 598 3606 672">
    <p class='ocr_par' dir='ltr' id='par_1_17' title="bbox 2008 598 3606 672">
     <span class='ocr_line' id='line_1_17' title="bbox 2008 598 3606 672; baseline -0.002 -15"><span class='ocrx_word' id='word_1_108' title='bbox 2008 603 2282 658; x_wconf 86' lang='lat' dir='ltr'><strong>Desiderat</strong></span> <span class='ocrx_word' id='word_1_109' title='bbox 2311 601 2531 656; x_wconf 87' lang='lat' dir='ltr'><strong>multum</strong></span> <span class='ocrx_word' id='word_1_110' title='bbox 2565 601 2824 672; x_wconf 83' lang='lat' dir='ltr'><strong>orationes</strong></span> <span class='ocrx_word' id='word_1_111' title='bbox 2855 600 3086 672; x_wconf 80' lang='lat' dir='ltr'><strong>Antonii,</strong></span> <span class='ocrx_word' id='word_1_112' title='bbox 3118 608 3177 653; x_wconf 69' lang='lat' dir='ltr'><strong>ut</strong></span> <span class='ocrx_word' id='word_1_113' title='bbox 3207 598 3375 653; x_wconf 84' lang='lat' dir='ltr'><strong>Deum</strong></span> <span class='ocrx_word' id='word_1_114' title='bbox 3401 613 3606 672; x_wconf 81' lang='lat' dir='ltr'><strong>semper</strong></span> 
     </span>
    </p>
   </div>
   <div class='ocr_carea' id='block_1_18' title="bbox 2440 669 3169 741">
    <p class='ocr_par' dir='ltr' id='par_1_18' title="bbox 2440 669 3169 741">
     <span class='ocr_line' id='line_1_18' title="bbox 2440 669 3169 741; baseline -0.003 -17"><span class='ocrx_word' id='word_1_115' title='bbox 2440 687 2622 724; x_wconf 82' lang='lat' dir='ltr'><strong>amare</strong></span> <span class='ocrx_word' id='word_1_116' title='bbox 2654 671 2816 741; x_wconf 79' lang='lat' dir='ltr'><strong>possit</strong></span> <span class='ocrx_word' id='word_1_117' title='bbox 2852 680 2899 724; x_wconf 89' lang='lat' dir='ltr'><strong>et</strong></span> <span class='ocrx_word' id='word_1_118' title='bbox 2928 669 3169 724; x_wconf 87' lang='lat' dir='ltr'><strong>laudare.</strong></span> 
     </span>
    </p>
   </div>
   <div class='ocr_carea' id='block_1_19' title="bbox 2079 779 3605 845">
    <p class='ocr_par' dir='ltr' id='par_1_19' title="bbox 2079 779 3605 845">
     <span class='ocr_line' id='line_1_19' title="bbox 2079 779 3605 845; baseline -0.003 -7"><span class='ocrx_word' id='word_1_119' title='bbox 2079 782 2317 838; x_wconf 80' lang='lat' dir='ltr'><strong>Antonio</strong></span> <span class='ocrx_word' id='word_1_120' title='bbox 2344 781 2568 836; x_wconf 89' lang='lat' dir='ltr'><strong>Albinus</strong></span> <span class='ocrx_word' id='word_1_121' title='bbox 2593 821 2607 845; x_wconf 93' lang='lat'><strong>,</strong></span> <span class='ocrx_word' id='word_1_122' title='bbox 2658 780 3027 836; x_wconf 88' lang='lat' dir='ltr'><strong>mansionario</strong></span> <span class='ocrx_word' id='word_1_123' title='bbox 3072 779 3471 835; x_wconf 87' lang='lat' dir='ltr'><strong>matricularius</strong></span> <span class='ocrx_word' id='word_1_124' title='bbox 3510 794 3605 836; x_wconf 89' lang='lat' dir='ltr'><strong>sa-</strong></span> 
     </span>
    </p>
   </div>
   <div class='ocr_carea' id='block_1_20' title="bbox 2013 875 2203 930">
    <p class='ocr_par' dir='ltr' id='par_1_20' title="bbox 2013 875 2203 930">
     <span class='ocr_line' id='line_1_20' title="bbox 2013 875 2203 930; baseline -0.016 -2"><span class='ocrx_word' id='word_1_125' title='bbox 2013 875 2203 930; x_wconf 89' lang='lat' dir='ltr'><strong>lutem.</strong></span> 
     </span>
    </p>
   </div>
   <div class='ocr_carea' id='block_1_21' title="bbox 2081 962 3605 1032">
    <p class='ocr_par' dir='ltr' id='par_1_21' title="bbox 2081 962 3605 1032">
     <span class='ocr_line' id='line_1_21' title="bbox 2081 962 3605 1032; baseline -0.001 -13"><span class='ocrx_word' id='word_1_126' title='bbox 2081 965 2206 1020; x_wconf 92' lang='lat' dir='ltr'><strong>ldeo</strong></span> <span class='ocrx_word' id='word_1_127' title='bbox 2240 964 2364 1019; x_wconf 90' lang='lat' dir='ltr'><strong>dico</strong></span> <span class='ocrx_word' id='word_1_128' title='bbox 2386 964 2808 1018; x_wconf 90' lang='lat' dir='ltr'><strong>mansionarium</strong></span> <span class='ocrx_word' id='word_1_129' title='bbox 2851 971 2922 1026; x_wconf 89' lang='lat' dir='ltr'><strong>te,</strong></span> <span class='ocrx_word' id='word_1_130' title='bbox 2949 964 3075 1032; x_wconf 86' lang='lat' dir='ltr'><strong>quia</strong></span> <span class='ocrx_word' id='word_1_131' title='bbox 3098 962 3276 1017; x_wconf 82' lang='lat' dir='ltr'><strong>multa:</strong></span> <span class='ocrx_word' id='word_1_132' title='bbox 3302 973 3420 1016; x_wconf 83' lang='lat' dir='ltr'><strong>sunt</strong></span> <span class='ocrx_word' id='word_1_133' title='bbox 3455 979 3605 1018; x_wconf 87' lang='lat' dir='ltr'><strong>man-</strong></span> 
     </span>
    </p>
   </div>
   <div class='ocr_carea' id='block_1_22' title="bbox 2011 1050 3604 1124">
    <p class='ocr_par' dir='ltr' id='par_1_22' title="bbox 2011 1050 3604 1124">
     <span class='ocr_line' id='line_1_22' title="bbox 2011 1050 3604 1124; baseline -0.003 -14"><span class='ocrx_word' id='word_1_134' title='bbox 2011 1057 2183 1110; x_wconf 78' lang='lat' dir='ltr'><strong>siones</strong></span> <span class='ocrx_word' id='word_1_135' title='bbox 2205 1054 2259 1107; x_wconf 88' lang='lat' dir='ltr'><strong>in</strong></span> <span class='ocrx_word' id='word_1_136' title='bbox 2283 1052 2439 1107; x_wconf 88' lang='lat' dir='ltr'><strong>domo</strong></span> <span class='ocrx_word' id='word_1_137' title='bbox 2480 1052 2661 1106; x_wconf 81' lang='lat' dir='ltr'><strong>Patris</strong></span> <span class='ocrx_word' id='word_1_138' title='bbox 2687 1053 2873 1108; x_wconf 59' lang='lat' dir='ltr'><strong>aeterni</strong></span> <span class='ocrx_word' id='word_1_139' title='bbox 2899 1050 3081 1124; x_wconf 85' lang='lat' dir='ltr'><strong>(Joan.</strong></span> <span class='ocrx_word' id='word_1_140' title='bbox 3120 1068 3213 1105; x_wconf 79' lang='lat' dir='ltr'><strong>XIV</strong></span> <span class='ocrx_word' id='word_1_141' title='bbox 3231 1093 3245 1116; x_wconf 97' lang='lat'><strong>,</strong></span> <span class='ocrx_word' id='word_1_142' title='bbox 3273 1052 3353 1123; x_wconf 75' lang='lat'><strong>‘2),</strong></span> <span class='ocrx_word' id='word_1_143' title='bbox 3375 1067 3604 1120; x_wconf 88' lang='lat' dir='ltr'><strong>quarum</strong></span> 
     </span>
    </p>
   </div>
   <div class='ocr_carea' id='block_1_23' title="bbox 2012 1143 3609 1212">
    <p class='ocr_par' dir='ltr' id='par_1_23' title="bbox 2012 1143 3609 1212">
     <span class='ocr_line' id='line_1_23' title="bbox 2012 1143 3609 1212; baseline -0.003 -10"><span class='ocrx_word' id='word_1_144' title='bbox 2012 1156 2068 1202; x_wconf 89' lang='lat' dir='ltr'><strong>te</strong></span> <span class='ocrx_word' id='word_1_145' title='bbox 2097 1163 2203 1201; x_wconf 90' lang='lat' dir='ltr'><strong>non</strong></span> <span class='ocrx_word' id='word_1_146' title='bbox 2242 1144 2416 1200; x_wconf 92' lang='lat' dir='ltr'><strong>solum</strong></span> <span class='ocrx_word' id='word_1_147' title='bbox 2443 1145 2826 1210; x_wconf 79' lang='lat' dir='ltr'><strong>habitatorem,</strong></span> <span class='ocrx_word' id='word_1_148' title='bbox 2859 1145 2952 1199; x_wconf 91' lang='lat' dir='ltr'><strong>sed</strong></span> <span class='ocrx_word' id='word_1_149' title='bbox 2979 1145 3144 1200; x_wconf 89' lang='lat' dir='ltr'><strong>etiam</strong></span> <span class='ocrx_word' id='word_1_150' title='bbox 3184 1146 3326 1199; x_wconf 89' lang='lat' dir='ltr'><strong>inter</strong></span> <span class='ocrx_word' id='word_1_151' title='bbox 3353 1143 3609 1212; x_wconf 87' lang='lat' dir='ltr'><strong>apostoli-</strong></span> 
     </span>
    </p>
   </div>
   <div class='ocr_carea' id='block_1_24' title="bbox 2014 1235 3610 1307">
    <p class='ocr_par' dir='ltr' id='par_1_24' title="bbox 2014 1235 3610 1307">
     <span class='ocr_line' id='line_1_24' title="bbox 2014 1235 3610 1307; baseline -0.004 -11"><span class='ocrx_word' id='word_1_152' title='bbox 2014 1255 2133 1296; x_wconf 85' lang='lat' dir='ltr'><strong>cam</strong></span> <span class='ocrx_word' id='word_1_153' title='bbox 2157 1238 2535 1294; x_wconf 86' lang='lat' dir='ltr'><strong>auctoritatem</strong></span> <span class='ocrx_word' id='word_1_154' title='bbox 2555 1236 2793 1306; x_wconf 87' lang='lat' dir='ltr'><strong>judicem</strong></span> <span class='ocrx_word' id='word_1_155' title='bbox 2825 1251 2944 1291; x_wconf 88' lang='lat' dir='ltr'><strong>esse</strong></span> <span class='ocrx_word' id='word_1_156' title='bbox 2965 1247 3115 1307; x_wconf 87' lang='lat' dir='ltr'><strong>opto,</strong></span> <span class='ocrx_word' id='word_1_157' title='bbox 3146 1237 3291 1306; x_wconf 89' lang='lat' dir='ltr'><strong>quis,</strong></span> <span class='ocrx_word' id='word_1_158' title='bbox 3319 1238 3372 1290; x_wconf 92' lang='lat' dir='ltr'><strong>in</strong></span> <span class='ocrx_word' id='word_1_159' title='bbox 3395 1252 3502 1305; x_wconf 91' lang='lat' dir='ltr'><strong>qua</strong></span> <span class='ocrx_word' id='word_1_160' title='bbox 3527 1235 3610 1289; x_wconf 90' lang='lat' dir='ltr'><strong>di-</strong></span> 
     </span>
    </p>
   </div>
   <div class='ocr_carea' id='block_1_25' title="bbox 2014 1326 3611 1402">
    <p class='ocr_par' dir='ltr' id='par_1_25' title="bbox 2014 1326 3611 1402">
     <span class='ocr_line' id='line_1_25' title="bbox 2014 1326 3611 1402; baseline -0.003 -18"><span class='ocrx_word' id='word_1_161' title='bbox 2014 1346 2152 1402; x_wconf 91' lang='lat' dir='ltr'><strong>gnus</strong></span> <span class='ocrx_word' id='word_1_162' title='bbox 2188 1330 2436 1384; x_wconf 86' lang='lat' dir='ltr'><strong>habitare</strong></span> <span class='ocrx_word' id='word_1_163' title='bbox 2469 1329 2828 1383; x_wconf 89' lang='lat' dir='ltr'><strong>discernatur.</strong></span> <span class='ocrx_word' id='word_1_164' title='bbox 2873 1327 3145 1397; x_wconf 85' lang='lat' dir='ltr'><strong>Deprecor</strong></span> <span class='ocrx_word' id='word_1_165' title='bbox 3173 1335 3284 1381; x_wconf 89' lang='lat' dir='ltr'><strong>tota</strong></span> <span class='ocrx_word' id='word_1_166' title='bbox 3325 1326 3611 1382; x_wconf 83' lang='lat' dir='ltr'><strong>cordis-in-</strong></span> 
     </span>
    </p>
   </div>
   <div class='ocr_carea' id='block_1_26' title="bbox 331 1403 1930 1488">
    <p class='ocr_par' dir='ltr' id='par_1_26' title="bbox 331 1403 1916 1479">
     <span class='ocr_line' id='line_1_26' title="bbox 331 1403 1916 1479; baseline -0.009 -8"><span class='ocrx_word' id='word_1_167' title='bbox 331 1425 505 1471; x_wconf 83' lang='lat' dir='ltr'><strong>tantas</strong></span> <span class='ocrx_word' id='word_1_168' title='bbox 553 1415 744 1470; x_wconf 90' lang='lat' dir='ltr'><strong>amicis</strong></span> <span class='ocrx_word' id='word_1_169' title='bbox 801 1411 1087 1468; x_wconf 89' lang='lat' dir='ltr'><strong>scribendo</strong></span> <span class='ocrx_word' id='word_1_170' title='bbox 1134 1409 1432 1479; x_wconf 84' lang='lat' dir='ltr'><strong>epistolas?</strong></span> <span class='ocrx_word' id='word_1_171' title='bbox 1489 1406 1588 1463; x_wconf 79' lang='lat' dir='ltr'><strong>Vel</strong></span> <span class='ocrx_word' id='word_1_172' title='bbox 1645 1403 1916 1474; x_wconf 91' lang='lat' dir='ltr'><strong>quomodo</strong></span> 
     </span>
    </p>
   </div>
   <div class='ocr_carea' id='block_1_27' title="bbox 2040 1403 3606 1488">
    <p class='ocr_par' dir='ltr' id='par_1_27' title="bbox 2040 1417 3606 1488">
     <span class='ocr_line' id='line_1_27' title="bbox 2040 1417 3606 1488; baseline -0.004 -12"><span class='ocrx_word' id='word_1_173' title='bbox 2040 1423 2276 1488; x_wconf 90' lang='lat' dir='ltr'><strong>entione,</strong></span> <span class='ocrx_word' id='word_1_174' title='bbox 2305 1429 2365 1475; x_wconf 89' lang='lat' dir='ltr'><strong>ut</strong></span> <span class='ocrx_word' id='word_1_175' title='bbox 2404 1421 2606 1476; x_wconf 84' lang='lat' dir='ltr'><strong>habeas</strong></span> <span class='ocrx_word' id='word_1_176' title='bbox 2630 1419 2882 1474; x_wconf 85' lang='lat' dir='ltr'><strong>Albinum</strong></span> <span class='ocrx_word' id='word_1_177' title='bbox 2915 1427 3065 1472; x_wconf 89' lang='lat' dir='ltr'><strong>tuum</strong></span> <span class='ocrx_word' id='word_1_178' title='bbox 3118 1418 3171 1472; x_wconf 92' lang='lat' dir='ltr'><strong>in</strong></span> <span class='ocrx_word' id='word_1_179' title='bbox 3198 1433 3294 1473; x_wconf 91' lang='lat' dir='ltr'><strong>ore</strong></span> <span class='ocrx_word' id='word_1_180' title='bbox 3325 1425 3382 1473; x_wconf 90' lang='lat' dir='ltr'><strong>et</strong></span> <span class='ocrx_word' id='word_1_181' title='bbox 3422 1417 3606 1480; x_wconf 90' lang='lat' dir='ltr'><strong>corde,</strong></span> 
     </span>
    </p>
   </div>
   <div class='ocr_carea' id='block_1_28' title="bbox 331 1495 3598 1580">
    <p class='ocr_par' dir='ltr' id='par_1_28' title="bbox 331 1495 3598 1580">
     <span class='ocr_line' id='line_1_28' title="bbox 331 1495 3598 1580; baseline -0.005 -2"><span class='ocrx_word' id='word_1_182' title='bbox 331 1524 475 1565; x_wconf 70' lang='lat'><strong>&quot;1335</strong></span> <span class='ocrx_word' id='word_1_183' title='bbox 499 1522 668 1563; x_wconf 68' lang='grc'><strong>³1³8118</strong></span> <span class='ocrx_word' id='word_1_184' title='bbox 702 1505 849 1560; x_wconf 50' lang='lat' dir='ltr'><strong>illis“</strong></span> <span class='ocrx_word' id='word_1_185' title='bbox 881 1504 1061 1575; x_wconf 72' lang='grc' dir='ltr'><strong>ιεεθτε</strong></span> <span class='ocrx_word' id='word_1_186' title='bbox 1095 1501 1378 1564; x_wconf 47' lang='lat' dir='ltr'><strong>“neruus,</strong></span> <span class='ocrx_word' id='word_1_187' title='bbox 1417 1509 1473 1554; x_wconf 72' lang='grc' dir='ltr'>εί</span> <span class='ocrx_word' id='word_1_188' title='bbox 1498 1507 1620 1552; x_wconf 63' lang='grc' dir='ltr'><strong>ίυίιδ</strong></span> <span class='ocrx_word' id='word_1_189' title='bbox 1647 1495 1778 1552; x_wconf 56' lang='lat' dir='ltr'><strong>mihi</strong></span> <span class='ocrx_word' id='word_1_190' title='bbox 1810 1510 1918 1550; x_wconf 75' lang='lat' dir='ltr'><strong>n0“</strong></span> <span class='ocrx_word' id='word_1_191' title='bbox 2017 1513 2145 1568; x_wconf 91' lang='lat' dir='ltr'><strong>dum</strong></span> <span class='ocrx_word' id='word_1_192' title='bbox 2174 1513 2412 1567; x_wconf 89' lang='lat' dir='ltr'><strong>animam</strong></span> <span class='ocrx_word' id='word_1_193' title='bbox 2438 1511 2601 1568; x_wconf 78' lang='lat' dir='ltr'><strong>offers</strong></span> <span class='ocrx_word' id='word_1_194' title='bbox 2630 1521 2778 1566; x_wconf 88' lang='lat' dir='ltr'><strong>tuam</strong></span> <span class='ocrx_word' id='word_1_195' title='bbox 2803 1511 2856 1565; x_wconf 89' lang='lat' dir='ltr'><strong>in</strong></span> <span class='ocrx_word' id='word_1_196' title='bbox 2887 1517 3179 1580; x_wconf 89' lang='lat' dir='ltr'><strong>conspectu</strong></span> <span class='ocrx_word' id='word_1_197' title='bbox 3222 1507 3460 1578; x_wconf 81' lang='lat' dir='ltr'><strong>Spiritus</strong></span> <span class='ocrx_word' id='word_1_198' title='bbox 3487 1523 3598 1562; x_wconf 71' lang='lat' dir='ltr'><strong>salt</strong></span> 
     </span>
    </p>
   </div>
   <div class='ocr_carea' id='block_1_29' title="bbox 329 1586 3624 1676">
    <p class='ocr_par' dir='ltr' id='par_1_29' title="bbox 329 1586 3624 1676">
     <span class='ocr_line' id='line_1_29' title="bbox 329 1586 3624 1676; baseline -0.009 -21"><span class='ocrx_word' id='word_1_199' title='bbox 329 1600 603 1672; x_wconf 76' lang='lat' dir='ltr'><strong>dirigere?</strong></span> <span class='ocrx_word' id='word_1_200' title='bbox 635 1597 691 1652; x_wconf 92' lang='lat' dir='ltr'><strong>Si</strong></span> <span class='ocrx_word' id='word_1_201' title='bbox 717 1604 903 1653; x_wconf 89' lang='lat' dir='ltr'><strong>contra</strong></span> <span class='ocrx_word' id='word_1_202' title='bbox 935 1593 1177 1666; x_wconf 89' lang='lat' dir='ltr'><strong>regulam</strong></span> <span class='ocrx_word' id='word_1_203' title='bbox 1200 1601 1284 1649; x_wconf 91' lang='lat' dir='ltr'><strong>est</strong></span> <span class='ocrx_word' id='word_1_204' title='bbox 1311 1591 1430 1646; x_wconf 83' lang='lat' dir='ltr'><strong>aliis</strong></span> <span class='ocrx_word' id='word_1_205' title='bbox 1456 1586 1920 1656; x_wconf 89' lang='lat' dir='ltr'><strong>scribere,utique</strong></span> <span class='ocrx_word' id='word_1_206' title='bbox 2019 1608 2114 1673; x_wconf 56' lang='grc' dir='ltr'><strong>αἱ,</strong></span> <span class='ocrx_word' id='word_1_207' title='bbox 2157 1607 2455 1676; x_wconf 63' lang='lat' dir='ltr'><strong>deprecans</strong></span> <span class='ocrx_word' id='word_1_208' title='bbox 2497 1613 2558 1661; x_wconf 64' lang='grc' dir='ltr'><strong>ιη</strong></span> <span class='ocrx_word' id='word_1_209' title='bbox 2599 1613 2756 1660; x_wconf 51' lang='lat' dir='ltr'><strong>emat</strong></span> <span class='ocrx_word' id='word_1_210' title='bbox 2806 1617 2894 1658; x_wconf 71' lang='lat' dir='ltr'><strong>me</strong></span> <span class='ocrx_word' id='word_1_211' title='bbox 2929 1601 3162 1672; x_wconf 47' lang='lat' dir='ltr'><strong>Spiritus</strong></span> <span class='ocrx_word' id='word_1_212' title='bbox 3205 1600 3505 1656; x_wconf 65' lang='lat' dir='ltr'><strong>pamclims</strong></span> <span class='ocrx_word' id='word_1_213' title='bbox 3545 1599 3624 1654; x_wconf 62' lang='lat' dir='ltr'><strong>de.</strong></span> 
     </span>
    </p>
   </div>
   <div class='ocr_carea' id='block_1_30' title="bbox 332 1680 1930 1767">
    <p class='ocr_par' dir='ltr' id='par_1_30' title="bbox 332 1680 1920 1760">
     <span class='ocr_line' id='line_1_30' title="bbox 332 1680 1920 1760; baseline -0.012 -12"><span class='ocrx_word' id='word_1_214' title='bbox 332 1699 515 1748; x_wconf 88' lang='lat' dir='ltr'><strong>contra</strong></span> <span class='ocrx_word' id='word_1_215' title='bbox 547 1687 789 1760; x_wconf 79' lang='lat' dir='ltr'><strong>regulam</strong></span> <span class='ocrx_word' id='word_1_216' title='bbox 837 1693 922 1740; x_wconf 88' lang='lat' dir='ltr'><strong>est</strong></span> <span class='ocrx_word' id='word_1_217' title='bbox 955 1693 1010 1740; x_wconf 88' lang='lat' dir='ltr'><strong>et</strong></span> <span class='ocrx_word' id='word_1_218' title='bbox 1038 1683 1265 1740; x_wconf 90' lang='lat' dir='ltr'><strong>aliorum</strong></span> <span class='ocrx_word' id='word_1_219' title='bbox 1303 1683 1502 1752; x_wconf 78' lang='lat' dir='ltr'><strong>legere.</strong></span> <span class='ocrx_word' id='word_1_220' title='bbox 1544 1680 1684 1748; x_wconf 87' lang='lat' dir='ltr'><strong>Opto</strong></span> <span class='ocrx_word' id='word_1_221' title='bbox 1711 1691 1779 1732; x_wconf 74' lang='lat' dir='ltr'><strong>ex</strong></span> <span class='ocrx_word' id='word_1_222' title='bbox 1804 1691 1920 1730; x_wconf 91' lang='lat' dir='ltr'><strong>ma-</strong></span> 
     </span>
    </p>
   </div>
   <div class='ocr_carea' id='block_1_31' title="bbox 2040 1680 3611 1767">
    <p class='ocr_par' dir='ltr' id='par_1_31' title="bbox 2040 1685 3611 1767">
     <span class='ocr_line' id='line_1_31' title="bbox 2040 1685 3611 1767; baseline -0.007 -15"><span class='ocrx_word' id='word_1_223' title='bbox 2040 1697 2357 1767; x_wconf 66' lang='lat' dir='ltr'><strong>;piritalibus</strong></span> <span class='ocrx_word' id='word_1_224' title='bbox 2385 1695 2550 1750; x_wconf 90' lang='lat' dir='ltr'><strong>animi</strong></span> <span class='ocrx_word' id='word_1_225' title='bbox 2572 1694 2678 1748; x_wconf 90' lang='lat' dir='ltr'><strong>mei</strong></span> <span class='ocrx_word' id='word_1_226' title='bbox 2706 1693 3116 1757; x_wconf 87' lang='lat' dir='ltr'><strong>tentationibus,</strong></span> <span class='ocrx_word' id='word_1_227' title='bbox 3141 1701 3411 1762; x_wconf 81' lang='lat' dir='ltr'><strong>quatenus</strong></span> <span class='ocrx_word' id='word_1_228' title='bbox 3450 1685 3611 1759; x_wconf 87' lang='lat' dir='ltr'><strong>digna</strong></span> 
     </span>
    </p>
   </div>
   <div class='ocr_carea' id='block_1_32' title="bbox 330 1756 3612 1853">
    <p class='ocr_par' dir='ltr' id='par_1_32' title="bbox 330 1756 3612 1853">
     <span class='ocr_line' id='line_1_32' title="bbox 330 1756 3612 1853; baseline -0.012 -15"><span class='ocrx_word' id='word_1_229' title='bbox 330 1798 432 1853; x_wconf 84' lang='lat' dir='ltr'><strong>gno</strong></span> <span class='ocrx_word' id='word_1_230' title='bbox 453 1781 635 1837; x_wconf 88' lang='lat' dir='ltr'><strong>cordis</strong></span> <span class='ocrx_word' id='word_1_231' title='bbox 657 1779 760 1834; x_wconf 90' lang='lat' dir='ltr'><strong>mei</strong></span> <span class='ocrx_word' id='word_1_232' title='bbox 784 1778 1070 1842; x_wconf 89' lang='lat' dir='ltr'><strong>desiderio,</strong></span> <span class='ocrx_word' id='word_1_233' title='bbox 1110 1776 1416 1831; x_wconf 88' lang='lat' dir='ltr'><strong>nullatenus</strong></span> <span class='ocrx_word' id='word_1_234' title='bbox 1445 1781 1497 1828; x_wconf 91' lang='lat' dir='ltr'><strong>te</strong></span> <span class='ocrx_word' id='word_1_235' title='bbox 1521 1772 1640 1844; x_wconf 91' lang='lat' dir='ltr'><strong>plus</strong></span> <span class='ocrx_word' id='word_1_236' title='bbox 1665 1783 1919 1842; x_wconf 84' lang='lat' dir='ltr'><strong>peccasse</strong></span> <span class='ocrx_word' id='word_1_237' title='bbox 1949 1756 1998 1817; x_wconf 85' lang='grc' dir='ltr'><strong>Β</strong></span> <span class='ocrx_word' id='word_1_238' title='bbox 2023 1756 2094 1842; x_wconf 51' lang='lat' dir='ltr'><strong>sit</strong></span> <span class='ocrx_word' id='word_1_239' title='bbox 2112 1786 2292 1841; x_wconf 65' lang='lat' dir='ltr'><strong>anima</strong></span> <span class='ocrx_word' id='word_1_240' title='bbox 2325 1801 2444 1840; x_wconf 68' lang='lat' dir='ltr'><strong>mea</strong></span> <span class='ocrx_word' id='word_1_241' title='bbox 2476 1799 2746 1840; x_wconf 72' lang='lat' dir='ltr'><strong>summum</strong></span> <span class='ocrx_word' id='word_1_242' title='bbox 2773 1786 2998 1848; x_wconf 50' lang='lat' dir='ltr'><strong>bonum,</strong></span> <span class='ocrx_word' id='word_1_243' title='bbox 3025 1783 3080 1837; x_wconf 72' lang='lat' dir='ltr'><strong>id</strong></span> <span class='ocrx_word' id='word_1_244' title='bbox 3111 1756 3195 1838; x_wconf 46' lang='lat' dir='ltr'><strong>es&quot;,</strong></span> <span class='ocrx_word' id='word_1_245' title='bbox 3230 1783 3401 1837; x_wconf 68' lang='lat' dir='ltr'><strong>Deum</strong></span> <span class='ocrx_word' id='word_1_246' title='bbox 3424 1756 3612 1836; x_wconf 35' lang='lat' dir='ltr'><strong>velim]</strong></span> 
     </span>
    </p>
   </div>
   <div class='ocr_carea' id='block_1_33' title="bbox 331 1861 1920 1942">
    <p class='ocr_par' dir='ltr' id='par_1_33' title="bbox 331 1861 1920 1942">
     <span class='ocr_line' id='line_1_33' title="bbox 331 1861 1920 1942; baseline -0.011 -11"><span class='ocrx_word' id='word_1_247' title='bbox 331 1877 381 1931; x_wconf 91' lang='lat' dir='ltr'><strong>in</strong></span> <span class='ocrx_word' id='word_1_248' title='bbox 410 1871 656 1930; x_wconf 90' lang='lat' dir='ltr'><strong>custodia</strong></span> <span class='ocrx_word' id='word_1_249' title='bbox 684 1871 943 1942; x_wconf 78' lang='lat' dir='ltr'><strong>regularis</strong></span> <span class='ocrx_word' id='word_1_250' title='bbox 969 1870 1096 1924; x_wconf 64' lang='lat' dir='ltr'><strong>vitae</strong></span> <span class='ocrx_word' id='word_1_251' title='bbox 1131 1882 1294 1938; x_wconf 89' lang='lat' dir='ltr'><strong>quam</strong></span> <span class='ocrx_word' id='word_1_252' title='bbox 1317 1864 1716 1922; x_wconf 77' lang='lat' dir='ltr'><strong>exhortatorias</strong></span> <span class='ocrx_word' id='word_1_253' title='bbox 1735 1861 1920 1916; x_wconf 86' lang='lat' dir='ltr'><strong>volen-</strong></span> 
     </span>
    </p>
   </div>
   <div class='ocr_carea' id='block_1_34' title="bbox 331 1956 1915 2027">
    <p class='ocr_par' dir='ltr' id='par_1_34' title="bbox 331 1956 1915 2027">
     <span class='ocr_line' id='line_1_34' title="bbox 331 1956 1915 2027; baseline -0.011 -5"><span class='ocrx_word' id='word_1_254' title='bbox 331 1967 476 2022; x_wconf 88' lang='lat' dir='ltr'><strong>tibus</strong></span> <span class='ocrx_word' id='word_1_255' title='bbox 501 1963 665 2019; x_wconf 91' lang='lat' dir='ltr'><strong>edere</strong></span> <span class='ocrx_word' id='word_1_256' title='bbox 690 1963 928 2018; x_wconf 88' lang='lat' dir='ltr'><strong>chartas.</strong></span> <span class='ocrx_word' id='word_1_257' title='bbox 961 1958 1270 2016; x_wconf 77' lang='lat' dir='ltr'><strong>Vulnerasti</strong></span> <span class='ocrx_word' id='word_1_258' title='bbox 1295 1956 1566 2027; x_wconf 88' lang='lat' dir='ltr'><strong>siquidem</strong></span> <span class='ocrx_word' id='word_1_259' title='bbox 1594 1969 1690 2010; x_wconf 92' lang='lat' dir='ltr'><strong>cor</strong></span> <span class='ocrx_word' id='word_1_260' title='bbox 1714 1966 1915 2012; x_wconf 85' lang='lat' dir='ltr'><strong>meum.</strong></span> 
     </span>
    </p>
   </div>
   <div class='ocr_carea' id='block_1_35' title="bbox 332 2041 1918 2124">
    <p class='ocr_par' dir='ltr' id='par_1_35' title="bbox 332 2041 1918 2124">
     <span class='ocr_line' id='line_1_35' title="bbox 332 2041 1918 2124; baseline -0.011 -12"><span class='ocrx_word' id='word_1_261' title='bbox 332 2057 426 2112; x_wconf 86' lang='lat' dir='ltr'><strong>sed</strong></span> <span class='ocrx_word' id='word_1_262' title='bbox 457 2055 504 2110; x_wconf 92' lang='lat' dir='ltr'><strong>si</strong></span> <span class='ocrx_word' id='word_1_263' title='bbox 537 2061 750 2124; x_wconf 84' lang='lat' dir='ltr'><strong>tempus</strong></span> <span class='ocrx_word' id='word_1_264' title='bbox 787 2051 1038 2108; x_wconf 89' lang='lat' dir='ltr'><strong>medendi</strong></span> <span class='ocrx_word' id='word_1_265' title='bbox 1075 2050 1250 2104; x_wconf 89' lang='lat' dir='ltr'><strong>adhuc</strong></span> <span class='ocrx_word' id='word_1_266' title='bbox 1273 2047 1390 2101; x_wconf 84' lang='lat' dir='ltr'><strong>ﬁeri</strong></span> <span class='ocrx_word' id='word_1_267' title='bbox 1418 2045 1618 2110; x_wconf 77' lang='lat' dir='ltr'><strong>valeat,</strong></span> <span class='ocrx_word' id='word_1_268' title='bbox 1646 2058 1777 2099; x_wconf 88' lang='lat' dir='ltr'><strong>sana</strong></span> <span class='ocrx_word' id='word_1_269' title='bbox 1797 2041 1918 2096; x_wconf 75' lang='lat' dir='ltr'><strong>vul-</strong></span> 
     </span>
    </p>
   </div>
   <div class='ocr_carea' id='block_1_36' title="bbox 331 2131 1921 2210">
    <p class='ocr_par' dir='ltr' id='par_1_36' title="bbox 331 2131 1921 2210">
     <span class='ocr_line' id='line_1_36' title="bbox 331 2131 1921 2210; baseline -0.011 -8"><span class='ocrx_word' id='word_1_270' title='bbox 331 2163 436 2202; x_wconf 86' lang='lat' dir='ltr'><strong>nus</strong></span> <span class='ocrx_word' id='word_1_271' title='bbox 471 2144 755 2202; x_wconf 84' lang='lat' dir='ltr'><strong>charitatis</strong></span> <span class='ocrx_word' id='word_1_272' title='bbox 799 2143 1030 2208; x_wconf 88' lang='lat' dir='ltr'><strong>calamo,</strong></span> <span class='ocrx_word' id='word_1_273' title='bbox 1062 2156 1132 2196; x_wconf 89' lang='lat' dir='ltr'><strong>ne</strong></span> <span class='ocrx_word' id='word_1_274' title='bbox 1176 2146 1456 2210; x_wconf 88' lang='lat' dir='ltr'><strong>putrescat</strong></span> <span class='ocrx_word' id='word_1_275' title='bbox 1494 2139 1546 2192; x_wconf 94' lang='lat' dir='ltr'><strong>in</strong></span> <span class='ocrx_word' id='word_1_276' title='bbox 1598 2134 1785 2206; x_wconf 66' lang='lat' dir='ltr'><strong>pejus-</strong></span> <span class='ocrx_word' id='word_1_277' title='bbox 1803 2131 1921 2186; x_wconf 80' lang='lat' dir='ltr'><strong>Non</strong></span> 
     </span>
    </p>
   </div>
   <div class='ocr_carea' id='block_1_37' title="bbox 333 2234 1924 2306">
    <p class='ocr_par' dir='ltr' id='par_1_37' title="bbox 333 2234 1924 2306">
     <span class='ocr_line' id='line_1_37' title="bbox 333 2234 1924 2306; baseline -0.009 -12"><span class='ocrx_word' id='word_1_278' title='bbox 333 2241 477 2294; x_wconf 89' lang='lat' dir='ltr'><strong>enim</strong></span> <span class='ocrx_word' id='word_1_279' title='bbox 519 2239 620 2293; x_wconf 87' lang='lat' dir='ltr'><strong>tibi</strong></span> <span class='ocrx_word' id='word_1_280' title='bbox 669 2244 793 2292; x_wconf 88' lang='lat' dir='ltr'><strong>sunt</strong></span> <span class='ocrx_word' id='word_1_281' title='bbox 823 2236 1005 2306; x_wconf 79' lang='lat' dir='ltr'><strong>indiga</strong></span> <span class='ocrx_word' id='word_1_282' title='bbox 1052 2234 1454 2305; x_wconf 80' lang='lat' dir='ltr'><strong>pigmentorum</strong></span> <span class='ocrx_word' id='word_1_283' title='bbox 1497 2243 1696 2300; x_wconf 86' lang='lat' dir='ltr'><strong>genera</strong></span> <span class='ocrx_word' id='word_1_284' title='bbox 1727 2239 1924 2295; x_wconf 84' lang='lat' dir='ltr'><strong>magno</strong></span> 
     </span>
    </p>
   </div>
   <div class='ocr_carea' id='block_1_38' title="bbox 335 2319 1926 2400">
    <p class='ocr_par' dir='ltr' id='par_1_38' title="bbox 335 2319 1926 2400">
     <span class='ocr_line' id='line_1_38' title="bbox 335 2319 1926 2400; baseline -0.013 -11"><span class='ocrx_word' id='word_1_285' title='bbox 335 2330 564 2389; x_wconf 86' lang='lat' dir='ltr'><strong>emenda</strong></span> <span class='ocrx_word' id='word_1_286' title='bbox 593 2330 788 2400; x_wconf 87' lang='lat' dir='ltr'><strong>pretio,</strong></span> <span class='ocrx_word' id='word_1_287' title='bbox 822 2342 922 2382; x_wconf 88' lang='lat' dir='ltr'><strong>nec</strong></span> <span class='ocrx_word' id='word_1_288' title='bbox 948 2341 1072 2380; x_wconf 91' lang='lat' dir='ltr'><strong>cum</strong></span> <span class='ocrx_word' id='word_1_289' title='bbox 1102 2322 1345 2394; x_wconf 89' lang='lat' dir='ltr'><strong>periculo</strong></span> <span class='ocrx_word' id='word_1_290' title='bbox 1389 2336 1482 2376; x_wconf 88' lang='lat' dir='ltr'><strong>cor</strong></span> <span class='ocrx_word' id='word_1_291' title='bbox 1527 2319 1699 2375; x_wconf 87' lang='lat' dir='ltr'><strong>leonis</strong></span> <span class='ocrx_word' id='word_1_292' title='bbox 1740 2324 1926 2372; x_wconf 82' lang='lat' dir='ltr'><strong>extra-</strong></span> 
     </span>
    </p>
   </div>
   <div class='ocr_carea' id='block_1_39' title="bbox 337 2409 1927 2488">
    <p class='ocr_par' dir='ltr' id='par_1_39' title="bbox 337 2409 1927 2488">
     <span class='ocr_line' id='line_1_39' title="bbox 337 2409 1927 2488; baseline -0.012 -8"><span class='ocrx_word' id='word_1_293' title='bbox 337 2423 574 2480; x_wconf 84' lang='lat' dir='ltr'><strong>hendum</strong></span> <span class='ocrx_word' id='word_1_294' title='bbox 601 2437 616 2486; x_wconf 89' lang='lat'><strong>;</strong></span> <span class='ocrx_word' id='word_1_295' title='bbox 651 2419 747 2474; x_wconf 90' lang='lat' dir='ltr'><strong>sed</strong></span> <span class='ocrx_word' id='word_1_296' title='bbox 767 2419 914 2488; x_wconf 88' lang='lat' dir='ltr'><strong>aperi</strong></span> <span class='ocrx_word' id='word_1_297' title='bbox 938 2433 1034 2473; x_wconf 90' lang='lat' dir='ltr'><strong>cor</strong></span> <span class='ocrx_word' id='word_1_298' title='bbox 1055 2414 1342 2472; x_wconf 88' lang='lat' dir='ltr'><strong>charitatis</strong></span> <span class='ocrx_word' id='word_1_299' title='bbox 1375 2421 1500 2476; x_wconf 68' lang='lat' dir='ltr'><strong>tum,</strong></span> <span class='ocrx_word' id='word_1_300' title='bbox 1528 2418 1585 2465; x_wconf 91' lang='lat' dir='ltr'><strong>et</strong></span> <span class='ocrx_word' id='word_1_301' title='bbox 1622 2409 1787 2477; x_wconf 83' lang='lat' dir='ltr'><strong>irriga</strong></span> <span class='ocrx_word' id='word_1_302' title='bbox 1818 2422 1927 2462; x_wconf 87' lang='lat' dir='ltr'><strong>coe-</strong></span> 
     </span>
    </p>
   </div>
   <div class='ocr_carea' id='block_1_40' title="bbox 336 2501 1928 2573">
    <p class='ocr_par' dir='ltr' id='par_1_40' title="bbox 336 2501 1928 2573">
     <span class='ocr_line' id='line_1_40' title="bbox 336 2501 1928 2573; baseline -0.012 -2"><span class='ocrx_word' id='word_1_303' title='bbox 336 2516 489 2573; x_wconf 88' lang='lat' dir='ltr'><strong>lestis</strong></span> <span class='ocrx_word' id='word_1_304' title='bbox 518 2529 644 2570; x_wconf 91' lang='lat' dir='ltr'><strong>rore</strong></span> <span class='ocrx_word' id='word_1_305' title='bbox 683 2510 1074 2567; x_wconf 89' lang='lat' dir='ltr'><strong>benedictionis</strong></span> <span class='ocrx_word' id='word_1_306' title='bbox 1103 2507 1310 2563; x_wconf 87' lang='lat' dir='ltr'><strong>arentia</strong></span> <span class='ocrx_word' id='word_1_307' title='bbox 1345 2504 1524 2561; x_wconf 87' lang='lat' dir='ltr'><strong>cordis</strong></span> <span class='ocrx_word' id='word_1_308' title='bbox 1551 2501 1656 2556; x_wconf 91' lang='lat' dir='ltr'><strong>mei</strong></span> <span class='ocrx_word' id='word_1_309' title='bbox 1685 2516 1834 2564; x_wconf 90' lang='lat' dir='ltr'><strong>rura,</strong></span> <span class='ocrx_word' id='word_1_310' title='bbox 1868 2507 1928 2553; x_wconf 92' lang='lat' dir='ltr'><strong>ut</strong></span> 
     </span>
    </p>
   </div>
   <div class='ocr_carea' id='block_1_41' title="bbox 337 2589 1931 2676">
    <p class='ocr_par' dir='ltr' id='par_1_41' title="bbox 337 2589 1931 2676">
     <span class='ocr_line' id='line_1_41' title="bbox 337 2589 1931 2676; baseline -0.013 -12"><span class='ocrx_word' id='word_1_311' title='bbox 337 2621 553 2676; x_wconf 85' lang='lat' dir='ltr'><strong>semper</strong></span> <span class='ocrx_word' id='word_1_312' title='bbox 583 2615 844 2676; x_wconf 85' lang='lat' dir='ltr'><strong>generare</strong></span> <span class='ocrx_word' id='word_1_313' title='bbox 879 2601 1101 2669; x_wconf 89' lang='lat' dir='ltr'><strong>incipiat</strong></span> <span class='ocrx_word' id='word_1_314' title='bbox 1127 2597 1326 2669; x_wconf 87' lang='lat' dir='ltr'><strong>prioris</strong></span> <span class='ocrx_word' id='word_1_315' title='bbox 1363 2595 1514 2666; x_wconf 89' lang='lat' dir='ltr'><strong>pacis</strong></span> <span class='ocrx_word' id='word_1_316' title='bbox 1540 2603 1594 2648; x_wconf 91' lang='lat' dir='ltr'><strong>et</strong></span> <span class='ocrx_word' id='word_1_317' title='bbox 1627 2589 1931 2647; x_wconf 53' lang='lat' dir='ltr'><strong>concordia</strong></span> 
     </span>
    </p>
   </div>
   <div class='ocr_carea' id='block_1_42' title="bbox 342 2681 1930 2772">
    <p class='ocr_par' dir='ltr' id='par_1_42' title="bbox 342 2681 1930 2772">
     <span class='ocr_line' id='line_1_42' title="bbox 342 2681 1930 2772; baseline -0.012 -19"><span class='ocrx_word' id='word_1_318' title='bbox 342 2699 501 2772; x_wconf 80' lang='lat' dir='ltr'><strong>[deest</strong></span> <span class='ocrx_word' id='word_1_319' title='bbox 527 2695 769 2759; x_wconf 89' lang='lat' dir='ltr'><strong>fructus,</strong></span> <span class='ocrx_word' id='word_1_320' title='bbox 806 2690 882 2747; x_wconf 79' lang='lat' dir='ltr'><strong>vel</strong></span> <span class='ocrx_word' id='word_1_321' title='bbox 909 2689 1122 2763; x_wconf 86' lang='lat' dir='ltr'><strong>simile].</strong></span> <span class='ocrx_word' id='word_1_322' title='bbox 1150 2689 1404 2758; x_wconf 83' lang='lat' dir='ltr'><strong>Nunquid</strong></span> <span class='ocrx_word' id='word_1_323' title='bbox 1427 2702 1538 2741; x_wconf 90' lang='lat' dir='ltr'><strong>non</strong></span> <span class='ocrx_word' id='word_1_324' title='bbox 1564 2699 1651 2740; x_wconf 91' lang='lat' dir='ltr'><strong>me</strong></span> <span class='ocrx_word' id='word_1_325' title='bbox 1671 2694 1698 2723; x_wconf 71' lang='grc' dir='ltr'>ι</span> <span class='ocrx_word' id='word_1_326' title='bbox 1726 2681 1930 2737; x_wconf 86' lang='lat' dir='ltr'><strong>familia</strong></span> 
     </span>
    </p>
   </div>
   <div class='ocr_carea' id='block_1_43' title="bbox 341 2773 1930 2850">
    <p class='ocr_par' dir='ltr' id='par_1_43' title="bbox 341 2773 1930 2850">
     <span class='ocr_line' id='line_1_43' title="bbox 341 2773 1930 2850; baseline -0.012 -6"><span class='ocrx_word' id='word_1_327' title='bbox 341 2788 517 2844; x_wconf 90' lang='lat' dir='ltr'><strong>sancti</strong></span> <span class='ocrx_word' id='word_1_328' title='bbox 557 2786 704 2840; x_wconf 90' lang='lat' dir='ltr'><strong>Petri</strong></span> <span class='ocrx_word' id='word_1_329' title='bbox 750 2792 804 2840; x_wconf 87' lang='lat' dir='ltr'><strong>te</strong></span> <span class='ocrx_word' id='word_1_330' title='bbox 843 2785 1097 2839; x_wconf 86' lang='lat' dir='ltr'><strong>hortante</strong></span> <span class='ocrx_word' id='word_1_331' title='bbox 1122 2789 1176 2836; x_wconf 91' lang='lat' dir='ltr'><strong>et</strong></span> <span class='ocrx_word' id='word_1_332' title='bbox 1202 2780 1547 2850; x_wconf 84' lang='lat' dir='ltr'><strong>deprecante,</strong></span> <span class='ocrx_word' id='word_1_333' title='bbox 1577 2775 1632 2831; x_wconf 91' lang='lat' dir='ltr'><strong>in</strong></span> <span class='ocrx_word' id='word_1_334' title='bbox 1664 2773 1930 2843; x_wconf 85' lang='lat' dir='ltr'><strong>gremium</strong></span> 
     </span>
    </p>
   </div>
   <div class='ocr_carea' id='block_1_44' title="bbox 341 2862 1930 2944">
    <p class='ocr_par' dir='ltr' id='par_1_44' title="bbox 341 2862 1930 2944">
     <span class='ocr_line' id='line_1_44' title="bbox 341 2862 1930 2944; baseline -0.01 -9"><span class='ocrx_word' id='word_1_335' title='bbox 341 2877 702 2936; x_wconf 82' lang='lat' dir='ltr'><strong>fraternitatis</strong></span> <span class='ocrx_word' id='word_1_336' title='bbox 747 2891 860 2930; x_wconf 74' lang='lat' dir='ltr'><strong>suae</strong></span> <span class='ocrx_word' id='word_1_337' title='bbox 901 2873 1171 2944; x_wconf 86' lang='lat' dir='ltr'><strong>suscepit,</strong></span> <span class='ocrx_word' id='word_1_338' title='bbox 1221 2871 1572 2941; x_wconf 84' lang='lat' dir='ltr'><strong>quasiunum</strong></span> <span class='ocrx_word' id='word_1_339' title='bbox 1605 2883 1672 2922; x_wconf 83' lang='lat' dir='ltr'><strong>ex</strong></span> <span class='ocrx_word' id='word_1_340' title='bbox 1705 2864 1847 2919; x_wconf 80' lang='lat' dir='ltr'><strong>illis?</strong></span> <span class='ocrx_word' id='word_1_341' title='bbox 1873 2862 1930 2919; x_wconf 86' lang='lat' dir='ltr'><strong>Si</strong></span> 
     </span>
    </p>
   </div>
   <div class='ocr_carea' id='block_1_45' title="bbox 341 2954 1932 3040">
    <p class='ocr_par' dir='ltr' id='par_1_45' title="bbox 341 2954 1932 3040">
     <span class='ocr_line' id='line_1_45' title="bbox 341 2954 1932 3040; baseline -0.013 -12"><span class='ocrx_word' id='word_1_342' title='bbox 341 2975 517 3029; x_wconf 87' lang='lat' dir='ltr'><strong>amico</strong></span> <span class='ocrx_word' id='word_1_343' title='bbox 539 2972 811 3040; x_wconf 84' lang='lat' dir='ltr'><strong>prodesse</strong></span> <span class='ocrx_word' id='word_1_344' title='bbox 828 2966 1076 3031; x_wconf 87' lang='lat' dir='ltr'><strong>timuisti,</strong></span> <span class='ocrx_word' id='word_1_345' title='bbox 1101 2979 1270 3035; x_wconf 87' lang='lat' dir='ltr'><strong>quare</strong></span> <span class='ocrx_word' id='word_1_346' title='bbox 1291 2977 1398 3018; x_wconf 92' lang='lat' dir='ltr'><strong>non</strong></span> <span class='ocrx_word' id='word_1_347' title='bbox 1425 2959 1584 3015; x_wconf 56' lang='lat' dir='ltr'><strong>fratri.</strong></span> <span class='ocrx_word' id='word_1_348' title='bbox 1603 2965 1658 3014; x_wconf 84' lang='lat' dir='ltr'><strong>et</strong></span> <span class='ocrx_word' id='word_1_349' title='bbox 1680 2954 1932 3012; x_wconf 87' lang='lat' dir='ltr'><strong>consocio</strong></span> 
     </span>
    </p>
   </div>
   <div class='ocr_carea' id='block_1_46' title="bbox 341 3048 1932 3136">
    <p class='ocr_par' dir='ltr' id='par_1_46' title="bbox 341 3048 1932 3136">
     <span class='ocr_line' id='line_1_46' title="bbox 341 3048 1932 3136; baseline -0.013 -16"><span class='ocrx_word' id='word_1_350' title='bbox 341 3063 716 3136; x_wconf 73' lang='lat' dir='ltr'><strong>germanitatis</strong></span> <span class='ocrx_word' id='word_1_351' title='bbox 739 3069 844 3115; x_wconf 67' lang='lat' dir='ltr'><strong>tuae</strong></span> <span class='ocrx_word' id='word_1_352' title='bbox 862 3060 886 3114; x_wconf 87' lang='lat'><strong>?</strong></span> <span class='ocrx_word' id='word_1_353' title='bbox 906 3056 1158 3128; x_wconf 85' lang='lat' dir='ltr'><strong>Nunquid</strong></span> <span class='ocrx_word' id='word_1_354' title='bbox 1183 3053 1448 3126; x_wconf 88' lang='lat' dir='ltr'><strong>regularis</strong></span> <span class='ocrx_word' id='word_1_355' title='bbox 1467 3048 1784 3107; x_wconf 86' lang='lat' dir='ltr'><strong>constrictio</strong></span> <span class='ocrx_word' id='word_1_356' title='bbox 1807 3061 1932 3117; x_wconf 89' lang='lat' dir='ltr'><strong>pro—</strong></span> 
     </span>
    </p>
   </div>
   <div class='ocr_carea' id='block_1_47' title="bbox 342 3115 2004 3212">
    <p class='ocr_par' dir='ltr' id='par_1_47' title="bbox 342 3115 2004 3212">
     <span class='ocr_line' id='line_1_47' title="bbox 342 3115 2004 3212; baseline -0.014 0"><span class='ocrx_word' id='word_1_357' title='bbox 342 3115 492 3212; x_wconf 68' lang='lat' dir='ltr'><strong>Iiibet</strong></span> <span class='ocrx_word' id='word_1_358' title='bbox 521 3163 576 3210; x_wconf 89' lang='lat' dir='ltr'><strong>te</strong></span> <span class='ocrx_word' id='word_1_359' title='bbox 619 3151 846 3207; x_wconf 84' lang='lat' dir='ltr'><strong>fratrem</strong></span> <span class='ocrx_word' id='word_1_360' title='bbox 891 3115 1165 3205; x_wconf 69' lang='lat' dir='ltr'><strong>exhortari</strong></span> <span class='ocrx_word' id='word_1_361' title='bbox 1218 3115 1410 3200; x_wconf 67' lang='lat' dir='ltr'><strong>tuum?</strong></span> <span class='ocrx_word' id='word_1_362' title='bbox 1463 3141 1572 3196; x_wconf 82' lang='lat' dir='ltr'><strong>Aut</strong></span> <span class='ocrx_word' id='word_1_363' title='bbox 1618 3115 1823 3194; x_wconf 85' lang='lat' dir='ltr'><strong>falsum</strong></span> <span class='ocrx_word' id='word_1_364' title='bbox 1846 3115 2004 3192; x_wconf 79' lang='lat' dir='ltr'><strong>estC</strong></span> 
     </span>
    </p>
   </div>
   <div class='ocr_carea' id='block_1_48' title="bbox 343 3227 1932 3318">
    <p class='ocr_par' dir='ltr' id='par_1_48' title="bbox 343 3227 1932 3318">
     <span class='ocr_line' id='line_1_48' title="bbox 343 3227 1932 3318; baseline -0.013 -16"><span class='ocrx_word' id='word_1_365' title='bbox 343 3247 486 3318; x_wconf 84' lang='lat' dir='ltr'><strong>quod</strong></span> <span class='ocrx_word' id='word_1_366' title='bbox 509 3243 870 3315; x_wconf 87' lang='lat' dir='ltr'><strong>promisistis,</strong></span> <span class='ocrx_word' id='word_1_367' title='bbox 903 3248 999 3296; x_wconf 88' lang='lat' dir='ltr'><strong>aut</strong></span> <span class='ocrx_word' id='word_1_368' title='bbox 1025 3253 1214 3295; x_wconf 86' lang='lat' dir='ltr'><strong>verum</strong></span> <span class='ocrx_word' id='word_1_369' title='bbox 1255 3244 1340 3292; x_wconf 88' lang='lat' dir='ltr'><strong>est</strong></span> <span class='ocrx_word' id='word_1_370' title='bbox 1380 3234 1523 3305; x_wconf 90' lang='lat' dir='ltr'><strong>quod</strong></span> <span class='ocrx_word' id='word_1_371' title='bbox 1568 3239 1625 3286; x_wconf 93' lang='lat' dir='ltr'><strong>tu</strong></span> <span class='ocrx_word' id='word_1_372' title='bbox 1657 3231 1724 3286; x_wconf 90' lang='lat' dir='ltr'><strong>de</strong></span> <span class='ocrx_word' id='word_1_373' title='bbox 1764 3227 1932 3284; x_wconf 82' lang='lat' dir='ltr'><strong>fratre</strong></span> 
     </span>
    </p>
   </div>
   <div class='ocr_carea' id='block_1_49' title="bbox 344 3331 849 3394">
    <p class='ocr_par' dir='ltr' id='par_1_49' title="bbox 344 3331 849 3394">
     <span class='ocr_line' id='line_1_49' title="bbox 344 3331 849 3394; baseline -0.018 0"><span class='ocrx_word' id='word_1_374' title='bbox 344 3343 480 3394; x_wconf 84' lang='lat' dir='ltr'><strong>bene</strong></span> <span class='ocrx_word' id='word_1_375' title='bbox 505 3349 612 3388; x_wconf 89' lang='lat' dir='ltr'><strong>non</strong></span> <span class='ocrx_word' id='word_1_376' title='bbox 653 3331 849 3388; x_wconf 52' lang='lat' dir='ltr'><strong>fecistit</strong></span> 
     </span>
    </p>
   </div>
   <div class='ocr_carea' id='block_1_50' title="bbox 416 3416 1932 3493">
    <p class='ocr_par' dir='ltr' id='par_1_50' title="bbox 416 3416 1932 3493">
     <span class='ocr_line' id='line_1_50' title="bbox 416 3416 1932 3493; baseline -0.006 -12"><span class='ocrx_word' id='word_1_377' title='bbox 416 3425 523 3481; x_wconf 85' lang='lat' dir='ltr'><strong>Sed</strong></span> <span class='ocrx_word' id='word_1_378' title='bbox 561 3433 774 3480; x_wconf 81' lang='lat' dir='ltr'><strong>cessent</strong></span> <span class='ocrx_word' id='word_1_379' title='bbox 801 3419 1205 3493; x_wconf 72' lang='lat' dir='ltr'><strong>qumrimoniae,</strong></span> <span class='ocrx_word' id='word_1_380' title='bbox 1240 3418 1372 3474; x_wconf 84' lang='lat' dir='ltr'><strong>fiant</strong></span> <span class='ocrx_word' id='word_1_381' title='bbox 1411 3417 1695 3475; x_wconf 87' lang='lat' dir='ltr'><strong>charitatis</strong></span> <span class='ocrx_word' id='word_1_382' title='bbox 1740 3416 1932 3472; x_wconf 90' lang='lat' dir='ltr'><strong>solatia</strong></span> 
     </span>
    </p>
   </div>
   <div class='ocr_carea' id='block_1_51' title="bbox 348 3509 1934 3584">
    <p class='ocr_par' dir='ltr' id='par_1_51' title="bbox 348 3509 1934 3584">
     <span class='ocr_line' id='line_1_51' title="bbox 348 3509 1934 3584; baseline -0.006 -12"><span class='ocrx_word' id='word_1_383' title='bbox 348 3519 488 3573; x_wconf 74' lang='lat' dir='ltr'><strong>inter</strong></span> <span class='ocrx_word' id='word_1_384' title='bbox 517 3517 731 3583; x_wconf 87' lang='lat' dir='ltr'><strong>fratres,</strong></span> <span class='ocrx_word' id='word_1_385' title='bbox 780 3514 897 3570; x_wconf 89' lang='lat' dir='ltr'><strong>sine</strong></span> <span class='ocrx_word' id='word_1_386' title='bbox 926 3529 1031 3584; x_wconf 89' lang='lat' dir='ltr'><strong>qua</strong></span> <span class='ocrx_word' id='word_1_387' title='bbox 1058 3511 1190 3568; x_wconf 88' lang='lat' dir='ltr'><strong>nihil</strong></span> <span class='ocrx_word' id='word_1_388' title='bbox 1231 3512 1342 3566; x_wconf 90' lang='lat' dir='ltr'><strong>Deo</strong></span> <span class='ocrx_word' id='word_1_389' title='bbox 1381 3511 1597 3580; x_wconf 80' lang='lat' dir='ltr'><strong>placere</strong></span> <span class='ocrx_word' id='word_1_390' title='bbox 1618 3509 1851 3581; x_wconf 90' lang='lat' dir='ltr'><strong>poterit;</strong></span> <span class='ocrx_word' id='word_1_391' title='bbox 1880 3515 1934 3564; x_wconf 88' lang='lat' dir='ltr'><strong>et</strong></span> 
     </span>
    </p>
   </div>
   <div class='ocr_carea' id='block_1_52' title="bbox 348 3601 1932 3676">
    <p class='ocr_par' dir='ltr' id='par_1_52' title="bbox 348 3601 1932 3676">
     <span class='ocr_line' id='line_1_52' title="bbox 348 3601 1932 3676; baseline -0.006 -12"><span class='ocrx_word' id='word_1_392' title='bbox 348 3612 393 3664; x_wconf 89' lang='lat' dir='ltr'><strong>si</strong></span> <span class='ocrx_word' id='word_1_393' title='bbox 431 3611 504 3664; x_wconf 88' lang='lat' dir='ltr'><strong>sit</strong></span> <span class='ocrx_word' id='word_1_394' title='bbox 540 3609 594 3662; x_wconf 93' lang='lat' dir='ltr'><strong>in</strong></span> <span class='ocrx_word' id='word_1_395' title='bbox 623 3608 806 3672; x_wconf 89' lang='lat' dir='ltr'><strong>corde,</strong></span> <span class='ocrx_word' id='word_1_396' title='bbox 851 3613 1175 3676; x_wconf 86' lang='lat' dir='ltr'><strong>agnoscatur</strong></span> <span class='ocrx_word' id='word_1_397' title='bbox 1215 3617 1380 3672; x_wconf 90' lang='lat' dir='ltr'><strong>opere</strong></span> <span class='ocrx_word' id='word_1_398' title='bbox 1415 3617 1430 3656; x_wconf 89' lang='lat'><strong>:</strong></span> <span class='ocrx_word' id='word_1_399' title='bbox 1470 3601 1516 3657; x_wconf 91' lang='lat' dir='ltr'><strong>si</strong></span> <span class='ocrx_word' id='word_1_400' title='bbox 1547 3601 1694 3656; x_wconf 90' lang='lat' dir='ltr'><strong>intus</strong></span> <span class='ocrx_word' id='word_1_401' title='bbox 1724 3601 1932 3666; x_wconf 89' lang='lat' dir='ltr'><strong>ardeat,</strong></span> 
     </span>
    </p>
   </div>
   <div class='ocr_carea' id='block_1_53' title="bbox 351 3691 1936 3769">
    <p class='ocr_par' dir='ltr' id='par_1_53' title="bbox 351 3691 1936 3769">
     <span class='ocr_line' id='line_1_53' title="bbox 351 3691 1936 3769; baseline -0.007 -15"><span class='ocrx_word' id='word_1_402' title='bbox 351 3701 481 3755; x_wconf 85' lang='lat' dir='ltr'><strong>foris</strong></span> <span class='ocrx_word' id='word_1_403' title='bbox 507 3697 726 3769; x_wconf 78' lang='lat' dir='ltr'><strong>fulgeat.</strong></span> <span class='ocrx_word' id='word_1_404' title='bbox 753 3696 876 3752; x_wconf 89' lang='lat' dir='ltr'><strong>Ideo</strong></span> <span class='ocrx_word' id='word_1_405' title='bbox 905 3695 1140 3765; x_wconf 91' lang='lat' dir='ltr'><strong>Spiritus</strong></span> <span class='ocrx_word' id='word_1_406' title='bbox 1159 3703 1379 3750; x_wconf 89' lang='lat' dir='ltr'><strong>sanctus</strong></span> <span class='ocrx_word' id='word_1_407' title='bbox 1401 3693 1599 3747; x_wconf 89' lang='lat' dir='ltr'><strong>missus</strong></span> <span class='ocrx_word' id='word_1_408' title='bbox 1620 3701 1704 3746; x_wconf 89' lang='lat' dir='ltr'><strong>est</strong></span> <span class='ocrx_word' id='word_1_409' title='bbox 1732 3691 1787 3744; x_wconf 90' lang='lat' dir='ltr'><strong>in</strong></span> <span class='ocrx_word' id='word_1_410' title='bbox 1815 3703 1936 3759; x_wconf 91' lang='lat' dir='ltr'><strong>spe-</strong></span> 
     </span>
    </p>
   </div>
   <div class='ocr_carea' id='block_1_54' title="bbox 351 3782 1932 3863">
    <p class='ocr_par' dir='ltr' id='par_1_54' title="bbox 351 3782 1932 3863">
     <span class='ocr_line' id='line_1_54' title="bbox 351 3782 1932 3863; baseline -0.008 -15"><span class='ocrx_word' id='word_1_411' title='bbox 351 3794 430 3848; x_wconf 92' lang='lat' dir='ltr'><strong>cie</strong></span> <span class='ocrx_word' id='word_1_412' title='bbox 457 3793 599 3863; x_wconf 80' lang='lat' dir='ltr'><strong>ignis</strong></span> <span class='ocrx_word' id='word_1_413' title='bbox 619 3803 676 3846; x_wconf 87' lang='lat' dir='ltr'><strong>et</strong></span> <span class='ocrx_word' id='word_1_414' title='bbox 698 3790 1024 3860; x_wconf 89' lang='lat' dir='ltr'><strong>linguarum,</strong></span> <span class='ocrx_word' id='word_1_415' title='bbox 1054 3796 1114 3842; x_wconf 92' lang='lat' dir='ltr'><strong>ut</strong></span> <span class='ocrx_word' id='word_1_416' title='bbox 1146 3788 1288 3857; x_wconf 93' lang='lat' dir='ltr'><strong>quod</strong></span> <span class='ocrx_word' id='word_1_417' title='bbox 1321 3788 1466 3841; x_wconf 90' lang='lat' dir='ltr'><strong>intus</strong></span> <span class='ocrx_word' id='word_1_418' title='bbox 1491 3785 1644 3839; x_wconf 89' lang='lat' dir='ltr'><strong>ardet</strong></span> <span class='ocrx_word' id='word_1_419' title='bbox 1665 3785 1718 3838; x_wconf 89' lang='lat' dir='ltr'><strong>in</strong></span> <span class='ocrx_word' id='word_1_420' title='bbox 1750 3782 1932 3846; x_wconf 88' lang='lat' dir='ltr'><strong>corde,</strong></span> 
     </span>
    </p>
   </div>
   <div class='ocr_carea' id='block_1_55' title="bbox 354 3875 1756 3950">
    <p class='ocr_par' dir='ltr' id='par_1_55' title="bbox 354 3875 1756 3950">
     <span class='ocr_line' id='line_1_55' title="bbox 354 3875 1756 3950; baseline -0.007 -12"><span class='ocrx_word' id='word_1_421' title='bbox 354 3885 500 3942; x_wconf 84' lang='lat' dir='ltr'><strong>foras</strong></span> <span class='ocrx_word' id='word_1_422' title='bbox 525 3886 667 3940; x_wconf 83' lang='lat' dir='ltr'><strong>ferat</strong></span> <span class='ocrx_word' id='word_1_423' title='bbox 686 3885 740 3939; x_wconf 88' lang='lat' dir='ltr'><strong>in</strong></span> <span class='ocrx_word' id='word_1_424' title='bbox 770 3887 936 3939; x_wconf 87' lang='lat' dir='ltr'><strong>verbo</strong></span> <span class='ocrx_word' id='word_1_425' title='bbox 958 3882 1219 3948; x_wconf 88' lang='lat' dir='ltr'><strong>charitas,</strong></span> <span class='ocrx_word' id='word_1_426' title='bbox 1240 3889 1301 3936; x_wconf 93' lang='lat' dir='ltr'><strong>ut</strong></span> <span class='ocrx_word' id='word_1_427' title='bbox 1328 3889 1487 3950; x_wconf 89' lang='lat' dir='ltr'><strong>poeta</strong></span> <span class='ocrx_word' id='word_1_428' title='bbox 1515 3875 1712 3934; x_wconf 88' lang='lat' dir='ltr'><strong>cecinit</strong></span> <span class='ocrx_word' id='word_1_429' title='bbox 1743 3891 1756 3928; x_wconf 91' lang='lat'>:</span> 
     </span>
    </p>
   </div>
   <div class='ocr_carea' id='block_1_56' title="bbox 445 4008 1748 4074">
    <p class='ocr_par' dir='ltr' id='par_1_56' title="bbox 445 4008 1748 4074">
     <span class='ocr_line' id='line_1_56' title="bbox 445 4008 1748 4074; baseline -0.008 -7"><span class='ocrx_word' id='word_1_430' title='bbox 445 4014 696 4068; x_wconf 68' lang='lat' dir='ltr'><strong>Mentibus</strong></span> <span class='ocrx_word' id='word_1_431' title='bbox 711 4015 859 4065; x_wconf 79' lang='lat' dir='ltr'><strong>instat</strong></span> <span class='ocrx_word' id='word_1_432' title='bbox 879 4025 1031 4074; x_wconf 85' lang='lat' dir='ltr'><strong>amor,</strong></span> <span class='ocrx_word' id='word_1_433' title='bbox 1056 4013 1368 4064; x_wconf 85' lang='lat' dir='ltr'><strong>sermonibus</strong></span> <span class='ocrx_word' id='word_1_434' title='bbox 1390 4013 1567 4061; x_wconf 62' lang='lat' dir='ltr'><strong>esteat</strong></span> <span class='ocrx_word' id='word_1_435' title='bbox 1585 4008 1748 4058; x_wconf 88' lang='lat' dir='ltr'><strong>ardor.</strong></span> 
     </span>
    </p>
   </div>
   <div class='ocr_carea' id='block_1_57' title="bbox 425 4133 1938 4213">
    <p class='ocr_par' dir='ltr' id='par_1_57' title="bbox 425 4133 1938 4213">
     <span class='ocr_line' id='line_1_57' title="bbox 425 4133 1938 4213; baseline -0.006 -16"><span class='ocrx_word' id='word_1_436' title='bbox 425 4142 537 4213; x_wconf 83' lang='lat' dir='ltr'><strong>Ego</strong></span> <span class='ocrx_word' id='word_1_437' title='bbox 577 4139 828 4196; x_wconf 89' lang='lat' dir='ltr'><strong>militaris</strong></span> <span class='ocrx_word' id='word_1_438' title='bbox 849 4138 1062 4210; x_wconf 86' lang='lat' dir='ltr'><strong>cingulo</strong></span> <span class='ocrx_word' id='word_1_439' title='bbox 1090 4136 1289 4192; x_wconf 90' lang='lat' dir='ltr'><strong>laboris</strong></span> <span class='ocrx_word' id='word_1_440' title='bbox 1315 4135 1559 4205; x_wconf 87' lang='lat' dir='ltr'><strong>deposito</strong></span> <span class='ocrx_word' id='word_1_441' title='bbox 1585 4136 1802 4204; x_wconf 90' lang='lat' dir='ltr'><strong>quietus</strong></span> <span class='ocrx_word' id='word_1_442' title='bbox 1828 4133 1938 4188; x_wconf 90' lang='lat' dir='ltr'><strong>Deo</strong></span> 
     </span>
    </p>
   </div>
   <div class='ocr_carea' id='block_1_58' title="bbox 2019 1871 3612 1943">
    <p class='ocr_par' dir='ltr' id='par_1_58' title="bbox 2019 1871 3612 1943">
     <span class='ocr_line' id='line_1_58' title="bbox 2019 1871 3612 1943; baseline -0.006 -11"><span class='ocrx_word' id='word_1_443' title='bbox 2019 1892 2203 1932; x_wconf 86' lang='lat' dir='ltr'><strong>amare</strong></span> <span class='ocrx_word' id='word_1_444' title='bbox 2229 1885 2286 1931; x_wconf 91' lang='lat' dir='ltr'><strong>et</strong></span> <span class='ocrx_word' id='word_1_445' title='bbox 2321 1875 2582 1940; x_wconf 91' lang='lat' dir='ltr'><strong>laudare;</strong></span> <span class='ocrx_word' id='word_1_446' title='bbox 2611 1873 2738 1943; x_wconf 90' lang='lat' dir='ltr'><strong>quia</strong></span> <span class='ocrx_word' id='word_1_447' title='bbox 2772 1874 2888 1928; x_wconf 74' lang='lat' dir='ltr'><strong>hmc</strong></span> <span class='ocrx_word' id='word_1_448' title='bbox 2913 1880 2995 1927; x_wconf 88' lang='lat' dir='ltr'><strong>cst</strong></span> <span class='ocrx_word' id='word_1_449' title='bbox 3025 1871 3268 1942; x_wconf 82' lang='lat' dir='ltr'><strong>angelica</strong></span> <span class='ocrx_word' id='word_1_450' title='bbox 3293 1871 3431 1936; x_wconf 87' lang='lat' dir='ltr'><strong>vita;</strong></span> <span class='ocrx_word' id='word_1_451' title='bbox 3464 1886 3612 1925; x_wconf 86' lang='lat' dir='ltr'><strong>scm-</strong></span> 
     </span>
    </p>
   </div>
   <div class='ocr_carea' id='block_1_59' title="bbox 2019 1963 3616 2039">
    <p class='ocr_par' dir='ltr' id='par_1_59' title="bbox 2019 1963 3616 2039">
     <span class='ocr_line' id='line_1_59' title="bbox 2019 1963 3616 2039; baseline -0.005 -16"><span class='ocrx_word' id='word_1_452' title='bbox 2019 1984 2117 2039; x_wconf 90' lang='lat' dir='ltr'><strong>per</strong></span> <span class='ocrx_word' id='word_1_453' title='bbox 2137 1967 2316 2023; x_wconf 78' lang='lat' dir='ltr'><strong>et‘hoc</strong></span> <span class='ocrx_word' id='word_1_454' title='bbox 2338 1973 2503 2038; x_wconf 88' lang='lat' dir='ltr'><strong>agunt</strong></span> <span class='ocrx_word' id='word_1_455' title='bbox 2538 1963 2760 2036; x_wconf 74' lang='lat' dir='ltr'><strong>iugiter,</strong></span> <span class='ocrx_word' id='word_1_456' title='bbox 2792 1965 2936 2035; x_wconf 88' lang='lat' dir='ltr'><strong>quod</strong></span> <span class='ocrx_word' id='word_1_457' title='bbox 2959 1964 3117 2018; x_wconf 89' lang='lat' dir='ltr'><strong>nobis</strong></span> <span class='ocrx_word' id='word_1_458' title='bbox 3143 1978 3367 2018; x_wconf 88' lang='lat' dir='ltr'><strong>necesse</strong></span> <span class='ocrx_word' id='word_1_459' title='bbox 3393 1969 3474 2017; x_wconf 89' lang='lat' dir='ltr'><strong>est</strong></span> <span class='ocrx_word' id='word_1_460' title='bbox 3507 1977 3616 2016; x_wconf 72' lang='lat' dir='ltr'><strong>suc-</strong></span> 
     </span>
    </p>
   </div>
   <div class='ocr_carea' id='block_1_60' title="bbox 2021 2052 3615 2130">
    <p class='ocr_par' dir='ltr' id='par_1_60' title="bbox 2021 2052 3615 2130">
     <span class='ocr_line' id='line_1_60' title="bbox 2021 2052 3615 2130; baseline -0.004 -19"><span class='ocrx_word' id='word_1_461' title='bbox 2021 2059 2144 2130; x_wconf 85' lang='lat' dir='ltr'><strong>pius</strong></span> <span class='ocrx_word' id='word_1_462' title='bbox 2173 2071 2335 2127; x_wconf 82' lang='lat' dir='ltr'><strong>agere</strong></span> <span class='ocrx_word' id='word_1_463' title='bbox 2367 2071 2381 2110; x_wconf 91' lang='lat'><strong>:</strong></span> <span class='ocrx_word' id='word_1_464' title='bbox 2409 2056 2475 2109; x_wconf 72' lang='lat' dir='ltr'><strong>Et</strong></span> <span class='ocrx_word' id='word_1_465' title='bbox 2498 2057 2591 2126; x_wconf 90' lang='lat' dir='ltr'><strong>qui</strong></span> <span class='ocrx_word' id='word_1_466' title='bbox 2625 2055 2753 2126; x_wconf 87' lang='lat' dir='ltr'><strong>plus</strong></span> <span class='ocrx_word' id='word_1_467' title='bbox 2774 2063 2921 2108; x_wconf 89' lang='lat' dir='ltr'><strong>amat</strong></span> <span class='ocrx_word' id='word_1_468' title='bbox 2950 2054 3119 2108; x_wconf 90' lang='lat' dir='ltr'><strong>Deum</strong></span> <span class='ocrx_word' id='word_1_469' title='bbox 3146 2053 3200 2107; x_wconf 92' lang='lat' dir='ltr'><strong>in</strong></span> <span class='ocrx_word' id='word_1_470' title='bbox 3231 2053 3393 2107; x_wconf 82' lang='lat' dir='ltr'><strong>terris</strong></span> <span class='ocrx_word' id='word_1_471' title='bbox 3413 2059 3468 2107; x_wconf 90' lang='lat' dir='ltr'><strong>et</strong></span> <span class='ocrx_word' id='word_1_472' title='bbox 3496 2052 3615 2106; x_wconf 82' lang='lat' dir='ltr'><strong>lau-</strong></span> 
     </span>
    </p>
   </div>
   <div class='ocr_carea' id='block_1_61' title="bbox 2025 2143 3613 2221">
    <p class='ocr_par' dir='ltr' id='par_1_61' title="bbox 2025 2143 3613 2221">
     <span class='ocr_line' id='line_1_61' title="bbox 2025 2143 3613 2221; baseline -0.006 -16"><span class='ocrx_word' id='word_1_473' title='bbox 2025 2154 2134 2214; x_wconf 91' lang='lat' dir='ltr'><strong>dat,</strong></span> <span class='ocrx_word' id='word_1_474' title='bbox 2170 2149 2344 2221; x_wconf 83' lang='lat' dir='ltr'><strong>magis</strong></span> <span class='ocrx_word' id='word_1_475' title='bbox 2365 2163 2489 2204; x_wconf 89' lang='lat' dir='ltr'><strong>eum</strong></span> <span class='ocrx_word' id='word_1_476' title='bbox 2530 2148 2695 2202; x_wconf 84' lang='lat' dir='ltr'><strong>habet</strong></span> <span class='ocrx_word' id='word_1_477' title='bbox 2715 2147 2768 2200; x_wconf 93' lang='lat' dir='ltr'><strong>in</strong></span> <span class='ocrx_word' id='word_1_478' title='bbox 2792 2145 2963 2200; x_wconf 72' lang='lat' dir='ltr'><strong>cmlis.</strong></span> <span class='ocrx_word' id='word_1_479' title='bbox 2993 2144 3184 2199; x_wconf 78' lang='lat' dir='ltr'><strong>Infelix</strong></span> <span class='ocrx_word' id='word_1_480' title='bbox 3214 2155 3298 2199; x_wconf 89' lang='lat' dir='ltr'><strong>est</strong></span> <span class='ocrx_word' id='word_1_481' title='bbox 3325 2145 3442 2198; x_wconf 58' lang='lat' dir='ltr'><strong>haic</strong></span> <span class='ocrx_word' id='word_1_482' title='bbox 3485 2143 3613 2204; x_wconf 88' lang='lat' dir='ltr'><strong>vita,</strong></span> 
     </span>
    </p>
   </div>
   <div class='ocr_carea' id='block_1_62' title="bbox 2024 2233 3618 2309">
    <p class='ocr_par' dir='ltr' id='par_1_62' title="bbox 2024 2233 3618 2309">
     <span class='ocr_line' id='line_1_62' title="bbox 2024 2233 3618 2309; baseline -0.006 -12"><span class='ocrx_word' id='word_1_483' title='bbox 2024 2250 2081 2297; x_wconf 90' lang='lat' dir='ltr'><strong>et</strong></span> <span class='ocrx_word' id='word_1_484' title='bbox 2122 2249 2234 2296; x_wconf 87' lang='lat' dir='ltr'><strong>tota</strong></span> <span class='ocrx_word' id='word_1_485' title='bbox 2259 2239 2517 2295; x_wconf 66' lang='lat' dir='ltr'><strong>aerumnis</strong></span> <span class='ocrx_word' id='word_1_486' title='bbox 2559 2237 2752 2309; x_wconf 90' lang='lat' dir='ltr'><strong>plena;</strong></span> <span class='ocrx_word' id='word_1_487' title='bbox 2783 2251 2892 2291; x_wconf 93' lang='lat' dir='ltr'><strong>non</strong></span> <span class='ocrx_word' id='word_1_488' title='bbox 2922 2243 3005 2291; x_wconf 90' lang='lat' dir='ltr'><strong>est</strong></span> <span class='ocrx_word' id='word_1_489' title='bbox 3042 2235 3197 2290; x_wconf 88' lang='lat' dir='ltr'><strong>nobis</strong></span> <span class='ocrx_word' id='word_1_490' title='bbox 3246 2235 3390 2290; x_wconf 90' lang='lat' dir='ltr'><strong>salus</strong></span> <span class='ocrx_word' id='word_1_491' title='bbox 3420 2234 3524 2288; x_wconf 90' lang='lat' dir='ltr'><strong>nisi</strong></span> <span class='ocrx_word' id='word_1_492' title='bbox 3564 2233 3618 2288; x_wconf 91' lang='lat' dir='ltr'><strong>in</strong></span> 
     </span>
    </p>
   </div>
   <div class='ocr_carea' id='block_1_63' title="bbox 2027 2324 3618 2394">
    <p class='ocr_par' dir='ltr' id='par_1_63' title="bbox 2027 2324 3618 2394">
     <span class='ocr_line' id='line_1_63' title="bbox 2027 2324 3618 2394; baseline -0.006 -10"><span class='ocrx_word' id='word_1_493' title='bbox 2027 2330 2259 2384; x_wconf 87' lang='lat' dir='ltr'><strong>Domino</strong></span> <span class='ocrx_word' id='word_1_494' title='bbox 2277 2329 2389 2384; x_wconf 87' lang='lat' dir='ltr'><strong>Deo</strong></span> <span class='ocrx_word' id='word_1_495' title='bbox 2412 2327 2647 2391; x_wconf 91' lang='lat' dir='ltr'><strong>Christo,</strong></span> <span class='ocrx_word' id='word_1_496' title='bbox 2671 2341 2833 2394; x_wconf 91' lang='lat' dir='ltr'><strong>quem</strong></span> <span class='ocrx_word' id='word_1_497' title='bbox 2861 2333 2952 2379; x_wconf 90' lang='lat' dir='ltr'><strong>tua</strong></span> <span class='ocrx_word' id='word_1_498' title='bbox 2981 2340 3195 2394; x_wconf 83' lang='lat' dir='ltr'><strong>semper</strong></span> <span class='ocrx_word' id='word_1_499' title='bbox 3217 2324 3430 2380; x_wconf 82' lang='lat' dir='ltr'><strong>devotio</strong></span> <span class='ocrx_word' id='word_1_500' title='bbox 3453 2334 3618 2389; x_wconf 88' lang='lat' dir='ltr'><strong>amet,</strong></span> 
     </span>
    </p>
   </div>
   <div class='ocr_carea' id='block_1_64' title="bbox 2026 2416 3624 2488">
    <p class='ocr_par' dir='ltr' id='par_1_64' title="bbox 2026 2416 3624 2488">
     <span class='ocr_line' id='line_1_64' title="bbox 2026 2416 3624 2488; baseline -0.004 -13"><span class='ocrx_word' id='word_1_501' title='bbox 2026 2420 2209 2475; x_wconf 85' lang='lat' dir='ltr'><strong>laudet</strong></span> <span class='ocrx_word' id='word_1_502' title='bbox 2229 2427 2283 2475; x_wconf 91' lang='lat' dir='ltr'><strong>et</strong></span> <span class='ocrx_word' id='word_1_503' title='bbox 2310 2419 2568 2488; x_wconf 72' lang='lat' dir='ltr'><strong>prmdicet</strong></span> <span class='ocrx_word' id='word_1_504' title='bbox 2591 2434 2604 2483; x_wconf 94' lang='lat'><strong>;</strong></span> <span class='ocrx_word' id='word_1_505' title='bbox 2627 2427 2682 2471; x_wconf 91' lang='lat' dir='ltr'><strong>et</strong></span> <span class='ocrx_word' id='word_1_506' title='bbox 2707 2418 2760 2470; x_wconf 93' lang='lat' dir='ltr'><strong>in</strong></span> <span class='ocrx_word' id='word_1_507' title='bbox 2785 2417 3121 2472; x_wconf 79' lang='lat' dir='ltr'><strong>orationibus</strong></span> <span class='ocrx_word' id='word_1_508' title='bbox 3145 2417 3253 2470; x_wconf 90' lang='lat' dir='ltr'><strong>tuis</strong></span> <span class='ocrx_word' id='word_1_509' title='bbox 3279 2416 3480 2470; x_wconf 89' lang='lat' dir='ltr'><strong>sanctis</strong></span> <span class='ocrx_word' id='word_1_510' title='bbox 3499 2431 3624 2470; x_wconf 86' lang='lat' dir='ltr'><strong>con-</strong></span> 
     </span>
    </p>
   </div>
   <div class='ocr_carea' id='block_1_65' title="bbox 2028 2507 3623 2580">
    <p class='ocr_par' dir='ltr' id='par_1_65' title="bbox 2028 2507 3623 2580">
     <span class='ocr_line' id='line_1_65' title="bbox 2028 2507 3623 2580; baseline -0.006 -12"><span class='ocrx_word' id='word_1_511' title='bbox 2028 2527 2214 2568; x_wconf 78' lang='lat' dir='ltr'><strong>servos</strong></span> <span class='ocrx_word' id='word_1_512' title='bbox 2240 2519 2364 2565; x_wconf 90' lang='lat' dir='ltr'><strong>tuos</strong></span> <span class='ocrx_word' id='word_1_513' title='bbox 2392 2523 2610 2580; x_wconf 88' lang='lat' dir='ltr'><strong>semper</strong></span> <span class='ocrx_word' id='word_1_514' title='bbox 2636 2507 2853 2576; x_wconf 83' lang='lat' dir='ltr'><strong>adjuva,</strong></span> <span class='ocrx_word' id='word_1_515' title='bbox 2884 2515 2938 2562; x_wconf 91' lang='lat' dir='ltr'><strong>et</strong></span> <span class='ocrx_word' id='word_1_516' title='bbox 2976 2523 3064 2561; x_wconf 91' lang='lat' dir='ltr'><strong>me</strong></span> <span class='ocrx_word' id='word_1_517' title='bbox 3106 2507 3344 2561; x_wconf 73' lang='lat' dir='ltr'><strong>maxime</strong></span> <span class='ocrx_word' id='word_1_518' title='bbox 3374 2514 3623 2576; x_wconf 85' lang='lat' dir='ltr'><strong>peccato-</strong></span> 
     </span>
    </p>
   </div>
   <div class='ocr_carea' id='block_1_66' title="bbox 2028 2599 3619 2674">
    <p class='ocr_par' dir='ltr' id='par_1_66' title="bbox 2028 2599 3619 2674">
     <span class='ocr_line' id='line_1_66' title="bbox 2028 2599 3619 2674; baseline -0.005 -14"><span class='ocrx_word' id='word_1_519' title='bbox 2028 2621 2161 2668; x_wconf 90' lang='lat' dir='ltr'><strong>rem,</strong></span> <span class='ocrx_word' id='word_1_520' title='bbox 2197 2619 2357 2674; x_wconf 90' lang='lat' dir='ltr'><strong>quem</strong></span> <span class='ocrx_word' id='word_1_521' title='bbox 2383 2601 2560 2656; x_wconf 87' lang='lat' dir='ltr'><strong>Patris</strong></span> <span class='ocrx_word' id='word_1_522' title='bbox 2587 2600 2822 2666; x_wconf 88' lang='lat' dir='ltr'><strong>nomine,</strong></span> <span class='ocrx_word' id='word_1_523' title='bbox 2843 2599 2970 2655; x_wconf 90' lang='lat' dir='ltr'><strong>licet</strong></span> <span class='ocrx_word' id='word_1_524' title='bbox 2990 2600 3290 2669; x_wconf 88' lang='lat' dir='ltr'><strong>indignum,</strong></span> <span class='ocrx_word' id='word_1_525' title='bbox 3323 2599 3619 2664; x_wconf 82' lang='lat' dir='ltr'><strong>dedieasti;</strong></span> 
     </span>
    </p>
   </div>
   <div class='ocr_carea' id='block_1_67' title="bbox 2030 2689 3622 2754">
    <p class='ocr_par' dir='ltr' id='par_1_67' title="bbox 2030 2689 3622 2754">
     <span class='ocr_line' id='line_1_67' title="bbox 2030 2689 3622 2754; baseline -0.004 -5"><span class='ocrx_word' id='word_1_526' title='bbox 2030 2702 2084 2749; x_wconf 91' lang='lat' dir='ltr'><strong>et</strong></span> <span class='ocrx_word' id='word_1_527' title='bbox 2110 2693 2284 2749; x_wconf 88' lang='lat' dir='ltr'><strong>saluta</strong></span> <span class='ocrx_word' id='word_1_528' title='bbox 2321 2693 2520 2748; x_wconf 87' lang='lat' dir='ltr'><strong>fratres</strong></span> <span class='ocrx_word' id='word_1_529' title='bbox 2543 2699 2780 2754; x_wconf 87' lang='lat' dir='ltr'><strong>nostros,</strong></span> <span class='ocrx_word' id='word_1_530' title='bbox 2819 2689 3219 2746; x_wconf 88' lang='lat' dir='ltr'><strong>commilitones</strong></span> <span class='ocrx_word' id='word_1_531' title='bbox 3245 2697 3401 2753; x_wconf 89' lang='lat' dir='ltr'><strong>tuos,</strong></span> <span class='ocrx_word' id='word_1_532' title='bbox 3433 2704 3498 2744; x_wconf 73' lang='lat' dir='ltr'><strong>ex</strong></span> <span class='ocrx_word' id='word_1_533' title='bbox 3523 2705 3622 2742; x_wconf 77' lang='lat' dir='ltr'><strong>no-</strong></span> 
     </span>
    </p>
   </div>
   <div class='ocr_carea' id='block_1_68' title="bbox 2031 2766 3619 2850">
    <p class='ocr_par' dir='ltr' id='par_1_68' title="bbox 2031 2766 3619 2850">
     <span class='ocr_line' id='line_1_68' title="bbox 2031 2766 3619 2850; baseline -0.004 -10"><span class='ocrx_word' id='word_1_534' title='bbox 2031 2786 2131 2841; x_wconf 88' lang='lat' dir='ltr'><strong>stri</strong></span> <span class='ocrx_word' id='word_1_535' title='bbox 2161 2784 2398 2840; x_wconf 88' lang='lat' dir='ltr'><strong>nominis</strong></span> <span class='ocrx_word' id='word_1_536' title='bbox 2422 2781 2603 2838; x_wconf 77' lang='lat' dir='ltr'><strong>officio</strong></span> <span class='ocrx_word' id='word_1_537' title='bbox 2621 2822 2636 2847; x_wconf 94' lang='lat'><strong>,</strong></span> <span class='ocrx_word' id='word_1_538' title='bbox 2658 2789 2710 2835; x_wconf 90' lang='lat' dir='ltr'><strong>et</strong></span> <span class='ocrx_word' id='word_1_539' title='bbox 2752 2779 3059 2850; x_wconf 83' lang='lat' dir='ltr'><strong>specialiter</strong></span> <span class='ocrx_word' id='word_1_540' title='bbox 3085 2794 3197 2846; x_wconf 90' lang='lat' dir='ltr'><strong>eos,</strong></span> <span class='ocrx_word' id='word_1_541' title='bbox 3226 2793 3363 2850; x_wconf 90' lang='lat' dir='ltr'><strong>quos</strong></span> <span class='ocrx_word' id='word_1_542' title='bbox 3385 2766 3619 2834; x_wconf 75' lang='lat' dir='ltr'><strong>familia-</strong></span> 
     </span>
    </p>
   </div>
   <div class='ocr_carea' id='block_1_69' title="bbox 2031 2866 3634 2929">
    <p class='ocr_par' dir='ltr' id='par_1_69' title="bbox 2031 2866 3634 2929">
     <span class='ocr_line' id='line_1_69' title="bbox 2031 2866 3634 2929; baseline -0.004 0"><span class='ocrx_word' id='word_1_543' title='bbox 2031 2875 2146 2929; x_wconf 90' lang='lat' dir='ltr'><strong>rius</strong></span> <span class='ocrx_word' id='word_1_544' title='bbox 2173 2889 2274 2928; x_wconf 91' lang='lat' dir='ltr'><strong>nos</strong></span> <span class='ocrx_word' id='word_1_545' title='bbox 2299 2871 2551 2928; x_wconf 76' lang='lat' dir='ltr'><strong>dilexisse</strong></span> <span class='ocrx_word' id='word_1_546' title='bbox 2590 2872 2753 2926; x_wconf 90' lang='lat' dir='ltr'><strong>scias.</strong></span> <span class='ocrx_word' id='word_1_547' title='bbox 2792 2871 2904 2926; x_wconf 78' lang='lat' dir='ltr'><strong>Vos</strong></span> <span class='ocrx_word' id='word_1_548' title='bbox 2931 2885 3059 2924; x_wconf 88' lang='lat' dir='ltr'><strong>vero</strong></span> <span class='ocrx_word' id='word_1_549' title='bbox 3083 2884 3271 2925; x_wconf 89' lang='lat' dir='ltr'><strong>omnes</strong></span> <span class='ocrx_word' id='word_1_550' title='bbox 3305 2869 3361 2924; x_wconf 91' lang='lat' dir='ltr'><strong>in</strong></span> <span class='ocrx_word' id='word_1_551' title='bbox 3384 2866 3634 2924; x_wconf 85' lang='lat' dir='ltr'><strong>fraterna-</strong></span> 
     </span>
    </p>
   </div>
   <div class='ocr_carea' id='block_1_70' title="bbox 2033 2960 3620 3033">
    <p class='ocr_par' dir='ltr' id='par_1_70' title="bbox 2033 2960 3620 3033">
     <span class='ocr_line' id='line_1_70' title="bbox 2033 2960 3620 3033; baseline -0.004 -13"><span class='ocrx_word' id='word_1_552' title='bbox 2033 2963 2300 3022; x_wconf 84' lang='lat' dir='ltr'><strong>charitate</strong></span> <span class='ocrx_word' id='word_1_553' title='bbox 2327 2971 2383 3019; x_wconf 92' lang='lat' dir='ltr'><strong>et</strong></span> <span class='ocrx_word' id='word_1_554' title='bbox 2432 2963 2488 3017; x_wconf 91' lang='lat' dir='ltr'><strong>in</strong></span> <span class='ocrx_word' id='word_1_555' title='bbox 2536 2962 2745 3017; x_wconf 89' lang='lat' dir='ltr'><strong>unitate</strong></span> <span class='ocrx_word' id='word_1_556' title='bbox 2771 2961 2923 3033; x_wconf 90' lang='lat' dir='ltr'><strong>pacis</strong></span> <span class='ocrx_word' id='word_1_557' title='bbox 2969 2968 3170 3016; x_wconf 62' lang='lat' dir='ltr'><strong>sanctae</strong></span> <span class='ocrx_word' id='word_1_558' title='bbox 3198 2960 3377 3016; x_wconf 85' lang='lat' dir='ltr'><strong>divina</strong></span> <span class='ocrx_word' id='word_1_559' title='bbox 3422 2960 3620 3030; x_wconf 74' lang='lat' dir='ltr'><strong>gratia,</strong></span> 
     </span>
    </p>
   </div>
   <div class='ocr_carea' id='block_1_71' title="bbox 2036 3050 3624 3126">
    <p class='ocr_par' dir='ltr' id='par_1_71' title="bbox 2036 3050 3624 3126">
     <span class='ocr_line' id='line_1_71' title="bbox 2036 3050 3624 3126; baseline -0.006 -14"><span class='ocrx_word' id='word_1_560' title='bbox 2036 3057 2092 3112; x_wconf 92' lang='lat' dir='ltr'><strong>in</strong></span> <span class='ocrx_word' id='word_1_561' title='bbox 2136 3063 2457 3126; x_wconf 85' lang='lat' dir='ltr'><strong>perpetuum</strong></span> <span class='ocrx_word' id='word_1_562' title='bbox 2500 3053 2774 3111; x_wconf 89' lang='lat' dir='ltr'><strong>custodire</strong></span> <span class='ocrx_word' id='word_1_563' title='bbox 2802 3053 3085 3124; x_wconf 86' lang='lat' dir='ltr'><strong>dignetur,</strong></span> <span class='ocrx_word' id='word_1_564' title='bbox 3128 3051 3464 3108; x_wconf 88' lang='lat' dir='ltr'><strong>dilectissimi</strong></span> <span class='ocrx_word' id='word_1_565' title='bbox 3509 3050 3624 3106; x_wconf 67' lang='lat' dir='ltr'><strong>fra-</strong></span> 
     </span>
    </p>
   </div>
   <div class='ocr_carea' id='block_1_72' title="bbox 2035 3148 2178 3202">
    <p class='ocr_par' dir='ltr' id='par_1_72' title="bbox 2035 3148 2178 3202">
     <span class='ocr_line' id='line_1_72' title="bbox 2035 3148 2178 3202; baseline 0.007 -1"><span class='ocrx_word' id='word_1_566' title='bbox 2035 3154 2147 3202; x_wconf 90' lang='lat' dir='ltr'><strong>tres</strong></span> <span class='ocrx_word' id='word_1_567' title='bbox 2165 3148 2178 3202; x_wconf 74' lang='grc' dir='ltr'><strong>ε</strong></span> 
     </span>
    </p>
   </div>
   <div class='ocr_carea' id='block_1_73' title="bbox 2502 3232 3153 3293">
    <p class='ocr_par' dir='ltr' id='par_1_73' title="bbox 2502 3232 3153 3293">
     <span class='ocr_line' id='line_1_73' title="bbox 2502 3232 3153 3293; baseline -0.006 0"><span class='ocrx_word' id='word_1_568' title='bbox 2502 3240 2520 3261; x_wconf 75' lang='grc'><strong><em>⁸</em></strong></span> <span class='ocrx_word' id='word_1_569' title='bbox 2558 3234 2895 3293; x_wconf 80' lang='lat' dir='ltr'><strong>EPISTOLA</strong></span> <span class='ocrx_word' id='word_1_570' title='bbox 2932 3232 3153 3291; x_wconf 75' lang='lat' dir='ltr'><strong>CXCIII.</strong></span> 
     </span>
    </p>
   </div>
   <div class='ocr_carea' id='block_1_74' title="bbox 2640 3326 3024 3398">
    <p class='ocr_par' dir='ltr' id='par_1_74' title="bbox 2640 3326 3024 3398">
     <span class='ocr_line' id='line_1_74' title="bbox 2640 3326 3024 3398; baseline -0.005 -15"><span class='ocrx_word' id='word_1_571' title='bbox 2640 3326 3024 3398; x_wconf 65' lang='lat' dir='ltr'><strong>rEnigmatica.</strong></span> 
     </span>
    </p>
   </div>
   <div class='ocr_carea' id='block_1_75' title="bbox 2103 3418 2639 3476">
    <p class='ocr_par' dir='ltr' id='par_1_75' title="bbox 2103 3418 2639 3476">
     <span class='ocr_line' id='line_1_75' title="bbox 2103 3418 2639 3476; baseline -0.006 -1"><span class='ocrx_word' id='word_1_572' title='bbox 2103 3418 2130 3460; x_wconf 74' lang='grc' dir='ltr'><strong>(ι</strong></span> <span class='ocrx_word' id='word_1_573' title='bbox 2157 3419 2389 3476; x_wconf 88' lang='lat' dir='ltr'><strong>Antonio</strong></span> <span class='ocrx_word' id='word_1_574' title='bbox 2419 3419 2639 3474; x_wconf 89' lang='lat' dir='ltr'><strong>Paulus.</strong></span> 
     </span>
    </p>
   </div>
   <div class='ocr_carea' id='block_1_76' title="bbox 2105 3506 3624 3573">
    <p class='ocr_par' dir='ltr' id='par_1_76' title="bbox 2105 3506 3624 3573">
     <span class='ocr_line' id='line_1_76' title="bbox 2105 3506 3624 3573; baseline -0.002 -8"><span class='ocrx_word' id='word_1_575' title='bbox 2105 3510 2384 3566; x_wconf 77' lang='lat' dir='ltr'><strong>Venerunt</strong></span> <span class='ocrx_word' id='word_1_576' title='bbox 2407 3511 2539 3565; x_wconf 91' lang='lat' dir='ltr'><strong>mihi</strong></span> <span class='ocrx_word' id='word_1_577' title='bbox 2565 3510 2756 3564; x_wconf 61' lang='lat' dir='ltr'><strong>litterae</strong></span> <span class='ocrx_word' id='word_1_578' title='bbox 2777 3517 2932 3563; x_wconf 85' lang='lat' dir='ltr'><strong>sexto</strong></span> <span class='ocrx_word' id='word_1_579' title='bbox 2951 3507 3074 3562; x_wconf 88' lang='lat' dir='ltr'><strong>ldus</strong></span> <span class='ocrx_word' id='word_1_580' title='bbox 3089 3506 3338 3573; x_wconf 85' lang='lat' dir='ltr'><strong>Quintilis</strong></span> <span class='ocrx_word' id='word_1_581' title='bbox 3360 3507 3428 3562; x_wconf 88' lang='lat' dir='ltr'><strong>ad</strong></span> <span class='ocrx_word' id='word_1_582' title='bbox 3446 3520 3468 3546; x_wconf 73' lang='grc' dir='ltr'>ε</span> <span class='ocrx_word' id='word_1_583' title='bbox 3487 3506 3531 3561; x_wconf 91' lang='lat' dir='ltr'><strong><em>U</em></strong></span> <span class='ocrx_word' id='word_1_584' title='bbox 3541 3512 3624 3562; x_wconf 87' lang='lat' dir='ltr'><strong>ui—</strong></span> 
     </span>
    </p>
   </div>
   <div class='ocr_carea' id='block_1_77' title="bbox 2033 3598 3628 3672">
    <p class='ocr_par' dir='ltr' id='par_1_77' title="bbox 2033 3598 3628 3672">
     <span class='ocr_line' id='line_1_77' title="bbox 2033 3598 3628 3672; baseline -0.003 -16"><span class='ocrx_word' id='word_1_585' title='bbox 2033 3619 2142 3667; x_wconf 85' lang='lat' dir='ltr'><strong>cos,</strong></span> <span class='ocrx_word' id='word_1_586' title='bbox 2179 3603 2376 3672; x_wconf 87' lang='lat' dir='ltr'><strong>gaudio</strong></span> <span class='ocrx_word' id='word_1_587' title='bbox 2415 3601 2588 3670; x_wconf 57' lang='lat' dir='ltr'><strong>plena</strong></span> <span class='ocrx_word' id='word_1_588' title='bbox 2630 3599 2698 3653; x_wconf 89' lang='lat' dir='ltr'><strong>de</strong></span> <span class='ocrx_word' id='word_1_589' title='bbox 2732 3613 2854 3653; x_wconf 91' lang='lat' dir='ltr'><strong>meo</strong></span> <span class='ocrx_word' id='word_1_590' title='bbox 2879 3607 2936 3652; x_wconf 89' lang='lat' dir='ltr'><strong>et</strong></span> <span class='ocrx_word' id='word_1_591' title='bbox 2962 3598 3029 3653; x_wconf 91' lang='lat' dir='ltr'><strong>de</strong></span> <span class='ocrx_word' id='word_1_592' title='bbox 3072 3605 3185 3664; x_wconf 91' lang='lat' dir='ltr'><strong>tuo,</strong></span> <span class='ocrx_word' id='word_1_593' title='bbox 3213 3606 3272 3654; x_wconf 92' lang='lat' dir='ltr'><strong>et</strong></span> <span class='ocrx_word' id='word_1_594' title='bbox 3311 3599 3378 3654; x_wconf 90' lang='lat' dir='ltr'><strong>de</strong></span> <span class='ocrx_word' id='word_1_595' title='bbox 3407 3606 3628 3654; x_wconf 88' lang='lat' dir='ltr'><strong>nonter-</strong></span> 
     </span>
    </p>
   </div>
   <div class='ocr_carea' id='block_1_78' title="bbox 2033 3690 3630 3766">
    <p class='ocr_par' dir='ltr' id='par_1_78' title="bbox 2033 3690 3630 3766">
     <span class='ocr_line' id='line_1_78' title="bbox 2033 3690 3630 3766; baseline -0.003 -17"><span class='ocrx_word' id='word_1_596' title='bbox 2033 3695 2182 3750; x_wconf 91' lang='lat' dir='ltr'><strong>mino</strong></span> <span class='ocrx_word' id='word_1_597' title='bbox 2227 3693 2337 3766; x_wconf 87' lang='lat' dir='ltr'><strong>[Ita</strong></span> <span class='ocrx_word' id='word_1_598' title='bbox 2375 3709 2514 3757; x_wconf 85' lang='lat' dir='ltr'><strong>ms.;</strong></span> <span class='ocrx_word' id='word_1_599' title='bbox 2556 3691 2623 3762; x_wconf 86' lang='lat' dir='ltr'><strong>f.,</strong></span> <span class='ocrx_word' id='word_1_600' title='bbox 2675 3690 2910 3746; x_wconf 90' lang='lat' dir='ltr'><strong>nominis</strong></span> <span class='ocrx_word' id='word_1_601' title='bbox 2955 3690 3245 3764; x_wconf 86' lang='lat' dir='ltr'><strong>termino],</strong></span> <span class='ocrx_word' id='word_1_602' title='bbox 3296 3706 3416 3761; x_wconf 82' lang='lat' dir='ltr'><strong>quae</strong></span> <span class='ocrx_word' id='word_1_603' title='bbox 3458 3692 3512 3746; x_wconf 92' lang='lat' dir='ltr'><strong>in</strong></span> <span class='ocrx_word' id='word_1_604' title='bbox 3541 3706 3630 3745; x_wconf 86' lang='lat' dir='ltr'><strong>me</strong></span> 
     </span>
    </p>
   </div>
   <div class='ocr_carea' id='block_1_79' title="bbox 2033 3781 3626 3852">
    <p class='ocr_par' dir='ltr' id='par_1_79' title="bbox 2033 3781 3626 3852">
     <span class='ocr_line' id='line_1_79' title="bbox 2033 3781 3626 3852; baseline 0.001 -15"><span class='ocrx_word' id='word_1_605' title='bbox 2033 3798 2206 3852; x_wconf 88' lang='lat' dir='ltr'><strong>usque</strong></span> <span class='ocrx_word' id='word_1_606' title='bbox 2254 3781 2414 3837; x_wconf 90' lang='lat' dir='ltr'><strong>modo</strong></span> <span class='ocrx_word' id='word_1_607' title='bbox 2458 3788 2808 3848; x_wconf 80' lang='lat' dir='ltr'><strong>manserunt,</strong></span> <span class='ocrx_word' id='word_1_608' title='bbox 2838 3789 2895 3836; x_wconf 87' lang='lat' dir='ltr'><strong>et</strong></span> <span class='ocrx_word' id='word_1_609' title='bbox 2939 3798 3196 3838; x_wconf 90' lang='lat' dir='ltr'><strong>mansura</strong></span> <span class='ocrx_word' id='word_1_610' title='bbox 3224 3792 3404 3848; x_wconf 90' lang='lat' dir='ltr'><strong>erunt,</strong></span> <span class='ocrx_word' id='word_1_611' title='bbox 3441 3782 3626 3846; x_wconf 87' lang='lat' dir='ltr'><strong>credo,</strong></span> 
     </span>
    </p>
   </div>
   <div class='ocr_carea' id='block_1_80' title="bbox 2034 3869 3628 3940">
    <p class='ocr_par' dir='ltr' id='par_1_80' title="bbox 2034 3869 3628 3940">
     <span class='ocr_line' id='line_1_80' title="bbox 2034 3869 3628 3940; baseline 0.002 -17"><span class='ocrx_word' id='word_1_612' title='bbox 2034 3871 2163 3926; x_wconf 91' lang='lat' dir='ltr'><strong>licet</strong></span> <span class='ocrx_word' id='word_1_613' title='bbox 2195 3869 2484 3925; x_wconf 90' lang='lat' dir='ltr'><strong>durissime</strong></span> <span class='ocrx_word' id='word_1_614' title='bbox 2530 3882 2726 3940; x_wconf 90' lang='lat' dir='ltr'><strong>passus</strong></span> <span class='ocrx_word' id='word_1_615' title='bbox 2764 3883 2938 3926; x_wconf 81' lang='lat' dir='ltr'><strong>essent</strong></span> <span class='ocrx_word' id='word_1_616' title='bbox 2966 3871 3311 3939; x_wconf 63' lang='lat' dir='ltr'><strong>praesentiam</strong></span> <span class='ocrx_word' id='word_1_617' title='bbox 3347 3871 3628 3936; x_wconf 79' lang='lat' dir='ltr'><strong>absentiae,</strong></span> 
     </span>
    </p>
   </div>
   <div class='ocr_carea' id='block_1_81' title="bbox 2035 3957 3628 4028">
    <p class='ocr_par' dir='ltr' id='par_1_81' title="bbox 2035 3957 3628 4028">
     <span class='ocr_line' id='line_1_81' title="bbox 2035 3957 3628 4028; baseline 0.001 -15"><span class='ocrx_word' id='word_1_618' title='bbox 2035 3967 2091 4014; x_wconf 89' lang='lat' dir='ltr'><strong>et</strong></span> <span class='ocrx_word' id='word_1_619' title='bbox 2118 3958 2420 4013; x_wconf 89' lang='lat' dir='ltr'><strong>absentiam</strong></span> <span class='ocrx_word' id='word_1_620' title='bbox 2444 3958 2764 4028; x_wconf 66' lang='lat' dir='ltr'><strong>praesentiae.</strong></span> <span class='ocrx_word' id='word_1_621' title='bbox 2791 3957 2869 4013; x_wconf 89' lang='lat' dir='ltr'><strong>De</strong></span> <span class='ocrx_word' id='word_1_622' title='bbox 2894 3958 3206 4013; x_wconf 88' lang='lat' dir='ltr'><strong>visitatione</strong></span> <span class='ocrx_word' id='word_1_623' title='bbox 3230 3974 3360 4014; x_wconf 90' lang='lat' dir='ltr'><strong>vero</strong></span> <span class='ocrx_word' id='word_1_624' title='bbox 3386 3958 3628 4014; x_wconf 88' lang='lat' dir='ltr'><strong>fraterna</strong></span> 
     </span>
    </p>
   </div>
   <div class='ocr_carea' id='block_1_82' title="bbox 2035 4049 3628 4121">
    <p class='ocr_par' dir='ltr' id='par_1_82' title="bbox 2035 4049 3628 4121">
     <span class='ocr_line' id='line_1_82' title="bbox 2035 4049 3628 4121; baseline 0.001 -16"><span class='ocrx_word' id='word_1_625' title='bbox 2035 4051 2233 4120; x_wconf 76' lang='lat' dir='ltr'><strong>saepius</strong></span> <span class='ocrx_word' id='word_1_626' title='bbox 2259 4049 2402 4106; x_wconf 85' lang='lat' dir='ltr'><strong>volui</strong></span> <span class='ocrx_word' id='word_1_627' title='bbox 2446 4049 2741 4105; x_wconf 91' lang='lat' dir='ltr'><strong>secundum</strong></span> <span class='ocrx_word' id='word_1_628' title='bbox 2779 4050 3236 4121; x_wconf 86' lang='lat' dir='ltr'><strong>opportunitatem</strong></span> <span class='ocrx_word' id='word_1_629' title='bbox 3265 4050 3504 4117; x_wconf 85' lang='lat' dir='ltr'><strong>itineris;</strong></span> <span class='ocrx_word' id='word_1_630' title='bbox 3533 4052 3628 4106; x_wconf 91' lang='lat' dir='ltr'><strong>sed</strong></span> 
     </span>
    </p>
   </div>
   <div class='ocr_carea' id='block_1_83' title="bbox 2037 4141 3630 4213">
    <p class='ocr_par' dir='ltr' id='par_1_83' title="bbox 2037 4141 3630 4213">
     <span class='ocr_line' id='line_1_83' title="bbox 2037 4141 3630 4213; baseline 0 -17"><span class='ocrx_word' id='word_1_631' title='bbox 2037 4141 2278 4196; x_wconf 86' lang='lat' dir='ltr'><strong>secunda</strong></span> <span class='ocrx_word' id='word_1_632' title='bbox 2313 4141 2369 4196; x_wconf 93' lang='lat' dir='ltr'><strong>in</strong></span> <span class='ocrx_word' id='word_1_633' title='bbox 2413 4141 2732 4212; x_wconf 88' lang='lat' dir='ltr'><strong>pronomine</strong></span> <span class='ocrx_word' id='word_1_634' title='bbox 2779 4156 3014 4212; x_wconf 87' lang='lat' dir='ltr'><strong>persona</strong></span> <span class='ocrx_word' id='word_1_635' title='bbox 3051 4142 3251 4213; x_wconf 88' lang='lat' dir='ltr'><strong>Optime</strong></span> <span class='ocrx_word' id='word_1_636' title='bbox 3287 4143 3457 4207; x_wconf 83' lang='lat' dir='ltr'><strong>novit,</strong></span> <span class='ocrx_word' id='word_1_637' title='bbox 3486 4142 3630 4197; x_wconf 87' lang='lat' dir='ltr'><strong>unde</strong></span> 
     </span>
    </p>
   </div>
   <div class='ocr_carea' id='block_1_84' title="bbox 357 4229 3632 4304">
    <p class='ocr_par' dir='ltr' id='par_1_84' title="bbox 357 4229 3632 4304">
     <span class='ocr_line' id='line_1_84' title="bbox 357 4229 3632 4304; baseline -0.005 -16"><span class='ocrx_word' id='word_1_638' title='bbox 357 4235 560 4289; x_wconf 83' lang='lat' dir='ltr'><strong>servire</strong></span> <span class='ocrx_word' id='word_1_639' title='bbox 583 4232 915 4296; x_wconf 88' lang='lat' dir='ltr'><strong>desiderans,</strong></span> <span class='ocrx_word' id='word_1_640' title='bbox 946 4231 1173 4286; x_wconf 90' lang='lat' dir='ltr'><strong>nimium</strong></span> <span class='ocrx_word' id='word_1_641' title='bbox 1203 4229 1444 4299; x_wconf 89' lang='lat' dir='ltr'><strong>trepidus</strong></span> <span class='ocrx_word' id='word_1_642' title='bbox 1461 4235 1807 4295; x_wconf 85' lang='lat' dir='ltr'><strong>exspectans,</strong></span> <span class='ocrx_word' id='word_1_643' title='bbox 1831 4241 1938 4294; x_wconf 90' lang='lat' dir='ltr'><strong>qua</strong></span> <span class='ocrx_word' id='word_1_644' title='bbox 2037 4233 2328 4299; x_wconf 64' lang='lat' dir='ltr'><strong>remansit;</strong></span> <span class='ocrx_word' id='word_1_645' title='bbox 2358 4233 2469 4288; x_wconf 76' lang='lat' dir='ltr'><strong>imo</strong></span> <span class='ocrx_word' id='word_1_646' title='bbox 2489 4232 2720 4288; x_wconf 75' lang='lat' dir='ltr'><strong>necdum</strong></span> <span class='ocrx_word' id='word_1_647' title='bbox 2747 4248 3002 4304; x_wconf 65' lang='lat' dir='ltr'><strong>agnosco,</strong></span> <span class='ocrx_word' id='word_1_648' title='bbox 3033 4233 3300 4302; x_wconf 72' lang='lat' dir='ltr'><strong>quomodo</strong></span> <span class='ocrx_word' id='word_1_649' title='bbox 3322 4231 3438 4287; x_wconf 67' lang='lat' dir='ltr'><strong>ﬁeri</strong></span> <span class='ocrx_word' id='word_1_650' title='bbox 3461 4232 3632 4302; x_wconf 68' lang='grc' dir='ltr'><strong>ροεείι</strong></span> 
     </span>
    </p>
   </div>
   <div class='ocr_carea' id='block_1_85' title="bbox 361 4317 3632 4392">
    <p class='ocr_par' dir='ltr' id='par_1_85' title="bbox 361 4317 3632 4392">
     <span class='ocr_line' id='line_1_85' title="bbox 361 4317 3632 4392; baseline -0.003 -13"><span class='ocrx_word' id='word_1_651' title='bbox 361 4325 491 4380; x_wconf 88' lang='lat' dir='ltr'><strong>hora</strong></span> <span class='ocrx_word' id='word_1_652' title='bbox 518 4323 733 4378; x_wconf 90' lang='lat' dir='ltr'><strong>dicatur</strong></span> <span class='ocrx_word' id='word_1_653' title='bbox 774 4321 907 4377; x_wconf 89' lang='lat' dir='ltr'><strong>mihi</strong></span> <span class='ocrx_word' id='word_1_654' title='bbox 936 4337 951 4376; x_wconf 88' lang='lat'><strong>:</strong></span> <span class='ocrx_word' id='word_1_655' title='bbox 983 4321 1132 4391; x_wconf 90' lang='lat' dir='ltr'><strong>aperi</strong></span> <span class='ocrx_word' id='word_1_656' title='bbox 1161 4319 1415 4392; x_wconf 89' lang='lat' dir='ltr'><strong>pulsanti,</strong></span> <span class='ocrx_word' id='word_1_657' title='bbox 1449 4317 1645 4372; x_wconf 88' lang='lat' dir='ltr'><strong>festina</strong></span> <span class='ocrx_word' id='word_1_658' title='bbox 1671 4317 1740 4372; x_wconf 91' lang='lat' dir='ltr'><strong>ad</strong></span> <span class='ocrx_word' id='word_1_659' title='bbox 1769 4317 1941 4372; x_wconf 89' lang='lat' dir='ltr'><strong>tribu-</strong></span> <span class='ocrx_word' id='word_1_660' title='bbox 2037 4323 2160 4377; x_wconf 76' lang='lat' dir='ltr'><strong>hoc.</strong></span> <span class='ocrx_word' id='word_1_661' title='bbox 2194 4321 2363 4388; x_wconf 77' lang='lat' dir='ltr'><strong>Scito,</strong></span> <span class='ocrx_word' id='word_1_662' title='bbox 2389 4321 2534 4392; x_wconf 83' lang='lat' dir='ltr'><strong>quod</strong></span> <span class='ocrx_word' id='word_1_663' title='bbox 2568 4321 2761 4376; x_wconf 62' lang='lat' dir='ltr'><strong>linem;</strong></span> <span class='ocrx_word' id='word_1_664' title='bbox 2814 4321 3186 4377; x_wconf 72' lang='lat' dir='ltr'><strong>tantummodo</strong></span> <span class='ocrx_word' id='word_1_665' title='bbox 3221 4336 3328 4376; x_wconf 81' lang='lat' dir='ltr'><strong>non</strong></span> <span class='ocrx_word' id='word_1_666' title='bbox 3357 4319 3632 4376; x_wconf 79' lang='lat' dir='ltr'><strong>sufficiunt</strong></span> 
     </span>
    </p>
   </div>
   <div class='ocr_carea' id='block_1_86' title="bbox 362 4406 3629 4484">
    <p class='ocr_par' dir='ltr' id='par_1_86' title="bbox 362 4406 3629 4484">
     <span class='ocr_line' id='line_1_86' title="bbox 362 4406 3629 4484; baseline -0.001 -14"><span class='ocrx_word' id='word_1_667' title='bbox 362 4417 445 4471; x_wconf 89' lang='lat' dir='ltr'><strong>nal</strong></span> <span class='ocrx_word' id='word_1_668' title='bbox 481 4414 683 4484; x_wconf 91' lang='lat' dir='ltr'><strong>judicis</strong></span> <span class='ocrx_word' id='word_1_669' title='bbox 725 4413 834 4476; x_wconf 89' lang='lat' dir='ltr'><strong>tui,</strong></span> <span class='ocrx_word' id='word_1_670' title='bbox 868 4420 929 4466; x_wconf 92' lang='lat' dir='ltr'><strong>ut</strong></span> <span class='ocrx_word' id='word_1_671' title='bbox 957 4411 1144 4467; x_wconf 89' lang='lat' dir='ltr'><strong>audias</strong></span> <span class='ocrx_word' id='word_1_672' title='bbox 1187 4410 1449 4483; x_wconf 89' lang='lat' dir='ltr'><strong>quidquid</strong></span> <span class='ocrx_word' id='word_1_673' title='bbox 1486 4418 1740 4479; x_wconf 87' lang='lat' dir='ltr'><strong>operatus</strong></span> <span class='ocrx_word' id='word_1_674' title='bbox 1784 4406 1936 4481; x_wconf 60' lang='grc' dir='ltr'><strong>[Λίδη</strong></span> <span class='ocrx_word' id='word_1_675' title='bbox 1976 4471 2015 4484; x_wconf 76' lang='lat'><strong>__</strong></span> <span class='ocrx_word' id='word_1_676' title='bbox 2045 4412 2114 4468; x_wconf 86' lang='lat' dir='ltr'><strong>ad</strong></span> <span class='ocrx_word' id='word_1_677' title='bbox 2150 4426 2330 4467; x_wconf 87' lang='lat' dir='ltr'><strong>meum</strong></span> <span class='ocrx_word' id='word_1_678' title='bbox 2375 4421 2432 4467; x_wconf 86' lang='lat' dir='ltr'><strong>et</strong></span> <span class='ocrx_word' id='word_1_679' title='bbox 2469 4419 2620 4466; x_wconf 88' lang='lat' dir='ltr'><strong>tuum</strong></span> <span class='ocrx_word' id='word_1_680' title='bbox 2665 4411 2825 4483; x_wconf 86' lang='lat' dir='ltr'><strong>(quia.</strong></span> <span class='ocrx_word' id='word_1_681' title='bbox 2854 4413 2970 4468; x_wconf 66' lang='lat' dir='ltr'><strong>haec</strong></span> <span class='ocrx_word' id='word_1_682' title='bbox 3013 4421 3160 4480; x_wconf 87' lang='lat' dir='ltr'><strong>sunt,</strong></span> <span class='ocrx_word' id='word_1_683' title='bbox 3203 4428 3324 4483; x_wconf 84' lang='lat' dir='ltr'><strong>quae</strong></span> <span class='ocrx_word' id='word_1_684' title='bbox 3369 4412 3629 4467; x_wconf 87' lang='lat' dir='ltr'><strong>mundum</strong></span> 
     </span>
    </p>
   </div>
   <div class='ocr_carea' id='block_1_87' title="bbox 361 4471 3632 4574">
    <p class='ocr_par' dir='ltr' id='par_1_87' title="bbox 361 4471 3632 4574">
     <span class='ocr_line' id='line_1_87' title="bbox 361 4471 3632 4574; baseline 0 -16"><span class='ocrx_word' id='word_1_685' title='bbox 361 4471 618 4574; x_wconf 65' lang='lat' dir='ltr'><strong>operasti]</strong></span> <span class='ocrx_word' id='word_1_686' title='bbox 651 4502 705 4556; x_wconf 90' lang='lat' dir='ltr'><strong>in</strong></span> <span class='ocrx_word' id='word_1_687' title='bbox 748 4501 858 4556; x_wconf 87' lang='lat' dir='ltr'><strong>vita</strong></span> <span class='ocrx_word' id='word_1_688' title='bbox 900 4507 990 4556; x_wconf 89' lang='lat' dir='ltr'><strong>tua</strong></span> <span class='ocrx_word' id='word_1_689' title='bbox 1018 4471 1291 4556; x_wconf 48' lang='lat' dir='ltr'><strong>fuisti..Si</strong></span> <span class='ocrx_word' id='word_1_690' title='bbox 1325 4471 1407 4566; x_wconf 69' lang='lat' dir='ltr'><strong>te,</strong></span> <span class='ocrx_word' id='word_1_691' title='bbox 1428 4499 1502 4554; x_wconf 84' lang='lat' dir='ltr'><strong>fili</strong></span> <span class='ocrx_word' id='word_1_692' title='bbox 1519 4471 1631 4564; x_wconf 66' lang='lat' dir='ltr'><strong>ini,</strong></span> <span class='ocrx_word' id='word_1_693' title='bbox 1655 4471 1941 4570; x_wconf 71' lang='lat' dir='ltr'><strong>superstite</strong></span> <span class='ocrx_word' id='word_1_694' title='bbox 1975 4471 2022 4532; x_wconf 70' lang='grc' dir='ltr'><strong>ί)</strong></span> <span class='ocrx_word' id='word_1_695' title='bbox 2046 4501 2348 4573; x_wconf 89' lang='lat' dir='ltr'><strong>destruunt)</strong></span> <span class='ocrx_word' id='word_1_696' title='bbox 2380 4501 2425 4556; x_wconf 91' lang='lat' dir='ltr'><strong>si</strong></span> <span class='ocrx_word' id='word_1_697' title='bbox 2473 4515 2582 4556; x_wconf 88' lang='lat' dir='ltr'><strong>non</strong></span> <span class='ocrx_word' id='word_1_698' title='bbox 2630 4471 2862 4556; x_wconf 76' lang='lat' dir='ltr'><strong>aderunt</strong></span> <span class='ocrx_word' id='word_1_699' title='bbox 2894 4516 2994 4572; x_wconf 87' lang='lat' dir='ltr'><strong>ego</strong></span> <span class='ocrx_word' id='word_1_700' title='bbox 3019 4509 3082 4557; x_wconf 88' lang='lat' dir='ltr'><strong>et</strong></span> <span class='ocrx_word' id='word_1_701' title='bbox 3094 4471 3172 4557; x_wconf 79' lang='lat' dir='ltr'><strong>tu.</strong></span> <span class='ocrx_word' id='word_1_702' title='bbox 3203 4471 3495 4574; x_wconf 58' lang='lat' dir='ltr'><strong>fluensque</strong></span> <span class='ocrx_word' id='word_1_703' title='bbox 3520 4511 3632 4558; x_wconf 86' lang='lat' dir='ltr'><strong>tres</strong></span> 
     </span>
    </p>
   </div>
   <div class='ocr_carea' id='block_1_88' title="bbox 363 4589 3632 4666">
    <p class='ocr_par' dir='ltr' id='par_1_88' title="bbox 363 4589 3632 4666">
     <span class='ocr_line' id='line_1_88' title="bbox 363 4589 3632 4666; baseline 0 -19"><span class='ocrx_word' id='word_1_704' title='bbox 363 4595 473 4650; x_wconf 66' lang='lat' dir='ltr'><strong>hate</strong></span> <span class='ocrx_word' id='word_1_705' title='bbox 500 4595 636 4648; x_wconf 89' lang='lat' dir='ltr'><strong>hora</strong></span> <span class='ocrx_word' id='word_1_706' title='bbox 668 4592 921 4647; x_wconf 84' lang='lat' dir='ltr'><strong>adveniat</strong></span> <span class='ocrx_word' id='word_1_707' title='bbox 945 4590 1129 4658; x_wconf 89' lang='lat' dir='ltr'><strong>Patri,</strong></span> <span class='ocrx_word' id='word_1_708' title='bbox 1170 4599 1230 4647; x_wconf 90' lang='lat' dir='ltr'><strong>tu</strong></span> <span class='ocrx_word' id='word_1_709' title='bbox 1253 4606 1382 4647; x_wconf 86' lang='lat' dir='ltr'><strong>vero</strong></span> <span class='ocrx_word' id='word_1_710' title='bbox 1407 4607 1531 4646; x_wconf 92' lang='lat' dir='ltr'><strong>cum</strong></span> <span class='ocrx_word' id='word_1_711' title='bbox 1561 4590 1668 4646; x_wconf 90' lang='lat' dir='ltr'><strong>tuis</strong></span> <span class='ocrx_word' id='word_1_712' title='bbox 1693 4591 1943 4647; x_wconf 88' lang='lat' dir='ltr'><strong>omnibus</strong></span> <span class='ocrx_word' id='word_1_713' title='bbox 2045 4591 2238 4646; x_wconf 65' lang='lat' dir='ltr'><strong>littera:</strong></span> <span class='ocrx_word' id='word_1_714' title='bbox 2263 4591 2318 4645; x_wconf 91' lang='lat' dir='ltr'><strong>in</strong></span> <span class='ocrx_word' id='word_1_715' title='bbox 2352 4591 2573 4646; x_wconf 89' lang='lat' dir='ltr'><strong>tristitia</strong></span> <span class='ocrx_word' id='word_1_716' title='bbox 2612 4589 2851 4657; x_wconf 90' lang='lat' dir='ltr'><strong>fuerunt,</strong></span> <span class='ocrx_word' id='word_1_717' title='bbox 2891 4591 3498 4666; x_wconf 75' lang='lat' dir='ltr'><strong>duobus[F.,.duabus]</strong></span> <span class='ocrx_word' id='word_1_718' title='bbox 3528 4594 3632 4649; x_wconf 89' lang='lat' dir='ltr'><strong>hoc</strong></span> 
     </span>
    </p>
   </div>
   <div class='ocr_carea' id='block_1_89' title="bbox 363 4679 3629 4751">
    <p class='ocr_par' dir='ltr' id='par_1_89' title="bbox 363 4679 3629 4751">
     <span class='ocr_line' id='line_1_89' title="bbox 363 4679 3629 4751; baseline -0.001 -10"><span class='ocrx_word' id='word_1_719' title='bbox 363 4686 534 4741; x_wconf 75' lang='lat' dir='ltr'><strong>fidelis</strong></span> <span class='ocrx_word' id='word_1_720' title='bbox 558 4684 884 4738; x_wconf 87' lang='lat' dir='ltr'><strong>intercessor</strong></span> <span class='ocrx_word' id='word_1_721' title='bbox 904 4681 1113 4744; x_wconf 85' lang='lat' dir='ltr'><strong>adesto,</strong></span> <span class='ocrx_word' id='word_1_722' title='bbox 1135 4688 1196 4735; x_wconf 89' lang='lat' dir='ltr'><strong>ut</strong></span> <span class='ocrx_word' id='word_1_723' title='bbox 1215 4681 1364 4736; x_wconf 90' lang='lat' dir='ltr'><strong>diras</strong></span> <span class='ocrx_word' id='word_1_724' title='bbox 1385 4681 1753 4735; x_wconf 88' lang='lat' dir='ltr'><strong>accusantium</strong></span> <span class='ocrx_word' id='word_1_725' title='bbox 1779 4680 1944 4737; x_wconf 89' lang='lat' dir='ltr'><strong>facies</strong></span> <span class='ocrx_word' id='word_1_726' title='bbox 2046 4679 2402 4745; x_wconf 88' lang='lat' dir='ltr'><strong>facientibus;</strong></span> <span class='ocrx_word' id='word_1_727' title='bbox 2433 4679 2530 4735; x_wconf 90' lang='lat' dir='ltr'><strong>sed</strong></span> <span class='ocrx_word' id='word_1_728' title='bbox 2570 4687 2774 4751; x_wconf 86' lang='lat' dir='ltr'><strong>septem</strong></span> <span class='ocrx_word' id='word_1_729' title='bbox 2802 4682 2984 4736; x_wconf 84' lang='lat' dir='ltr'><strong>omnia</strong></span> <span class='ocrx_word' id='word_1_730' title='bbox 3013 4681 3296 4749; x_wconf 70' lang='lat' dir='ltr'><strong>sufferunt,</strong></span> <span class='ocrx_word' id='word_1_731' title='bbox 3329 4683 3501 4739; x_wconf 92' lang='lat' dir='ltr'><strong>donec</strong></span> <span class='ocrx_word' id='word_1_732' title='bbox 3534 4698 3629 4737; x_wconf 79' lang='lat' dir='ltr'><strong>sex</strong></span> 
     </span>
    </p>
   </div>
   <div class='ocr_carea' id='block_1_90' title="bbox 363 4774 1945 4848">
    <p class='ocr_par' dir='ltr' id='par_1_90' title="bbox 363 4774 1945 4848">
     <span class='ocr_line' id='line_1_90' title="bbox 363 4774 1945 4848; baseline 0 -16"><span class='ocrx_word' id='word_1_733' title='bbox 363 4779 614 4842; x_wconf 81' lang='lat' dir='ltr'><strong>evadere,</strong></span> <span class='ocrx_word' id='word_1_734' title='bbox 644 4777 753 4831; x_wconf 88' lang='lat' dir='ltr'><strong>Deo</strong></span> <span class='ocrx_word' id='word_1_735' title='bbox 772 4774 898 4832; x_wconf 86' lang='lat' dir='ltr'><strong>Jesu</strong></span> <span class='ocrx_word' id='word_1_736' title='bbox 920 4776 1232 4842; x_wconf 87' lang='lat' dir='ltr'><strong>miserante,</strong></span> <span class='ocrx_word' id='word_1_737' title='bbox 1258 4774 1486 4840; x_wconf 78' lang='lat' dir='ltr'><strong>valeam,</strong></span> <span class='ocrx_word' id='word_1_738' title='bbox 1505 4775 1590 4829; x_wconf 91' lang='lat' dir='ltr'><strong>cui</strong></span> <span class='ocrx_word' id='word_1_739' title='bbox 1618 4774 1735 4831; x_wconf 91' lang='lat' dir='ltr'><strong>laus</strong></span> <span class='ocrx_word' id='word_1_740' title='bbox 1757 4783 1811 4831; x_wconf 89' lang='lat' dir='ltr'><strong>et</strong></span> <span class='ocrx_word' id='word_1_741' title='bbox 1832 4777 1945 4848; x_wconf 78' lang='lat' dir='ltr'><strong>glo—</strong></span> 
     </span>
    </p>
   </div>
   <div class='ocr_carea' id='block_1_91' title="bbox 366 4864 1942 4933">
    <p class='ocr_par' dir='ltr' id='par_1_91' title="bbox 366 4864 1942 4933">
     <span class='ocr_line' id='line_1_91' title="bbox 366 4864 1942 4933; baseline -0.004 -9"><span class='ocrx_word' id='word_1_742' title='bbox 366 4870 440 4924; x_wconf 80' lang='lat' dir='ltr'><strong>ria</strong></span> <span class='ocrx_word' id='word_1_743' title='bbox 463 4867 711 4924; x_wconf 88' lang='lat' dir='ltr'><strong>omnium</strong></span> <span class='ocrx_word' id='word_1_744' title='bbox 739 4868 1003 4922; x_wconf 92' lang='lat' dir='ltr'><strong>bonorum</strong></span> <span class='ocrx_word' id='word_1_745' title='bbox 1028 4880 1270 4930; x_wconf 89' lang='lat' dir='ltr'><strong>suorum,</strong></span> <span class='ocrx_word' id='word_1_746' title='bbox 1313 4879 1432 4933; x_wconf 75' lang='lat' dir='ltr'><strong>qua:</strong></span> <span class='ocrx_word' id='word_1_747' title='bbox 1458 4879 1563 4918; x_wconf 91' lang='lat' dir='ltr'><strong>non</strong></span> <span class='ocrx_word' id='word_1_748' title='bbox 1595 4864 1767 4920; x_wconf 91' lang='lat' dir='ltr'><strong>solum</strong></span> <span class='ocrx_word' id='word_1_749' title='bbox 1788 4865 1942 4930; x_wconf 91' lang='lat' dir='ltr'><strong>mihi,</strong></span> 
     </span>
    </p>
   </div>
   <div class='ocr_carea' id='block_1_92' title="bbox 367 4954 1946 5028">
    <p class='ocr_par' dir='ltr' id='par_1_92' title="bbox 367 4954 1946 5028">
     <span class='ocr_line' id='line_1_92' title="bbox 367 4954 1946 5028; baseline -0.002 -16"><span class='ocrx_word' id='word_1_750' title='bbox 367 4959 458 5013; x_wconf 86' lang='lat' dir='ltr'><strong>sed</strong></span> <span class='ocrx_word' id='word_1_751' title='bbox 499 4957 649 5012; x_wconf 90' lang='lat' dir='ltr'><strong>omni</strong></span> <span class='ocrx_word' id='word_1_752' title='bbox 694 4956 932 5011; x_wconf 87' lang='lat' dir='ltr'><strong>humano</strong></span> <span class='ocrx_word' id='word_1_753' title='bbox 960 4957 1142 5028; x_wconf 88' lang='lat' dir='ltr'><strong>generi</strong></span> <span class='ocrx_word' id='word_1_754' title='bbox 1170 4955 1306 5010; x_wconf 88' lang='lat' dir='ltr'><strong>mira</strong></span> <span class='ocrx_word' id='word_1_755' title='bbox 1353 4954 1581 5009; x_wconf 89' lang='lat' dir='ltr'><strong>contulit</strong></span> <span class='ocrx_word' id='word_1_756' title='bbox 1615 4956 1834 5024; x_wconf 88' lang='lat' dir='ltr'><strong>pietate.</strong></span> <span class='ocrx_word' id='word_1_757' title='bbox 1865 4955 1946 5009; x_wconf 90' lang='lat' dir='ltr'><strong>Tu</strong></span> 
     </span>
    </p>
   </div>
   <div class='ocr_carea' id='block_1_93' title="bbox 369 5047 1948 5120">
    <p class='ocr_par' dir='ltr' id='par_1_93' title="bbox 369 5047 1948 5120">
     <span class='ocr_line' id='line_1_93' title="bbox 369 5047 1948 5120; baseline 0.001 -19"><span class='ocrx_word' id='word_1_758' title='bbox 369 5064 515 5116; x_wconf 83' lang='lat' dir='ltr'><strong>vero,</strong></span> <span class='ocrx_word' id='word_1_759' title='bbox 546 5049 624 5104; x_wconf 87' lang='lat' dir='ltr'><strong>fili</strong></span> <span class='ocrx_word' id='word_1_760' title='bbox 664 5048 999 5115; x_wconf 89' lang='lat' dir='ltr'><strong>charissime,</strong></span> <span class='ocrx_word' id='word_1_761' title='bbox 1028 5063 1286 5120; x_wconf 88' lang='lat' dir='ltr'><strong>prospere</strong></span> <span class='ocrx_word' id='word_1_762' title='bbox 1310 5047 1600 5119; x_wconf 85' lang='lat' dir='ltr'><strong>proﬁciens</strong></span> <span class='ocrx_word' id='word_1_763' title='bbox 1639 5055 1702 5104; x_wconf 90' lang='lat' dir='ltr'><strong>et.</strong></span> <span class='ocrx_word' id='word_1_764' title='bbox 1718 5047 1948 5104; x_wconf 89' lang='lat' dir='ltr'><strong>feliciter</strong></span> 
     </span>
    </p>
   </div>
   <div class='ocr_carea' id='block_1_94' title="bbox 369 5143 1145 5202">
    <p class='ocr_par' dir='ltr' id='par_1_94' title="bbox 369 5143 1145 5202">
     <span class='ocr_line' id='line_1_94' title="bbox 369 5143 1145 5202; baseline -0.001 -4"><span class='ocrx_word' id='word_1_765' title='bbox 369 5145 555 5202; x_wconf 73' lang='lat' dir='ltr'><strong>vivens</strong></span> <span class='ocrx_word' id='word_1_766' title='bbox 580 5143 756 5200; x_wconf 83' lang='lat' dir='ltr'><strong>valeto</strong></span> <span class='ocrx_word' id='word_1_767' title='bbox 782 5143 837 5198; x_wconf 87' lang='lat' dir='ltr'><strong>in</strong></span> <span class='ocrx_word' id='word_1_768' title='bbox 862 5149 1145 5198; x_wconf 79' lang='lat' dir='ltr'><strong>aeternum.</strong></span> 
     </span>
    </p>
   </div>
   <div class='ocr_carea' id='block_1_95' title="bbox 443 5379 1947 5439">
    <p class='ocr_par' dir='ltr' id='par_1_95' title="bbox 443 5379 1947 5439">
     <span class='ocr_line' id='line_1_95' title="bbox 443 5379 1947 5439; baseline 0 -3"><span class='ocrx_word' id='word_1_769' title='bbox 443 5394 470 5424; x_wconf 80' lang='grc' dir='ltr'>ι</span> <span class='ocrx_word' id='word_1_770' title='bbox 502 5380 738 5438; x_wconf 84' lang='lat' dir='ltr'><strong>Familia</strong></span> <span class='ocrx_word' id='word_1_771' title='bbox 787 5380 847 5437; x_wconf 89' lang='lat' dir='ltr'><strong>S.</strong></span> <span class='ocrx_word' id='word_1_772' title='bbox 894 5379 1058 5435; x_wconf 82' lang='lat' dir='ltr'><strong>Petri.</strong></span> <span class='ocrx_word' id='word_1_773' title='bbox 1113 5380 1226 5435; x_wconf 82' lang='lat' dir='ltr'><strong>Hoc</strong></span> <span class='ocrx_word' id='word_1_774' title='bbox 1270 5389 1354 5437; x_wconf 86' lang='lat' dir='ltr'><strong>est</strong></span> <span class='ocrx_word' id='word_1_775' title='bbox 1385 5381 1772 5437; x_wconf 87' lang='lat' dir='ltr'><strong>monasterium</strong></span> <span class='ocrx_word' id='word_1_776' title='bbox 1811 5381 1947 5439; x_wconf 84' lang='lat' dir='ltr'><strong>Cor-</strong></span> 
     </span>
    </p>
   </div>
   <div class='ocr_carea' id='block_1_96' title="bbox 374 5449 1945 5516">
    <p class='ocr_par' dir='ltr' id='par_1_96' title="bbox 374 5449 1945 5516">
     <span class='ocr_line' id='line_1_96' title="bbox 374 5449 1945 5516; baseline 0.001 -10"><span class='ocrx_word' id='word_1_777' title='bbox 374 5452 593 5508; x_wconf 87' lang='lat' dir='ltr'><strong>beiense</strong></span> <span class='ocrx_word' id='word_1_778' title='bbox 634 5461 791 5507; x_wconf 80' lang='lat' dir='ltr'><strong>vetus</strong></span> <span class='ocrx_word' id='word_1_779' title='bbox 819 5451 874 5506; x_wconf 85' lang='lat' dir='ltr'><strong>in</strong></span> <span class='ocrx_word' id='word_1_780' title='bbox 918 5450 1092 5505; x_wconf 83' lang='lat' dir='ltr'><strong>Gallia</strong></span> <span class='ocrx_word' id='word_1_781' title='bbox 1120 5450 1172 5503; x_wconf 83' lang='lat' dir='ltr'><strong>in</strong></span> <span class='ocrx_word' id='word_1_782' title='bbox 1212 5451 1428 5507; x_wconf 85' lang='lat' dir='ltr'><strong>dioecesi</strong></span> <span class='ocrx_word' id='word_1_783' title='bbox 1469 5449 1838 5516; x_wconf 66' lang='lat' dir='ltr'><strong>Ambianensi,</strong></span> <span class='ocrx_word' id='word_1_784' title='bbox 1882 5454 1945 5507; x_wconf 85' lang='grc' dir='ltr'><strong>Ι).</strong></span> 
     </span>
    </p>
   </div>
   <div class='ocr_carea' id='block_1_97' title="bbox 376 5519 1946 5592">
    <p class='ocr_par' dir='ltr' id='par_1_97' title="bbox 376 5519 1946 5592">
     <span class='ocr_line' id='line_1_97' title="bbox 376 5519 1946 5592; baseline 0.003 -16"><span class='ocrx_word' id='word_1_785' title='bbox 376 5521 536 5578; x_wconf 82' lang='lat' dir='ltr'><strong>Petro</strong></span> <span class='ocrx_word' id='word_1_786' title='bbox 565 5537 827 5592; x_wconf 77' lang='lat' dir='ltr'><strong>sacrum;</strong></span> <span class='ocrx_word' id='word_1_787' title='bbox 853 5519 1007 5589; x_wconf 88' lang='lat' dir='ltr'><strong>cujus</strong></span> <span class='ocrx_word' id='word_1_788' title='bbox 1049 5519 1385 5577; x_wconf 82' lang='lat' dir='ltr'><strong>Adalhardus</strong></span> <span class='ocrx_word' id='word_1_789' title='bbox 1421 5523 1595 5592; x_wconf 89' lang='lat' dir='ltr'><strong>primo</strong></span> <span class='ocrx_word' id='word_1_790' title='bbox 1629 5525 1946 5592; x_wconf 85' lang='lat' dir='ltr'><strong>monachus,</strong></span> 
     </span>
    </p>
   </div>
   <div class='ocr_carea' id='block_1_98' title="bbox 380 5591 924 5648">
    <p class='ocr_par' dir='ltr' id='par_1_98' title="bbox 380 5591 924 5648">
     <span class='ocr_line' id='line_1_98' title="bbox 380 5591 924 5648; baseline -0.002 -3"><span class='ocrx_word' id='word_1_791' title='bbox 380 5594 572 5646; x_wconf 84' lang='lat' dir='ltr'><strong>deinde</strong></span> <span class='ocrx_word' id='word_1_792' title='bbox 607 5593 776 5648; x_wconf 88' lang='lat' dir='ltr'><strong>abbas</strong></span> <span class='ocrx_word' id='word_1_793' title='bbox 805 5591 924 5646; x_wconf 88' lang='lat' dir='ltr'><strong>fuit.</strong></span> 
     </span>
    </p>
   </div>
   <div class='ocr_carea' id='block_1_99' title="bbox 450 5660 1077 5732">
    <p class='ocr_par' dir='ltr' id='par_1_99' title="bbox 450 5660 1077 5732">
     <span class='ocr_line' id='line_1_99' title="bbox 450 5660 1077 5732; baseline 0 -17"><span class='ocrx_word' id='word_1_794' title='bbox 450 5667 476 5700; x_wconf 64' lang='grc' dir='ltr'><strong><em>υ</em></strong></span> <span class='ocrx_word' id='word_1_795' title='bbox 511 5663 746 5717; x_wconf 79' lang='lat' dir='ltr'><strong>Froben.</strong></span> <span class='ocrx_word' id='word_1_796' title='bbox 775 5663 934 5732; x_wconf 88' lang='lat' dir='ltr'><strong>epist.</strong></span> <span class='ocrx_word' id='word_1_797' title='bbox 961 5660 1077 5732; x_wconf 60' lang='lat' dir='ltr'><strong>2M.</strong></span> 
     </span>
    </p>
   </div>
   <div class='ocr_carea' id='block_1_100' title="bbox 458 5729 1074 5803">
    <p class='ocr_par' dir='ltr' id='par_1_100' title="bbox 458 5729 1074 5803">
     <span class='ocr_line' id='line_1_100' title="bbox 458 5729 1074 5803; baseline -0.006 -15"><span class='ocrx_word' id='word_1_798' title='bbox 458 5748 476 5771; x_wconf 75' lang='grc' dir='ltr'><strong>ι·</strong></span> <span class='ocrx_word' id='word_1_799' title='bbox 512 5734 739 5790; x_wconf 72' lang='lat' dir='ltr'><strong>Froben.</strong></span> <span class='ocrx_word' id='word_1_800' title='bbox 769 5729 923 5803; x_wconf 80' lang='lat' dir='ltr'><strong>epist.</strong></span> <span class='ocrx_word' id='word_1_801' title='bbox 955 5729 1074 5784; x_wconf 68' lang='grc'><strong>252.</strong></span> 
     </span>
    </p>
   </div>
   <div class='ocr_carea' id='block_1_101' title="bbox 2045 4771 3626 4844">
    <p class='ocr_par' dir='ltr' id='par_1_101' title="bbox 2045 4771 3626 4844">
     <span class='ocr_line' id='line_1_101' title="bbox 2045 4771 3626 4844; baseline -0.001 -15"><span class='ocrx_word' id='word_1_802' title='bbox 2045 4781 2239 4830; x_wconf 88' lang='lat' dir='ltr'><strong>ctocto</strong></span> <span class='ocrx_word' id='word_1_803' title='bbox 2267 4771 2426 4828; x_wconf 91' lang='lat' dir='ltr'><strong>simul</strong></span> <span class='ocrx_word' id='word_1_804' title='bbox 2449 4772 2826 4843; x_wconf 86' lang='lat' dir='ltr'><strong>gaudeant,.et</strong></span> <span class='ocrx_word' id='word_1_805' title='bbox 2863 4782 3071 4844; x_wconf 89' lang='lat' dir='ltr'><strong>septem</strong></span> <span class='ocrx_word' id='word_1_806' title='bbox 3103 4781 3248 4828; x_wconf 86' lang='lat' dir='ltr'><strong>stent</strong></span> <span class='ocrx_word' id='word_1_807' title='bbox 3279 4775 3331 4828; x_wconf 91' lang='lat' dir='ltr'><strong>in</strong></span> <span class='ocrx_word' id='word_1_808' title='bbox 3359 4773 3478 4828; x_wconf 89' lang='lat' dir='ltr'><strong>loco</strong></span> <span class='ocrx_word' id='word_1_809' title='bbox 3507 4788 3626 4838; x_wconf 92' lang='lat' dir='ltr'><strong>suo,</strong></span> 
     </span>
    </p>
   </div>
   <div class='ocr_carea' id='block_1_102' title="bbox 2045 4865 3631 4936">
    <p class='ocr_par' dir='ltr' id='par_1_102' title="bbox 2045 4865 3631 4936">
     <span class='ocr_line' id='line_1_102' title="bbox 2045 4865 3631 4936; baseline -0.001 -16"><span class='ocrx_word' id='word_1_810' title='bbox 2045 4867 2173 4936; x_wconf 80' lang='lat' dir='ltr'><strong>quia</strong></span> <span class='ocrx_word' id='word_1_811' title='bbox 2205 4881 2235 4920; x_wconf 91' lang='lat' dir='ltr'><strong>a</strong></span> <span class='ocrx_word' id='word_1_812' title='bbox 2261 4865 2460 4920; x_wconf 89' lang='lat' dir='ltr'><strong>senarii</strong></span> <span class='ocrx_word' id='word_1_813' title='bbox 2492 4865 2703 4920; x_wconf 87' lang='lat' dir='ltr'><strong>numeri</strong></span> <span class='ocrx_word' id='word_1_814' title='bbox 2730 4865 3060 4935; x_wconf 85' lang='lat' dir='ltr'><strong>perfectione</strong></span> <span class='ocrx_word' id='word_1_815' title='bbox 3079 4880 3177 4936; x_wconf 90' lang='lat' dir='ltr'><strong>per</strong></span> <span class='ocrx_word' id='word_1_816' title='bbox 3199 4865 3488 4936; x_wconf 88' lang='lat' dir='ltr'><strong>septenarii</strong></span> <span class='ocrx_word' id='word_1_817' title='bbox 3509 4881 3631 4935; x_wconf 85' lang='lat' dir='ltr'><strong>gra-</strong></span> 
     </span>
    </p>
   </div>
   <div class='ocr_carea' id='block_1_103' title="bbox 2047 4955 3658 5022">
    <p class='ocr_par' dir='ltr' id='par_1_103' title="bbox 2047 4955 3658 5022">
     <span class='ocr_line' id='line_1_103' title="bbox 2047 4955 3658 5022; baseline -0.002 -11"><span class='ocrx_word' id='word_1_818' title='bbox 2047 4958 2178 5011; x_wconf 87' lang='lat' dir='ltr'><strong>tiam</strong></span> <span class='ocrx_word' id='word_1_819' title='bbox 2229 4957 2297 5012; x_wconf 89' lang='lat' dir='ltr'><strong>ad</strong></span> <span class='ocrx_word' id='word_1_820' title='bbox 2329 4955 2594 5012; x_wconf 86' lang='lat' dir='ltr'><strong>octonarii</strong></span> <span class='ocrx_word' id='word_1_821' title='bbox 2640 4955 3028 5011; x_wconf 86' lang='lat' dir='ltr'><strong>beatitudinem</strong></span> <span class='ocrx_word' id='word_1_822' title='bbox 3071 4956 3418 5022; x_wconf 89' lang='lat' dir='ltr'><strong>ascenditur;</strong></span> <span class='ocrx_word' id='word_1_823' title='bbox 3454 4966 3510 5011; x_wconf 89' lang='lat' dir='ltr'><strong>et</strong></span> <span class='ocrx_word' id='word_1_824' title='bbox 3535 4955 3658 5012; x_wconf 84' lang='lat' dir='ltr'><strong>fiat.</strong></span> 
     </span>
    </p>
   </div>
   <div class='ocr_carea' id='block_1_104' title="bbox 2047 5045 3630 5117">
    <p class='ocr_par' dir='ltr' id='par_1_104' title="bbox 2047 5045 3630 5117">
     <span class='ocr_line' id='line_1_104' title="bbox 2047 5045 3630 5117; baseline 0.001 -17"><span class='ocrx_word' id='word_1_825' title='bbox 2047 5048 2227 5102; x_wconf 90' lang='lat' dir='ltr'><strong>unitas</strong></span> <span class='ocrx_word' id='word_1_826' title='bbox 2245 5047 2406 5117; x_wconf 90' lang='lat' dir='ltr'><strong>primi</strong></span> <span class='ocrx_word' id='word_1_827' title='bbox 2429 5055 2485 5100; x_wconf 88' lang='lat' dir='ltr'><strong>et</strong></span> <span class='ocrx_word' id='word_1_828' title='bbox 2512 5046 2740 5101; x_wconf 78' lang='lat' dir='ltr'><strong>extremi</strong></span> <span class='ocrx_word' id='word_1_829' title='bbox 2774 5060 2871 5116; x_wconf 88' lang='lat' dir='ltr'><strong>per</strong></span> <span class='ocrx_word' id='word_1_830' title='bbox 2891 5045 3259 5111; x_wconf 87' lang='lat' dir='ltr'><strong>medietatem,</strong></span> <span class='ocrx_word' id='word_1_831' title='bbox 3288 5045 3414 5115; x_wconf 85' lang='lat' dir='ltr'><strong>quia</strong></span> <span class='ocrx_word' id='word_1_832' title='bbox 3435 5055 3630 5102; x_wconf 89' lang='lat' dir='ltr'><strong>cuncta</strong></span> 
     </span>
    </p>
   </div>
   <div class='ocr_carea' id='block_1_105' title="bbox 2050 5138 3632 5210">
    <p class='ocr_par' dir='ltr' id='par_1_105' title="bbox 2050 5138 3632 5210">
     <span class='ocr_line' id='line_1_105' title="bbox 2050 5138 3632 5210; baseline 0.001 -16"><span class='ocrx_word' id='word_1_833' title='bbox 2050 5139 2104 5194; x_wconf 93' lang='lat' dir='ltr'><strong>in</strong></span> <span class='ocrx_word' id='word_1_834' title='bbox 2130 5140 2396 5196; x_wconf 88' lang='lat' dir='ltr'><strong>creaturis</strong></span> <span class='ocrx_word' id='word_1_835' title='bbox 2433 5139 2605 5194; x_wconf 88' lang='lat' dir='ltr'><strong>tribus</strong></span> <span class='ocrx_word' id='word_1_836' title='bbox 2652 5138 2771 5193; x_wconf 87' lang='lat' dir='ltr'><strong>istis</strong></span> <span class='ocrx_word' id='word_1_837' title='bbox 2797 5138 3041 5193; x_wconf 90' lang='lat' dir='ltr'><strong>terminis</strong></span> <span class='ocrx_word' id='word_1_838' title='bbox 3068 5138 3137 5193; x_wconf 89' lang='lat' dir='ltr'><strong>ad</strong></span> <span class='ocrx_word' id='word_1_839' title='bbox 3156 5139 3414 5193; x_wconf 89' lang='lat' dir='ltr'><strong>unitatem</strong></span> <span class='ocrx_word' id='word_1_840' title='bbox 3440 5153 3632 5210; x_wconf 82' lang='lat' dir='ltr'><strong>perve-</strong></span> 
     </span>
    </p>
   </div>
   <div class='ocr_carea' id='block_1_106' title="bbox 2048 5229 3626 5300">
    <p class='ocr_par' dir='ltr' id='par_1_106' title="bbox 2048 5229 3626 5300">
     <span class='ocr_line' id='line_1_106' title="bbox 2048 5229 3626 5300; baseline -0.001 -12"><span class='ocrx_word' id='word_1_841' title='bbox 2048 5233 2233 5300; x_wconf 88' lang='lat' dir='ltr'><strong>niunt;</strong></span> <span class='ocrx_word' id='word_1_842' title='bbox 2260 5233 2384 5287; x_wconf 88' lang='lat' dir='ltr'><strong>etsi</strong></span> <span class='ocrx_word' id='word_1_843' title='bbox 2414 5231 2672 5286; x_wconf 89' lang='lat' dir='ltr'><strong>tolluntur</strong></span> <span class='ocrx_word' id='word_1_844' title='bbox 2697 5230 2764 5285; x_wconf 90' lang='lat' dir='ltr'><strong>de</strong></span> <span class='ocrx_word' id='word_1_845' title='bbox 2794 5229 2971 5285; x_wconf 89' lang='lat' dir='ltr'><strong>medio</strong></span> <span class='ocrx_word' id='word_1_846' title='bbox 2994 5245 3184 5296; x_wconf 90' lang='lat' dir='ltr'><strong>unum,</strong></span> <span class='ocrx_word' id='word_1_847' title='bbox 3206 5231 3272 5286; x_wconf 87' lang='lat' dir='ltr'><strong>de</strong></span> <span class='ocrx_word' id='word_1_848' title='bbox 3294 5231 3482 5288; x_wconf 88' lang='lat' dir='ltr'><strong>ultimo</strong></span> <span class='ocrx_word' id='word_1_849' title='bbox 3501 5232 3626 5300; x_wconf 88' lang='lat' dir='ltr'><strong>duo,</strong></span> 
     </span>
    </p>
   </div>
   <div class='ocr_carea' id='block_1_107' title="bbox 2116 5380 3632 5456">
    <p class='ocr_par' dir='ltr' id='par_1_107' title="bbox 2116 5380 3632 5456">
     <span class='ocr_line' id='line_1_107' title="bbox 2116 5380 3632 5456; baseline 0.003 -19"><span class='ocrx_word' id='word_1_850' title='bbox 2116 5383 2145 5425; x_wconf 74' lang='grc' dir='ltr'>ἆ</span> <span class='ocrx_word' id='word_1_851' title='bbox 2178 5383 2404 5438; x_wconf 82' lang='lat' dir='ltr'><strong>Antonio</strong></span> <span class='ocrx_word' id='word_1_852' title='bbox 2437 5380 2656 5435; x_wconf 86' lang='lat' dir='ltr'><strong>Paulus.</strong></span> <span class='ocrx_word' id='word_1_853' title='bbox 2685 5380 2810 5456; x_wconf 66' lang='grc' dir='ltr'><strong>ῌωο</strong></span> <span class='ocrx_word' id='word_1_854' title='bbox 2839 5382 3055 5456; x_wconf 80' lang='lat' dir='ltr'><strong>nomina</strong></span> <span class='ocrx_word' id='word_1_855' title='bbox 3083 5391 3140 5438; x_wconf 89' lang='lat' dir='ltr'><strong>et</strong></span> <span class='ocrx_word' id='word_1_856' title='bbox 3177 5383 3351 5456; x_wconf 81' lang='lat' dir='ltr'><strong>ipsum</strong></span> <span class='ocrx_word' id='word_1_857' title='bbox 3392 5385 3632 5456; x_wconf 73' lang='lat' dir='ltr'><strong>epistola:</strong></span> 
     </span>
    </p>
   </div>
   <div class='ocr_carea' id='block_1_108' title="bbox 2050 5452 3630 5526">
    <p class='ocr_par' dir='ltr' id='par_1_108' title="bbox 2050 5452 3630 5526">
     <span class='ocr_line' id='line_1_108' title="bbox 2050 5452 3630 5526; baseline 0.002 -17"><span class='ocrx_word' id='word_1_858' title='bbox 2050 5460 2436 5526; x_wconf 80' lang='lat' dir='ltr'><strong>argumentum</strong></span> <span class='ocrx_word' id='word_1_859' title='bbox 2448 5465 2598 5506; x_wconf 89' lang='lat' dir='ltr'><strong>mere</strong></span> <span class='ocrx_word' id='word_1_860' title='bbox 2623 5452 3130 5526; x_wconf 68' lang='lat' dir='ltr'><strong>aenigmaticasunt,</strong></span> <span class='ocrx_word' id='word_1_861' title='bbox 3159 5452 3361 5526; x_wconf 75' lang='lat' dir='ltr'><strong>quibus</strong></span> <span class='ocrx_word' id='word_1_862' title='bbox 3382 5452 3630 5512; x_wconf 83' lang='lat' dir='ltr'><strong>evolven-</strong></span> 
     </span>
    </p>
   </div>
   <div class='ocr_carea' id='block_1_109' title="bbox 2049 5521 3328 5592">
    <p class='ocr_par' dir='ltr' id='par_1_109' title="bbox 2049 5521 3328 5592">
     <span class='ocr_line' id='line_1_109' title="bbox 2049 5521 3328 5592; baseline -0.002 -12"><span class='ocrx_word' id='word_1_863' title='bbox 2049 5521 2140 5580; x_wconf 71' lang='lat' dir='ltr'><strong>dis</strong></span> <span class='ocrx_word' id='word_1_864' title='bbox 2163 5523 2437 5592; x_wconf 84' lang='lat' dir='ltr'><strong>immorari</strong></span> <span class='ocrx_word' id='word_1_865' title='bbox 2465 5535 2644 5592; x_wconf 71' lang='lat' dir='ltr'><strong>opera:</strong></span> <span class='ocrx_word' id='word_1_866' title='bbox 2683 5521 2916 5592; x_wconf 89' lang='lat' dir='ltr'><strong>pretium</strong></span> <span class='ocrx_word' id='word_1_867' title='bbox 2967 5523 3107 5577; x_wconf 90' lang='lat' dir='ltr'><strong>haud</strong></span> <span class='ocrx_word' id='word_1_868' title='bbox 3147 5521 3328 5579; x_wconf 79' lang='lat' dir='ltr'><strong>fuerit.</strong></span> 
     </span>
    </p>
   </div>
   <div class='ocr_carea' id='block_1_110' title="bbox 2125 5590 3630 5659">
    <p class='ocr_par' dir='ltr' id='par_1_110' title="bbox 2125 5590 3630 5659">
     <span class='ocr_line' id='line_1_110' title="bbox 2125 5590 3630 5659; baseline 0 -13"><span class='ocrx_word' id='word_1_869' title='bbox 2125 5607 2146 5633; x_wconf 76' lang='grc' dir='ltr'>ε</span> <span class='ocrx_word' id='word_1_870' title='bbox 2178 5591 2392 5646; x_wconf 77' lang='lat' dir='ltr'><strong>Uuicos.</strong></span> <span class='ocrx_word' id='word_1_871' title='bbox 2418 5590 2524 5646; x_wconf 88' lang='lat' dir='ltr'><strong>Seu</strong></span> <span class='ocrx_word' id='word_1_872' title='bbox 2552 5590 2758 5656; x_wconf 84' lang='lat' dir='ltr'><strong>Wicus,</strong></span> <span class='ocrx_word' id='word_1_873' title='bbox 2783 5592 2914 5646; x_wconf 82' lang='lat' dir='ltr'><strong>cella</strong></span> <span class='ocrx_word' id='word_1_874' title='bbox 2937 5594 3205 5650; x_wconf 86' lang='lat' dir='ltr'><strong>maritima</strong></span> <span class='ocrx_word' id='word_1_875' title='bbox 3230 5595 3287 5650; x_wconf 91' lang='lat' dir='ltr'><strong>S.</strong></span> <span class='ocrx_word' id='word_1_876' title='bbox 3316 5596 3521 5659; x_wconf 81' lang='lat' dir='ltr'><strong>Jodoci,</strong></span> <span class='ocrx_word' id='word_1_877' title='bbox 3537 5609 3630 5650; x_wconf 87' lang='lat' dir='ltr'><strong>cu-</strong></span> 
     </span>
    </p>
   </div>
   <div class='ocr_carea' id='block_1_111' title="bbox 2059 5660 3627 5736">
    <p class='ocr_par' dir='ltr' id='par_1_111' title="bbox 2059 5660 3627 5736">
     <span class='ocr_line' id='line_1_111' title="bbox 2059 5660 3627 5736; baseline -0.001 -16"><span class='ocrx_word' id='word_1_878' title='bbox 2059 5679 2124 5720; x_wconf 80' lang='lat' dir='ltr'><strong>re</strong></span> <span class='ocrx_word' id='word_1_879' title='bbox 2153 5660 2696 5736; x_wconf 27' lang='lat' dir='ltr'><strong>.~llcuini_i_nAGalliam</strong></span> <span class='ocrx_word' id='word_1_880' title='bbox 2725 5663 2989 5736; x_wconf 78' lang='lat' dir='ltr'><strong>venientis</strong></span> <span class='ocrx_word' id='word_1_881' title='bbox 3017 5680 3046 5736; x_wconf 84' lang='lat' dir='ltr'><strong>a</strong></span> <span class='ocrx_word' id='word_1_882' title='bbox 3069 5666 3263 5736; x_wconf 83' lang='lat' dir='ltr'><strong>Carolo</strong></span> <span class='ocrx_word' id='word_1_883' title='bbox 3284 5666 3473 5736; x_wconf 77' lang='lat' dir='ltr'><strong>Magno</strong></span> <span class='ocrx_word' id='word_1_884' title='bbox 3500 5677 3627 5736; x_wconf 62' lang='lat'><strong>(:9!!-</strong></span> 
     </span>
    </p>
   </div>
   <div class='ocr_carea' id='block_1_112' title="bbox 2056 5729 3640 5808">
    <p class='ocr_par' dir='ltr' id='par_1_112' title="bbox 2056 5729 3640 5808">
     <span class='ocr_line' id='line_1_112' title="bbox 2056 5729 3640 5808; baseline -0.006 -18"><span class='ocrx_word' id='word_1_885' title='bbox 2056 5733 2334 5790; x_wconf 87' lang='lat' dir='ltr'><strong>crcditum.</strong></span> <span class='ocrx_word' id='word_1_886' title='bbox 2367 5733 2486 5790; x_wconf 79' lang='lat' dir='ltr'><strong>Vid.</strong></span> <span class='ocrx_word' id='word_1_887' title='bbox 2519 5741 2674 5789; x_wconf 88' lang='lat' dir='ltr'><strong>notas</strong></span> <span class='ocrx_word' id='word_1_888' title='bbox 2702 5733 2938 5805; x_wconf 60' lang='lat' dir='ltr'><strong>epistolie</strong></span> <span class='ocrx_word' id='word_1_889' title='bbox 2972 5735 3041 5792; x_wconf 76' lang='lat'><strong>59</strong></span> <span class='ocrx_word' id='word_1_890' title='bbox 3067 5734 3227 5808; x_wconf 90' lang='lat' dir='ltr'><strong>(nunc</strong></span> <span class='ocrx_word' id='word_1_891' title='bbox 3254 5735 3342 5800; x_wconf 68' lang='lat' dir='ltr'><strong>ll)</strong></span> <span class='ocrx_word' id='word_1_892' title='bbox 3372 5729 3439 5788; x_wconf 68' lang='lat' dir='ltr'><strong>&#39;ct</strong></span> <span class='ocrx_word' id='word_1_893' title='bbox 3475 5729 3640 5784; x_wconf 84' lang='lat' dir='ltr'><strong>alibi..</strong></span> 
     </span>
    </p>
   </div>
  </div>
