4012 6188
1189 317 1247 381 Β.
1290 327 1353 382 F.
1414 324 1639 380 ALBINI
1678 323 1809 381 εει]
1849 324 1904 378 Al

2013 324 2126 379 .INI
2178 316 2460 380 OI‘ERL'M
2497 324 2673 379 PARS
2709 322 2748 377 I.
3507 328 3611 385 £63

352 324 458 385 167

345 447 507 493 erunt
533 447 642 494 tres
670 431 884 492 termini
913 431 1171 504 aequales,
1200 433 1476 489 mirabiles
1510 434 1563 488 in
1599 431 1929 504 perfectione
1956 437 2002 493 Α
2032 433 2235 505 angelis
2281 433 2604 489 exaudiatur
2643 443 2700 489 et
2727 450 2758 488 a
2806 434 3023 491 Christo
3053 436 3351 508 accipiatur
3386 452 3616 496 concen-

343 529 579 582 omnium
607 535 998 589 creaturarum,
1028 538 1149 593 quae
1174 538 1204 578 a
1246 522 1421 579 tribus
1446 523 1694 595 personis
1727 523 1784 578 in
1807 522 1927 577 uni-
2029 532 2116 581 tus
2157 524 2468 596 psalmodie
2495 534 2712 581 vestrae.
2751 524 3013 582 Hodestia
3046 538 3235 593 vestra,
3272 526 3431 597 juxta
3470 530 3617 602 Apo-

342 628 508 676 tatem
530 617 816 689 potestatis
845 615 1074 671 conditae
1100 624 1244 671 sunt.

409 710 535 765 limc
558 708 742 780 legens
764 707 1027 778 intelligat
1051 716 1107 762 et
1126 706 1311 761 laudet
1331 705 1680 760 subtilissime
1701 704 1923 775 largito-

339 816 452 857 rem
483 799 781 871 sapientiae,
802 810 858 854 et
880 800 1024 854 vivat
1044 800 1098 853 in
1116 813 1182 853 eo
1206 797 1452 853 feliciter.
1480 796 1668 851 Saluta
1691 796 1920 860 fratres;

333 906 532 964 pueros
559 899 616 948 et
657 889 948 963 perfectos,
979 891 1217 962 legentes
1241 898 1296 945 et
1324 889 1700 960 iutelligentes,
1731 904 1921 943 amau-

334 992 419 1039 tes
443 989 499 1038 et
544 979 965 1047 benefacientes,
1000 980 1273 1035 Christum
1322 979 1562 1035 colentes
1595 986 1649 1031 et
1681 978 1922 1032 charita-

333 1082 441 1131 tem
462 1073 752 1138 habentes;
788 1082 845 1129 et
871 1073 926 1128 hi
958 1087 1147 1127 omnes
1172 1071 1407 1136 valeant,
1438 1070 1673 1139 vigeant,
1696 1067 1923 1123 floreant

326 1166 387 1222 in
423 1164 570 1220 omni
595 1162 925 1235 perfectione
944 1163 1072 1217 vitae
1093 1169 1147 1215 et
1176 1160 1349 1215 laudis
1374 1159 1469 1214 Dei
1495 1158 1845 1213 aaternaliter.

800 1266 825 1295 ⁸
856 1251 1190 1308 EPISTOLA
1224 1250 1450 1306 CXCIV.

387 1366 458 1407 ΔΙ)
492 1360 973 1407 COXGREGATIONEM
1021 1362 1238 1402 SANCTJE
1297 1359 1479 1400 ιιλιιιιε
1522 1362 1591 1400 Εἰ·
1633 1355 1848 1400 PATREI
1912 1365 1920 1374 ‘

955 1432 1301 1473 IOROALDUn.

554 1508 708 1583 Cupit
738 1527 916 1566 eorum
945 1509 1190 1564 societate
1218 1508 1344 1578 frui,
1374 1516 1421 1561 et
1447 1507 1700 1561 amicitia.

398 1605 731 1661 Beatissimae
756 1612 812 1658 et
859 1601 1216 1658 sanctissima:
1243 1600 1337 1654 Dei
1368 1598 1645 1670 genitricis
1671 1610 1911 1666 semper-

329 1711 434 1766 que
458 1694 683 1766 virginis
706 1694 890 1749 Mariae
918 1690 1342 1762 congregationi,
1370 1698 1426 1744 et
1461 1690 1550 1758 pio
1572 1688 1718 1742 Patri
1747 1687 1775 1727 δ
1800 1686 1913 1741 Μο-

326 1754 806 1853 ιῖοιιιάοῗιιιιίιιιιω
853 1754 1057 1841 831161,ζὲ
1096 1782 1354 1839 Ecclesiae
1400 1754 1701 1837 cli—cutellus
1728 1778 1909 1834 Alcui-
1941 1778 1991 1842 Β
2020 1754 2069 1809 Π

325 1893 429 1933 nus
457 1878 510 1932 in
534 1876 734 1932 Christi
763 1875 1029 1931 cbaritate
1057 1873 1305 1929 salutem.

395 1965 605 2036 Saepius
632 1973 826 2020 vestrae
852 1965 1155 2020 sanctitatis
1182 1962 1404 2019 audiens
1437 1961 1636 2018 famam
1658 1996 1673 2026 ,
1701 1970 1757 2017 et
1785 1962 1907 2017 ideo

318 2072 411 2119 me
460 2064 658 2113 vestrae
705 2055 1061 2111 familiaritati
1105 2054 1399 2124 adiungere
1438 2053 1760 2108 desideravi.
1798 2050 1906 2107 Sed

319 2145 485 2202 modo
515 2153 729 2215 tempus
751 2152 1116 2215 Opportunum
1144 2143 1418 2206 occurrit,
1450 2157 1547 2211 per
1582 2149 1904 2211 praesentem

327 2234 546 2289 fratrem
581 2234 794 2289 obnixis
834 2232 1086 2303 precibus
1136 2232 1399 2300 meipsum
1445 2231 1599 2286 vobis
1628 2243 1905 2285 commen-

326 2324 472 2378 tlare.
487 2321 826 2393 Quapropter
849 2336 946 2393 per
972 2330 1170 2377 sanctae
1196 2320 1433 2392 Virginis
1453 2319 1649 2375 Filium
1670 2328 1906 2374 vestram

327 2410 637 2482 suppliciter
661 2411 888 2466 obsecro
911 2409 1322 2464 unanimitatem
1348 2449 1363 2474 ,
1386 2417 1446 2463 ut
1478 2424 1587 2474 me,
1619 2408 1744 2463 licet
1770 2407 1908 2463 indi-

323 2517 512 2573 gnum,
539 2501 736 2556 vestris
764 2500 959 2556 animis
980 2509 1141 2570 atque
1175 2498 1423 2554 manibus
1447 2498 1693 2569 accipere
1722 2498 1907 2569 digne-

323 2591 476 2656 mini,
508 2588 670 2661 207
695 2605 800 2645 non
822 2589 982 2661 quasi
1010 2590 1274 2660 ignotum,
1319 2588 1414 2643 sed
1458 2587 1613 2658 quasi
1657 2585 1902 2642 fratrem.

320 2683 457 2749 Quia
487 2682 614 2737 licet
643 2681 815 2737 oculis
842 2681 1026 2736 carnis
1051 2695 1157 2735 non
1194 2678 1471 2745 vidissem,
1516 2685 1695 2734 tamen
1735 2676 1906 2733 oculis

319 2773 497 2829 cordis
525 2786 622 2827 vos
638 2771 821 2827 videre
844 2770 1052 2837 videor,
1075 2778 1130 2825 et
1156 2769 1309 2825 valde
1329 2769 1523 2841 diligo;
1549 2769 1907 2824 honestatem.

321 2880 426 2936 que
449 2866 575 2920 vitae
601 2874 794 2920 vestrae
823 2865 1005 2918 animo
1034 2861 1362 2932 complector
1391 2862 1652 2926 studioso,
1684 2861 1909 2930 cupiens

316 2967 555 3015 vestram
580 2957 966 3014 beatitudinem
1002 2955 1204 3025 utique
1246 2953 1511 3026 prolicere
1539 2953 1593 3007 in
1626 2951 1855 3007 Domino
1884 2991 1899 3016 ,

317 3056 373 3102 et
401 3048 468 3102 ad
494 3054 767 3117 perpetuae
786 3045 938 3115 pacis
960 3044 1244 3114 pervenire
1267 3043 1525 3099 laetitiam.
1554 3042 1786 3100 Orantes
1806 3057 1907 3112 pro
1939 3092 1942 3096 .

314 3136 496 3204 nobis,
522 3154 623 3195 vos
648 3155 861 3210 semper
889 3139 1064 3194 valete
1090 3138 1143 3193 in
1170 3137 1404 3201 Christo,
1431 3135 1629 3191 fratres
1662 3134 1902 3193 dilectis‘
1928 3124 1975 3186 C

308 3227 443 3282 .simi
466 3226 491 3281 2
830 3273 835 3279 .

785 3307 808 3340 ο
848 3297 1178 3355 EPISTULA
1218 3290 1423 3353 CXCV.

750 3406 818 3447 ιι)
874 3404 1097 3445 ΙΙΑἹἫΕΙ
1149 3404 1220 3443 ΕΤ
1280 3401 1483 3442 FILIAI.

317 3479 580 3537 Hortatur
624 3482 694 3538 ad
756 3483 891 3538 bona
957 3497 1157 3552 opera;
1196 3489 1263 3552 (et
1319 3478 1561 3551 precibus
1614 3489 1797 3534 earum
1846 3492 1902 3533 se

935 3550 1281 3606 commendat.

383 3646 610 3701 Albinus
634 3645 797 3700 matri
822 3652 877 3699 et
903 3642 1026 3697 tiliae
1057 3642 1109 3697 in
1135 3641 1351 3697 Christo
1374 3640 1624 3697 salutem.

386 3724 627 3788 Laetante
662 3734 843 3787 animo
868 3732 1246 3788 salutationem
1271 3731 1453 3803 accepi
1483 3740 1743 3796 vestram,
1774 3744 1899 3803 sup-

314 3825 528 3897 pliciter
569 3825 863 3895 deprecans
896 3833 956 3879 ut
1002 3824 1147 3880 Deus
1183 3823 1433 3879 Christus
1474 3823 1901 3879 misericorditer

315 3917 656 3974 devotionem
700 3916 951 3988 reapiciat
999 3924 1263 3982 vestram;
1296 3915 1475 3986 magis
1501 3914 1781 3986 magisque
1818 3913 1898 3969 faa

316 4009 427 4065 ciat
454 4008 509 4063 in
547 4024 643 4065 sua
672 4007 934 4079 proficere
972 4007 1265 4072 voluntate,
1297 4017 1349 4062 et
1392 4006 1456 4061 ad
1486 4019 1741 4061 coronam
1785 4005 1898 4076 glo-

313 4102 410 4157 ria:
434 4108 670 4157 vestram
704 4100 934 4156 deducat
956 4098 1440 4154 conversationem.
1474 4096 1610 4151 Filia
1637 4096 1707 4152 sit
1735 4095 1894 4150 matri

312 4191 370 4246 in
406 4189 553 4247 omni
574 4191 718 4246 bono
746 4188 1030 4252 obedienc;
1059 4195 1232 4241 mater
1259 4187 1329 4242 sit
1367 4187 1420 4239 in
1458 4186 1629 4241 salute
1658 4184 1779 4240 filiae
1801 4185 1897 4241 de-

2002 616 2246 699 ~stolum,
2276 625 2401 670 nota
2439 616 2507 671 sit
2547 616 2788 671 omnibus
2828 616 3126 672 hominibus
3168 617 3392 689 (Philip.
3418 635 3493 686 tv,
3521 620 3612 694 5);

2023 713 2292 776 quatenus
2321 714 2400 767 et,
2419 720 2659 777 praesens
2701 707 2812 761 vita
2842 706 3148 777 exemplum
3184 707 3256 762 sit
3291 708 3347 762 in
3380 709 3615 768 salutem

2024 800 2225 864 multis,
2256 808 2313 855 et
2343 799 2525 855 futura
2548 815 2648 872 pro
2674 796 2928 855 laudabili
2958 794 3176 870 pietatis
3204 804 3613 862 conversatione

2023 905 2055 944 a
2096 890 2205 944 Deo
2243 899 2650 946 remuneratore
2697 890 2941 946 omnium
2988 891 3253 947 bonorum
3295 893 3607 965 recipiatur.

2022 981 2079 1036 In
2103 980 2208 1036 fine
2236 989 2367 1038 vero
2394 980 2558 1051 huius
2572 982 2830 1038 chartulae
2855 990 3090 1038 vestram
3115 983 3379 1054 deprecor
3399 987 3612 1043 almita-

2024 1081 2153 1136 tem,
2182 1081 2240 1126 ut
2284 1073 2424 1127 inter
2459 1081 2668 1128 vestras
2694 1073 2971 1129 orationes
2998 1074 3105 1128 mel
3142 1076 3379 1132 nominis
3406 1093 3612 1135 memo-

2022 1162 2158 1216 riam
2194 1162 2394 1217 habere
2435 1162 2729 1233 dignemini
2768 1180 2782 1218 :
2830 1172 2883 1218 et
2920 1178 2984 1220 ea
3010 1164 3281 1221 charitate
3308 1167 3441 1222 mihi
3467 1169 3611 1223 salu-

2019 1261 2128 1308 tem
2159 1252 2521 1323 deprecamiui
2551 1263 2866 1324 perpetuam
2885 1295 2900 1319 ,
2931 1269 3036 1325 qua
3063 1271 3160 1311 vos
3186 1271 3282 1327 per
3311 1258 3452 1314 hanc
3488 1261 3607 1330 epi-

2017 1342 2213 1398 stolam
2236 1343 2305 1397 de
2334 1350 2515 1398 vestra
2545 1343 2836 1399 admonere
2864 1345 3075 1411 studui;
3125 1347 3332 1416 hosque
3369 1348 3613 1419 legentes

2018 1435 2200 1505 apices
2226 1434 2282 1490 iu
2311 1434 2532 1491 Christo
2554 1435 2728 1491 valete
2753 1451 2969 1507 semper
2994 1438 3352 1496 charissima.

2474 1567 2500 1608 δ
2540 1568 2877 1626 EPISTOLA
2916 1564 3142 1628 CXCVI.

2510 1678 2576 1715 AD
2605 1678 2874 1717 EUGENIAI
2904 1679 3108 1718 ιιήιΑιι.

2074 1760 2281 1838 artatur
2324 1752 2393 1806 ad
2437 1751 2799 1838 fortitudipem
2849 1755 2925 1835 in.
2963 1752 3420 1838 tribulationibus,
3455 1770 3609 1838 .quas

2085 1825 2199 1947 ipza
2224 1821 2472 1876 innocens
2496 1837 2614 1875 cum
2651 1821 2750 1875 Dei
2792 1824 2952 1877 servis
2977 1823 3177 1893 patitur
3205 1826 3271 1877 ab
3300 1821 3495 1896 iniquis
3527 1844 3607 1882 rei

2085 1910 2134 1947 ot
2175 1909 2254 1947 us.

2083 1910 2254 1964 gibus.

2078 2002 2305 2060 Albinus
2362 2014 2387 2043 θ
2433 2002 2686 2074 Eugeniae
2747 2004 2873 2061 illim
2918 2005 3113 2078 virgini
3162 2000 3493 2063 charissima:
3546 2000 3605 2067 in

2008 2099 2226 2156 Christo
2271 2090 2521 2155 salutem.

2079 2187 2298 2242 Litteris
2323 2187 2630 2243 dilectionis
2667 2198 2861 2246 vestra:
2885 2191 3143 2263 acceptis,
3180 2202 3238 2249 et
3276 2194 3608 2253 dulcissimis

2008 2292 2132 2332 cum
2182 2277 2478 2346 gratiarum
2522 2278 2737 2335 actione
2784 2282 3133 2349 muneribus,
3190 2285 3346 2340 valde
3394 2286 3606 2344 laetatus

2007 2382 2125 2423 sum
2161 2368 2213 2421 in
2256 2366 2360 2422 fide
2402 2374 2458 2422 et
2503 2369 2769 2425 charitate
2811 2381 3015 2427 vestra.
3058 2372 3380 2445 Auditisque
3428 2376 3603 2431 tribu-

2008 2456 2298 2512 lationibus
2344 2472 2479 2526 quas
2530 2473 2636 2513 non
2689 2460 2863 2514 solum
2919 2470 3099 2517 vestra
3150 2464 3456 2519 innocentia
3508 2481 3604 2535 pa-o

2008 2548 2160 2614 titur,
2202 2563 2392 2603 verum
2438 2549 2601 2604 etiam
2642 2566 2782 2621 pene
2823 2553 3001 2607 omnis
3042 2568 3321 2608 servorum
3345 2554 3440 2609 Dei
3466 2555 3602 2610 ιιιιιιο

2011 2639 2180 2693 titudo
2215 2657 2228 2692 :
2255 2640 2381 2709 quia
2415 2655 2570 2711 reges
2599 2642 2877 2697 vobiscum
2909 2644 3123 2715 tyranni
3157 2644 3284 2701 facti
3313 2653 3459 2710 sunt,
3490 2662 3599 2702 non

2006 2739 2282 2797 rectores;
2335 2746 2436 2786 nec
2483 2739 2542 2787 ut
2586 2731 2714 2788 olim
2746 2748 2903 2805 reges
2946 2749 2978 2789 a
3024 2737 3281 2806 regendo,
3314 2736 3407 2792 sed
3455 2753 3485 2792 a
3516 2754 3601 2793 ras

2004 2820 2199 2894 piendo
2237 2824 2509 2879 dicuntur.
2559 2820 2665 2880 Sed
2697 2821 2823 2881 forti
2852 2827 3033 2882 animo
3076 2835 3226 2893 esto;
3272 2829 3451 2883 multae
3475 2839 3599 2885 sunt

2005 2914 2151 2968 enim
2198 2913 2559 2970 tribulationes
2591 2916 2860 2986 justorum
2906 2917 3128 2989 (clamat
3174 2917 3485 2989 Psalmista)
3539 2928 3599 2974 ut

2006 3003 2261 3073 consequi
2298 3003 2501 3070 valeas,
2530 3006 2981 3077 quodsequitur:
3018 3007 3125 3064 Sed
3148 3009 3212 3064 de
3241 3010 3322 3065 his
3357 3011 3596 3065 omnibus

2007 3093 2245 3151 liberabit
2272 3112 2359 3151 eos
2381 3096 2638 3153 Dominus
2669 3095 2861 3170 (Psal.
2894 3115 3089 3167 natu,
3121 3102 3196 3156 20
3220 3101 3261 3175 ).
3312 3103 3376 3157 Et
3415 3101 3600 3158 Domio

2005 3200 2109 3242 nus
2156 3187 2210 3242 in
2247 3187 2535 3258 Evangelio
2575 3198 2592 3241 :
2642 3187 2834 3244 Tradat
2874 3189 3045 3261 frater
3081 3192 3301 3262 fratrem
3343 3193 3400 3247 in
3447 3209 3596 3248 mora

2005 3288 2128 3344 tem,
2157 3288 2263 3334 etc.
2292 3279 2503 3351 (Matth.
2536 3296 2592 3346 ι,
2620 3280 2734 3353 2|).
2781 3281 2887 3338 Sed
2923 3284 2977 3339 in
3003 3282 3258 3355 patientia
3282 3297 3446 3341 vestra
3467 3305 3595 3358 ρος-ι

2004 3367 2237 3423 sidebitis
2276 3372 2480 3425 animas
2511 3382 2702 3427 vestras
2749 3373 2903 3446 (Luc.
2936 3391 3053 3441 ut,
3087 3375 3196 3447 19).
3249 3376 3453 3433 Aurum
3484 3392 3595 3436 non

2004 3458 2350 3529 splendescit,
2379 3461 2482 3515 uisi
2510 3462 2674 3534 208
2702 3464 2824 3534 igne
2849 3466 3131 3535 probetur.
3158 3462 3259 3521 Job
3287 3466 3481 3523 lateret
3503 3483 3599 3525 oc-

2003 3549 2197 3615 cultus,
2231 3550 2337 3606 nisi
2367 3552 2802 3610 tribulationibus
2830 3556 3179 3626 probaretur;
3210 3556 3276 3611 de
3303 3572 3411 3626 quo
3432 3556 3597 3616 Jaco—

2001 3642 2104 3696 bus
2128 3641 2419 3711 apostolus,
2462 3643 2590 3698 dum
2642 3660 2742 3701 nos
2792 3646 2859 3701 ad
2900 3648 3214 3717 patientiam
3252 3648 3587 3718 hortaretur,

2001 3732 2079 3787 ait
2106 3750 2119 3785 :
2146 3731 2247 3786 Job
2272 3733 2514 3799 audistis,
2538 3743 2586 3788 et
2607 3734 2765 3804 ﬁnem
2785 3733 2999 3791 Domitii
3024 3734 3221 3792 vidistis
3241 3737 3381 3809 (Jac.
3398 3753 3450 3802 v,
3474 3739 3586 3810 11).

2003 3822 2293 3878 Tribulatio
2339 3824 2644 3894 patientiam
2697 3832 2963 3897 operatur,
3006 3828 3082 3882 ait
3129 3827 3445 3899 Apostolus,
3493 3847 3590 3900 pa-

1998 3915 2181 3969 tientia
2205 3924 2379 3969 autent
2404 3915 2783 3986 probationem,
2811 3918 3051 3990 probatio
3080 3935 3197 3973 vero
3232 3935 3374 3990 spem
3408 3919 3588 3993 (Rom.

1998 4021 2055 4071 v,
2080 4007 2133 4071 '5,
2159 4006 2235 4078 4).
2254 4006 2480 4074 Qualem
2500 4022 2674 4077 spem,
2691 4009 2792 4065 nisi
2822 4016 3094 4080 perpetuae
3117 4010 3504 4068 beatitudinis?
3530 4009 3591 4067 Si

1999 4099 2347 4169 margaritam
2396 4099 2649 4155 invenisti
2697 4101 3011 4170 pretiosam,
3056 4102 3289 4157 venditis
3336 4102 3590 4158 omnibus

1999 4202 2118 4243 eme
2161 4186 2306 4242 illam
2345 4205 2357 4242 :
2397 4192 2608 4254 teneas,
2652 4205 2753 4245 nec
2782 4189 3020 4247 dimittas
3047 4206 3167 4246 eam
3205 4189 3422 4263 (Matth.
3465 4209 3586 4261 aut,

313 4290 439 4337 vota
471 4292 486 4335 :
530 4290 763 4351 utraque
802 4279 857 4333 in
896 4278 991 4332 Dei
1022 4277 1246 4333 servitio
1286 4291 1502 4347 semper
1533 4275 1806 4342 studiosa,
1839 4276 1894 4330 in
1996 4279 2109 4339 46).
2141 4279 2409 4338 Saeculum
2453 4284 2556 4338 hoc
2594 4283 2649 4338 in
2696 4282 2927 4355 maligno
2955 4292 3031 4338 est
3070 4285 3296 4354 positum
3332 4282 3384 4356 (I
3422 4283 3583 4339 Joan.

312 4373 564 4429 castitate
585 4372 846 4427 facientes
873 4385 993 4440 quae
1019 4376 1145 4425 sunt
1179 4367 1288 4423 Deo
1312 4368 1531 4438 placita.
1556 4365 1896 4436 Subjectam—
1994 4382 2051 4435 v,
2103 4373 2213 4442 19).
2259 4372 2399 4428 Sunt
2447 4374 2694 4429 homines
2727 4374 2932 4443 seipsos
2980 4381 3247 4439 amantes,
3292 4373 3584 4444 Evangelio

311 4480 419 4536 que
437 4464 588 4520 vobis
609 4460 1149 4536 filiam[l’ideturleg.
1167 4457 1448 4532 familiam]
1467 4459 1680 4514 inomni
1704 4459 1896 4514 timore
1924 4474 1972 4535 ι)
1999 4463 2200 4520 Christi
2228 4479 2331 4519 non
2356 4464 2687 4521 ohedientes.
2718 4459 3102 4536 Unusquisque
3130 4464 3269 4519 viam
3299 4464 3586 4521 voluntatis

312 4554 409 4610 Dei
437 4554 688 4621 educate,
717 4555 871 4624 quasi
908 4553 1172 4608 rationem
1199 4551 1489 4607 redditura:
1523 4566 1621 4623 pro
1658 4550 1895 4622 singulo-

312 4660 435 4700 rum
477 4646 776 4701 animabus.
825 4645 1163 4715 Quapropter
1197 4652 1259 4699 ut
1291 4642 1430 4699 illius
1477 4643 1722 4713 filiasque
1771 4658 1894 4698 cum

311 4735 460 4791 omni
489 4735 765 4807 diligentia
801 4750 896 4792 eos
939 4735 1174 4800 erudite,
1214 4742 1277 4789 ut
1320 4748 1427 4789 non
1470 4734 1645 4790 solum
1677 4734 1893 4791 carnale

311 4825 594 4893 solatium,
623 4828 718 4882 sed
753 4827 916 4882 etiam
957 4825 1198 4896 spiritale
1242 4824 1497 4897 gaudium
1544 4824 1745 4880 habere
1779 4838 1893 4880 me-

310 4918 560 4975 reamini.
585 4918 644 4974 ln
671 4933 913 4990 pannoso
940 4931 1178 4989 paupere
1204 4915 1454 4972 Christus
1491 4930 1598 4970 non
1631 4915 1891 4985 despicia-

308 5018 424 5078 tur,
446 5010 541 5067 sed
566 5011 621 5066 in
649 5011 869 5067 domum
890 5010 1209 5075 deducatur,
1238 5008 1484 5063 foveatur
1510 5015 1565 5064 et
1584 5008 1890 5075 reficiatur;

309 5101 437 5171 quia
464 5100 692 5158 refectio
719 5101 873 5173 egeni
905 5101 1051 5157 salus
1075 5106 1160 5155 est
1179 5098 1380 5155 divitis.
1409 5098 1710 5155 Canonicas
1731 5101 1892 5157 horas

310 5193 367 5248 in
407 5192 567 5251 laude
600 5194 780 5250 divina
818 5196 964 5252 omni
1008 5191 1188 5250 studio
1216 5193 1478 5265 peragite,
1520 5202 1787 5263 quatenus
1822 5196 1891 5251 ab

383 5345 409 5373 ι
447 5331 591 5387 Edit.
620 5330 871 5399 Quercet.
899 5332 988 5398 80,
1026 5332 1205 5388 Canis.
1232 5328 1323 5398 45,
1352 5329 1581 5386 Froben.
1616 5329 1735 5385 liii.

381 5420 413 5461 ιι
450 5422 749 5478 Horoaldo.
791 5424 946 5480 Haud
977 5424 1151 5491 dubie
1193 5423 1372 5479 abbati
1410 5418 1680 5477 Farfensis
1720 5422 1891 5477 beatae

313 5489 877 5617 gisgtesmonasterii.
924 5489 1044 5551 Vid.
1091 5494 1289 5550 Mabill.
1344 5495 1462 5549 libr.
1499 5509 1624 5549 xm
1670 5492 1887 5557 Annul.,

380 5664 403 5692 ε
441 5652 583 5727 Edit.
626 5653 876 5727 Quercet.
922 5656 995 5727 55
1034 5670 1099 5727 ex
1142 5671 1254 5727 ms.
1290 5655 1548 5727 (Froben.
1585 5653 1728 5727 illi).
1760 5652 1888 5720 Quae

314 5729 486 5780 mrtcr
510 5724 621 5791 illa,
649 5739 768 5792 quae
795 5724 941 5779 illia?
966 5724 1111 5779 nullo
1140 5724 1338 5780 iudicio
1364 5725 1628 5794 proditur.

2002 4570 2114 4611 sum
2139 4556 2400 4627 graditur,
2432 4571 2540 4611 non
2582 4571 2813 4627 sequens
2853 4572 2998 4623 eum,
3036 4557 3126 4627 qui
3159 4557 3235 4611 ait
3265 4571 3280 4610 :
3318 4555 3431 4628 Ego
3464 4574 3580 4610 sum

2001 4646 2095 4701 lux
2130 4646 2332 4710 mundi,
2358 4646 2446 4718 qui
2473 4647 2707 4719 sequitur
2726 4663 2824 4711 me,
2868 4662 2971 4700 non
2996 4644 3231 4700 ambulat
3254 4646 3310 4700 in
3336 4646 3582 4713 tenebris,

2001 4734 2091 4789 sed
2118 4735 2324 4789 habebit
2360 4734 2534 4789 lumen
2564 4736 2681 4790 vita:
2726 4734 2906 4808 (Joan.
2948 4750 3070 4799 vm,
3116 4733 3223 4806 12).
3261 4734 3395 4789 Item
3427 4753 3440 4788 :
3481 4734 3585 4801 Qui

1999 4825 2105 4882 vult
2128 4836 2241 4898 post
2262 4844 2342 4881 me
2370 4827 2559 4891 venire,
2586 4826 2796 4896 abneget
2827 4826 3178 4896 semetipsum,
3207 4821 3357 4877 tollat
3379 4839 3583 4877 crucem

1997 4934 2148 4973 suam
2175 4929 2221 4971 et
2245 4926 2493 4989 sequatur
2519 4933 2599 4972 me
2626 4913 2838 4991 (Matth.
2876 4928 2986 4980 xvi,
3024 4914 3136 4987 2i).
3185 4914 3331 4970 Crux
3355 4913 3581 4981 tollitur,

1994 5010 2120 5065 dum
2150 5024 2249 5081 per
2289 5008 2605 5078 patientiam
2636 5007 2910 5062 tribulatio
2937 5006 3191 5061 vincitur.
3226 5004 3396 5059 Nemo
3429 5003 3585 5061 miles

1994 5100 2365 5168 coronabitur,
2413 5101 2513 5155 nisi
2545 5101 2634 5171 qui
2664 5099 2891 5171 legitime
2923 5107 3084 5152 certat
3122 5095 3207 5168 (ll
3245 5096 3379 5151 Tim.
3408 5113 3467 5160 ιι,
3501 5094 3580 5169 5).

1993 5191 2252 5262 Legitime
2290 5199 2505 5247 certare
2527 5198 2611 5245 est
2628 5189 2848 5261 virgini,
2878 5197 2931 5242 ut
2959 5188 3028 5242 sit
3055 5196 3237 5242 sancta
3277 5201 3492 5258 corpore
3529 5194 3579 5240 et

2061 5321 2304 5446 (istEid‘i?)
2340 5322 2593 5389 Quercet.
2646 5320 2748 5378 100
2804 5338 2872 5379 ex
2938 5338 3043 5377 ms.
3091 5319 3290 5393 (Apud
3339 5318 3575 5375 Froben.

1994 5401 2154 5448 epist.
2180 5401 2278 5446 147
2289 5401 2326 5448 l.

2026 5393 2402 5534 ρζδῑὶίἒιῗιέἓιῖω.
2426 5459 2557 5534 Quae
2590 5460 2680 5516 illa
2707 5463 2859 5534 virgo
2896 5461 3067 5534 fuerit
3092 5462 3355 5534 ignotum.
3390 5457 3580 5534 Amnglia

1994 5546 2185 5603 cauam
2220 5527 2395 5585 fuisse
2433 5527 2627 5603 colligo
2672 5548 2738 5588 ex
2789 5527 2854 5588 iis
2880 5527 3138 5603 cpistola;
3159 5532 3377 5603 verbis:
3409 5527 3579 5603 Reges

1996 5601 2256 5681 vobiscum
2294 5604 2501 5681 tyranni
2529 5598 2805 5681 factisunt
2828 5621 2847 5669 ;
3020 5603 3087 5681 de
3105 5602 3307 5681 Auglitc
3332 5598 3577 5681 regibus.

1995 5684 2221 5739 quorum
2244 5667 2581 5740 tyrannidem
2610 5667 2869 5728 Alcuinus
2894 5667 2962 5731 'iu
2991 5673 3111 5731 aliis
3139 5667 3301 5731 etiam
3331 5667 3579 5739 epistolis

1995 5750 2230 5810 accusat,
2262 5741 2603 5815 intelligenda
2633 5758 2846 5799 censeo.
