4012 6188
373 272 481 331 tua
1813 250 2191 311 Eptsrous.
3543 255 3677 310 ira,

379 385 554 438 anima
586 377 640 452 (l
665 374 790 432 Cor.
822 390 921 440 vu,
950 370 1064 444 54),
1095 377 1151 426 et
1181 367 1252 424 sit
1289 367 1449 438 digna
1488 363 1704 420 Christo
1733 378 1958 432 sponsa;
1991 368 2043 427 Α
2066 362 2161 418 sed
2190 362 2338 434 larga
2385 370 2566 420 mente
2603 363 2658 417 in
2702 366 2944 421 membra
2989 365 3072 420 sui
3112 365 3418 421 distribuat
3445 369 3650 438 sponsi.

383 480 609 532 cantans
637 464 877 537 quotidie
907 481 920 516 :
949 460 1185 515 Dilectus
1216 474 1360 512 meus
1391 455 1518 509 mihi
1553 465 1601 508 et
1633 470 1724 524 ego
1747 452 1845 518 illi,
1879 452 1970 524 qui
2071 453 2312 510 Geminis
2335 495 2348 518 ,
2382 455 2662 512 charitatis
2700 457 2906 513 scilicet
2948 465 3004 512 et
3033 459 3301 514 castitatis
3330 461 3549 529 pennis,
3585 461 3654 518 ad

385 561 620 636 pascitur
648 557 787 610 inter
811 551 925 606 lilia
955 549 1132 624 (Cant.
1166 565 1226 610 ιι,
1257 544 1376 616 16);
1408 543 1462 599 id
1482 552 1582 608 est,
1608 543 1751 597 inter
1777 540 1973 596 cando-
2073 545 2182 600 alta
2211 545 2472 602 cmlorum
2522 563 2686 617 regna
2737 550 3050 604 transvolet.
3099 549 3210 605 Nec
3257 552 3428 621 virgo,
3477 551 3660 608 carnis

389 633 500 711 rem
530 646 874 720 virginitatis.
905 643 1109 696 Memor
1135 647 1252 694 esto
1278 637 1515 709 virgines
1536 649 1657 690 esse
1683 633 1975 703 prudentes
2075 636 2522 706 concupiscentiae
2553 636 2779 693 vinculis
2808 639 3000 704 libera,
3033 641 3271 696 avaritiae
3297 642 3504 711 laqueis
3525 658 3657 698 cou-

388 753 441 799 ει
485 739 680 794 ἷὸῐιιειδο
731 734 791 789 Si
822 732 1076 800 επιῑίίιιιιιε
1116 727 1287 783 Ῐιοειῖε
1321 727 1374 780 in
1423 734 1474 779 ιθ
1513 725 1652 794 ipsa.
1701 723 1755 778 id
1787 731 1889 787 est.
1922 721 1976 776 in
2078 727 2396 796 stringatur,
2425 727 2519 780 sed
2551 728 2634 782 sui
2667 729 2833 798 ipsius
2859 730 3074 794 victrix,
3109 731 3273 786 etiam
3303 732 3482 787 saaculi
3512 733 3660 803 igna-

387 844 615 902 corpore
654 837 744 882 tuo
789 821 1103 878 teutationis
1140 818 1316 872 locum
1357 832 1462 871 non
1507 813 1730 878 invenit,
1758 812 1979 866 omnino
2079 815 2185 879 via,
2219 815 2498 884 cupiditati
2547 814 2701 887 [Cod.
2762 817 2902 883 Sal.,
2949 819 3499 895 ignavacupiditate]
3552 838 3661 878 non

389 924 631 982 exterius
671 917 884 988 quzerit,
925 912 1194 984 quomodo
1231 909 1395 964 animi
1433 906 1802 962 fortitudinem
1827 919 1983 958 ener-

393 1032 524 1074 vare
550 1016 759 1079 valeat;
803 1010 889 1066 cui
926 1007 1053 1062 forti
1099 1005 1281 1060 animo
1321 999 1684 1057 resistendum
1720 1005 1823 1053 est.
1859 995 1983 1049 Non

391 1119 512 1168 sunt
551 1108 712 1170 enim,
748 1103 824 1156 ait
862 1100 1059 1154 Doctor
1099 1095 1366 1166 egregius,
1397 1091 1669 1160 condigna:
1715 1087 1984 1158 passiones

394 1200 554 1271 hujus
591 1192 835 1264 temporis
859 1189 927 1243 ad
950 1194 1375 1259 superventuram
1396 1180 1640 1253 gloriam,
1655 1195 1772 1250 qua:
1795 1173 1988 1231 revela-

395 1267 534 1347 bitur
550 1290 604 1342 in
626 1285 771 1340 nobis
799 1282 975 1354 (Rom.
992 1295 1110 1343 vm,
1129 1277 1245 1347 18);
1272 1275 1399 1330 dum
1425 1273 1661 1328 revelata
1685 1269 1820 1324 facie
1842 1267 1988 1322 vide-

395 1382 534 1436 bitur
560 1377 701 1431 Deus
725 1374 940 1428 deorum
964 1372 1018 1424 in
1040 1368 1170 1425 Sion
1195 1365 1365 1439 (Psal.
1383 1363 1705 1434 Lxxxm,8).
1723 1361 1790 1415 Et
1817 1360 1985 1428 virgo,

396 1481 702 1540 quocunque
721 1463 857 1526 ierit,
880 1475 1048 1530 agnus
1069 1458 1314 1528 sequitur
1335 1470 1454 1509 eam
1477 1454 1660 1527 (Apoc.
1692 1467 1802 1515 xiv,
1831 1449 1907 1520 4).

659 1575 700 1627 0
727 1575 928 1623 nimium
948 1570 1088 1630 felix,
1108 1571 1184 1620 cui
1209 1581 1304 1618 nec
1329 1566 1514 1616 felicior
1534 1564 1684 1614 ullus.

405 1680 532 1750 Quae
556 1680 717 1734 beata
747 1676 840 1730 Dei
869 1673 1142 1730 Genitrice
1169 1671 1398 1726 ducente
1423 1668 1605 1723 omnia
1646 1672 1853 1721 secreta
1877 1678 1987 1718 co:-

401 1772 551 1828 lestis
589 1767 739 1840 regni
776 1766 979 1820 intrare
1019 1761 1314 1817 merebitur
1339 1758 1655 1829 penetralia.
1685 1756 1804 1812 Non
1831 1763 1990 1810 nocet

404 1861 633 1916 multum
652 1858 796 1929 quod
820 1857 922 1911 iter
944 1854 1202 1924 perﬁcere
1229 1867 1334 1907 non
1355 1851 1570 1906 valuisti
1591 1849 1735 1919 quod
1755 1847 1987 1918 coepisti,

406 1953 516 2008 Deo
544 1949 749 2020 aliquid
787 1946 980 2002 melius
1005 1944 1317 2015 providente
1343 1942 1460 1997 tibi.
1493 1941 1748 2012 Expende
1780 1941 1833 1994 in
1857 1953 1992 2009 pau-

404 2061 594 2119 perum
635 2043 855 2107 solatia,
904 2041 1047 2111 quod
1087 2040 1140 2093 in
1176 2038 1310 2093 tanti
1351 2036 1559 2090 itineris
1591 2034 1849 2089 viaticum
1895 2030 1992 2085 tibi

404 2136 742 2211 praeparasti.
788 2134 865 2188 Da
911 2133 1054 2202 quod
1097 2129 1287 2194 habes,
1337 2136 1397 2182 ut
1438 2126 1686 2196 accipere
1733 2122 1993 2178 merearis

405 2230 549 2301 quod
567 2237 745 2298 optas.
768 2223 974 2279 Habeto
993 2221 1108 2292 ejus
1131 2219 1363 2289 pleniter
1387 2218 1441 2272 in
1468 2215 1632 2271 corde
1649 2214 1991 2278 charitatem,

404 2338 564 2394 quem
611 2318 948 2375 defensorem
986 2314 1082 2370 tibi
1114 2314 1252 2384 petis
1287 2317 1341 2365 in
1372 2308 1737 2364 tribulatione.
1770 2304 1885 2360 Non
1913 2312 1996 2359 est

408 2415 621 2474 diabolo
647 2413 821 2468 facilis
843 2410 1076 2465 vastatio
1103 2405 1378 2468 domicilii,
1411 2403 1466 2458 in
1491 2417 1595 2471 quo
1618 2407 1702 2456 est
1736 2398 1997 2454 habitatio

408 2506 647 2572 Christi;
690 2520 721 2558 a
747 2502 899 2572 cujus
924 2499 1086 2553 latere
1109 2497 1294 2552 cadent
1323 2493 1464 2549 mille
1489 2503 1536 2548 et
1569 2493 1744 2546 decem
1771 2488 1938 2544 millia
1965 2506 1997 2541 a

409 2599 607 2652 dextris
636 2595 753 2666 ejus
780 2591 952 2666 (Psal.
993 2606 1081 2655 xc,
1105 2590 1179 2658 7).
1225 2588 1379 2642 Illum
1421 2585 1622 2640 habeas
1650 2593 1778 2652 opto
1800 2595 1998 2636 conso-

414 2689 645 2743 latorem
686 2685 741 2738 in
775 2682 922 2738 omni
950 2680 1298 2736 tribulatione
1326 2686 1438 2740 tua,
1473 2691 1632 2744 quem
1659 2673 1884 2729 habebis
1916 2687 2000 2726 re-

415 2787 814 2835 muneratorem
840 2773 1002 2830 tutius
1023 2771 1354 2843 ptenitentiae
1377 2777 1500 2823 tum.
1526 2767 1750 2836 Respice
1774 2765 1828 2818 in
1850 2778 1998 2826 eum,

414 2871 506 2940 qui
528 2870 643 2923 ait:
670 2865 949 2936 Conﬁdite,
983 2880 1076 2934 ego
1115 2863 1211 2917 vici
1237 2859 1490 2914 mundum
1521 2857 1702 2929 (Joan.
1733 2870 1848 2920 xvi,
1886 2854 1999 2923 35).

413 2961 562 3016 Illius
589 2967 640 3014 te
665 2967 867 3014 aeterna
904 2953 1144 3026 potestas
1168 2953 1220 3006 in
1244 2950 1391 3006 omni
1417 2948 1760 3003 tribulatione
1785 2945 2004 3000 vincere

415 3050 597 3114 faciat,
620 3057 674 3104 et
693 3047 925 3118 palmam
949 3052 1220 3115 perpetuae
1242 3039 1588 3097 beatitudinis
1608 3037 1852 3107 accipere
1873 3050 2002 3090 con-

414 3147 596 3211 cedat,
620 3145 712 3216 qui
732 3145 808 3198 ait
837 3161 850 3196 :
877 3142 1024 3195 Dabo
1045 3141 1092 3194 ei
1116 3155 1313 3192 manna
1337 3134 1695 3190 absconditum
1720 3131 1904 3204 (Aponi
1938 3147 2002 3196 ιι,

421 3237 532 3308 Π),
572 3234 716 3306 quod
746 3232 924 3288 nullus
951 3232 1119 3296 novit,
1146 3228 1252 3284 nisi
1275 3226 1366 3297 qui
1389 3225 1680 3296 acceperit.
1708 3223 1916 3288 Valete,
1949 3223 2002 3276 in

419 3329 566 3386 omni
595 3328 790 3382 virtute
811 3335 865 3381 et
889 3324 1150 3396 sapientia
1174 3323 1390 3383 ﬂorens,
1419 3319 1742 3375 charissima
1768 3317 1896 3371 ﬁlia.

866 3449 892 3478 α
932 3434 1267 3491 EPISTOLA
1305 3433 1556 3489 CXCVII.

696 3547 762 3585 AD
801 3544 981 3584 rtem:
1020 3541 1338 3584 SPIBI‘I‘ALEM
1381 3524 1712 3598 (succuum).

425 3620 728 3675 Castitatem
755 3636 873 3674 cum
915 3618 1358 3689 eleemosynarum
1386 3617 1627 3688 largitate
1656 3613 2005 3670 commendat.

490 3713 836 3770 Cbarissima:
874 3713 926 3767 in
964 3711 1178 3768 Christo
1205 3711 1328 3766 ﬁlia:
1366 3710 1616 3779 Eugeniae
1654 3709 1878 3764 Albinus
1917 3721 2009 3761 sa-

426 3803 612 3858 lutem.

495 3894 680 3950 Placet
709 3893 839 3948 mihi
866 3893 1060 3964 smpius
1086 3894 1138 3948 in
1162 3893 1344 3962 parvis
1367 3891 1520 3966 [Cod.
1549 3890 1688 3957 Sal.,
1721 3890 1934 3945 tametsi
1956 3889 2011 3944 in

425 3983 635 4056 paucis]
670 3983 884 4048 litteris,
910 3998 1017 4038 non
1049 3990 1229 4037 tamen
1270 3997 1434 4053 parva
1474 3980 1646 4036 oﬁicia
1673 3979 2012 4035 salutationis

426 4087 532 4132 tua:
554 4077 789 4148 dirigere
817 4076 1180 4148 germanitati,
1204 4085 1258 4130 et
1279 4076 1385 4129 tuis
1407 4076 1654 4143 ingerere
1673 4074 2014 4144 cogitationi-

426 4169 528 4224 bus
554 4169 936 4223 admonitionis
970 4184 1104 4223 mem
1128 4208 1143 4233 ,
1175 4167 1258 4222 vel
1297 4165 1674 4238 promissionis
1705 4174 1810 4221 tua:
1855 4163 2010 4237 [Cod.

427 4261 571 4323 Sal.,
600 4259 821 4331 sancire]
864 4259 1170 4314 salutiferas
1199 4257 1529 4321 collationes,
1564 4265 1832 4326 quatenus
1855 4254 2014 4309 nobi-

427 4350 694 4405 lissimum
735 4350 1059 4420 virginitatis
1085 4350 1249 4405 decus
1287 4349 1498 4418 integro
1529 4359 1855 4403 conservare
1893 4360 2014 4401 cor-

425 4457 558 4514 pore
597 4443 830 4508 coneris,
871 4457 1240 4497 rememorans
1278 4441 1563 4512 gloriosam
1588 4437 1849 4493 castitatis
1881 4450 2016 4491 mer-
2044 4413 2090 4472 ί)

426 4535 635 4590 cedem.
676 4533 815 4589 Ecce
842 4535 896 4588 in
919 4533 1072 4588 caelis
1093 4548 1189 4603 per
1210 4547 1399 4601 magna
1423 4531 1610 4586 :eterni
1638 4530 1783 4601 regis
1820 4528 2016 4600 palatia

430 4639 626 4692 agnum
683 4632 989 4693 sequuntur,
1045 4637 1350 4692 quocunque
1387 4620 1505 4673 ierit
1547 4620 1731 4689 (Apoc.
1777 4634 1885 4682 xw,
1936 4619 2012 4688 ὅ).

429 4714 573 4782 Quid
614 4714 714 4767 hac
748 4713 917 4783 gloria
959 4713 1184 4772 beatius,
1227 4709 1312 4764 vel
1335 4710 1439 4763 hac
1470 4708 1798 4764 beatitudine
1820 4707 2019 4779 glorio-

431 4804 582 4860 sius?
606 4802 705 4860 Ubi
733 4812 940 4857 natura:
962 4800 1117 4874 [Cod.
1149 4798 1290 4863 Sal.,
1333 4797 1548 4870 natura]
1575 4799 1752 4852 vietor
1773 4799 2016 4854 omnium

433 4895 704 4952 conditori
729 4902 1101 4950 creaturarum
1125 4891 1545 4946 consociabitur.

505 4985 670 5056 209
705 4983 814 5040 Nec
843 4985 998 5040 labor
1025 4981 1372 5053 quotidianus
1393 4983 1682 5048 deterreat,
1710 4997 1870 5052 quem
1895 4996 2018 5050 spes

437 5089 600 5136 tanta:
638 5080 1089 5135 remunerationis
1116 5077 1500 5134 consolabitur.
1542 5078 1840 5132 Paucorum
1868 5077 2020 5131 labor

435 5170 646 5225 dierum
673 5171 894 5225 :eternis
919 5171 1355 5225 remunerabitur
1395 5167 1652 5239 praemiis.
1701 5166 1783 5221 Sit
1807 5179 2020 5236 quoque

437 5260 721 5329 virginitas
747 5261 1208 5331 eleemosynarum
1250 5261 1497 5332 largitate
1531 5258 1754 5322 fertilis,
1787 5274 1886 5313 nec
1917 5257 2018 5312 sibi

440 5352 672 5407 caducas
725 5351 1036 5408 divitiarum
1077 5369 1237 5424 gazas
1277 5353 1432 5408 avida
1467 5358 1756 5424 congregct
1808 5364 2016 5404 manu:

512 5493 540 5522 ι
581 5481 722 5552 Edit.
771 5482 1022 5552 Quercet.
1070 5485 1159 5550 Μ,
1205 5485 1384 5540 Canis.
1433 5486 1501 5540 57
1528 5485 1722 5540 collata
1749 5501 1870 5541 cum
1898 5483 2016 5540 cod.

443 5551 1436 5637 tus;§a.lisb.(AputLFrobetr.heﬁpist.
1473 5555 1612 5637 148.)

446 5618 932 5767 ἓνὲῑμῇοῖ.8άῖι.
968 5625 1220 5693 Quercet.
1258 5618 1327 5681 89
1350 5641 1414 5680 ex
1446 5641 1546 5680 ms.
1579 5625 1753 5698 (Apud
1788 5625 2018 5682 Froben.

2081 912 2397 966 succumbat
2444 929 2457 964 :
2505 911 2600 966 sed
2629 911 2732 968 sibi
2770 913 3155 969 misericordiae
3191 916 3464 984 operibus,
3509 919 3665 987 quasi

2085 1003 2250 1058 ramis
2311 1003 2651 1068 virentibus,
2705 1004 2760 1057 in
2805 1019 2987 1059 arcem
3041 1006 3280 1060 ctelestis
3328 1007 3664 1063 Hierusalem

2086 1095 2226 1148 viam
2274 1102 2480 1149 sternat
2499 1135 2513 1159 ,
2546 1094 2637 1148 ubi
2677 1093 2926 1150 laudibus
2954 1105 3177 1166 excepta
3205 1097 3461 1167 angelicis
3487 1101 3669 1169 magni

2087 1185 2427 1254 imperatoris
2452 1184 2744 1240 thalamum
2769 1195 2971 1241 (eterna
2996 1187 3370 1242 inlrodueatur
3396 1188 3607 1244 lautitia;

2162 1275 2232 1331 Ut
2256 1276 2360 1332 hoc
2385 1276 2502 1331 ﬁeri
2534 1275 2722 1340 valeat,
2757 1277 2978 1348 vigilare
3003 1278 3164 1333 debet
3197 1279 3358 1348 hujus
3383 1279 3673 1349 inquisitor
3697 1302 3700 1306 ’

2093 1370 2417 1438 margaritae,
2444 1384 2551 1423 non
2597 1370 2806 1426 inertia:
2851 1371 3070 1441 sopitus
3103 1386 3292 1426 somno
3334 1371 3629 1427 dormitare
3659 1394 3670 1426 :

2094 1464 2202 1518 imo
2225 1462 2419 1531 smpius
2444 1462 2778 1518 orationibus
2809 1464 3088 1518 nocturnis
3116 1462 3202 1518 vel
3231 1464 3437 1518 diurnis
3461 1466 3683 1534 pulsare

2087 1553 2283 1622 jauuas
2312 1561 2583 1623 perpetua:
2618 1553 2882 1618 civitatis;
2926 1561 2980 1608 et
3011 1552 3235 1608 veniens
3267 1561 3484 1622 apertas
3519 1555 3676 1610 inve-

2096 1645 2238 1708 niet,
2282 1659 2418 1712 quas
2462 1643 2690 1711 quisque
2733 1645 2800 1698 ab
2842 1645 2946 1699 hoc
2997 1644 3200 1700 carnali
3247 1659 3467 1700 carcere
3513 1646 3685 1700 dedu-

2023 1717 2064 1776 Β
2093 1745 2244 1801 ctus,
2297 1737 2522 1791 nimium
2567 1737 2770 1791 intrare
2817 1738 3034 1807 cupiet;
3097 1739 3242 1807 quod
3290 1747 3418 1794 ante
3469 1755 3678 1794 summa

2090 1826 2366 1898 diligentia
2419 1827 2715 1895 praevidere
2765 1826 2925 1882 debet
2953 1867 2968 1893 ,
3018 1835 3080 1881 ut
3122 1835 3308 1897 portas
3361 1837 3490 1884 tunc
3531 1830 3681 1884 inve—

2090 1918 2206 1972 niat
2249 1925 2496 1986 patentes
2517 1956 2532 1981 ,
2562 1915 2940 1986 angelicosque
2976 1917 3172 1972 choros
3197 1918 3555 1988 suscipientes
3580 1920 3678 1973 oh-

2091 2011 2196 2064 viis
2224 2009 2473 2064 manibus
2509 2008 2744 2063 animam
2778 2009 2847 2064 ad
2885 2008 3257 2066 deducendum
3284 2008 3346 2064 in
3371 2009 3680 2065 cubiculum

2095 2102 2237 2173 regis
2263 2101 2484 2157 aeternis
2521 2099 3074 2168 fruituramgaudiis;
3107 2111 3534 2170 perpetuumque
3563 2100 3681 2154 lano

2094 2193 2177 2248 dis
2197 2205 2419 2247 carmen
2440 2188 2747 2245 decantabit
2761 2188 2827 2242 in
2842 2191 3129 2258 praesentia
3152 2189 3236 2243 sui
3259 2188 3442 2258 sponsi
3465 2189 3648 2244 dicens
3670 2207 3681 2240 :

2095 2281 2343 2347 Benedic,
2367 2282 2548 2336 anima
2583 2297 2721 2346 mea,
2739 2278 3035 2334 .Dominum
3061 2288 3109 2332 et
3135 2278 3310 2333 omnia
3338 2295 3494 2349 opera
3525 2277 3639 2348 ejus
3668 2294 3684 2331 :

2095 2375 2152 2428 in
2196 2373 2337 2427 omni
2376 2371 2492 2426 loco
2528 2372 2902 2426 dominationis
2941 2372 3076 2442 ejus,
3120 2371 3331 2425 benedic
3358 2372 3536 2424 anima
3570 2387 3685 2425 mea

2099 2464 2379 2518 Dominum
2429 2462 2602 2534 (Psal.
2633 2478 2728 2526 cu,
2775 2462 2798 2515 1
2837 2472 2884 2515 et
2915 2461 3028 2530 9.2).
3062 2461 3258 2528 Vivas,
3283 2459 3479 2515 valeas.
3502 2469 3557 2516 ct
3583 2458 3682 2515 tto-

2099 2569 2240 2620 reas,
2269 2554 2424 2622 virgo
2452 2553 2805 2613 nobilissima,
2832 2551 2886 2606 iu
2913 2550 3150 2607 Christo.

2552 2688 2580 2728 ι)
2619 2685 2954 2742 EPISTOLA
2991 2685 3239 2743 CXCVIII

2512 2795 2580 2834 ΛΟ
2638 2795 2960 2834 HUNDRUDEM
3021 2795 3256 2834 ΓΕΜΙΝΔΜ

2104 2894 2369 2967 Hortatur
2424 2895 2492 2967 ad
2549 2895 2870 2967 deuotionem
2923 2905 2970 2950 et
3034 2895 3188 2949 vitam
3241 2896 3589 2967 cxemplarem
3636 2898 3691 2950 in

2139 2965 2336 3037 palatio
2364 2966 2517 3037 regis.
2551 2965 2789 3020 Salutem
2816 2975 3060 3036 precatur
3084 2967 3295 3036 regitur,
3323 2976 3368 3020 et
3391 2965 3658 3037 'ngrido-

2027 3058 2076 3122 (ἶ
2180 3076 2292 3130 Deo
2336 3075 2542 3131 devota:
2586 3073 2800 3130 femina:
2847 3081 2869 3113 ε
2929 3073 3234 3129 llundrudaz
3281 3073 3538 3129 Alcainus
3576 3059 3696 3130 dia-

2107 3183 2275 3224 conus
2305 3165 2555 3222 salutem.

2178 3259 2530 3330 Benignitatis
2563 3265 2665 3312 tum
2691 3257 3068 3314 salutationem
3111 3267 3166 3313 et
3207 3256 3520 3312 munuscula
3561 3273 3686 3329 gra-

2111 3360 2285 3407 tanter
2325 3349 2542 3419 accepi;
2593 3349 2644 3402 iu
2697 3349 2892 3418 quibus
2941 3357 2993 3403 te
3039 3349 3230 3421 agnovi
3284 3347 3512 3404 conditte
3562 3347 3692 3402 olim

2108 3441 2360 3498 amicitiae
2406 3442 2604 3496 bonam
2652 3439 2928 3494 abundare
2983 3437 3186 3510 [Forte,
3219 3437 3438 3509 habere]
3482 3452 3690 3492 memo-

2110 3533 2277 3597 riam;
2330 3531 2560 3587 credens
2588 3543 2802 3598 quoque
2845 3537 2994 3581 tuam
3035 3527 3286 3582 similiter
3312 3542 3418 3581 non
3446 3526 3690 3582 oblivisci

2108 3622 2466 3692 prudentiam,
2502 3618 2734 3688 qualiter
2759 3617 2972 3672 devotio
3002 3632 3120 3671 mea
3151 3625 3203 3672 te
3224 3614 3334 3687 jam
3368 3625 3690 3688 praesentem

2111 3715 2177 3770 de
2198 3711 2465 3768 charitate
2493 3708 2718 3774 Christi,
2748 3715 2800 3763 et
2842 3708 3122 3763 honestate
3142 3711 3264 3764 vitae
3287 3709 3694 3782 diligentissimo

2113 3804 2411 3860 admonuit.
2461 3800 2585 3857 ldeo
2633 3817 2740 3855 non
2786 3816 2922 3870 opus
2952 3817 3071 3856 esse
3098 3803 3353 3869 arbitror,
3389 3803 3572 3858 multis
3603 3802 3695 3856 illa

2111 3895 2370 3951 reiterare
2409 3893 2780 3956 sermonibus,
2815 3893 2910 3947 sed
2936 3893 3122 3962 paucis
3160 3894 3448 3962 deposcere
3485 3895 3696 3948 litteru-

2115 3989 2220 4053 lis;
2272 3995 2330 4042 ut
2357 3986 2504 4041 omni
2547 3985 2681 4040 hora
2712 3985 2795 4039 vel
2845 3993 3118 4040 momento
3148 3984 3263 4039 dies
3299 3985 3352 4038 in
3392 3994 3571 4041 mente
3599 3986 3694 4040 ha-

2113 4081 2243 4135 beas
2273 4086 2524 4142 aeternos,
2578 4084 2632 4132 et
2675 4089 2946 4146 praepares
2984 4082 3038 4130 te
3079 4076 3133 4129 in
3177 4091 3450 4130 occursum
3488 4074 3699 4130 Domini

2113 4173 2212 4227 Dei
2241 4172 2317 4226 tui
2348 4170 2528 4244 (Amos
2572 4185 2645 4234 Iv,
2692 4169 2803 4239 ω),
2833 4175 2889 4223 ut
2924 4168 3040 4224 sine
3069 4167 3264 4223 timore
3299 4166 3483 4222 videre
3519 4167 3701 4224 valeas

2113 4261 2352 4319 Judicem
2380 4262 2504 4316 vitae
2532 4269 2637 4316 tute
2655 4301 2670 4327 ,
2700 4274 2861 4330 quem
2887 4257 3000 4316 to'ta
3029 4259 3226 4314 virtute
3255 4258 3488 4314 dilexisti
3519 4259 3571 4313 in
3600 4275 3704 4329 pe-

2114 4359 2263 4408 ctore
2294 4362 2406 4407 tuo.
2438 4351 2522 4406 Sit
2547 4351 2804 4422 cogitatio
2835 4358 2921 4405 tua
2962 4351 3015 4404 in
3057 4351 3346 4420 prmsentia
3375 4351 3494 4417 Dei,
3524 4351 3579 4406 in
3609 4367 3697 4408 so-

2116 4443 2343 4498 brietate
2369 4444 2510 4506 vitaz,
2544 4449 2598 4496 et
2624 4455 2802 4495 sermo
2831 4448 2955 4495 tuus
2986 4439 3040 4494 in
3068 4440 3330 4496 modestia
3356 4441 3621 4508 veritatis,
3645 4449 3702 4496 et

2117 4547 2279 4602 opera
2321 4540 2412 4586 tua
2444 4533 2498 4586 in
2530 4531 2795 4587 castitatis
2836 4533 3141 4598 honestate,
3187 4539 3248 4586 ut
3286 4533 3546 4604 exemplis
3595 4533 3702 4589 tuis

2117 4623 2571 4679 adolescentiores
2613 4622 2960 4688 erudiantur,
3013 4623 3255 4678 seniores
3304 4624 3698 4695 congaudeant,

2117 4733 2304 4772 omnes
2328 4717 2680 4781 tediﬁcentur,
2716 4722 2774 4770 ut
2800 4716 2853 4770 in
2881 4715 3079 4787 palatio
3109 4716 3253 4786 regis
3284 4715 3546 4786 regularis
3575 4714 3700 4768 vita:

2117 4807 2330 4864 devotio
2392 4809 2444 4862 in
2509 4817 2598 4862 tua
2644 4806 2890 4862 videatur
2943 4807 3373 4862 conversatione.
3422 4805 3699 4872 Quatenus

2118 4899 2313 4955 summi
2344 4899 2488 4969 regis
2531 4900 2703 4968 pietas
2745 4898 2799 4952 in
2841 4897 2990 4953 omni
3029 4906 3083 4953 te
3111 4898 3378 4953 custodiat
3420 4895 3698 4966 prosperi-

2119 4999 2249 5056 tate,
2295 4998 2348 5044 et
2392 4990 2446 5044 in
2475 4990 2631 5045 bonis
2658 4990 2914 5060 operibus
2942 5003 3114 5060 usque
3143 4988 3208 5044 ad
3241 4989 3402 5044 ﬁnem
3427 4989 3550 5043 vitae
3575 5001 3701 5058 per-

2119 5088 2472 5143 severantem,
2503 5090 2705 5136 aeterna
2731 5089 2785 5135 te
2811 5082 3146 5136 remunerari
3171 5081 3336 5151 gloria
3361 5081 3627 5152 dignetur.

2193 5172 2374 5226 Saluta
2397 5213 2411 5238 ,
2438 5173 2683 5237 obsecro,
2712 5172 2965 5228 domnam
2996 5173 3237 5242 reginam
3272 5188 3338 5228 ex
3362 5187 3495 5227 mea:
3519 5170 3699 5242 parvi-

2121 5261 2247 5316 tatis
2279 5262 2515 5316 nomine.
2563 5260 2913 5330 Scripsissem
2941 5261 3340 5317 exhortatorias
3366 5260 3443 5316 illi
3467 5260 3701 5327 litteras,

2123 5352 2168 5406 si
2215 5351 2293 5406 illi
2337 5359 2558 5421 propter
2610 5351 2992 5422 occupationes
3039 5353 3185 5424 regis
3232 5351 3446 5426 [Forte,
3502 5351 3700 5426 regias]

2197 5493 2228 5554 αθ
2262 5480 2592 5554 Hnndrudte.
2618 5481 2926 5554 Alllatronam
2952 5483 3302 5554 Anglicanam
3333 5491 3492 5541 vocat
3520 5483 3708 5540 Mabil—

2123 5552 2421 5622 loniusilib.
2451 5567 2577 5606 xxvi
2606 5552 2797 5607 Annal.
2828 5569 2977 5609 num.
3016 5552 3102 5609 η.
3139 5556 3269 5622 Qua:
3297 5554 3470 5610 instar
3493 5555 3703 5609 monia-

2127 5624 2258 5678 lium
2292 5621 2608 5698 feminarum
2636 5623 2809 5698 velata
2835 5623 2888 5698 in
2909 5624 3109 5695 palatio
3137 5621 3276 5698 regis
3301 5626 3430 5683 Otl'ae
3456 5625 3722 5695 degebat,..

2129 5703 2185 5748 ut
2210 5708 2274 5748 ex
2301 5693 2646 5764 sequentibus
2669 5692 2860 5766 conjici
2886 5692 3078 5767 potest.
