4012 6188
400 316 497 370 ΠΙ

1255 300 1314 372 ιι.
1356 304 1417 373 F.
1457 319 1683 375 ALBlNl
1722 319 1851 377 seu
1881 304 2155 379 ALCUINI
2192 316 2471 383 orsnuu
2509 310 2687 385 PARS
2722 329 2763 384 ι.

3547 322 3654 395 112

401 449 553 491 meos
581 434 760 504 apices
785 434 961 504 legere
986 433 1244 489 licuisset.
1290 433 1438 491 Sciat
1462 441 1638 491 tamen
1668 436 1974 493 certissime
2001 443 2049 500 Δ
2077 455 2193 497 suo.
2228 442 2381 498 Scire
2403 445 2596 500 debent
2626 439 2833 515 praelaii
2861 446 3001 516 quod
3031 454 3233 518 quanto
3261 447 3382 519 plus
3412 449 3660 508 laborant

401 527 503 581 sibi
527 541 740 596 quoque
779 524 1026 589 dominre,
1076 536 1334 595 quantum
1378 526 1549 594 valeo,
1590 528 1801 584 ﬁdelem
1829 531 1968 585 esse.

402 616 604 673 Tamen
664 623 872 687 gestum
921 625 1007 672 est
1058 617 1127 673 de
1180 620 1512 675 monasterio
1564 630 1590 661 ι
1648 621 1971 688 lnmcrcum,

400 710 541 763 sicut
582 707 651 762 de
695 706 909 762 illorum
964 723 1071 763 non
1101 709 1312 778 speravi
1354 710 1614 766 bonitate.
1647 710 1872 767 Faciant
1908 713 1974 769 de

399 814 505 862 me,
533 798 672 854 sicut
702 798 806 854 illis
834 799 1061 869 placeat.
1090 798 1225 855 Nam
1250 799 1382 856 ﬁdes
1405 815 1524 857 mea
1554 801 1694 870 apud
1720 802 1839 857 illos
1865 806 1973 859 no‘n

398 891 706 957 violabitur,
769 893 997 948 credens
1051 901 1199 948 tanto
1260 892 1512 949 meliores
1569 892 1767 949 habere
1820 894 1971 960 illos,

397 988 656 1048 quantum
695 980 947 1035 meliores
976 989 1102 1035 sunt
1147 982 1355 1037 meritis
1381 990 1437 1037 et
1473 982 1753 1054 dignitate.
1790 982 1975 1038 Omni-

396 1083 589 1143 potens
613 1083 813 1131 aeterna
840 1077 1170 1146 protectio'ne
1192 1091 1286 1131 eos
1308 1077 1508 1143 ubique
1529 1077 1814 1142 custodiat,
1844 1093 1971 1148 pro-

401 1176 545 1238 tegat
581 1175 636 1223 et
675 1176 827 1239 regat
853 1182 976 1223 cum
1014 1169 1264 1223 omnibus
1292 1167 1537 1223 ﬁdelibus
1566 1169 1697 1223 suis.
1735 1169 1763 1208 ι)
1798 1167 1973 1240 ngri-

399 1258 528 1311 dum
555 1256 724 1312 ﬁlium
763 1273 942 1313 meum
974 1258 1256 1329 diligenter
1281 1258 1474 1313 saluta.
1509 1258 1669 1329 Opto,
1696 1266 1757 1314 ut
1788 1259 1977 1314 ﬂoreat

399 1348 454 1402 in
475 1346 750 1403 voluntate
768 1348 884 1413 Dei,
904 1355 959 1403 et
977 1349 1337 1418 prosperitate
1348 1349 1530 1406 multis
1552 1349 1778 1406 feliciter
1798 1349 1974 1405 annis.

398 1436 590 1493 Valete
615 1451 848 1507 semper,
881 1437 1190 1494 dulcissima
1215 1451 1391 1494 soror.

865 1565 888 1594 ο
929 1546 1261 1610 EPISTOLA
1298 1543 1527 1610 CXCl’X.

503 1640 569 1679 an
605 1639 961 1681 solum“
999 1641 1250 1682 rauci.“
1288 1637 1413 1689 nsi,
1455 1630 1585 1679 oui
1621 1628 1876 1679 seclusi.

704 1715 925 1770 Instruit
953 1716 1163 1787 optimis
1190 1716 1304 1770 vita
1330 1713 1673 1768 documentis.

2077 538 2131 592 in
2159 537 2331 593 salute
2354 537 2717 610 subiectorum
2750 555 2995 607 suorum,
3024 536 3173 596 tanto
3200 541 3462 611 majorem
3501 551 3664 603 acce-

2075 629 2218 698 pturi
2247 637 2406 684 erunt
2439 628 2694 700 gloriam,
2740 631 2950 688 dicente
2989 631 3041 686 in
3086 630 3174 689 die
3205 631 3397 701 ju'dicii
3427 622 3659 694 Domino

2076 714 2187 774 Deo
2208 718 2313 773 illis
2340 734 2355 773 :
2384 717 2551 790 Euge.
2580 734 2718 775 serve
2740 720 2868 775 bene
2893 726 2942 776 et
2961 720 3152 790 ﬁdelis,
3168 712 3293 793 quia
3312 723 3468 794 super
3484 726 3658 795 pauca

2075 805 2225 876 fuis.’i
2250 808 2444 879 ﬁdelis,
2467 809 2625 879 supra
2655 806 2819 863 inulla
2848 804 2899 864 te“
2919 810 3253 874 constituam,
3281 811 3423 866 intra
3450 812 3503 867 in
3524 812 3656 884 gad-

2076 900 2221 954 dium
2241 898 2452 954 Domini
2477 901 2553 953 tui
2577 897 2792 971 (Μαιειι.
2815 916 2941 966 xxv,
2966 895 3057 965 ει,
3085 888 3200 970 2'5).
3232 900 3374 969 Quid
3396 902 3501 958 h’ac
3522 905 3655 960 vocs

2070 990 2391 1062 jucundius?
2415 990 2544 1061 quid
2570 991 2674 1045 hoc
2692 984 2877 1045 auditu
2906 989 3159 1046 beatius?

2147 1081 2297 1136 lianc
2321 1078 2532 1153 [Suppl.
2569 1077 2651 1152 ut]
2687 1093 2875 1135 vocem
2905 1079 3092 1135 audire
3127 1081 3410 1147 merearis,
3452 1082 3661 1141 charis-

2077 1172 2213 1228 sima
2261 1185 2436 1235 soror,
2457 1169 2605 1225 omni
2649 1168 2906 1225 instantia
2958 1168 3057 1225 tibi
3106 1170 3378 1242 subjectos
3426 1173 3655 1239 instrue,

2077 1261 2258 1317 verbis
2282 1258 2532 1325 admone,
2579 1258 2839 1329 exemplis
2866 1258 3019 1315 crudi
3045 1273 3061 1313 :
3102 1261 3226 1329 quia
3262 1260 3475 1316 illorum
3506 1263 3659 1318 salus

2078 1359 2171 1404 tua
2200 1357 2282 1405 cst
2304 1348 2684 1404 remuneratio.
2713 1344 2832 1403 Noli
2862 1354 3085 1419 propter
3124 1349 3356 1404 hominis
3394 1360 3657 1407 terrorem

2079 1448 2285 1513 tacere,
2316 1446 2408 1502 sed
2435 1453 2655 1516 propter
2685 1443 2782 1500 Dei
2805 1458 3042 1500 amorem
3076 1444 3317 1515 loquere.
3346 1445 3538 1515 Argue,
3569 1446 3655 1500 in-

2078 1541 2254 1607 crepa,
2303 1535 2512 1590 obsecra
2559 1531 2649 1607 (II
2694 1533 2828 1588 Tim.
2870 1549 2943 1599 iv,
2979 1532 3077 1607 2);
3138 1534 3349 1605 publice
3389 1546 3658 1607 peccantes

2078 1626 2255 1700 palam
2300 1628 2517 1698 castiga,
2567 1636 2626 1680 ut
2672 1627 2847 1681 celeri
2892 1627 3130 1681 timorem
3171 1627 3395 1681 habeant
3433 1626 3487 1696 (I
3518 1625 3657 1681 Tim.-

2087 1729 2137 1783 v,
2159 1717 2285 1784 20);
2313 1716 2448 1771 alios
2472 1716 2525 1771 in
2562 1715 2751 1786 spiritu
2779 1715 3208 1771 mansuetudinis
3231 1714 3490 1781 admone;
3520 1715 3657 1771 alias

468 1808 837 1864 Dilectissimae
875 1809 929 1863 in
969 1784 1185 1864 Christo
1208 1807 1384 1863 sorori
1403 1806 1431 1847 ἀ
1461 1805 1790 1874 Ᾰὲᾶίῐιιιγάω
1814 1796 1979 1861 matri
2010 1784 2058 1846 θ’
2081 1809 2136 1865 in
2176 1809 2326 1879 virga
2368 1784 2627 1878 pastorali
2677 1806 2889 1878 corripe
2912 1846 2927 1870 ,
2972 1805 3255 1876 diligenter
3310 1805 3658 1861 considerans

397 1900 617 1957 humilis
643 1901 802 1956 levita
821 1900 1080 1955 Alcuiuus
1104 1900 1353 1957 salutent.

474 1992 676 2047 Vestra:
709 1990 1055 2062 benignitatis
1089 1998 1316 2046 munera
1352 1992 1629 2060 gratanter
1654 1989 1972 2060 suscipiens,

395 2090 591 2138 vestra:
615 2082 924 2138 dilectionis
942 2081 1257 2137 sahtatoria
1285 2080 1447 2135 verba
1470 2080 1702 2135 libenter
1728 2080 1975 2145 audiens,

399 2173 575 2228 fateor
620 2188 811 2243 magna
852 2181 937 2227 me
972 2173 1252 2228 dulcedine
1294 2186 1415 2227 esse
1450 2172 1723 2242 gavisam,-
1769 2182 1974 2242 cogno-

398 2277 555 2316 scens
584 2261 793 2317 ﬁdelem
822 2263 879 2317 in
906 2270 1088 2317 ve‘stro
1112 2269 1333 2331 pectore
1356 2262 1719 2330 permansisse
1743 2262 1977 2317 charita-

399 2359 507 2406 tem
532 2392 548 2417 ,
578 2366 740 2422 quam
768 2368 867 2408 nec
896 2360 1163 2407 terrarum
1192 2352 1560 2423 longinquitas
1585 2353 1976 2423 interrumpere

397 2444 614 2512 poterit,
657 2458 756 2499 nec
789 2443 1055 2516 ﬁuctiva'gi
1096 2447 1270 2501 mbris
1295 2453 1457 2500 aestus
1483 2444 1794 2514 procellosis
1819 2445 1977 2501 undis

397 2537 629 2591 obruere
664 2537 832 2602 valet,
855 2546 967 2607 quo
1007 2537 1185 2593 minus
1221 2538 1288 2593 ad
1324 2552 1411 2593 me
1446 2552 1617 2608 usque
1651 2536 1977 2593 beneﬁciosa

399 2626 764 2684 muniﬁcentia
784 2626 1137 2697 pervolasset.
1164 2628 1319 2684 Sicut
1338 2628 1534 2699 legitur
1561 2645 1575 2681 :
1612 2628 1775 2699 Aqua:
1797 2627 1975 2682 multa

398 2735 503 2773 non
546 2726 822 2790 potuerunt
868 2719 1197 2790 exstinguere
1234 2719 1557 2783 charitatem,
1614 2735 1707 2773 nec
1754 2720 1975 2792 ﬂwnina

396 2810 614 2865 obruent
642 2807 790 2865 illam
818 2806 992 2882 (Cant.
1019 2824 1139 2876 vm,
1180 2809 1255 2881 7).
1290 2809 1457 2879 igitur
1475 2808 1713 2866 charitas
1740 2825 1859 2880 qua:
1883 2809 1977 2866 de—

397 2902 505 2956 seri
529 2908 726 2973 potcst,
749 2917 1022 2971 nunquam
1053 2916 1180 2956 vera
1209 2900 1329 2955 fuit.
1374 2900 1459 2956 Nil
1483 2901 1732 2958 homines
1766 2902 1839 2956 ita
1863 2901 1977 2958 Deo

397 2993 830 3067 appropinquare
851 2991 978 3048 facit
1002 3033 1019 3060 ,
1047 2992 1187 3049 sient
1211 2991 1471 3051 citat-itis.
1504 2980 1613 3058 Qui‘
1636 2993 1693 3047 in
1725 2991 1976 3046 charitate

397 3087 591 3153 manet,
637 3089 691 3141 in
737 3074 846 3141 Deo
896 3094 1089 3151 manet,
1134 3074 1274 3140 sicut
1325 3071 1455 3140 dicit
1502 3074 1799 3155 Scriptura,
1847 3083 1971 3153 quia

396 3181 544 3237 Deus“
571 3178 799 3234 charilas
825 3187 899 3233 est
925 3177 977 3250 (I
1006 3178 1167 3232 Joan.
1200 3193 1276 3243 iv,
1319 3169 1426 3248 16).
1466 3176 1543 3230 De
1576 3190 1679 3245 qua
1709 3176 1824 3244 ipse
1853 3168 1972 3229 Sal-

393 3283 555 3329 vator
578 3273 652 3328 ait
686 3290 699 3327 :
734 3270 800 3327 In
828 3272 909 3326 his
933 3270 1135 3324 duobus
1156 3268 1425 3341 pra’ccptis
1466 3276 1575 3321 tota
1605 3264 1688 3321 (ea:
1710 3266 1894 3337 pendet
1922 3274 1972 3319 et

394 3363 659 3438 praphetw
682 3348 894 3433 (Matth.
925 3377 1035 3414 χχιι
1061 3401 1077 3426 ,
1113 3357 1227 3429 40),
1258 3358 1310 3413 id
1334 3364 1445 3420 est,
1479 3357 1533 3410 in
1575 3356 1840 3438 cbaritate
1876 3354 1971 3409 Dei

397 3435 453 3515 et
484 3435 737 3528 proximi.
775 3452 879 3508 Per
902 3442 1221 3507 cbaritatem
1247 3447 1476 3519 proximi
1514 3446 1581 3501 ad
1607 3447 1700 3502 Dei
1732 3435 1973 3501 dilectio-

398 3563 520 3602 nem
550 3545 878 3616 pervenitur.
926 3536 1065 3596 Dicit
1084 3539 1226 3595 enim
1253 3536 1485 3594 Joannes
1505 3534 1831 3607 evangelista
1861 3553 1874 3587 :
1909 3533 1971 3589 Si

396 3638 819 3709 fratrem,un
869 3632 1027 3697 rides,
1079 3648 1182 3686 non
1236 3628 1432 3701 diligis,
1474 3627 1731 3701 quomodo
1779 3627 1966 3693 Deum,

394 3744 545 3797 quem
569 3734 676 3780 non
703 3725 858 3790 vides,
902 3721 1115 3794 diligere
1141 3726 1284 3795 potes
1313 3719 1365 3791 (1
1386 3719 1546 3775 Joan.
1576 3735 1650 3786 iV,
1692 3717 1823 3790 20)?
1865 3717 1970 3773 Sed

397 3819 633 3874 fraterna
668 3818 908 3873 charitas
953 3802 1007 3871 in
1047 3805 1414 3872 admonitione
1450 3804 1677 3886 Spirita'li
1705 3821 1758 3867 et
1794 3812 1845 3867 in
1885 3828 1971 3867 so-

393 3900 525 3966 latio
545 3908 790 3965 smcnlari
812 3896 1139 3985 ostendenda
1164 3915 1268 3962 est.
1294 3895 1444 3961 Sicut
1467 3905 1610 3961 enim
1635 3919 1830 3975 corpus
1848 3902 1969 3985 cibo

394 4000 672 4073 pascitur,
725 3999 801 4054 ita
845 3983 1023 4054 anima
1068 3998 1239 4053 sacris
1289 3994 1551 4053 doctrinis
1608 3995 1791 4049 alitur.
1842 3983 1967 4047 ideo

392 4093 680 4163 utrum‘qu'c
718 4087 898 4147 facere
927 4090 1087 4146 debet
1111 4090 1200 4159 qui
1224 4086 1401 4159 potest
1430 4103 1444 4142 :
1491 4095 1545 4142 et
1571 4084 1792 4158 pauperi
1820 4084 1966 4155 larga

389 4186 665 4261 porrigere
686 4187 848 4241 manu
878 4182 1023 4257 quod
1045 4183 1268 4253 indiget,
1291 4190 1347 4239 et
1373 4182 1700 4237 esurientem
1730 4181 1964 4261 animam

390 4258 668 4337 salutifera
710 4262 1075 4333 admonitione
1115 4265 1338 4335 reﬁcere
1370 4290 1384 4329 :
1434 4272 1667 4328 maxime
1699 4258 1791 4341 qui
1828 4285 1967 4342 pra:-

388 4377 516 4430 sunt
557 4362 679 4427 aliis
720 4370 773 4426 ei
818 4366 1107 4423 multorum
1134 4381 1320 4423 curam
1359 4357 1559 4421 habere
1591 4354 1856 4420 videntur.
1887 4361 1965 4417 De

2075 1900 2203 1972 quid
2245 1899 2332 1956 cui
2366 1898 2669 1955 conveniat.
2720 1896 2949 1964 Quidam
2999 1896 3184 1966 itaque
3212 1895 3430 1968 maligni
3479 1896 3656 1951 morbi

2074 2007 2172 2062 per
2201 1990 2395 2053 dulcia,
2418 1990 2636 2059 quidam
2663 2001 2763 2058 per
2786 2001 2973 2042 amara
2994 1994 3252 2042 sanantur
3272 1985 3480 2056 pocula.
3505 1984 3657 2040 Anus

2075 2092 2133 2138 et
2177 2096 2335 2138 senes
2371 2079 2532 2150 quasi
2581 2086 2784 2134 matres
2824 2086 2882 2133 et
2925 2085 3110 2148 patres
3157 2078 3391 2142 honora;
3429 2077 3657 2147 juvenes

2075 2174 2226 2245 quasi
2252 2171 2454 2228 fratres
2477 2180 2534 2227 et
2573 2186 2793 2228 sorores
2817 2171 3006 2244 dilige;
3043 2171 3280 2227 minores
3312 2179 3474 2226 astate
3498 2170 3659 2242 quasi

2076 2268 2215 2322 ﬁlios
2258 2266 2500 2335 ﬁliasque
2545 2264 2722 2330 crudi,
2766 2272 2822 2319 et
2861 2265 3107 2320 omnium
3140 2279 3324 2319 curam
3367 2263 3568 2318 habeto
3599 2262 3659 2319 in

2075 2356 2289 2413 Christo
2310 2396 2326 2422 ,
2373 2364 2435 2411 ut
2482 2355 2728 2412 omnium
2767 2355 3070 2410 mercedem
3115 2354 3316 2409 habeas
3368 2368 3400 2407 a
3440 2352 3659 2408 Christo

2077 2450 2130 2522 (Ι
2163 2449 2297 2503 Tim.
2328 2465 2381 2514 v,
2412 2450 2471 2516 1,
2498 2448 2577 2520 3).
2614 2446 2813 2503 Fidelis
2834 2461 2970 2502 vero
3007 2447 3345 2516 dispensator
3370 2444 3656 2515 pecuniam

2078 2542 2289 2597 Domini
2340 2541 2449 2606 sui,
2488 2540 2540 2595 id
2577 2547 2680 2603 est,
2724 2538 2934 2593 animas
2974 2538 3078 2593 sibi
3114 2537 3431 2593 commissas
3457 2548 3659 2605 augere

2075 2632 2289 2688 studeat
2313 2646 2408 2701 per
2430 2630 2783 2699 diligentiam,
2815 2644 2922 2684 non
2948 2629 3192 2683 minuere
3217 2642 3315 2697 per
3335 2625 3651 2697 pigritiam;

2076 2725 2200 2798 quia
2229 2737 2420 2781 servus
2452 2722 2626 2779 bonus
2651 2720 2997 2777 coronabitur
3023 2733 3055 2774 a
3083 2719 3310 2774 Domino
3334 2731 3450 2782 suo,
3482 2713 3659 2771 malus

2074 2830 2203 2871 vero
2257 2815 2414 2885 211
2463 2812 2807 2868 damnabitur
2830 2850 2846 2876 ,
2900 2812 3041 2866 sicut
3101 2810 3154 2864 in
3205 2806 3495 2877 Evangelia
3545 2803 3656 2862 dici

2074 2922 2103 2961 a
2157 2906 2458 2977 legentibus
2502 2903 2725 2974 intelligi
2762 2911 2957 2972 potest.
3004 2900 3084 2956 Tu
3131 2916 3260 2955 vero
3301 2899 3488 2956 labora
3518 2896 3646 2951 dili-

2073 2996 2387 3069 gentissime
2426 2995 2482 3049 in
2510 3008 2673 3065 opere
2709 2993 2827 3058 Dei,
2857 3000 2918 3047 ut
2959 2992 3369 3047 retributionem
3401 3001 3654 3059 magnam

2075 3086 2308 3155 accipias
2331 3085 2384 3139 in
2407 3100 2575 3155 regno
2595 3084 2708 3138 Dei.
2738 3084 3104 3153 Eleemosynae
3127 3091 3232 3138 tua:
3258 3081 3565 3152 praecedant
3598 3087 3653 3135 te

2074 3185 2129 3232 et
2157 3177 2301 3231 viam
2327 3175 2429 3230 tibi
2457 3173 2676 3229 faciant.
2719 3172 2942 3228 Munera
2979 3175 3118 3227 enim
3144 3173 3366 3228 dilatant
3398 3172 3534 3228 siam
3558 3172 3655 3226 ho—

2073 3268 2251 3331 minis,
2295 3275 2343 3320 et
2390 3265 2616 3337 spatium
2657 3263 2709 3318 ei
2745 3273 2865 3318 ante
2911 3264 3195 3334 principem
3234 3262 3433 3332 faciunt
3463 3259 3650 3331 (Prov.

2072 3372 2228 3421 xviii,
2259 3355 2369 3427 16).
2414 3353 2657 3426 Hospites
2699 3361 2748 3408 et
2785 3353 3045 3423 peregrini
3084 3368 3267 3407 sumas
3297 3353 3355 3407 in
3386 3352 3483 3405 hac
3508 3361 3652 3407 terra

2073 3447 2258 3519 (Hebr.
2289 3464 2363 3511 ιιι,
2404 3445 2515 3518 i3).
2547 3444 2732 3500 Patria
2778 3451 2962 3499 nostra
3004 3443 3060 3499 in
3101 3443 3240 3500 ctelo
3265 3450 3366 3496 est.
3419 3440 3535 3497 Non
3565 3451 3653 3495 est

2070 3540 2269 3596 bonum
2301 3535 2611 3591 transitoria
2633 3535 2874 3605 diligere,
2917 3542 2974 3589 et
3006 3533 3328 3604 sempiterna
3350 3531 3643 3602 negligere.

2071 3626 2448 3698 Unusquisque
2473 3627 2612 3681 sicut
2635 3624 2969 3694 operabitur,
2993 3622 3073 3678 sic
3095 3622 3320 3692 accipiet
3340 3636 3370 3674 a
3395 3621 3504 3676 Deo
3520 3635 3645 3684 suo,

2070 3719 2159 3790 qui
2197 3716 2373 3773 reddet
2422 3716 2699 3787 unicuique
2740 3712 3022 3769 secundum
3070 3727 3225 3783 opera
3277 3727 3371 3765 sua
3418 3707 3639 3781 (Matth.

2071 3813 2179 3874 Xvn
2219 3808 2332 3879 27)

2145 3910 2345 3983 Vigilirc
2362 3918 2417 3965 et
2443 3909 2715 3966 orationes
2736 3908 2831 3964 tibi
2856 3909 2964 3965 sint
2997 3906 3318 3978 frequentes,
3330 3912 3386 3959 et
3408 3901 3652 3975 psalmo-

2067 4003 2155 4060 dia
2201 4003 2256 4057 in
2285 4016 2399 4067 ore,
2427 4017 2537 4057 non
2578 4001 2883 4071 vaniloquia
2930 4001 2985 4055 in
3035 3999 3236 4070 lingua.
3283 3995 3389 4052 Sed
3427 3992 3649 4050 dilectio

2067 4093 2163 4149 Dei
2203 4094 2257 4148 in
2289 4093 2470 4159 corde,
2500 4100 2555 4146 et
2583 4108 2690 4147 non
2717 4091 2941 4147 ambitio
2969 4090 3150 4146 saeculi
3176 4090 3231 4144 in
3258 4095 3456 4143 mente.
3500 4085 3645 4139 Prae—

2069 4184 2196 4239 terit
2234 4185 2378 4239 enim
2413 4182 2673 4254 quidquid
2711 4190 2922 4239 amatur
2966 4183 3021 4237 in
3068 4172 3268 4236 mundo
3308 4197 3322 4232 :
3366 4180 3647 4248 permanet

2064 4272 2324 4346 quidquid
2378 4274 2617 4346 diligitur
2669 4274 2725 4329 in
2783 4272 3021 4329 Christo.
3084 4270 3338 4327 Veientes
3397 4268 3645 4324 nolentes

2065 4365 2255 4420 aeterni
2276 4366 2497 4421 erimus.
2527 4364 2683 4421 Omni
2721 4364 3016 4420 intentione
3060 4363 3394 4426 studeamus,
3420 4368 3481 4415 ut
3506 4358 3639 4414 ﬁde-

389 4467 493 4522 boc
521 4462 759 4520 studiose
776 4449 1001 4533 vigilare
1022 4456 1229 4535 [Fort'e,
1256 4448 1440 4536 vigila]
1468 4472 1567 4529 pro
1590 4456 1813 4530 singulis
1839 4456 1957 4512 ani-
1990 4474 2038 4536 ι)
2065 4452 2192 4510 liter
2226 4454 2492 4521 vivamus,
2521 4455 2613 4509 ubi
2642 4468 2854 4536 semper
2888 4452 3131 4509 mansuri
3166 4451 3386 4506 erimus.
3414 4447 3640 4503 Sanctoa

391 4556 605 4621 mabus,
633 4553 786 4624 quasi
815 4550 1076 4608 rationem
1121 4535 1429 4606 redditurus
1451 4564 1549 4620 pro
1571 4539 1650 4603 eis
1685 4547 1741 4602 in
1766 4536 1853 4603 die
1874 4546 1963 4616 ju-

387 4643 536 4700 dicii.
589 4633 689 4711 Qui
742 4632 1072 4714 negligenter
1118 4630 1377 4698 talentum
1431 4637 1610 4696 servat
1661 4642 1960 4710 acceptum,

387 4749 604 4809 pmnam
645 4733 882 4804 patietur
923 4734 1035 4789 suae
1080 4718 1418 4804 negligentia:
1466 4725 1817 4803 condignam;
1870 4729 1963 4800 qui

386 4832 519 4884 vero
566 4826 886 4898 multiplicat
929 4819 1213 4898 diligenter
1270 4812 1553 4897 pecuniam
1604 4812 1960 4887 Dominicam,

384 4924 636 4995 magnam
671 4927 992 4991 accepturus
1035 4917 1138 4974 erit
1182 4903 1484 4972 mercedem
1525 4931 1555 4969 a
1594 4906 1820 4970 Domino
1851 4915 1961 4971 Deo

453 5065 485 5097 ι
523 5051 846 5109 Monasterio
867 5051 1187 5107 Inmercum.
1219 5050 1334 5105 lioc
1360 5048 1749 5104 monasterium
1790 5063 1821 5103 a
1868 5058 1961 5104 ne-

384 5125 528 5181 mine
557 5122 829 5190 proditur;
856 5123 954 5177 abs
982 5122 1145 5177 dubio
1171 5120 1225 5175 in
1248 5118 1438 5190 A‘uglia
1468 5119 1835 5189 quaerendum.

454 5196 482 5236 ιι
521 5180 828 5318 Exliridum.’
873 5189 1003 5274 Oﬁ'fe
1039 5191 1196 5274 .regis
1249 5180 1569 5270 Merciorum
1618 5190 1819 5255 lilium,
1891 5188 1960 5245 ad

455 5279 540 5318 em
638 5277 829 5318 cuinus
862 5269 1080 5318 scrmsnt
1104 5260 1384 5318 epistolam
1410 5258 1500 5313 50.

380 5270 540 5335 Quem
570 5269 829 5318 Alcuinus
862 5269 1080 5389 serias)“
1104 5269 1384 5333 epistolam
1410 5269 1500 5313 δυ.

391 5346 477 5402 me
509 5333 652 5388 Edit.
687 5332 938 5400 Quercet.
1073 5347 1139 5388 ex
1184 5346 1286 5387 ms.
1312 5328 1474 5402 (apud
1518 5329 1752 5386 Froben.
1794 5332 1954 5402 epist.

378 5400 830 5544 ἶωίῖἳεάῆιζῂῃάω
873 5474 1051 5528 matri.
1101 5422 1435 5544 Dubiuscst
1477 5466 1841 5544 Mabiilonius,
1887 5488 1957 5526 an

379 5541 496 5612 lituo
520 5541 593 5597 sit
613 5541 840 5607 Alfrida,
866 5558 963 5599 seu
989 5544 1270 5600 Ethedrita
1295 5541 1428 5598 Oliie
1454 5542 1595 5612 regis
1633 5541 1955 5612 Merciorum

381 5609 489 5685 tilia
505 5648 523 5676 ,
550 5625 713 5685 quam
737 5612 1052 5685 Ethelredus
1079 5614 1230 5685 regni
1269 5609 1621 5685 Orientalium
1635 5610 1954 5685 Anglorum

379 5683 556 5739 lucres
578 5680 860 5752 coniugem
884 5682 1086 5752 habere
1112 5680 1316 5746 volens,
1343 5682 1600 5752 palatium
1625 5680 1955 5752 Oﬁaa‘acccs.

382 5754 475 5819 ιιι,
516 5751 591 5811 ibi
621 5751 758 5807 vero
789 5751 990 5821 perﬁde
1018 5752 1192 5820 capite
1230 5751 1513 5808 truncatus
1538 5752 1650 5805 est?
1676 5751 1790 5822 (lib.
1824 5766 1947 5806 xxvi

2065 4561 2185 4600 rum
2210 4543 2529 4601 festivitates
2552 4559 2677 4601 cum
2698 4534 2855 4601 laude
2882 4543 3081 4608 divina,
3107 4550 3161 4599 et
3182 4555 3473 4614 pauperum
3500 4538 3637 4595 eice-

2064 4652 2287 4709 mosyna
2309 4635 2619 4707 frequenter
2645 4637 2869 4701 honora,
2883 4642 3148 4705 quatenus
3170 4647 3355 4689 eorum
3378 4629 3641 4686 merearis

2064 4726 2448 4784 intercessione
2508 4726 2723 4782 illorum
2777 4740 2896 4782 esse
2946 4724 3218 4795 particeps
3266 4720 3637 4787 beatitudinis.

2063 4810 2184 4878 Sint
2220 4820 2319 4877 tibi
2356 4834 2638 4876 sermones
2672 4819 2903 4874 veritate
2947 4816 3272 4882 laudabiles;
3318 4815 3430 4869 sint
3458 4828 3640 4869 mores

2061 4914 2352 4971 sobrietate
2376 4920 2434 4969 et
2450 4911 2714 4968 modestia
2735 4909 3021 4976 amabiles;
3052 4908 3162 4965 sint
3184 4922 3375 4963 manus
3392 4906 3639 4978 largitate

2058 5054 2252 5122 Annal.
2284 5074 2433 5121 num.
2462 5066 2550 5133 29,
2573 5066 2692 5122 Act.
2722 5060 2822 5123 SS.
2855 5081 2979 5120 saec.
3008 5079 3082 5127 iv,
3106 5068 3245 5134 part.
3272 5078 3310 5124 ι,
3342 5075 3470 5134 pag1
3476 5057 3633 5134 ἔδει).

2057 5138 2311 5193 Alfordus
2331 5138 2471 5210 hanc
2494 5129 2646 5210 putat
2664 5135 2840 5210 fuisse
2863 5129 3238 5210 Etheldri'taip,
3261 5129 3636 5210 quam-West-

2056 5198 2510 5263 monasteriensis'
2528 5205 2904 5262 Etheidredam
2933 5213 3118 5268 vocat,
3154 5198 3471 5256 Ethélvvaldi
3500 5198 3572 5253 Νι
3583 5213 3646 5253 r-

2058 5278 2348 5333 thumbrire
2396 5275 2538 5345 regis
2570 5290 2847 5345 (uxorem,
2893 5275 2959 5329 de
3009 5289 3120 5345 qua
3167 5270 3635 5345 llov'edenu§__ait_:

2062 5365 2084 5400 ι
2116 5346 2272 5401 Anno
2295 5345 2399 5400 762
2423 5336 2787 5414 Ethelwaldus
2821 5336 2915 5414 rex
2945 5336 3152 5414 accepit
3182 5341 3423 5412 reginam
3451 5336 3637 5414 Ethel-

2056 5415 2254 5471 dritam
2311 5413 2577 5469 Kalendas
2624 5413 2940 5469 Novembris
2986 5413 3042 5467 in
3067 5405 3360 5468 cataracta.
3385 5428 3402 5459 ι
3435 5405 3634 5462 Annal.

2056 5484 2456 5556 Anglo:_Saxon.
2489 5483 2566 5556 ad
2586 5484 2734 5556 illum
2761 5499 2960 5539 annum
2984 5499 3040 5537 ιι.
3066 5483 3090 5538 l
3120 5490 3176 5556 et
3200 5496 3316 5550 seq.
3338 5478 3498 5556 Certe
3524 5490 3639 5556 ma-

2057 5544 2175 5625 gna}?
2222 5553 2367 5625 illam
2402 5551 2621 5609 familiae
2661 5553 2900 5625 virorum
2930 5560 2997 5625 ac
3031 5544 3315 5625 mulierum
3356 5544 3643 5625 praefuisse

2057 5613 2122 5678 3x
2156 5630 2304 5694 textu
2334 5621 2518 5692 liquet,
2563 5622 2805 5694 reginam
2835 5639 2938 5680 non
2988 5624 3147 5688 item;
3180 5621 3283 5677 nisi
3330 5613 3395 5674 οὶ
3443 5613 3642 5672 inseri:-

2056 5694 2236 5763 ptione
2265 5692 2604 5760 Qucrcclani.
2636 5692 2649 5694 “
3006 5715 3011 5720 ·
