4012 6188
323 323 426 390 173

1770 319 2145 388 armatas.

3493 340 3598 396 iii

322 444 667 509 honorabiles
694 465 708 500 :
734 443 804 502 sit
850 443 1014 500 totius
1060 443 1184 501 vitae
1233 444 1572 500 conversatio
1602 445 1907 515 esemplum
1937 454 1982 508 Α
2011 445 2133 520 20);
2164 447 2260 503 sed
2301 448 2535 518 majores
2575 457 2698 506 sunt
2734 451 3128 510 consolatiOnes
3153 444 3373 512 Christi.
3405 458 3596 531 inquo

325 547 377 600 in
407 543 552 598 omni
591 541 833 596 bonitate
859 539 999 603 aliis,
1029 548 1089 592 ut
1129 539 1360 609 dignitas
1382 553 1624 608 personae
1656 547 1762 593 tum
1790 539 1904 592 lau-

325 629 482 688 detur
525 631 592 685 ab
627 628 897 690 omnibus,
931 637 1142 681 ametur
1186 643 1218 681 a
1263 627 1505 696 pluribus
1532 669 1546 691 ,
1587 636 1640 682 et
1683 644 1782 698 per
1810 625 1908 697 (te)

328 725 422 781 Dei
467 737 662 778 nomen
711 719 1060 792 gloriﬁeetur,
1097 719 1210 789 ipsa
1253 719 1464 773 dicente
1509 719 1747 773 Veritatc
1776 735 1789 770 :
1818 718 1908 773 Sic

326 817 493 870 luceat
536 813 630 867 lus:
663 825 831 866 vestra
867 827 1042 864 coram
1069 810 1380 872 hominibus,
1417 818 1471 862 ut
1503 809 1709 863 videant
1753 825 1909 879 opera

325 912 492 962 r‘estra
519 905 672 968 bona,
698 909 746 956 et
769 901 1057 973 gloriﬁcent
1085 900 1293 954 Patrem
1316 910 1539 954 vestrum
1569 901 1658 971 qui
1683 901 1738 954 in
1769 899 1908 954 caelis

324 1006 399 1050 est
435 989 649 1067 (Matth.
685 990 739 1055 ἢ,
767 990 874 1063 16).
903 989 1153 1060 Magnum
1187 990 1446 1044 habemus
1475 987 1710 1054 Patrem,
1739 989 1908 1042 Deum

325 1087 532 1142 scilicet
572 1083 1013 1152 omnipotentem.
1080 1078 1250 1146 Quam
1298 1079 1490 1134 nobilis
1535 1079 1589 1132 in
1643 1078 1906 1142 moribus,

325 1195 485 1250 quam
543 1175 816 1231 modestus
859 1173 914 1227 in
951 1171 1148 1236 verbis,
1180 1185 1341 1240 quam
1397 1179 1577 1226 castus
1617 1170 1668 1223 in
1708 1170 1905 1234 corde,

324 1288 485 1343 quam
525 1269 832 1324 misericors
856 1265 1106 1320 omnibus
1133 1263 1290 1318 debet
1315 1277 1436 1317 esse
1465 1260 1605 1316 [ilius
1636 1261 1762 1325 Dei,
1792 1261 1906 1331 ipso

324 1363 668 1438 praecipiente
691 1378 703 1413 :
732 1357 910 1412 Estote
934 1355 1314 1418 misericordes,
1339 1355 1469 1406 sicut
1493 1360 1541 1404 et
1565 1350 1728 1404 Pater
1749 1360 1908 1404 vester

326 1454 540 1510 celestis
585 1451 878 1505 misericors
906 1456 977 1500 est
1011 1444 1162 1517 (an.
1190 1460 1266 1509 vr,
1299 1441 1410 1512 56).
1435 1441 1713 1496 imitemur
1737 1455 1906 1509 quan-

325 1549 438 1601 tum
466 1543 765 1615 poterimus
791 1538 930 1592 illius
957 1537 1271 1600 bonitatem,
1296 1541 1355 1587 ut
1384 1537 1643 1588 aeternam
1672 1532 1906 1586 beatitus-

324 1635 502 1690 dinem
532 1647 653 1686 cum
683 1629 772 1684 illo
798 1628 996 1682 habere
1025 1639 1331 1680 mereamur
1357 1643 1368 1678 :
1395 1625 1471 1678 ait
1502 1623 1646 1678 enim
1674 1639 1778 1678 non
1821 1638 1906 1679 so-

2007 537 2164 591 debet
2189 538 2350 593 homo
2375 541 2650 595 saecularis
2686 542 2896 597 miserae
2916 553 3111 599 eventu
3141 549 3472 614 contristari,
3499 551 3595 621 qui

2010 624 2210 681 fontem
2237 627 2404 683 totius
2433 629 2834 696 consolationis,
2865 631 2918 685 id
2945 641 3047 697 est,
3074 634 3349 690 Christum
3386 639 3595 694 habita-

2008 727 2180 773 torem
2222 720 2460 790 possidet
2504 721 2556 773 in
2593 724 2844 790 pectore?
2883 723 2994 779 lmo
3037 727 3210 796 magis
3249 729 3591 798 gaudendum

2007 819 2092 866 est
2132 812 2186 864 in
2215 812 2652 866 tribulationibus
2681 823 2899 883 propter
2929 831 3077 885 spem
3121 827 3335 874 aeternae
3360 822 3590 878 beatitu-

2009 901 2168 965 dinis,
2184 902 2396 957 dicente
2415 903 2696 970 Apostolo:
2718 904 2821 957 Per
2841 905 3032 960 multas
3055 907 3414 965 tribulationes
3438 929 3590 982 opor-

2007 1003 2077 1048 tet
2109 1011 2202 1048 nos
2232 996 2429 1049 intrare
2463 996 2520 1048 in
2565 1012 2780 1066 regnum
2824 996 2920 1050 Dei
2949 995 3085 1069 (Act.
3115 1016 3227 1064 xw,
3257 1002 3368 1072 ‘21).
3407 1004 3541 1059 Item
3571 1025 3584 1059 :

2008 1083 2269 1153 Flagellat
2301 1084 2439 1139 Deus
2466 1101 2668 1139 omnem
2690 1084 2858 1153 ﬁlium
2887 1103 3038 1156 quem
3063 1091 3239 1159 recipit
3273 1090 3459 1163 (Hebr.-
3477 1110 3585 1157 xu,

2008 1172 2082 1244 6).
2118 1173 2249 1228 Item
2279 1176 2344 1228 de
2375 1174 2628 1243 apostolis
2656 1174 2850 1245 legitur
2875 1193 2887 1228 τ
2914 1174 3070 1230 Ibant
3098 1188 3270 1231 autem
3302 1181 3584 1248 gaudentes

2007 1265 2225 1336 apostoli
2274 1283 2306 1319 a
2352 1275 2627 1336 conspectu
2678 1265 2904 1330 concilii,
2942 1270 3190 1338 quoniam
3233 1270 3380 1341 digni
3423 1266 3589 1326 habiti

2004 1364 2125 1408 sunt
2153 1371 2246 1424 pro
2274 1356 2479 1409 nomine
2507 1356 2634 1410 Jesu
2665 1357 3031 1411 contumeliam
3073 1360 3182 1428 pati
3206 1359 3343 1431 (Act.
3377 1378 3432 1428 ν,
3472 1363 3584 1435 41).

2007 1444 2158 1499 Sciat
2199 1445 2414 1500 dilectio
2455 1453 2546 1500 tua
2570 1447 2695 1516 quia
2727 1445 2869 1501 ﬁlius
2896 1456 3019 1502 tuus
3047 1450 3304 1519 spiritalis
3332 1452 3588 1513 Dominus

2003 1535 2161 1592 .lesus
2206 1553 2312 1592 non
2362 1545 2448 1593 est
2492 1539 2767 1604 mortalis;
2814 1539 2968 1606 vivit,
2992 1543 3144 1606 vivit,
3172 1552 3228 1596 et
3273 1544 3328 1598 in
3365 1544 3586 1599 dextera

2006 1626 2100 1680 Dei
2145 1627 2321 1682 Patris
2353 1628 2486 1682 vivit
2527 1637 2581 1683 et
2618 1638 2825 1700 regnat.
2867 1629 2990 1685 ideo
3025 1631 3092 1685 de
3127 1633 3327 1686 carnali
3370 1633 3463 1687 lilii
3507 1636 3585 1690 tui

325 1722 434 1776 lum
477 1719 750 1790 apestolis,
785 1717 879 1772 sed
921 1717 1084 1769 etiam
1123 1722 1178 1769 et
1207 1715 1396 1769 nobis:
1428 1712 1733 1784 Exemplum
1762 1715 1899 1768 enim
1935 1789 1964 1795 Α
2003 1724 2178 1770 morte
2203 1731 2309 1771 non
2334 1718 2701 1784 contristeris;
2736 1720 2844 1774 imo
2875 1722 3046 1792 magis
3078 1737 3176 1776 nec
3202 1723 3266 1778 de
3296 1725 3372 1778 tui
3401 1741 3587 1795 corpo-

324 1813 442 1867 tledi
469 1789 632 1874 vobis,
655 1816 710 1862 ut
737 1805 1175 1879 quemadmodum
1197 1822 1290 1875 ego
1321 1806 1420 1874 feci
1451 1804 1610 1870 vobis,
1636 1807 1710 1858 ita
1737 1814 1784 1859 et
1813 1822 1899 1860 vos
1933 1789 1976 1851 Β
2005 1807 2080 1861 ris
2094 1807 2356 1880 ahso(sic)
2383 1811 2506 1864 :sed
2521 1809 2703 1863 labora
2721 1789 3586 1879 omnibusihorisetmomentis,ut

327 1904 532 1958 "aciatis
563 1901 742 1973 (loan.
776 1916 891 1961 xm,
928 1897 1033 1970 15).
1081 1898 1211 1953 item
1239 1912 1252 1951 :
1280 1898 1382 1964 Qui
1413 1899 1647 1968 sequitur
1688 1915 1768 1952 me
1799 1915 1902 1953 non

323 1992 553 2048 ambulat
598 1993 651 2046 in
698 1990 952 2053 tenebris,
983 1988 1074 2042 sed
1112 1989 1315 2042 habebit
1357 1987 1533 2042 lumen
1567 1989 1686 2042 vita:
1716 1989 1898 2058 (Joan.

321 2101 448 2149 vui,
485 2083 592 2157 12).
647 2081 785 2148 Quid
834 2081 1076 2150 superbit
1123 2080 1282 2135 homo
1331 2081 1386 2133 in
1431 2080 1613 2134 saeculi
1663 2080 1902 2135 divitiis?

321 2177 556 2232 Christus
578 2191 778 2246 pauper
798 2174 968 2243 factus
1003 2183 1077 2228 est
1102 2190 1196 2245 pro
1222 2173 1366 2227 nobis
1397 2171 1482 2245 (Il
1517 2172 1639 2226 Cor.
1667 2189 1784 2236 vm,
1819 2174 1897 2245 9),

319 2279 375 2324 ut
399 2283 494 2340 per
528 2267 672 2322 illius
694 2273 1084 2336 paupertatem,
1117 2280 1278 2335 quam
1303 2279 1400 2335 pro
1427 2264 1582 2319 nobis
1609 2265 1816 2334 accepit
1845 2265 1899 2320 in

321 2371 484 2430 terra,
515 2378 615 2417 nos
651 2363 845 2416 divites
885 2377 1125 2417 essemus
1170 2362 1224 2416 in
1264 2360 1422 2417 ccelo.
1467 2361 1586 2416 Cito
1623 2362 1765 2416 enim
1794 2378 1896 2432 pu-

317 2452 500 2508 trescit
537 2462 668 2506 caro
692 2452 746 2505 in
782 2459 946 2516 terra,
974 2467 1134 2520 quam
1164 2459 1313 2505 tanta
1340 2450 1616 2522 diligentia
1641 2467 1897 2507 ornamus

318 2543 368 2596 in
392 2542 615 2597 deliciis.
639 2541 860 2612 insuper
879 2550 934 2596 et
953 2542 1018 2596 de
1039 2541 1284 2611 sepulcro
1304 2543 1602 2614 cogitamus
1621 2545 1890 2609 ornando;

315 2632 522 2685 vanitas
544 2631 659 2685 haec
687 2631 980 2684 vanitatum
1010 2638 1111 2685 est.
1142 2631 1329 2685 Melius
1349 2639 1433 2685 est
1455 2631 1540 2686 his
1564 2632 1756 2701 opibus
1779 2633 1895 2685 ani-

316 2733 456 2776 mam
490 2722 710 2787 vestire,
738 2735 901 2790 quam
936 2721 1248 2790 spurcitiam
1285 2722 1462 2775 carnis
1492 2738 1709 2776 ornare.
1737 2722 1894 2777 Chria

313 2821 426 2868 stus
476 2813 716 2882 sepultus
758 2821 841 2868 est
878 2812 930 2866 in
977 2812 1251 2883 Spelunca,
1289 2829 1395 2868 non
1424 2814 1478 2868 in
1509 2814 1726 2884 templo.
1778 2814 1892 2869 Hoc

311 2906 431 2961 ideo
459 2906 604 2969 dico,
629 2905 752 2975 quia
783 2906 944 2975 aliqui
972 2907 1214 2962 viventes
1240 2923 1394 2962 suam
1427 2908 1600 2963 solent
1624 2907 1890 2964 fabricare

311 3000 662 3070 sepulturam.
716 2999 853 3066 Quid
886 2999 1046 3064 mihi,
1077 3001 1169 3056 ubi
1194 3003 1363 3056 vermi
1412 3008 1687 3071 putrescat
1732 3005 1892 3058 esea?

311 3087 542 3144 Tantum
571 3095 632 3142 ut
669 3090 847 3144 anima
879 3090 1118 3159 requiem
1164 3091 1391 3158 haheat,
1421 3093 1742 3148 studendum
1784 3104 1885 3160 est,

307 3188 365 3234 ut
392 3179 483 3233 illa
509 3179 656 3233 vivat
685 3178 932 3245 feliciter,
965 3195 1084 3250 qua:
1129 3182 1263 3235 mori
1306 3198 1410 3236 non
1456 3191 1653 3251 potest.
1701 3184 1890 3239 Veniet

309 3271 450 3324 enim
475 3278 707 3340 tempus,
730 3271 944 3340 quando
970 3271 1308 3342 corruptibile
1328 3273 1424 3326 hoc
1449 3273 1694 3327 induatur
1719 3274 1892 3328 incor-

309 3364 600 3433 ruptionem
631 3361 683 3434 (I
714 3362 836 3417 Cor.
869 3379 958 3429 xv,
990 3363 1078 3435 55)
1103 3403 1118 3427 ,
1146 3370 1200 3417 et
1243 3372 1482 3418 resumet
1529 3365 1706 3419 anima
1749 3366 1891 3435 quod

310 3454 527 3524 reliquit
561 3454 617 3508 in
645 3463 810 3509 terra.
851 3455 1002 3509 Tune
1046 3455 1206 3509 homo
1234 3455 1440 3523 pariter
1467 3456 1644 3510 anima
1685 3465 1740 3511 et
1765 3473 1889 3513 cor-

309 3557 437 3614 pore
452 3544 835 3616 regnahitcum
855 3543 1092 3610 Christo,
1107 3545 1198 3615 qui
1218 3546 1316 3600 hoc
1339 3546 1504 3601 totius
1525 3545 1729 3618 [For-te,
1750 3563 1892 3604 nunc

311 3634 474 3709 totus]
503 3637 684 3691 anima
711 3644 762 3692 et
793 3652 1039 3706 corpore,
1067 3637 1337 3693 serviebat
1362 3637 1599 3693 Christo.

726 3745 886 3823 212
923 3765 948 3792 ι
981 3751 1314 3810 EPlSTOLA
1364 3752 1468 3811 cc.

841 3840 908 3878 AD
946 3839 1346 3880 EDILTHBUDAII.

593 3910 909 3967 Consolatur
941 3924 1161 3968 matrem
1187 3915 1252 3968 de
1289 3923 1454 3968 morte
1483 3913 1583 3984 filii

377 4000 749 4059 Dilectissimae
770 4004 822 4058 in
849 4005 1066 4061 Christo
1085 4007 1244 4061 matri
1271 4007 1299 4047 ιι
1321 4007 1650 4062 Edilthrudm
1671 4007 1890 4062 humilis

311 4091 467 4149 levita
501 4094 758 4150 Alcuinus
779 4095 1025 4150 salutem.

377 4184 517 4252 Quia
543 4184 954 4252 praesentialiter
988 4170 1222 4240 vestram
1251 4186 1617 4241 dulcissimam
1651 4186 1892 4241 dilectio-

310 4291 453 4340 nem,
478 4275 550 4329 ob
579 4274 964 4344 longitudinem
985 4275 1338 4331 habitationis
1359 4283 1575 4340 nostrae,
1600 4276 1891 4330 admonere

312 4379 541 4435 nequeo,
571 4364 694 4419 ideo
734 4365 1035 4420 litterarum
1079 4366 1253 4421 oliicio
1300 4366 1523 4436 implere
1564 4381 1670 4421 non
1713 4382 1887 4431 cesso,

2002 1899 2182 1954 anima
2230 1899 2460 1955 feliciter
2486 1902 2631 1956 vivat
2659 1917 2781 1957 cum
2807 1902 3054 1970 Christo,
3084 1913 3138 1959 et
3168 1906 3221 1960 in
3250 1923 3397 1976 spem
3427 1909 3584 1962 ironia

2002 1992 2129 2046 tatis
2158 1991 2300 2046 illius
2329 1992 2630 2058 consolare,
2657 1994 2780 2063 quia
2828 1994 3008 2048 multm
3055 1996 3433 2052 miserationes
3464 1999 3578 2053 Dei.

2001 2085 2076 2140 Te
2101 2101 2230 2140 vero
2257 2086 2600 2156 superstitem
2629 2086 2845 2156 reliquit
2868 2085 2978 2140 ﬁlio
3001 2087 3227 2151 carnali,
3255 2098 3314 2143 ut
3341 2105 3438 2159 per
3464 2098 3584 2145 tuas

1999 2178 2415 2233 intercessiones
2471 2186 2527 2232 et
2584 2179 2954 2249 eleemosynas
3003 2181 3325 2235 misereatur
3375 2191 3428 2237 et
3483 2183 3580 2239 illi.

1997 2268 2160 2323 Forte
2194 2269 2246 2324 in
2276 2271 2516 2338 peccatis
2546 2271 2660 2325 suis
2705 2279 2953 2326 mortuus
2999 2281 3111 2337 est,
3141 2274 3233 2329 sed
3274 2275 3328 2328 in
3375 2274 3586 2330 miseri-

1996 2360 2176 2415 cordia
2207 2370 2385 2430 potest
2427 2360 2542 2416 licri
2575 2370 2632 2415 ut
2661 2363 2806 2416 vivat
2832 2364 3033 2418 divina.
3062 2363 3197 2419 Nam
3221 2365 3382 2430 latro,
3409 2367 3496 2435 qui
3529 2366 3583 2420 in

1995 2451 2198 2506 scelere
2236 2467 2334 2507 suo
2362 2467 2654 2520 suspensus
2682 2462 2765 2508 est
2789 2469 2909 2508 cum
2949 2453 3184 2521 Christo,
3219 2457 3312 2510 sed
3340 2457 3392 2510 in
3425 2458 3585 2510 mise-

1996 2545 2224 2598 ricordia
2252 2543 2488 2598 salvatus
2516 2552 2601 2598 est
2627 2544 2848 2599 Christi.
2884 2543 3002 2598 Noli
3034 2547 3216 2616 lugere
3242 2562 3388 2611 eum,
3420 2563 3580 2615 quem

1994 2651 2249 2691 revocare
2293 2651 2400 2690 non
2447 2635 2679 2706 poteris;
2724 2643 2779 2690 et
2813 2635 2857 2690 si
2890 2636 2985 2690 Dei
3021 2645 3136 2701 est,
3166 2653 3270 2691 non
3306 2639 3451 2692 illum
3481 2640 3580 2692 do-

1991 2728 2103 2783 leas
2150 2729 2427 2792 amissum,
2449 2729 2543 2782 sed
2583 2727 2680 2782 tibi
2720 2728 2774 2781 iu
2806 2727 3045 2797 requiem
3075 2729 3306 2799 gaudeas
3331 2730 3580 2798 praemis-

1991 2836 2130 2876 sum.
2157 2821 2214 2874 Si
2239 2820 2344 2874 duo
2366 2828 2490 2874 sunt
2510 2819 2688 2884 amici,
2714 2817 2920 2873 felicior
2945 2826 3028 2873 est
3053 2834 3198 2873 mors
3223 2819 3580 2887 praecedentis

1990 2928 2151 2983 quam
2183 2911 2589 2980 subsequentis,
2621 2911 2784 2964 habet
2814 2910 2979 2974 enim,
2999 2909 3091 2979 qui
3122 2908 3365 2964 fraterno
3394 2921 3580 2964 amore

1989 3018 2088 3077 pro
2109 3020 2167 3060 se
2191 3004 2430 3075 quotidie
2458 3003 2776 3068 intercedat,
2801 3011 2856 3058 et
2883 3001 3138 3072 lacrymis
3162 3001 3310 3056 lavat
3333 3001 3578 3072 pristinae

1917 3136 1962 3199 ϐ
1993 3109 2210 3153 errores
2231 3096 2372 3151 vitae.
2404 3094 2513 3150 Nec
2543 3095 2754 3150 dubites
2779 3094 3035 3164 prodesse
3062 3093 3166 3164 pias
3201 3094 3581 3149 sollicitudinis

1994 3203 2196 3250 curam,
2237 3201 2398 3256 quam
2424 3201 2520 3256 pro
2550 3184 2728 3238 anima
2760 3183 2899 3238 illius
2924 3184 3085 3254 geris.
3121 3183 3239 3237 Tibi
3269 3182 3495 3252 prolicit,
3522 3191 3584 3238 et-

1990 3287 2086 3341 illi.
2121 3282 2238 3340 Tihi
2286 3283 2468 3354 itaque
2491 3324 2505 3347 ,
2545 3297 2666 3352 quae
2693 3281 2750 3334 in
2781 3278 2884 3335 ﬁde
2920 3278 3101 3334 facere
3151 3278 3437 3333 dilectione
3466 3277 3580 3351 [Ita

1990 3375 2120 3430 Cod.
2147 3373 2424 3439 mendose;
2444 3373 2484 3444 f.
2508 3371 2631 3442 leg.,
2657 3371 2783 3441 quia
2809 3371 2861 3424 in
2886 3370 2989 3425 [ide
3017 3370 3151 3425 facis
3173 3378 3227 3424 et
3248 3369 3577 3443 dilectione]:

1991 3468 2088 3534 illi,
2114 3476 2177 3522 ut
2208 3467 2293 3523 vel
2336 3482 2495 3536 paena
2540 3465 2820 3535 levigatur,
2851 3465 2936 3519 vel
2975 3465 3251 3520 beatitudo
3297 3472 3576 3534 augeatur.

1989 3561 2163 3631 Larga
2193 3570 2277 3616 est
2302 3568 2356 3615 et
2396 3559 2784 3614 inaestimabilis
2819 3560 2992 3627 pietas
3017 3559 3226 3612 Domini
3253 3559 3422 3613 nostri
3452 3557 3579 3613 Iesu

1989 3653 2211 3719 Christi,
2242 3653 2330 3723 qui
2361 3651 2465 3706 vult
2515 3667 2690 3704 omnes
2732 3650 2966 3703 homines
3001 3649 3171 3703 salvos
3210 3649 3327 3718 ﬁeri
3358 3649 3411 3721 (Ι
3439 3649 3573 3703 Tim.

1991 3758 2050 3807 ll,
2080 3745 2158 3816 4),
2185 3753 2238 3798 et
2270 3743 2537 3797 neminem
2564 3740 2761 3810 perire.
2797 3738 2936 3803 Noli,
2969 3747 3027 3793 ut
3055 3740 3298 3810 praedixi,
3326 3741 3378 3794 in
3409 3739 3578 3796 tribu~

1990 3836 2279 3891 lationibus
2305 3836 2410 3889 tuis
2430 3833 2759 3897 contristari,
2787 3833 2900 3897 sed,
2933 3833 2978 3888 si
3005 3833 3238 3902 majores
3263 3834 3358 3888 tibi
3389 3849 3577 3904 super.

1987 3929 2223 3991 veniant,
2246 3928 2480 3999 gaudeas
2507 3927 2559 3980 in
2589 3927 2713 3991 illis,
2741 3925 2955 3981 dicente
2979 3927 3235 3996 Apostolo
3260 3947 3272 3981 :
3304 3929 3423 3982 Non
3452 3938 3572 3982 sunt

1990 4018 2260 4087 condigna:
2288 4017 2446 4086 hujus
2467 4017 2710 4086 temporis
2737 4017 3024 4086 passiones,
3050 4017 3119 4070 ad
3149 4031 3570 4086 superventuram

1989 4107 2230 4180 gloriam,
2271 4124 2388 4179 qua:
2437 4106 2747 4162 revelabitur
2789 4108 2844 4162 in
2890 4107 3035 4161 nobis
3087 4107 3263 4179 (Rom.
3295 4124 3422 4172 vm,
3462 4109 3571 4172 18).

1991 4200 2142 4255 Sicut
2164 4213 2355 4255 aurum
2375 4201 2427 4255 in
2454 4202 2578 4272 igne
2607 4201 2966 4268 examinatur,
2991 4203 3070 4257 sic
3090 4201 3251 4257 homo
3283 4202 3331 4256 in
3363 4201 3575 4256 camino

1993 4291 2353 4347 tribulationis
2393 4292 2795 4361 comprobatur.
2833 4292 2969 4347 Dum
3017 4301 3337 4363 potestatem
3374 4293 3576 4346 habeas

1993 4399 2173 4438 rerum
2221 4393 2430 4438 tuarum
2452 4425 2467 4450 ,
2500 4383 2584 4438 l'ae
2613 4399 2676 4438 ex
2707 4385 2786 4438 eis
2813 4384 3228 4454 eleemosynam,
3260 4384 3383 4453 quia
3410 4383 3575 4436 nescis

311 4472 425 4526 quan
450 4457 649 4528 linguae
668 4457 1063 4513 ministratione
1089 4458 1402 4529 denegatur,
1430 4459 1748 4515 desiderans
1777 4467 1889 4514 toto

1994 4475 2116 4545 quid
2153 4485 2364 4529 ventura
2390 4475 2562 4544 pariat
2591 4473 2701 4527 dies
2732 4473 2911 4545 (Prov.
2943 4489 3110 4538 xxvu,
3151 4475 3223 4545 1).
3257 4474 3444 4530 Nullus
3477 4475 3573 4528 tibi

310 4551 488 4607 cordis
531 4549 640 4604 mei
678 4550 893 4615 ali'ectu,
924 4559 975 4606 te
1006 4551 1219 4622 ubique,
1251 4553 1567 4608 charissima
1597 4554 1798 4608 mater!
1833 4553 1886 4607 in

309 4644 450 4698 omni
501 4643 765 4713 prolicere
814 4642 976 4706 bono,
997 4649 1056 4695 ut
1105 4643 1261 4712 digna
1303 4642 1552 4698 etiiciaris
1600 4644 1654 4698 in
1699 4659 1888 4699 eorum

309 4732 518 4788 censeri
565 4738 792 4787 numero
839 4731 904 4786 de
957 4731 1152 4800 quibus
1195 4732 1246 4785 in
1297 4733 1585 4802 Evangelio
1630 4733 1889 4790 Dominus

308 4834 489 4879 noster
514 4823 672 4879 Iesus
719 4823 966 4879 Christus
1004 4823 1318 4892 respondit:
1347 4821 1526 4878 Omnis
1575 4826 1663 4895 qui
1707 4825 1886 4894 fecerit

308 4915 623 4971 voluntatem
653 4914 830 4970 Patris
861 4916 961 4970 mei
985 4916 1074 4986 qui
1101 4916 1153 4969 in
1185 4914 1322 4970 cwlis
1349 4925 1445 4981 est,
1469 4917 1576 4986 ipse
1602 4909 1728 4970 mihi
1770 4933 1886 4970 ma-

307 5015 386 5059 ter
424 5017 472 5062 et
516 5007 682 5077 frater
721 5007 935 5078 (Matth.
968 5023 1064 5071 xu,
1091 5007 1205 5080 50).
1240 5005 1518 5074 Quomodo
1548 5017 1746 5074 mater,
1783 5009 1886 5064 nisi

305 5105 492 5151 sancta
528 5096 794 5151 charitate
828 5095 880 5150 in
923 5097 1221 5152 visceribus
1249 5097 1428 5151 cordis
1453 5096 1677 5167 perfecti
1707 5099 1884 5167 quoti-

308 5187 392 5242 die
419 5187 748 5259 generatur?
776 5180 916 5243 Ecce
944 5186 1154 5257 qualem
1188 5181 1355 5242 lilium
1376 5187 1576 5258 poterit
1599 5187 1686 5257 pia
1716 5196 1888 5244 mater

306 5275 536 5342 habere,
564 5278 813 5334 eumdem
860 5279 1032 5349 ipsum
1078 5279 1245 5335 Deum
1289 5295 1470 5349 regem
1496 5294 1561 5332 ac
1586 5279 1889 5349 redempto-

304 5377 449 5436 rem;
477 5371 643 5424 etiam
680 5377 736 5423 et
761 5369 814 5423 in
843 5372 1094 5425 omnibus
1123 5371 1555 5427 tribulationibus
1583 5371 1885 5426 consolato-

305 5464 440 5515 rem.
466 5460 650 5517 Multa:
675 5471 795 5517 sunt
823 5461 1184 5517 tribulationes
1199 5463 1464 5533 justorum
1492 5463 1663 5537 (Psal.
1690 5481 1886 5531 xxxiii,

434 5611 536 5684 13
569 5624 592 5684 ιι
621 5611 893 5684 Hactenus
941 5611 1141 5684 inedita
1195 5613 1282 5684 hic
1321 5616 1499 5682 prodit
1529 5632 1596 5672 ex
1627 5617 1746 5673 eod.
1781 5634 1882 5673 ms.

310 5675 713 5753 SalisbﬂApud
738 5683 968 5738 Froben.
1001 5683 1157 5751 epist.
1193 5675 1334 5751 151.)

377 5753 402 5792 b
436 5749 623 5807 Μηίνῖ
646 5753 993 5808 Edilthrudm.
1033 5749 1118 5808 Ὰιι
1150 5753 1260 5808 haec
1302 5749 1486 5809 eadem
1517 5755 1583 5810 sit
1627 5774 1687 5812 ac
1719 5751 1888 5812 Aidil~

1991 4565 2329 4632 dispensator
2360 4563 2567 4618 ﬁdelior
2607 4571 2784 4632 potest
2812 4579 2931 4619 esse
2960 4581 3121 4635 quam
3159 4574 3214 4619 tu
3259 4566 3397 4635 ipse;
3429 4575 3484 4621 et
3511 4565 3576 4620 ii-

1989 4654 2206 4709 bentius
2227 4669 2446 4709 munera
2476 4653 2833 4723 praecedentia
2865 4672 2983 4722 nos,
3007 4672 3168 4726 quam
3192 4659 3572 4728 subsequentia

1989 4747 2132 4800 Dens
2159 4743 2405 4814 accipiet.
2430 4744 2496 4798 In
2523 4743 2701 4798 multis
2722 4747 2858 4800 enim
2887 4747 3198 4816 offendimus
3230 4765 3405 4804 omnes
3429 4746 3575 4822 (Jac.

1989 4855 2076 4904 ιιι,
2090 4839 2170 4912 2),
2184 4830 2566 4894 sicutJacobus
2587 4839 2664 4893 ait
2687 4839 2979 4910 apostolus.
3006 4840 3137 4896 item
3157 4841 3391 4897 Joannes
3410 4856 3574 4896 evan-

1988 4929 2178 4999 gelista
2219 4929 2356 4984 dixit
2382 4948 2393 4983 :
2419 4928 2480 4984 Si
2507 4929 2794 4983 dixerimus
2820 4931 2944 5001 quia
2974 4941 3242 5001 peccatum
3284 4948 3385 4986 non
3413 4931 3573 4984 habe-

1989 5037 2125 5085 mus,
2155 5022 2491 5092 nosmetipsos
2521 5021 2816 5075 seducimus
2845 5021 2899 5092 (Ι
2927 5021 3085 5076 Joan.
3122 5039 3158 5086 ι,
3189 5023 3264 5094 8).
3309 5023 3376 5076 Ει
3415 5021 3570 5090 juxta

1991 5111 2332 5167 Salomonem
2371 5131 2382 5165 :
2416 5111 2716 5183 Redemptio
2752 5114 2847 5167 viri
2885 5115 3110 5184 propria:
3152 5113 3346 5168 diritia:
3387 5112 3570 5185 (Prov.

1989 5219 2109 5268 xm,
2133 5201 2210 5273 8).
2238 5202 2308 5257 Et
2339 5202 2429 5271 qui
2455 5202 2574 5271 plus
2599 5203 2782 5265 habet,
2807 5202 2926 5272 plus
2957 5203 3201 5272 exigetur
3239 5204 3306 5256 ab
3331 5219 3415 5257 eo.
3447 5203 3570 5256 Dis-

1987 5302 2303 5363 pensatores
2346 5293 2526 5348 saeculi
2574 5294 2831 5348 debemus
2872 5308 2992 5348 esse
3039 5309 3143 5347 non
3190 5309 3566 5362 possessores:

1988 5384 2200 5440 exsules
2237 5384 2382 5438 enim
2423 5393 2479 5438 et
2516 5383 2772 5453 peregrini
2819 5401 2998 5439 sumus
3036 5385 3089 5438 in
3136 5386 3238 5440 hac
3282 5385 3407 5446 vita,
3436 5386 3569 5440 sicut

1989 5492 2163 5530 omnes
2203 5485 2376 5544 patres
2423 5474 2586 5528 nostri
2633 5472 2704 5545 (I
2750 5473 2934 5529 Parui.
2988 5491 3138 5542 xxix,
3187 5475 3271 5543 15,
3322 5486 3370 5530 et
3417 5475 3569 5535 Psal.

1989 5629 2186 5700 tbydis,
2216 5643 2374 5697 quam
2400 5614 2642 5700 inguil'us
2660 5627 2820 5700 etiam
2850 5626 3204 5684 Etlieldritam
3226 5636 3403 5699 vocat,
3425 5636 3480 5684 et
3506 5627 3572 5680 uti

1989 5698 2145 5770 quam
2174 5701 2320 5769 prior
2347 5708 2422 5753 est
2453 5698 2701 5768 epistola,
2734 5698 2938 5768 ignoro.
