4006 6186
413 302 519 358 475

1301 290 1360 347 Β.
1402 291 1462 347 F.
1505 287 1730 345 ALBINI
1771 284 1900 341 SEU
1941 274 2218 338 ALCUINI
2253 275 2539 337 OI’ERUM
2577 273 2758 336 I’ARS
2790 276 2831 333 I.

3581 278 3688 334 ‘76

417 433 649 480 xxxviii,
681 415 792 487 l3).
825 411 1042 467 illorum
1070 423 1220 464 mors
1241 405 1396 461 nobis
1421 412 1666 460 nostram
1693 399 1842 456 omni
1867 397 2002 452 hora
2027 399 2077 455 Δ
2137 483 2147 487 Α
2176 391 2322 487 Tuis
2343 407 2560 487 quoque
2587 389 2877 487 diligenter
2897 389 3130 487 praecipe
3157 387 3438 487 subjectis,
3461 398 3540 487 ιιι-
3556 389 3694 461 justi

415 509 590 568 oculis
615 511 882 576 opponat;
914 511 969 557 et
998 500 1211 555 illorum
1234 499 1377 554 bona
1401 493 1742 552 conversatio
1771 491 1824 545 in
1853 488 2005 544 Chri-

415 609 522 665 sto,
550 606 748 653 nostra:
771 594 843 650 sit
863 592 1094 648 eruditio
1118 591 1272 656 vita);
1298 596 1566 659 quatenus
1588 583 1799 638 illorum
1823 581 1878 637 in
1901 579 2004 634 ﬁde

415 700 472 745 et
496 689 761 746 cbaritate
787 694 948 756 atque
972 683 1117 740 omni
1147 697 1311 753 opere
1343 681 1484 735 bono
1515 683 1802 746 sequentes
1835 671 2000 726 vesti-

414 781 501 850 gia
529 780 582 833 in
611 776 818 833 cmlesti
859 773 1193 831 beatitudine
1234 770 1403 824 vitam
1450 767 1654 822 habere
1697 775 2005 818 mereamur

415 870 822 941 sempiternam.

945 965 972 994 ι
1001 948 1336 1008 EPISTOLA
1371 946 1504 1005 CCI:

520 1063 588 1102 AD
616 1060 996 1101 ωλῦεκιιλιιιωι
1035 1056 1275 1097 (ΖΟΜΙΤΕΜ
1303 1052 1573 1094 SENONIC£
1602 1048 1894 1090 CI\‘ITA'I'IS.

587 1137 850 1192 Hortatur
871 1135 939 1190 ad
966 1136 1216 1196 virtutes;
1250 1145 1532 1198 curamque
1553 1128 1636 1182 sui
1661 1125 1832 1196 oﬂ'icii.

487 1230 694 1284 Dilecto
742 1230 794 1282 in
837 1227 1054 1284 Christo
1081 1226 1108 1264 Β
1148 1220 1494 1292 Magcnhario
1547 1218 1758 1281 comiti,
1789 1213 2006 1269 humilis

418 1321 581 1377 levita
605 1322 831 1376 Albinus
857 1319 1110 1375 salutem.

485 1411 680 1464 Audivi
726 1425 840 1473 vos,
875 1409 956 1462 vir
997 1407 1323 1471 venerande,
1357 1417 1554 1462 nostrae
1593 1403 1876 1475 parvitatis
1911 1415 2006 1469 op—

419 1507 562 1554 tasse
583 1498 880 1568 colloquia;
910 1506 967 1553 et
990 1505 1050 1551 ut
1075 1512 1202 1552 vere
1243 1495 1436 1559 fateor,
1468 1503 1703 1548 vestram
1731 1489 1885 1545 valde
1913 1489 2007 1542 de-

416 1588 649 1644 sideravi
691 1589 1062 1659 praesentiam,
1116 1596 1177 1644 ut
1225 1587 1368 1642 dulei
1411 1585 1765 1641 colloculione
1814 1589 2008 1636 vestrae

416 1680 716 1749 prudentia:
761 1680 1089 1735 consolarer.
1135 1678 1243 1734 Sed
1287 1678 1411 1747 quia
1456 1691 1640 1731 rerum
1669 1680 1862 1728 eventu
1903 1672 2007 1726 hoc

2105 483 2214 538 sint
2236 483 2288 537 in
2302 481 2538 551 judiciis,
2561 479 2940 536 misericordes
2963 479 3018 533 in
3040 477 3292 544 miseros,
3310 478 3478 535 Deum
3503 481 3699 538 timen-

2107 586 2218 640 tes,
2268 575 2675 645 Eeclesiamque
2726 572 2927 628 Christi
2977 573 3342 628 honorantes:
3368 580 3429 627 ut
3476 573 3694 631 illorum

2104 667 2320 722 bonitas
2357 665 2454 720 tibi
2484 666 2538 720 in
2563 663 2869 720 mercedem
2900 661 3054 735 [Cod.
3083 661 3223 729 Sal.,
3250 663 3523 737 mercede]
3549 680 3698 723 com-

2103 765 2340 828 putetur.
2370 755 2524 826 Sazpe
2547 754 2912 824 subjectorum
2937 762 3160 824 pe:cata
3189 754 3493 810 rectoribus
3515 755 3694 828 impu-

2106 853 2289 898 tantur
2315 842 2541 916 [Canis..
2571 841 2969 914 implicantur],
2998 842 3044 897 si
3085 843 3265 897 minus
3292 843 3578 915 diligenter
3600 862 3699 904 eos

2104 935 2398 990 admonent
2447 934 2682 1005 pradati,
2736 933 3006 1003 quomodo
3058 932 3238 990 facere
3285 934 3510 1001 debent;
3556 937 3697 993 sicut

2104 1039 2293 1080 eorum
2331 1025 2472 1082 bona
2515 1023 2749 1080 dominis
2791 1031 3020 1093 prosunt
3065 1023 3134 1078 ad
3181 1026 3423 1093 prmmia,
3459 1042 3551 1097 qui
3601 1043 3698 1084 eos

2105 1116 2342 1172 studiose
2367 1114 2622 1171 erudiunt
2642 1115 2811 1169 Deum
2834 1114 3046 1180 timere,
3071 1112 3295 1184 ejusque
3317 1115 3538 1171 obedire
3557 1132 3700 1188 pne-

2106 1209 2300 1278 ceptis.

2177 1303 2413 1358 Obsecro
2455 1317 2525 1356 ne
2565 1317 2652 1356 me
2695 1301 3184 1372 prmsumptuosum
3225 1316 3346 1356 esse
3391 1302 3695 1369 arbitreris,

2106 1394 2223 1448 lucc
2248 1392 2344 1446 tibi
2371 1392 2718 1447 scribentem.
2746 1391 2996 1447 Charitas
3019 1391 3224 1447 Christi
3254 1401 3308 1448 et
3334 1402 3526 1450 vestrae
3553 1397 3701 1452 salu-

2107 1483 2177 1537 tls
2202 1498 2376 1547 amor,
2403 1489 2460 1538 et
2488 1490 2682 1537 vestra:
2707 1482 2969 1537 bonitatis
2998 1481 3214 1548 ﬁducia,
3238 1483 3354 1539 haec
3375 1500 3464 1540 me
3487 1490 3701 1543 monuit

2107 1576 2378 1641 scribere;
2411 1584 2605 1646 optans
2647 1591 2744 1631 vos
2793 1574 2948 1648 [Cod.
2983 1574 3123 1642 δαί..
3155 1575 3231 1648 te]
3279 1585 3332 1631 et
3377 1589 3699 1648 praesentem

2107 1668 2306 1724 habere
2347 1668 2794 1739 prosperitatem,
2822 1675 2878 1722 et
2909 1666 3144 1721 futuram
3192 1671 3488 1738 promereri
3521 1671 3699 1728 beati-

417 1770 536 1825 ﬁeri
582 1787 687 1826 non
717 1773 904 1836 valuit,
939 1773 1112 1826 visum
1156 1780 1239 1826 est
1263 1769 1397 1824 mihi
1442 1769 1766 1839 condignum
1809 1765 2006 1819 litteris
2037 1755 2080 1816 Β
2111 1760 2368 1815 tudinem.
2404 1760 2594 1814 Divina
2623 1775 2720 1815 vos
2747 1760 2920 1831 gratia
2950 1760 3006 1814 in
3028 1760 3178 1814 omni
3220 1760 3462 1817 bonitate
3502 1762 3708 1822 ﬂorere

415 1861 641 1930 implere
691 1863 833 1932 quod
880 1863 1060 1916 verbis
1113 1877 1218 1916 non
1268 1860 1417 1931 potui
1445 1900 1459 1925 ,
1490 1869 1546 1914 et
1591 1873 1768 1914 meam
1807 1857 1861 1910 in
1909 1870 2005 1912 vos

414 1951 702 2007 ostendere
748 1951 1112 2016 dilectionem,
1145 1961 1201 2006 et
1244 1951 1397 2005 vobis
1429 1950 1583 2005 utilia
1624 1963 1722 2019 per
1758 1947 2006 2002 chartam

414 2046 665 2112 suadere,
692 2056 752 2102 ut
780 2055 959 2103 vester
1004 2045 1280 2117 profectus
1309 2061 1462 2100 meus
1489 2053 1633 2099 esset
1675 2042 1902 2096 fructus.
1937 2039 2006 2095 Ut

415 2133 508 2203 qui
533 2134 584 2187 in
610 2134 825 2189 sublimi
850 2135 1110 2204 dignitate
1133 2134 1342 2204 positus
1360 2148 1419 2188 es
1442 2133 1494 2186 in
1524 2131 1706 2195 terris,
1723 2146 1821 2200 per
1838 2144 2004 2199 Opera

411 2220 630 2292 iustitia:
655 2234 711 2281 et
750 2226 1134 2282 misericordia:
1169 2224 1443 2280 cmlestem
1477 2224 1571 2278 tibi
1618 2222 1878 2277 merearis
1907 2222 2005 2276 lio-

414 2333 624 2373 nosem.
676 2317 865 2389 Cogita
912 2317 1057 2387 quod
1100 2315 1254 2390 [Cod.
1302 2316 1444 2381 Sal.,
1473 2315 1659 2388 quam]
1694 2315 2005 2370 transitoria

415 2416 543 2464 sunt
563 2409 678 2462 hznc
701 2408 881 2462 omnia
909 2423 1030 2478 qua:
1054 2407 1107 2462 in
1132 2408 1234 2463 hoc
1254 2408 1454 2462 saeculo
1479 2406 1772 2462 habemus:
1796 2414 1854 2462 et
1879 2406 2003 2476 quia

412 2499 780 2553 necessarium
812 2508 896 2553 est
925 2498 1212 2568 unicuique
1243 2498 1520 2552 hominum
1546 2495 1702 2569 [ϐοά.
1735 2495 1878 2562 Sal.,
1909 2497 2006 2552 ho-

414 2588 569 2662 mini]
591 2597 850 2644 aeternam
880 2589 982 2644 sibi
1012 2603 1109 2659 per
1136 2589 1453 2659 temporalia
1480 2587 1762 2643 benefacta
1791 2602 2004 2659 prome-

413 2679 522 2733 reri
553 2677 779 2749 gloriam
811 2689 857 2731 ε.
890 2677 1246 2749 Quapropter,
1280 2687 1340 2732 ut
1367 2677 1432 2732 ad
1462 2685 1776 2749 perpetuam
1817 2692 2007 2748 perve-

413 2768 551 2830 nias,
589 2767 702 2822 Dco
742 2767 1012 2830 donante,
1069 2766 1482 2832 beatitudinem,
1533 2765 1678 2820 nulla
1725 2775 1777 2822 te
1819 2767 2004 2823 smculi

413 2859 721 2925 delectatio,
764 2858 908 2914 nulla
964 2859 1196 2915 carnalis
1242 2859 1676 2930 concupiscentia
1727 2860 2002 2931 impediat.

415 2951 522 3008 Sed
550 2959 669 3008 esto
698 2954 751 3006 in
770 2950 993 3021 iudiciis
1010 2951 1217 3022 justus,
1245 2953 1298 3007 in
1339 2952 1593 3022 operibus
1618 2951 2006 3008 misericordia:

413 3045 558 3116 pius,
587 3043 763 3098 viduis
788 3053 842 3098 et
869 3043 1127 3113 orphanis
1167 3045 1319 3114 quasi
1347 3052 1523 3114 pater,
1549 3043 1845 3100 defendens
1871 3041 2002 3116 [Ca-

414 3137 540 3200 uis.,
573 3133 854 3206 defendas]
881 3149 975 3189 eos
998 3135 1065 3188 ab
1093 3136 1239 3189 omni
1266 3135 1544 3190 violentia.

485 3225 616 3280 Esto
654 3239 868 3296 quoque
891 3224 1152 3281 Ecclesiis
1193 3225 1393 3281 Christi
1424 3226 1578 3297 quasi
1610 3225 1798 3292 frater,
1827 3236 1883 3281 ut
1908 3241 2007 3297 per

413 3318 689 3373 orationes
709 3331 989 3373 servorum
1013 3317 1129 3382 Dei,
1147 3319 1287 3373 inter
1303 3319 1544 3389 pericula
1561 3319 2006 3384 hostium,ﬁumi-

415 3426 566 3476 num,
584 3412 814 3474 viarum,
830 3409 1222 3475 inﬁrmitatum,
1238 3411 1414 3465 divina
1435 3419 1484 3465 te
1499 3421 1746 3482 protegat
1761 3413 2000 3475 dextera,

415 3511 570 3575 regat
592 3511 753 3573 atque
779 3509 1064 3557 conservet
1089 3516 1303 3570 semper
1322 3502 1538 3572 ubique.
1565 3502 1675 3558 Fac
1692 3505 2007 3572 utquotidie

417 3611 681 3666 pauperes
701 3596 768 3651 de
785 3610 924 3665 pane
946 3605 1038 3650 tuo
1058 3596 1364 3660 comedant,
1391 3597 1516 3665 quia
1538 3597 1854 3653 miserorum
1877 3614 2005 3653 con-

416 3688 608 3744 solatio
630 3689 724 3744 tibi
763 3690 867 3744 erit
903 3697 1106 3744 azterna
1129 3691 1513 3745 remuneratio.
1548 3690 1679 3746 Esto
1711 3707 1923 3761 quoque
1950 3689 2004 3746 in

419 3779 661 3834 consiliis
678 3780 947 3848 providus,
968 3779 1180 3850 sapiens
1203 3780 1257 3834 in
1280 3781 1716 3852 cogitationibus.
1733 3782 2008 3838 modestus

424 3873 480 3927 in
507 3886 776 3935 sermone,
809 3871 979 3927 Deum
1009 3887 1223 3942 semper
1270 3873 1475 3929 habens
1503 3883 1846 3945 praesentem,
1873 3891 2007 3945 qua-

418 3969 580 4016 tenus
609 3961 754 4016 illius
781 3961 1008 4031 loquens
1041 3963 1371 4018 voluntatem
1395 3962 1526 4036 [Al.,
1544 3963 2007 4038 veritatem],ejus

421 4050 613 4124 dignus
628 4051 879 4110 elliciaris
893 4055 1246 4125 protectione.
1274 4055 1482 4125 Corpus
1501 4065 1650 4112 tuum
1669 4058 1722 4114 in
1737 4060 2000 4123 castitate,

419 4151 475 4197 et
503 4143 740 4198 animam
788 4144 842 4198 in
877 4145 1173 4199 sobrietate
1217 4159 1477 4198 conserva
1513 4163 1525 4197 :
1555 4145 1726 4200 fidelis
1774 4156 1892 4202 esto
1938 4149 2006 4204 ad

417 4232 666 4288 dominos
684 4247 822 4301 quos
846 4232 993 4286 dedit
1013 4231 1106 4285 tibi
1129 4231 1292 4295 Deus,
1317 4233 1383 4286 ad
1407 4233 1610 4287 amicos
1631 4235 1916 4306 benignus,
1940 4239 2006 4293 ad

419 4337 612 4378 omnes
637 4321 885 4377 homines
913 4335 1097 4389 aequus
1122 4328 1177 4375 et
1199 4321 1412 4376 miseris
1431 4321 1631 4392 largus.
1665 4324 2008 4382 Debitoribus

422 4411 576 4486 [tuis]
619 4411 702 4469 vel
742 4411 796 4465 in
838 4419 890 4465 te
927 4413 1275 4480 peccantibus
1317 4411 1502 4483 culpas
1545 4413 1781 4484 ignosce,
1818 4425 1876 4469 ut
1909 4417 2004 4472 tibi

420 4503 664 4574 ignoscat
692 4501 852 4566 Deus,
868 4502 914 4556 si
936 4503 1064 4571 quid
1093 4512 1282 4560 contra
1307 4502 1424 4574 ejus
1445 4503 1619 4559 fecisti
1648 4505 2000 4562 voluntatem.

493 4684 519 4714 ι
548 4673 691 4746 ῐαξὰᾗῑ.
721 4672 972 4742 Quercet.
1005 4678 1093 4743 55,
1134 4679 1313 4735 Canis.
1351 4680 1452 4746 54;
1493 4682 1684 4737 collata
1714 4701 1835 4739 cum
1880 4686 2001 4743 eod.

420 4758 523 4824 ius.
554 4743 856 4824 _S_alisburg_.
889 4747 1063 4824 (Apud
1094 4749 1323 4824 Froben.
1358 4743 1515 4824 epist.
1551 4753 1695 4824 152)

493 4815 521 4856 δ
545 4815 906 4888 Magenhario.
941 4815 1184 4888 Scriptor
1210 4821 1345 4876 Vita:
1377 4815 1626 4876 Ludovici
1655 4815 1732 4877 Pii
1767 4824 2004 4880 incertus

423 4885 601 4969 ('I'ont.
628 4885 692 4942 VI
725 4886 850 4970 Ben.
874 4888 1014 4944 Call.
1045 4885 1264 4970 Script.,
1294 4907 1414 4960 pag.
1449 4893 1540 4970 90,
1568 4908 1623 4945 η.
1661 4893 1738 4964 7),
1767 4894 2006 4964 Megilla-

423 4960 562 5011 rium
590 4966 774 5033 vocat;
803 4960 979 5033 virum
1020 4960 1396 5033 sapientemet
1417 4960 1715 5026 strenuum,
1743 4960 2001 5033 gnarum-

422 5043 528 5096 que
554 5028 800 5100 utilitatis
824 5037 878 5083 et
902 5031 1202 5100 honestatis
1229 5032 1388 5099 regite
1413 5045 1427 5082 :
1454 5047 1612 5100 quem
1641 5028 1865 5087 Carolus
1895 5035 2004 5089 Ma-

463 5114 564 5153 nus
583 5099 1020 5169 adLudovicum,
1035 5110 1093 5154 ut
1113 5099 1229 5169 ejus
1250 5099 1753 5168 consilio’uteretur,
1771 5105 2000 5160 miserit.

463 5114 564 5153 nus
583 5114 649 5152 au
669 5114 1020 5163 Ludovicum,
1035 5114 1093 5154 ut
1113 5115 1229 5169 ejus
1250 5114 1474 5155 consuto
1494 5114 1753 5168 uteretur,
1771 5114 2000 5160 miserit.

425 5114 727 5241 Egingrdus
769 5171 1016 5241 nominat
1056 5170 1420 5241 Megmherum
1447 5172 1700 5227 comitem
1732 5177 1872 5229 inter
1911 5192 2005 5232 eos

467 5237 519 5291 ui
547 5238 739 5295 Carolo
767 5237 956 5312 Magno
995 5237 1373 5296 testamentum
1415 5243 1665 5298 condenti
1695 5245 2001 5302 adfuerunt.

471 5323 689 5362 ASNACE.

499 5389 520 5415 ε
552 5378 707 5456 Apud
749 5378 1062 5456 Canisium:
1090 5402 1107 5434 ι
1146 5385 1368 5456 γρηὶ-ιη]
1412 5384 1512 5440 sibi
1545 5401 1640 5454 per
1691 5386 2003 5456 temporalia

429 5447 710 5524 benefacta
739 5453 1035 5524 promereri
1063 5455 1390 5524 etigloriam.
1416 5475 1432 5506 ι

432 5515 710 5653 i52;).Edit.
739 5515 1006 5583 iQuercet.
1053 5515 1176 5589 H5:
1213 5526 1395 5579 Canis.
1429 5525 1498 5579 65
1540 5525 1557 5596 (
1585 5526 1814 5581 Froben.
1843 5528 2000 5596 epist.

504 5666 527 5695 °
565 5653 714 5710 IIanc
740 5659 1017 5726 epistolam
1057 5677 1119 5716 ex
1159 5665 1277 5718 cod.
1318 5682 1419 5720 ms.
1553 5665 1808 5720 Germani
1839 5665 2005 5720 edidit

431 5727 602 5784 Lucas
628 5726 891 5783 Aclierius
929 5739 1054 5784 tom.
1099 5732 1162 5787 lll
1204 5733 1345 5800 Spic.
1380 5750 1499 5789 nov.
1546 5735 1682 5788 Eciit.
1716 5751 1835 5805 pag.

2105 1848 2290 1916 faciat,
2317 1851 2400 1904 vir
2427 1849 2798 1906 dilectiSsime.

2507 1941 2672 2015 214
2697 1941 2724 1982 ά
2767 1938 3100 1997 EPISTOLA
3136 1941 3286 1998 CCII.

2732 2047 2800 2086 AD
2840 2047 3067 2087 Λδιιςωι.

2388 2119 2714 2176 Charitatem
2749 2138 2902 2176 suam
2933 2123 3102 2178 amico
3128 2123 3412 2195 signiﬁcat.

2176 2212 2384 2270 Dilecto
2411 2215 2588 2269 amico
2618 2213 2872 2269 salutem.

2175 2307 2386 2363 Placuit
2429 2306 2684 2362 canitiem
2721 2313 2958 2360 vestram
2985 2320 3152 2376 parva
3179 2304 3521 2363 salutationis
3543 2309 3708 2365 char-

2105 2400 2214 2454 tula
2260 2398 2552 2469 appellare,
2581 2396 2676 2452 sed
2711 2412 2819 2452 non
2866 2411 3036 2466 parvo
3071 2397 3354 2454 charitatis
3395 2399 3608 2468 oﬂieio;
3643 2410 3705 2456 ut

2105 2491 2310 2554 sciatis,
2343 2489 2471 2545 licet
2494 2489 2652 2559 longe
2682 2487 2940 2558 positum,
2970 2487 3135 2543 vestri
3163 2495 3343 2543 tamen
3364 2488 3562 2544 habere
3589 2506 3709 2546 me-

2105 2584 2355 2648 moriam,
2395 2591 2452 2638 et
2486 2580 2873 2636 familiaritatis
2919 2596 3026 2636 non
3067 2581 3338 2646 oblivisci,
3371 2597 3531 2651 quam
3558 2597 3702 2653 pra:-

2105 2684 2288 2732 sentes
2313 2673 2635 2728 suavissima
2659 2671 2949 2727 dilectione
2975 2679 3029 2726 et
3049 2671 3418 2727 consolatione
3440 2688 3545 2729 nos
3563 2673 3706 2730 inter

2105 2765 2422 2829 habuimus,
2452 2763 2664 2818 ﬁrmam
2707 2776 2924 2832 semper
2968 2762 3110 2817 inter
3153 2777 3252 2818 nos
3301 2776 3618 2832 permanere
3646 2765 3704 2819 in

2106 2854 2324 2910 Christo
2374 2852 2694 2908 charitatem
2718 2892 2734 2916 ,
2768 2867 2869 2907 nec
2924 2851 3166 2922 quolibet
3208 2861 3368 2908 vento
3409 2852 3703 2925 falsiloquii

2106 2944 2332 3008 destrui,
2360 2943 2454 2998 sed
2481 2941 2649 2998 solida
2680 2942 2938 2998 ﬁrmitate
2963 2943 3106 2997 inter
3129 2957 3319 2998 omnes
3340 2943 3498 3013 hujus
3516 2948 3704 3003 saeculi

2105 3037 2465 3093 adversitates
2517 3034 2848 3090 immobilem
2901 3050 3115 3106 semper
3157 3037 3475 3093 consistere.
3518 3039 3701 3096 Nostri

2031 3115 2078 3178 C
2108 3143 2317 3184 memor
2341 3128 2395 3182 in
2422 3112 2761 3182 orationibus
2788 3125 2895 3181 tuis
2921 3141 3132 3197 semper
3157 3126 3356 3193 valeto,
3382 3127 3547 3185 frater
3565 3131 3703 3186 cha-

2104 3219 2344 3277 rissime.

2609 3339 2634 3368 ο
2656 3325 2992 3383 EPISTOLA
3025 3326 3199 3384 CCIII.

2549 3435 2625 3474 AD
2665 3433 3259 3475 οΑιιιοειιυιΑκ.

2104 3511 2183 3566 De
2217 3512 2604 3582 comparatione
2640 3527 2975 3593 numerorum
3031 3509 3229 3567 Veteris
3257 3521 3306 3567 et
3344 3512 3480 3568 Novi
3519 3514 3702 3571 Testa-

2813 3592 2994 3635 menti.

2177 3691 2380 3748 Dilecto
2408 3692 2520 3748 ﬁlio
2546 3708 2665 3746 meo
2698 3691 2717 3730 ί
2746 3691 3093 3747 Gallicellulae
3116 3692 3346 3748 Albinus
3371 3694 3619 3751 salutem.

2175 3782 2313 3849 Quia
2340 3798 2426 3837 me
2452 3783 2653 3854 rogasti
2681 3784 2747 3837 de
2775 3798 3122 3838 numerorum
3152 3783 3384 3850 ratione,
3414 3785 3498 3840 vel
3525 3789 3701 3857 mang

2105 3876 2533 3947 comparatione.
2568 3875 2661 3944 qui
2709 3874 2762 3929 in
2811 3874 2990 3930 Veteri
3038 3874 3181 3945 Lege
3229 3877 3593 3944 inveniuntur,
3628 3882 3698 3934 ad

2106 3967 2486 4023 auctoritatem
2511 3965 2644 4021 Novi
2673 3965 3007 4022 Testamenti
3041 3966 3271 4033 referre;
3302 3969 3430 4038 quia
3471 3985 3578 4026 non
3601 3985 3700 4027 oc-

2106 4059 2277 4115 currit
2312 4057 2465 4112 nobis
2497 4057 2601 4112 iter
2628 4058 2908 4127 agentibus
2933 4057 3087 4126 plura
3114 4059 3386 4126 scribere;
3415 4075 3446 4115 a
3475 4062 3701 4118 denario

2108 4163 2289 4208 tamen
2337 4153 2678 4222 incipiamus,
2704 4152 2873 4207 donec
2901 4168 3074 4222 usque
3112 4151 3179 4207 ad
3209 4154 3473 4209 unitatem
3507 4170 3700 4226 perve-

2107 4249 2337 4308 niamus,
2367 4253 2426 4299 ut
2463 4261 2586 4300 cum
2626 4244 2852 4314 pedibus
2880 4243 3176 4314 gradientis
3218 4245 3461 4301 calamus
3503 4255 3704 4302 currat

2107 4337 2416 4393 scribentis.

2180 4432 2373 4486 Decem
2393 4439 2660 4501 praecepta
2684 4439 2808 4485 sunt
2835 4430 3016 4500 Legis,
3043 4447 3163 4501 quatI
3191 4433 3314 4487 data
3336 4438 3457 4486 sunt
3478 4431 3531 4484 in
3554 4431 3697 4486 dua-

2107 4522 2208 4576 bus
2234 4520 2430 4576 tabulis
2457 4535 2552 4589 per
2593 4519 2812 4590 Moysen
2838 4528 2894 4575 et
2917 4520 3098 4575 Aaron
3137 4522 3334 4592 p0pulo
3366 4521 3458 4576 Dei
3483 4519 3689 4592 (Exod.

2106 4691 2174 4748 Et
2200 4700 2321 4767 post
2348 4692 2496 4747 illum
2523 4692 2783 4767 Derpard.
2813 4693 2941 4767 Pez.
2973 4701 3104 4750 tom.
3136 4694 3177 4750 ll
3211 4695 3473 4767 Anecdot.
3500 4703 3639 4767 part.
3675 4713 3696 4753 ι

2105 4780 2172 4818 ex
2203 4762 2336 4818 'cod.
2379 4779 2481 4817 ms.
2529 4762 2586 4816 S.
2622 4763 2968 4828 Emmerami,
3012 4781 3174 4834 quam
3216 4762 3539 4822 contulimus
3567 4782 3699 4824 cum

2107 4834 2261 4888 codd.
2292 4848 2425 4887 mss.
2461 4834 2875 4899 Salisburgensi,
2899 4843 2954 4888 et
2974 4835 3111 4890 binis
3139 4835 3697 4892 San-Emmeramen-

2107 4904 2274 4976 sibus.
2305 4922 2332 4976 ci
2359 4903 2835 4976 Hanc_epis_t_.olam,
2862 4920 2927 4959 ac
2953 4905 3086 4976 duas
3114 4906 3248 4960 alias
3275 4907 3361 4976 (de
3383 4907 3554 4976 decem
3581 4923 3701 4960 rer-

2106 4972 2183 5026 bis
2211 4972 2382 5046 Legis,
2411 4983 2459 5046 et
2478 4972 2747 5046 ide—tribue
2766 4975 3038 5046 generibus
3064 4972 3320 5029 risionuut
3343 4977 3411 5030 ad
3443 4975 3702 5046 Fridugi-

2105 5045 2243 5116 sum)
2281 5044 2359 5116 ait
2394 5043 2683 5116 Aclierius,
2723 5043 2932 5116 Alcuini
2965 5046 3180 5100 nomine
3215 5047 3522 5116 insignitas,
3553 5043 3702 5102 inter

2106 5114 2256 5167 varia
2287 5114 2527 5184 ejusdem
2555 5114 2790 5168 auctoris
2814 5116 3074 5184 opuscula
3101 5125 3293 5169 nactus
3322 5114 3439 5170 sum
3469 5117 3520 5170 in
3550 5117 3697 5170 scri-

2105 5193 2198 5252 pto
2223 5185 2408 5240 codice
2438 5192 2958 5254 pervetustotquem
3000 5186 3139 5239 dono
3179 5185 3308 5240 mihi
3337 5186 3484 5240 dedit
3522 5185 3702 5244 solers

2105 5263 2161 5306 et
2180 5255 2422 5309 eruditus
2441 5253 2751 5322 bibliogrola
2781 5253 3104 5309 Parisiensis
3124 5255 3426 5310 Ludovicus
3445 5255 3698 5310 Billaine.

2105 5323 2336 5378 Ccrtone
2375 5325 2473 5377 has
2510 5323 2764 5392 epistolas
2803 5323 3031 5378 Alcuino
3076 5325 3350 5381 ascribere
3391 5326 3703 5382 debueras?

2105 5393 2249 5466 dicet
2283 5392 2495 5466 aliquis.
2515 5393 2614 5466 _lta
2649 5408 2800 5466 sane,
2832 5395 3124 5466 cumcnim
3164 5410 3259 5466 eas
3293 5395 3492 5466 stylum
3519 5403 3573 5450 et
3599 5409 3705 5466 ge-

2105 5462 2253 5532 nium
2298 5463 2432 5514 tanti
2476 5462 2577 5532 viri
2627 5463 2836 5532 spirare
2884 5462 3406 5529 animadvertissem,
3449 5480 3547 5519 cur
3584 5462 3702 5521 non

2105 5531 2415 5606 tribuerem,
2448 5531 2578 5606 nihil
2606 5531 2960 5606 ca'tismfuit.)
2992 5533 3246 5606 (Froben.
3278 5533 3620 5606 epist,_l$§.)

2185 5599 2203 5637 τ
2245 5599 2609 5656 Gallicellultr.
2655 5603 2824 5657 Codd.
2866 5599 3009 5658 mss.‘
3037 5604 3240 5658 habent
3281 5599 3698 5660 fCalliccllulo.

2107 5668 2310 5725 Nomen
2340 5671 2624 5729 ascititium
2655 5672 2930 5744 cujusdam
2959 5674 3202 5746 discipuli
3231 5672 3456 5732 Alcuini.
