4012 6188
277 337 378 396 ΠἸ

1724 315 2106 407 msromz.

3470 318 3572 378 878

276 457 390 533 ss).
444 455 640 510 Decem
692 463 847 505 muas
893 446 1040 504 dedit
1079 443 1329 533 Christus
1355 439 1640 510 utriusque
1681 437 1863 510 pepuli
1893 441 1938 498 Α
1965 435 2214 533 partibus
2250 432 2425 533 tribps
2456 431 2633 487 modis
2668 431 2866 533 colitur
2900 430 3104 505 [Codd.
3143 444 3270 492 ms”
3305 431 3569 495 cclcndts

276 532 726 623 pricdieatoribus
753 539 903 611 (Luc.
931 552 1044 603 xix,
1079 532 1188 607 15).

351 640 547 694 Decem
575 633 748 705 plagis
784 643 1042 700 percussa
1087 634 1172 682 est
1217 623 1500 694 Egyptus,
1533 629 1592 674 ut
1637 617 1866 691 pOpultJS

277 727 379 787 Dei
416 727 745 783 liberaretur
784 719 983 794 (Exod.
1023 734 1122 783 xu,
1150 716 1226 788 '5).
1254 716 1361 770 Per
1389 714 1574 769 decem
1617 725 1870 783 perseeu-

277 820 454 877 tiones
482 823 740 870 coronata
765 821 847 867 est
882 809 1123 866 Ecclesia
1158 805 1380 864 Christi.

1969 523 2074 598 est]
2107 525 2268 589 Deus,
2299 522 2425 587 ﬁde,
2453 537 2550 592 spe
2578 531 2633 577 et
2659 521 2945 576 charitate.

2041 615 2170 668 Tria
2201 612 2455 684 praecepit
2484 612 2625 664 Deus
2652 610 2927 665 Abraham
2952 611 3139 665 dicens
3165 623 3178 665 ι
3209 607 3474 680 Egredere
3499 613 3567 667 de

1969 717 2110 760 terra
2145 715 2258 770 tua,
2294 713 2344 759 et
2369 705 2434 758 de
2468 704 2775 773 cognatione
2804 713 2917 767 tua,
2943 712 2992 756 et
3016 704 3079 756 de
3102 702 3258 756 domo
3292 702 3460 772 patris
3487 709 3564 755 tus

1971 795 2124 868 (Gen.
2163 811 2266 860 xu,
2301 794 2374 866 1).
2411 794 2539 849 Tria
2567 793 2956 864 promittuntur
2991 794 3174 848 nobis°
3213 792 3563 856 resurrectio.

352 902 574 964 Decima
633 905 720 960 die
772 900 974 956 mensis
1023 894 1184 970 primi
1238 898 1500 955 tenendus
1550 893 1652 952 l'uit
1700 911 1869 966 agnus
1971 890 2083 943 vita
2113 896 2169 941 et
2192 885 2384 956 gloria.

278 997 573 1073 paschalis,
602 988 694 1065 qui
725 991 1085 1048 immolandus
1130 989 1231 1044 fuit
1260 1005 1352 1044 xw
1382 989 1469 1043 die
1505 988 1704 1043 mensis
1728 985 1870 1054 ejus-

279 1089 426 1146 dem.
472 1087 692 1143 Decima
719 1086 852 1140 hora
891 1082 1066 1156 [Nona
1092 1081 1299 1154 utique]
1328 1097 1426 1151 pro
1465 1080 1652 1136 mundi
1697 1079 1871 1134 salute

2043 978 2171 1032 Dure
2198 974 2417 1030 fuerunt
2442 974 2637 1029 tabula:
2662 974 3006 1040 testamenti,
3046 975 3100 1029 in
3128 975 3324 1046 quibus
3351 975 3573 1030 decalo-

1972 1083 2072 1142 gus
2096 1067 2260 1138 digito
2280 1066 2375 1120 Dei
2402 1065 2740 1121 scribebatur
2761 1065 2958 1134 (Exod.
2983 1080 3135 1128 xxxi,
3161 1063 3269 1135 18).
3300 1063 3418 1117 Duo
3442 1073 3568 1119 sunt

281 1193 455 1250 agnus
497 1175 789 1248 paschalis,
839 1173 892 1228 id
938 1181 1020 1228 est
1064 1150 1342 1238 Christus,
1394 1173 1448 1227 in
1495 1186 1654 1228 cruce
1693 1171 1872 1226 emisit

1989 1165 2242 1228 irzecepta
2272 1156 2577 1221 eharitatis,
2610 1169 2729 1225 quae
2766 1155 2932 1226 digito
2966 1153 3095 1219 Dei,
3133 1150 3187 1210 id
3216 1162 3332 1220 est,
3363 1153 3568 1223 Spiritu

280 1269 549 1340 Spiritum
592 1265 806 1340 (Matth.
844 1281 1012 1330 xxvii,
1055 1263 1143 1331 46,
1191 1264 1293 1330 50;
1339 1274 1387 1318 et
1441 1264 1616 1319 Marc.
1665 1264 1870 1330 “,54,

323 1359 416 1413 Ἰ).

323 1359 354 1412 'l
401 1399 416 1413 .

282 1360 318 1415 ὅ
359 1358 574 1506 1))ecima
627 1446 978 1520 generatione
1027 1446 1176 1502 venit
1219 1446 1499 1510 diluvium,
1545 1453 1598 1499 et
1642 1445 1875 1516 perdidit

283 1542 481 1613 impios
505 1539 657 1613 (Gen.
687 1539 807 1612 vn).
836 1538 967 1593 Post
996 1538 1183 1593 decem
1213 1552 1366 1608 reges
1414 1535 1694 1591 novissimi
1741 1544 1876 1590 tem-

282 1636 435 1707 poris
459 1633 702 1689 nascitur
723 1631 1148 1696 Anti-Christus,
1169 1646 1290 1686 cum
1313 1646 1418 1700 quo
1442 1637 1667 1700 pereunt
1687 1645 1876 1686 omnes

287 1729 438 1798 impii
468 1725 651 1802 (Apoc.
680 1742 815 1792 xvu,
845 1724 954 1797 12).

1974 1259 2160 1307 saneto
2190 1250 2242 1304 in
2272 1249 2526 1304 cordibus
2555 1249 2865 1304 scribuntur
2894 1248 3150 1304 ﬁdelium.

1978 1365 1980 1368 ·
2046 1343 2161 1398 Duo
2191 1338 2409 1396 luerunt
2433 1339 2720 1396 Cherubim
2754 1341 2805 1394 in
2835 1341 3034 1412 templo
3064 1359 3076 1394 :
3108 1340 3398 1397 Cberubim
3427 1338 3568 1393 mul-

1973 1433 2140 1488 titudo
2195 1431 2427 1486 scientiae
2482 1431 2874 1500 interpretatur
2923 1431 3128 1502 (Nam.
3184 1447 3301 1496 vn,
3355 1431 3462 1496 89;
3515 1437 3570 1484 et

1975 1526 2075 1582 ΙΙΙ
2099 1526 2228 1598 Reg.
2262 1541 2340 1591 vi,
2369 1520 2438 1581 23
2465 1526 2618 1596 seq.).
2651 1525 2774 1580 Ideo
2802 1524 2919 1578 dum
2940 1532 3124 1593 partes
3146 1529 3275 1576 sunt
3301 1521 3566 1585 scientiae;

1975 1630 2082 1673 una
2110 1628 2194 1674 est
2215 1618 2485 1673 diabolum
2515 1617 2841 1686 relinquere,
2865 1615 3034 1670 altera
3063 1613 3231 1668 Deum
3255 1613 3495 1683 diligere.

2051 1709 2169 1766 L'na
2201 1708 2301 1762 fuit
2329 1724 2477 1773 arca,
2510 1709 2563 1762 in
2595 1718 2700 1776 qua
2736 1705 2936 1760 mundo
2962 1713 3222 1776 pereunte
3251 1701 3436 1756 ﬁdeles
3463 1700 3572 1756 sal-

356 1787 559 1874 liovem
612 1787 881 1887 lapidibus
909 1787 1128 1885 opertus
1157 1823 1240 1869 est
1265 1811 1642 1883 archangelus,
1672 1815 1762 1883 qui
1787 1831 1876 1868 ce-

1989 1801 2086 1854 vati
2112 1808 2255 1854 sunt.
2282 1798 2399 1854 Una
2427 1806 2512 1852 est
2539 1796 2748 1870 [saneta
2771 1795 2887 1866 Dei]
2918 1794 3179 1858 Ecclesia,
3205 1807 3309 1862 qua
3338 1806 3570 1861 pereun-

287 1903 418 1964 cidit
444 1907 512 1962 de
537 1907 695 1962 coelo.
741 1904 946 1962 Novem
992 1905 1211 1961 ordines
1241 1903 1554 1976 angelorum
1603 1919 1876 1960 remanse-

289 2009 415 2053 runt
445 1999 501 2052 in
527 1997 684 2052 cmlo.

360 2109 491 2165 Octo
528 2110 719 2164 animae
745 2109 904 2164 salva:
930 2109 1084 2180 factm
1113 2118 1231 2164 sunt
1259 2109 1313 2163 in
1363 2123 1490 2164 arca
1515 2105 1567 2180 (I
1611 2103 1758 2164 Petr.
1792 2124 1875 2174 ιιι,

289 2201 400 2269 20).
447 2201 584 2256 Octo
618 2201 1044 2256 beatitudinibus
1080 2199 1357 2255 salvantur
1388 2201 1583 2256 animae
1611 2199 1796 2256 ﬁdeles
1824 2201 1879 2255 in

292 2293 530 2349 Ecclesia
560 2291 774 2363 (Matth.
805 2307 857 2356 v,
886 2293 920 2347 5
943 2290 1097 2362 seq.).

360 2404 564 2461 Octavo
612 2406 698 2460 die
745 2405 798 2459 in
835 2404 1032 2475 populo
1081 2405 1222 2477 [Dei]
1267 2405 1734 2462 circumcidendus
1778 2403 1876 2461 fuit

293 2495 513 2569 [omnis]
562 2495 832 2552 masculus
875 2511 1012 2566 puer
1058 2495 1241 2568 (Leuit.
1293 2513 1391 2562 xu,
1439 2497 1515 2567 3).
1561 2497 1765 2554 Octavo
1793 2497 1879 2554 die

293 2585 644 2641 circumcisus
671 2593 754 2639 est
774 2583 1024 2639 Christus
1057 2583 1208 2654 (Luc.
1236 2601 1294 2650 ιι,
1321 2584 1432 2656 2|),
1463 2599 1561 2653 per
1591 2583 1744 2652 cujus
1773 2584 1878 2639 cir-

290 2679 679 2737 cumcisionem
705 2683 830 2732 octo
862 2676 1182 2746 principalia
1212 2676 1344 2730 vitia
1380 2677 1750 2731 destruuntur.

363 2766 606 2836 Septima
637 2766 725 2821 die
767 2765 1035 2834 requievit
1075 2764 1218 2819 Deus
1241 2764 1308 2818 ab
1347 2764 1598 2820 omnibus
1625 2763 1880 2832 operibus

289 2859 406 2914 suis
433 2857 588 2930 (Gen.
615 2874 677 2922 ιι,
701 2857 787 2929 2)..
817 2856 1059 2926 Septima
1084 2863 1244 2910 mtate
1271 2854 1616 2925 requiescunt
1645 2855 1816 2909 sancti
1847 2869 1878 2909 a

292 2949 571 3005 laboribus
596 2947 756 3016 hujus
785 2947 989 3004 saeculi.

364 3059 576 3134 Septem
619 3059 888 3115 coluntnas
923 3060 1117 3115 excidit
1159 3061 1414 3132 sapientia
1454 3060 1522 3115 ad
1560 3067 1880 3115 construen-

296 3151 417 3207 dam
451 3151 555 3206 sibi
588 3150 806 3206 domum
833 3149 1014 3222 (Prov.
1052 3167 1126 3215 ιιι,
1163 3150 1235 3222 1).
1267 3150 1484 3220 Septem
1523 3151 1680 3206 donis
1709 3151 1879 3205 sancti

295 3241 532 3311 Spiritus
579 3240 825 3296 Christus
875 3241 1093 3296 domum
1133 3256 1308 3306 suam,
1340 3241 1394 3296 id
1445 3249 1528 3295 est
1557 3241 1879 3309 Ecclesiam,

295 3329 660 3386 conﬁrmavit.

366 3421 476 3477 Sex
500 3422 689 3477 diebus
718 3419 846 3478 fecit
872 3423 1016 3476 Deus
1042 3421 1236 3478 cadum
1267 3431 1321 3478 et
1349 3429 1578 3490 terram,
1607 3431 1661 3480 et
1699 3425 1880 3480 omnia

297 3526 418 3582 quae
447 3512 501 3566 in
527 3512 606 3568 eis
655 3520 800 3568 sunt.
838 3511 946 3568 Sex
970 3513 1222 3568 aetatibus
1261 3515 1443 3568 omnia
1471 3525 1697 3570 currunt
1722 3511 1883 3586 hujus

297 3603 481 3660 muli
513 3614 778 3674 tempora.

367 3689 532 3747 Sexta
560 3692 646 3747 die
672 3699 884 3748 creatus
916 3701 999 3748 est
1037 3695 1198 3750 homo
1225 3695 1291 3750 de
1336 3695 1678 3750 immaculata
1713 3704 1877 3750 terra.

300 3780 467 3838 Sexta
487 3792 648 3838 aetate
673 3783 842 3839 Filius
870 3783 965 3839 Dei
997 3784 1063 3840 de
1092 3785 1436 3840 immaculata
1467 3786 1685 3855 Virgine
1709 3785 1882 3840 factus

300 3885 381 3931 est
404 3877 589 3932 homo.

366 3965 424 4019 ln
455 3967 693 4036 quinque
727 3966 880 4022 libris
920 3965 1216 4022 Israelitico
1256 3967 1450 4037 populo
1481 3966 1692 4037 Moyses
1739 3965 1884 4020 dedit

297 4065 564 4126 pneeepta
596 4057 826 4112 vivendi.
858 4058 1104 4128 Quinque
1129 4059 1331 4114 talenta
1358 4057 1604 4114 Christus
1627 4057 1695 4112 ad
1719 4057 1884 4112 cmlos

300 4147 514 4202 rediens
545 4146 684 4202 ﬁdeli
717 4148 935 4203 tradidit
959 4159 1114 4204 δειννο
1148 4148 1359 4221 (Matth.
1391 4166 1516 4215 xxv,
1546 4149 1658 4222 15).

367 4256 534 4327 215
571 4257 811 4324 Quatuor
838 4260 904 4316 de
942 4276 1048 4316 uno
1085 4262 1325 4332 paradisi
1365 4261 1510 4317 fonte
1549 4263 1617 4318 ad
1654 4264 1886 4335 irrigan-

304 4347 421 4404 dam
450 4348 725 4420 proﬂuunt
751 4351 968 4408 ﬁumina
999 4362 1198 4409 terram
1229 4354 1382 4426 (Gen.
1412 4371 1474 4420 ιι,
1506 4353 1613 4426 10).
1645 4353 1887 4421 Quatuor

305 4437 591 4510 Evangelia
621 4439 686 4494 de
724 4458 828 4496 uno
861 4441 1029 4506 fonte,
1059 4445 1150 4514 qui
1179 4453 1264 4499 est
1291 4445 1556 4510 Christus,
1588 4445 1888 4515 procedunt

305 4526 369 4581 ad
403 4528 680 4598 irriganda
712 4532 873 4586 corda
910 4532 1088 4601 arida,
1123 4541 1182 4587 ut
1215 4535 1474 4590 virtutum
1507 4534 1725 4590 ﬁoribus
1761 4550 1885 4590 ver-

305 4629 450 4674 nent.

366 4732 616 4800 Quatuor
667 4743 793 4789 sunt
836 4735 1136 4800 elementa,
1188 4736 1384 4805 quibus
1434 4736 1618 4790 mundi
1668 4744 1889 4790 ornatus

304 4824 540 4878 maxime
577 4834 804 4879 constat.
842 4825 1085 4893 Quatuor
1121 4834 1247 4882 sunt
1273 4827 1520 4891 virtutes,
1557 4828 1752 4898 quibus
1789 4828 1890 4882 mi-

305 4928 404 4968 nor
432 4915 688 4981 mundus,
720 4917 770 4970 id
799 4927 905 4983 est,
935 4917 1095 4972 homo
1121 4917 1304 4972 ornari
1335 4917 1512 4972 debet.

373 5003 572 5060 Tribus
608 5006 778 5061 modis
806 5007 977 5062 Adam
1017 5016 1252 5063 tentatus
1281 5017 1386 5072 est,
1417 5017 1472 5063 et
1498 5017 1804 5080 superatus,
1836 5010 1889 5065 id

305 5100 421 5156 est,
467 5091 613 5163 gula,
653 5094 914 5163 jactantia
953 5104 1009 5151 et
1053 5097 1299 5150 avaritia.
1350 5097 1543 5152 Tribus
1591 5098 1674 5152 his
1717 5099 1890 5154 modis

309 5182 576 5254 (iterum)
621 5183 868 5242 Christus
917 5195 1151 5242 tentatus
1197 5196 1313 5254 est,
1362 5197 1420 5244 et
1462 5189 1590 5244 vicit
1635 5188 1890 5244 victorem

307 5272 435 5326 Adae
458 5272 669 5345 (Matth.
702 5275 798 5345 tv).

379 5363 548 5420 Totus
594 5367 740 5423 orbis
788 5369 840 5423 in
890 5376 1000 5425 tres
1047 5371 1304 5428 dividitur
1346 5382 1551 5444 partes,
1596 5373 1886 5443 Europam,

310 5451 578 5524 Africam,
619 5457 802 5513 Asiam
843 5458 1033 5532 [Codd.
1070 5478 1195 5526 ms.,
1233 5471 1288 5517 et
1319 5462 1567 5535 lndiam].
1605 5463 1662 5517 ιιι
1700 5463 1892 5533 quibus

381 5619 406 5686 ξ
444 5607 684 5686 liancﬂct
708 5613 1504 5686 priorem__epistola_m_edimus
1539 5625 1663 5686 post
1693 5617 1890 5671 Lucam

314 5675 559 5736 d‘Acheri
589 5675 733 5753 Spic'.
763 5691 891 5739 tom.
918 5675 1022 5751 lll,'
1047 5699 1168 5739 nov.
1199 5684 1337 5740 Edit.
1366 5700 1484 5757 pag.
1512 5675 1637 5752 5'22,
1667 5703 1731 5742 cx
1763 5689 1892 5742 duo-

1978 1891 2120 1945 tibus
2148 1888 2522 1960 peccatoribus
2551 1887 2829 1941 salvantur
2856 1884 3059 1940 ﬁdeles.

2051 1978 2200 2035 Unus
2226 1975 2327 2032 fuit
2353 1976 2613 2032 transitus
2642 1975 2920 2029 lsraelitici
2949 1972 3125 2044 pepuli
3156 1985 3254 2042 per
3283 1969 3431 2024 Mare
3458 1969 3570 2022 Ru-

1977 2072 2132 2128 brum
2151 2112 2166 2138 ,
2198 2080 2258 2126 ut
2285 2070 2610 2142 promissam
2637 2069 2938 2137 acciperent
2970 2074 3172 2120 terram
3202 2061 3398 2134 (Exod.
3429 2059 3563 2129 xw).

1980 2161 2154 2216 Unam
2195 2170 2269 2215 est
2305 2161 2584 2230 baptisma,
2628 2173 2727 2228 per
2767 2155 2911 2226 quod
2951 2153 3336 2210 transeundum
3377 2161 3461 2207 est
3501 2149 3567 2204 ad

1978 2255 2143 2308 vitam
2169 2261 2428 2308 aeternam
2461 2250 2676 2324 (Ephes.
2705 2265 2782 2315 iv,
2812 2247 2888 2320 5).

2438 2375 2464 2405 ι
2504 2359 2840 2417 EPISTOLA
2877 2360 2906 2400 ιι
2943 2357 3118 2414 CCIV.

2548 2470 2617 2508 AD
2658 2465 3001 2507 FBIDUGISUM.

2341 2541 2420 2601 De
2445 2544 2611 2600 tribus
2636 2543 2908 2614 generibus
2935 2541 3211 2594 visionum.
3263 2541 3268 2546 ⁴

2049 2639 2176 2696 Tria
2205 2646 2329 2695 sunt
2349 2652 2545 2710 genera
2569 2636 2836 2690 visionum
2863 2650 2875 2686 :
2901 2647 3070 2685 unum
3096 2628 3397 2699 corporale,
3426 2627 3572 2682 aliud

1978 2729 2288 2803 spirituale,
2323 2727 2542 2782 tertium
2573 2721 2951 2779 intellectuale.
2982 2718 3273 2790 Corporale
3306 2726 3391 2772 est
3427 2717 3570 2786 quod

1978 2820 2254 2891 corporeis
2283 2817 2454 2874 oculis
2483 2815 2694 2870 videtur
2725 2810 2878 2886 [Cod.
2908 2809 3048 2876 Sal.,
3076 2809 3260 2864 videre
3289 2807 3567 2879 solemus].

1980 2909 2270 2982 Spirituale
2294 2915 2379 2963 est
2404 2905 2567 2977 quod,
2598 2913 2808 2960 remota
2830 2900 3096 2972 corporali
3124 2900 3350 2964 visione,
3384 2899 3437 2954 in
3463 2898 3572 2968 spi-

1979 3004 2082 3056 ritu
2132 3001 2247 3055 solo
2290 3014 2388 3070 per
2432 2997 2875 3068 imaginationem
2923 2992 3212 3063 quamdam
3258 2991 3567 3054 cernimus,

1905 3123 1954 3190 ο
1983 3093 2257 3147 sientcum
2281 3088 2419 3144 forte
2443 3085 2705 3158 quidlibet
2731 3086 2971 3155 ignotum
2997 3081 3167 3137 oculis
3192 3080 3569 3150 perspicimus,

1983 3185 2165 3241 statim
2191 3181 2308 3251 ejus
2338 3179 2414 3236 rei
2446 3180 2622 3250 imago
2650 3178 2915 3232 formatur
2952 3175 3006 3230 in
3046 3173 3269 3244 spiritu,
3301 3171 3396 3226 sed
3425 3171 3575 3241 prius

1981 3295 2088 3334 non
2124 3283 2349 3348 apparet
2385 3275 2475 3330 illa
2505 3270 2802 3344 spiritualis
2832 3267 3144 3339 imaginatio
3183 3279 3345 3336 quam
3385 3277 3576 3332 corpo-

1981 3367 2112 3424 ralis
2156 3366 2318 3420 allata
2363 3363 2435 3418 sit
2481 3362 2714 3418 intuitio.
2752 3355 3117 3415 lntellectuale
3156 3362 3240 3409 est
3279 3352 3420 3423 quod
3460 3350 3575 3406 sola

1981 3458 2176 3512 mentis
2201 3453 2488 3511 vivacitate
2513 3451 2943 3514 consideramus,
2969 3447 3134 3502 veluti
3165 3459 3287 3499 eum
3315 3443 3572 3512 scriptum

1980 3548 2206 3618 legimus
2261 3565 2274 3601 :
2333 3545 2531 3615 Diliges
2579 3543 2873 3614 proximum
2929 3548 3078 3591 tuum
3125 3537 3254 3588 sicut
3306 3543 3354 3585 te
3403 3532 3572 3601 ipsum

1983 3640 2197 3710 (Matth.
2248 3653 2364 3702 XIX,
2413 3633 2522 3703 19).
2573 3632 2792 3686 Litterae
2833 3635 3012 3681 autem
3057 3621 3322 3693 corporali
3368 3621 3574 3675 visione

1980 3729 2252 3801 leguntur,
2282 3735 2338 3782 et
2363 3725 2644 3796 proximus
2674 3717 2937 3790 spirituali
2965 3715 3348 3787 imaginatione
3395 3727 3571 3767 reme-

1981 3827 2245 3881 moratur,
2277 3824 2334 3870 et
2360 3812 2574 3869 dilectio
2605 3811 2718 3867 sola
2747 3809 2944 3865 mentis
2971 3807 3339 3878 intelligentia.

2051 3909 2294 3964 Primum
2341 3914 2520 3960 autem
2570 3919 2738 3974 genus
2785 3901 3010 3955 visionis
3057 3899 3307 3955 omnibus
3354 3897 3572 3956 notissi-

1983 4017 2130 4057 mum
2186 4008 2289 4054 est.
2354 3997 2663 4053 Secundum
2723 4010 2873 4064 aeque
2927 3993 3175 4048 omnibus
3233 4000 3571 4045 consuetum.

1985 4090 2228 4146 Tertium
2267 4104 2297 4142 a
2327 4087 2595 4158 plerisque
2624 4086 2947 4157 ignoratum,
2980 4082 3106 4153 quia
3135 4081 3450 4135 discernere
3479 4095 3574 4134 nc-

1985 4189 2208 4253 queunt,
2235 4180 2366 4252 quid
2407 4179 2478 4234 sit
2518 4176 2817 4248 spirituale,
2859 4175 2986 4246 quid
3026 4170 3380 4229 intellectuale
3410 4187 3423 4224 :
3456 4185 3575 4240 qua:

1987 4276 2092 4330 duo
2145 4271 2434 4343 Apostolus
2490 4285 2597 4324 una
2657 4267 2923 4324 sententia
2976 4271 3027 4320 et
3091 4264 3195 4319 hac
3255 4259 3572 4316 brevissima

1989 4365 2188 4435 optime
2228 4361 2487 4418 discrevit
2533 4378 2545 4414 :
2597 4357 2772 4413 Orabo
2810 4358 3016 4427 spiritu,
3069 4354 3226 4409 orabo
3269 4361 3316 4406 et
3355 4359 3523 4404 mente
3553 4365 3572 4404 :

1917 4472 1964 4532 ο
1987 4455 2210 4527 psallam
2256 4453 2463 4524 spiritu,
2513 4448 2736 4520 psallam
2779 4459 2827 4502 et
2870 4456 3036 4500 mente
3066 4445 3130 4517 (I
3162 4443 3282 4498 Cor.
3313 4459 3424 4508 xrv,
3461 4441 3568 4509 15).

1992 4546 2252 4616 Spiritum
2279 4542 2519 4596 occultas
2553 4537 2988 4610 signiﬁcationes,
3020 4551 3138 4605 qua:
3165 4543 3289 4588 sunt
3324 4534 3377 4588 in
3419 4532 3569 4588 Seri-

1988 4636 2162 4710 pturis
2189 4633 2409 4697 sanctis,
2441 4629 2764 4694 nominavit;
2796 4636 2849 4682 et
2872 4635 3105 4681 mentem
3137 4623 3451 4679 manifestas
3474 4623 3572 4678 ha-

1989 4743 2110 4782 rum
2148 4723 2524 4795 intelligentias
2557 4720 2860 4792 appellavit.
2901 4719 3064 4790 216
3100 4716 3278 4772 Voluit
3302 4718 3443 4773 enim
3473 4731 3571 4770 nos

1989 4835 2113 4875 cum
2148 4815 2494 4888 intelligentia
2521 4829 2709 4869 eorum
2746 4827 2864 4882 qua:
2899 4811 3147 4874 dicimus,
3184 4807 3269 4862 vel
3301 4823 3460 4862 orare
3487 4809 3571 4862 vel

1987 4910 2237 4982 psallere.
2264 4907 2416 4964 Unde
2438 4915 2494 4963 et
2514 4907 2566 4960 in
2594 4904 2699 4959 alio
2718 4905 2837 4959 loco
2857 4903 3023 4956 dicit:
3049 4900 3107 4956 Si
3131 4917 3343 4954 oravere
3366 4899 3566 4969 lingua,

1989 5002 2202 5071 spiritus
2224 5017 2366 5054 meus
2390 5008 2525 5062 ornt,
2545 5014 2686 5051 mens
2713 5011 2826 5049 mea
2846 4995 2956 5048 sine
2979 4993 3007 5062 ι’
3006 5002 3152 5046 ructu
3173 5002 3246 5046 est
3270 4990 3429 5062 (Ibid.
3458 4989 3566 5061 i-i).

1990 5093 2088 5146 Hie
2108 5101 2285 5145 autem
2311 5091 2489 5162 lingua
2511 5089 2765 5144 obscuras
2795 5094 2848 5140 et
2871 5085 3126 5155 mysticas
3154 5082 3570 5153 signiﬁcationes

1989 5199 2109 5255 quae
2156 5183 2332 5238 solent
2378 5179 2746 5236 tantummodo
2793 5179 2982 5248 spiritu
3032 5176 3178 5230 cerni
3230 5175 3566 5246 designavit,

1990 5291 2221 5347 quarum
2266 5276 2312 5330 si
2359 5273 2762 5344 intelligentiam
2809 5273 3138 5342 ignoramus,
3187 5285 3340 5325 mens
3386 5279 3568 5326 nostra

1991 5365 2318 5422 infructuosa
2346 5373 2608 5419 remanet.

2061 5459 2186 5514 [Lee
2209 5472 2424 5528 quoque
2449 5456 2554 5512 duo
2591 5470 2790 5527 genera
2826 5455 3089 5510 visionum
3128 5454 3182 5509 in
3207 5454 3487 5510 Pharaone
3515 5463 3572 5510 et

1990 5610 2092 5668 bus
2133 5626 2260 5666 mss.
2304 5609 2460 5665 codd.
2506 5609 2815 5666 monasterii
2858 5607 2917 5664 S.
2962 5606 3319 5677 Emmerami;
3361 5617 3415 5666 et
3461 5622 3568 5662 uno

1994 5681 2410 5752 Salisburgensi.

2065 5754 2092 5796 ι’
2131 5749 2283 5823 Apqu
2313 5750 2540 5808 Froben.
2573 5752 2725 5822 epist.
2761 5749 2875 5806 155.
