  <div class='ocr_page' id='page_1' title='image "/cluster/home/n/w/nwhite01/storage/ocr_20150623/100/hvd.32044052819521/245.png"; bbox 0 0 4006 6186; ppageno 0'>
   <div class='ocr_carea' id='block_1_1' title="bbox 433 309 540 367">
    <p class='ocr_par' dir='ltr' id='par_1_1' title="bbox 433 309 540 367">
     <span class='ocr_line' id='line_1_1' title="bbox 433 309 540 367; baseline 0.047 -5"><span class='ocrx_word' id='word_1_1' title='bbox 433 309 540 367; x_wconf 72' lang='grc' dir='ltr'><strong>4ἶ9</strong></span> 
     </span>
    </p>
   </div>
   <div class='ocr_carea' id='block_1_2' title="bbox 1286 305 2839 366">
    <p class='ocr_par' dir='ltr' id='par_1_2' title="bbox 1286 305 2839 366">
     <span class='ocr_line' id='line_1_2' title="bbox 1286 305 2839 366; baseline 0.001 -5"><span class='ocrx_word' id='word_1_2' title='bbox 1286 307 1345 362; x_wconf 84' lang='grc' dir='ltr'><strong>Β.</strong></span> <span class='ocrx_word' id='word_1_3' title='bbox 1387 307 1448 363; x_wconf 88' lang='lat' dir='ltr'><strong>F.</strong></span> <span class='ocrx_word' id='word_1_4' title='bbox 1488 308 1715 364; x_wconf 77' lang='lat' dir='ltr'><strong>ALBlNl</strong></span> <span class='ocrx_word' id='word_1_5' title='bbox 1765 309 1895 366; x_wconf 85' lang='lat' dir='ltr'><strong>SEU</strong></span> <span class='ocrx_word' id='word_1_6' title='bbox 1936 306 2213 365; x_wconf 75' lang='lat' dir='ltr'><strong>ALCUINI</strong></span> <span class='ocrx_word' id='word_1_7' title='bbox 2260 305 2547 365; x_wconf 74' lang='lat' dir='ltr'><strong>OPERUM</strong></span> <span class='ocrx_word' id='word_1_8' title='bbox 2582 307 2763 366; x_wconf 79' lang='lat' dir='ltr'><strong>PARS</strong></span> <span class='ocrx_word' id='word_1_9' title='bbox 2798 310 2839 364; x_wconf 86' lang='grc' dir='ltr'><strong>Ι.</strong></span> 
     </span>
    </p>
   </div>
   <div class='ocr_carea' id='block_1_3' title="bbox 3597 317 3721 378">
    <p class='ocr_par' dir='ltr' id='par_1_3' title="bbox 3597 317 3721 378">
     <span class='ocr_line' id='line_1_3' title="bbox 3597 317 3721 378; baseline -0.008 0"><span class='ocrx_word' id='word_1_10' title='bbox 3597 317 3721 378; x_wconf 61' lang='grc'><strong>880</strong></span> 
     </span>
    </p>
   </div>
   <div class='ocr_carea' id='block_1_4' title="bbox 431 396 3719 501">
    <p class='ocr_par' dir='ltr' id='par_1_4' title="bbox 431 396 3719 501">
     <span class='ocr_line' id='line_1_4' title="bbox 431 396 3719 501; baseline 0 -23"><span class='ocrx_word' id='word_1_11' title='bbox 431 420 632 493; x_wconf 78' lang='lat' dir='ltr'><strong>Josepb</strong></span> <span class='ocrx_word' id='word_1_12' title='bbox 671 412 992 477; x_wconf 72' lang='lat' dir='ltr'><strong>mirabiliter</strong></span> <span class='ocrx_word' id='word_1_13' title='bbox 1016 419 1423 491; x_wconf 78' lang='lat' dir='ltr'><strong>distinguuntur</strong></span> <span class='ocrx_word' id='word_1_14' title='bbox 1439 418 1593 491; x_wconf 73' lang='lat' dir='ltr'><strong>(Gen.</strong></span> <span class='ocrx_word' id='word_1_15' title='bbox 1616 418 1754 491; x_wconf 81' lang='lat' dir='ltr'><strong>xu).</strong></span> <span class='ocrx_word' id='word_1_16' title='bbox 1775 419 1854 476; x_wconf 86' lang='lat' dir='ltr'><strong>Illi</strong></span> <span class='ocrx_word' id='word_1_17' title='bbox 1876 420 2022 476; x_wconf 90' lang='lat' dir='ltr'><strong>enim</strong></span> <span class='ocrx_word' id='word_1_18' title='bbox 2052 425 2097 491; x_wconf 70' lang='grc' dir='ltr'>Α</span> <span class='ocrx_word' id='word_1_19' title='bbox 2124 418 2386 477; x_wconf 88' lang='lat' dir='ltr'><strong>ambabus</strong></span> <span class='ocrx_word' id='word_1_20' title='bbox 2409 396 2841 501; x_wconf 78' lang='lat' dir='ltr'><strong>accusationibus</strong></span> <span class='ocrx_word' id='word_1_21' title='bbox 2865 421 2920 476; x_wconf 86' lang='lat' dir='ltr'><strong>in</strong></span> <span class='ocrx_word' id='word_1_22' title='bbox 2947 419 3089 479; x_wconf 87' lang='lat' dir='ltr'><strong>illius</strong></span> <span class='ocrx_word' id='word_1_23' title='bbox 3114 423 3456 483; x_wconf 71' lang='lat' dir='ltr'><strong>sanctissima</strong></span> <span class='ocrx_word' id='word_1_24' title='bbox 3477 444 3719 500; x_wconf 68' lang='lat' dir='ltr'><strong>praesen.</strong></span> 
     </span>
    </p>
   </div>
   <div class='ocr_carea' id='block_1_5' title="bbox 435 510 2024 583">
    <p class='ocr_par' dir='ltr' id='par_1_5' title="bbox 435 510 2024 583">
     <span class='ocr_line' id='line_1_5' title="bbox 435 510 2024 583; baseline 0 -15"><span class='ocrx_word' id='word_1_25' title='bbox 435 514 490 568; x_wconf 93' lang='lat' dir='ltr'><strong>in</strong></span> <span class='ocrx_word' id='word_1_26' title='bbox 515 512 706 583; x_wconf 90' lang='lat' dir='ltr'><strong>spiritu</strong></span> <span class='ocrx_word' id='word_1_27' title='bbox 745 510 925 566; x_wconf 88' lang='lat' dir='ltr'><strong>futura</strong></span> <span class='ocrx_word' id='word_1_28' title='bbox 951 510 1397 575; x_wconf 88' lang='lat' dir='ltr'><strong>ostendebantur,</strong></span> <span class='ocrx_word' id='word_1_29' title='bbox 1428 511 1519 566; x_wconf 88' lang='lat' dir='ltr'><strong>isti</strong></span> <span class='ocrx_word' id='word_1_30' title='bbox 1542 511 1597 565; x_wconf 92' lang='lat' dir='ltr'><strong>in</strong></span> <span class='ocrx_word' id='word_1_31' title='bbox 1625 519 1805 569; x_wconf 88' lang='lat' dir='ltr'><strong>mente</strong></span> <span class='ocrx_word' id='word_1_32' title='bbox 1828 512 2024 568; x_wconf 88' lang='lat' dir='ltr'><strong>borum</strong></span> 
     </span>
    </p>
   </div>
   <div class='ocr_carea' id='block_1_6' title="bbox 435 600 2027 672">
    <p class='ocr_par' dir='ltr' id='par_1_6' title="bbox 435 600 2027 672">
     <span class='ocr_line' id='line_1_6' title="bbox 435 600 2027 672; baseline -0.002 -12"><span class='ocrx_word' id='word_1_33' title='bbox 435 603 693 660; x_wconf 80' lang='lat' dir='ltr'><strong>revelatio</strong></span> <span class='ocrx_word' id='word_1_34' title='bbox 720 602 883 661; x_wconf 86' lang='lat' dir='ltr'><strong>facta.</strong></span> <span class='ocrx_word' id='word_1_35' title='bbox 913 600 1061 657; x_wconf 85' lang='lat' dir='ltr'><strong>Illius</strong></span> <span class='ocrx_word' id='word_1_36' title='bbox 1087 602 1313 672; x_wconf 81' lang='lat' dir='ltr'><strong>spiritus</strong></span> <span class='ocrx_word' id='word_1_37' title='bbox 1334 601 1660 658; x_wconf 81' lang='lat' dir='ltr'><strong>informatus</strong></span> <span class='ocrx_word' id='word_1_38' title='bbox 1681 610 1767 658; x_wconf 91' lang='lat' dir='ltr'><strong>est</strong></span> <span class='ocrx_word' id='word_1_39' title='bbox 1791 611 1851 657; x_wconf 93' lang='lat' dir='ltr'><strong>ut</strong></span> <span class='ocrx_word' id='word_1_40' title='bbox 1876 603 2027 658; x_wconf 87' lang='lat' dir='ltr'><strong>vide-</strong></span> 
     </span>
    </p>
   </div>
   <div class='ocr_carea' id='block_1_7' title="bbox 434 691 2026 771">
    <p class='ocr_par' dir='ltr' id='par_1_7' title="bbox 434 691 2026 771">
     <span class='ocr_line' id='line_1_7' title="bbox 434 691 2026 771; baseline 0.001 -24"><span class='ocrx_word' id='word_1_41' title='bbox 434 700 541 757; x_wconf 89' lang='lat' dir='ltr'><strong>ret,</strong></span> <span class='ocrx_word' id='word_1_42' title='bbox 568 691 725 747; x_wconf 84' lang='lat' dir='ltr'><strong>istius</strong></span> <span class='ocrx_word' id='word_1_43' title='bbox 748 706 904 748; x_wconf 89' lang='lat' dir='ltr'><strong>mens</strong></span> <span class='ocrx_word' id='word_1_44' title='bbox 930 691 1233 747; x_wconf 90' lang='lat' dir='ltr'><strong>illuminata</strong></span> <span class='ocrx_word' id='word_1_45' title='bbox 1257 700 1345 748; x_wconf 91' lang='lat' dir='ltr'><strong>est</strong></span> <span class='ocrx_word' id='word_1_46' title='bbox 1367 700 1430 748; x_wconf 90' lang='lat' dir='ltr'><strong>ut</strong></span> <span class='ocrx_word' id='word_1_47' title='bbox 1449 692 1790 771; x_wconf 78' lang='lat' dir='ltr'><strong>intelligeret.</strong></span> <span class='ocrx_word' id='word_1_48' title='bbox 1824 692 2026 750; x_wconf 85' lang='lat' dir='ltr'><strong>Simili-</strong></span> 
     </span>
    </p>
   </div>
   <div class='ocr_carea' id='block_1_8' title="bbox 434 783 2025 856">
    <p class='ocr_par' dir='ltr' id='par_1_8' title="bbox 434 783 2025 856">
     <span class='ocr_line' id='line_1_8' title="bbox 434 783 2025 856; baseline 0.001 -15"><span class='ocrx_word' id='word_1_49' title='bbox 434 795 520 841; x_wconf 88' lang='lat' dir='ltr'><strong>ter</strong></span> <span class='ocrx_word' id='word_1_50' title='bbox 540 792 597 840; x_wconf 91' lang='lat' dir='ltr'><strong>et</strong></span> <span class='ocrx_word' id='word_1_51' title='bbox 623 784 861 845; x_wconf 85' lang='lat' dir='ltr'><strong>Danielis</strong></span> <span class='ocrx_word' id='word_1_52' title='bbox 886 783 1204 839; x_wconf 80' lang='lat' dir='ltr'><strong>excellentia</strong></span> <span class='ocrx_word' id='word_1_53' title='bbox 1234 791 1438 840; x_wconf 85' lang='lat' dir='ltr'><strong>tentata</strong></span> <span class='ocrx_word' id='word_1_54' title='bbox 1462 795 1549 840; x_wconf 88' lang='lat' dir='ltr'><strong>est</strong></span> <span class='ocrx_word' id='word_1_55' title='bbox 1568 792 1625 840; x_wconf 88' lang='lat' dir='ltr'><strong>et</strong></span> <span class='ocrx_word' id='word_1_56' title='bbox 1650 785 1900 855; x_wconf 88' lang='lat' dir='ltr'><strong>probata,</strong></span> <span class='ocrx_word' id='word_1_57' title='bbox 1929 785 2025 856; x_wconf 86' lang='lat' dir='ltr'><strong>qui</strong></span> 
     </span>
    </p>
   </div>
   <div class='ocr_carea' id='block_1_9' title="bbox 432 859 2020 944">
    <p class='ocr_par' dir='ltr' id='par_1_9' title="bbox 432 859 2020 944">
     <span class='ocr_line' id='line_1_9' title="bbox 432 859 2020 944; baseline 0.001 -16"><span class='ocrx_word' id='word_1_58' title='bbox 432 883 490 928; x_wconf 90' lang='lat' dir='ltr'><strong>et</strong></span> <span class='ocrx_word' id='word_1_59' title='bbox 535 873 803 936; x_wconf 84' lang='lat' dir='ltr'><strong>somnium</strong></span> <span class='ocrx_word' id='word_1_60' title='bbox 846 872 1173 939; x_wconf 91' lang='lat' dir='ltr'><strong>futurorum,</strong></span> <span class='ocrx_word' id='word_1_61' title='bbox 1216 874 1361 944; x_wconf 90' lang='lat' dir='ltr'><strong>quod</strong></span> <span class='ocrx_word' id='word_1_62' title='bbox 1402 859 1500 928; x_wconf 77' lang='lat' dir='ltr'><strong>rex</strong></span> <span class='ocrx_word' id='word_1_63' title='bbox 1545 873 1764 929; x_wconf 87' lang='lat' dir='ltr'><strong>videbat</strong></span> <span class='ocrx_word' id='word_1_64' title='bbox 1806 874 2020 944; x_wconf 84' lang='lat' dir='ltr'><strong>spiritu,</strong></span> 
     </span>
    </p>
   </div>
   <div class='ocr_carea' id='block_1_10' title="bbox 432 961 2026 1036">
    <p class='ocr_par' dir='ltr' id='par_1_10' title="bbox 432 961 2026 1036">
     <span class='ocr_line' id='line_1_10' title="bbox 432 961 2026 1036; baseline 0.001 -18"><span class='ocrx_word' id='word_1_65' title='bbox 432 963 735 1030; x_wconf 75' lang='lat' dir='ltr'><strong>intellexit,</strong></span> <span class='ocrx_word' id='word_1_66' title='bbox 790 961 1015 1033; x_wconf 81' lang='lat' dir='ltr'><strong>ejusque</strong></span> <span class='ocrx_word' id='word_1_67' title='bbox 1069 963 1569 1035; x_wconf 85' lang='lat' dir='ltr'><strong>interpretationem</strong></span> <span class='ocrx_word' id='word_1_68' title='bbox 1621 965 1736 1036; x_wconf 83' lang='lat' dir='ltr'><strong>regi</strong></span> <span class='ocrx_word' id='word_1_69' title='bbox 1788 965 2026 1020; x_wconf 89' lang='lat' dir='ltr'><strong>ostendit</strong></span> 
     </span>
    </p>
   </div>
   <div class='ocr_carea' id='block_1_11' title="bbox 432 1051 2022 1126">
    <p class='ocr_par' dir='ltr' id='par_1_11' title="bbox 432 1051 2022 1126">
     <span class='ocr_line' id='line_1_11' title="bbox 432 1051 2022 1126; baseline 0.002 -20"><span class='ocrx_word' id='word_1_70' title='bbox 432 1053 598 1125; x_wconf 84' lang='lat' dir='ltr'><strong>(Dan.</strong></span> <span class='ocrx_word' id='word_1_71' title='bbox 639 1069 679 1107; x_wconf 88' lang='lat' dir='ltr'><strong>ll</strong></span> <span class='ocrx_word' id='word_1_72' title='bbox 720 1062 767 1106; x_wconf 89' lang='lat' dir='ltr'><strong>et</strong></span> <span class='ocrx_word' id='word_1_73' title='bbox 808 1051 904 1126; x_wconf 83' lang='lat' dir='ltr'><strong>tv).</strong></span> <span class='ocrx_word' id='word_1_74' title='bbox 952 1052 1078 1108; x_wconf 85' lang='lat' dir='ltr'><strong>Ideo</strong></span> <span class='ocrx_word' id='word_1_75' title='bbox 1122 1054 1295 1125; x_wconf 86' lang='lat' dir='ltr'><strong>magis</strong></span> <span class='ocrx_word' id='word_1_76' title='bbox 1338 1053 1425 1108; x_wconf 89' lang='lat' dir='ltr'><strong>ille</strong></span> <span class='ocrx_word' id='word_1_77' title='bbox 1475 1052 1579 1108; x_wconf 82' lang='lat' dir='ltr'><strong>fuit</strong></span> <span class='ocrx_word' id='word_1_78' title='bbox 1616 1055 1883 1125; x_wconf 83' lang='lat' dir='ltr'><strong>propheta</strong></span> <span class='ocrx_word' id='word_1_79' title='bbox 1927 1055 2022 1124; x_wconf 87' lang='lat' dir='ltr'><strong>qui</strong></span> 
     </span>
    </p>
   </div>
   <div class='ocr_carea' id='block_1_12' title="bbox 431 1143 2022 1216">
    <p class='ocr_par' dir='ltr' id='par_1_12' title="bbox 431 1143 2022 1216">
     <span class='ocr_line' id='line_1_12' title="bbox 431 1143 2022 1216; baseline 0.003 -18"><span class='ocrx_word' id='word_1_80' title='bbox 431 1151 613 1201; x_wconf 82' lang='lat' dir='ltr'><strong>mente</strong></span> <span class='ocrx_word' id='word_1_81' title='bbox 640 1143 922 1210; x_wconf 81' lang='lat' dir='ltr'><strong>intellexit,</strong></span> <span class='ocrx_word' id='word_1_82' title='bbox 947 1160 1113 1215; x_wconf 91' lang='lat' dir='ltr'><strong>quam</strong></span> <span class='ocrx_word' id='word_1_83' title='bbox 1141 1160 1237 1200; x_wconf 87' lang='lat' dir='ltr'><strong>rex</strong></span> <span class='ocrx_word' id='word_1_84' title='bbox 1268 1146 1361 1216; x_wconf 88' lang='lat' dir='ltr'><strong>qui</strong></span> <span class='ocrx_word' id='word_1_85' title='bbox 1385 1146 1579 1216; x_wconf 88' lang='lat' dir='ltr'><strong>spiritu</strong></span> <span class='ocrx_word' id='word_1_86' title='bbox 1602 1147 1880 1202; x_wconf 84' lang='lat' dir='ltr'><strong>cernebat.</strong></span> <span class='ocrx_word' id='word_1_87' title='bbox 1913 1146 2022 1204; x_wconf 88' lang='lat' dir='ltr'><strong>Sed</strong></span> 
     </span>
    </p>
   </div>
   <div class='ocr_carea' id='block_1_13' title="bbox 431 1235 2018 1308">
    <p class='ocr_par' dir='ltr' id='par_1_13' title="bbox 431 1235 2018 1308">
     <span class='ocr_line' id='line_1_13' title="bbox 431 1235 2018 1308; baseline 0.001 -19"><span class='ocrx_word' id='word_1_88' title='bbox 431 1235 549 1289; x_wconf 75' lang='lat' dir='ltr'><strong>lucc</strong></span> <span class='ocrx_word' id='word_1_89' title='bbox 588 1235 693 1289; x_wconf 90' lang='lat' dir='ltr'><strong>tria</strong></span> <span class='ocrx_word' id='word_1_90' title='bbox 730 1250 943 1305; x_wconf 80' lang='lat' dir='ltr'><strong>quoque</strong></span> <span class='ocrx_word' id='word_1_91' title='bbox 978 1249 1176 1305; x_wconf 88' lang='lat' dir='ltr'><strong>genera</strong></span> <span class='ocrx_word' id='word_1_92' title='bbox 1203 1236 1473 1290; x_wconf 85' lang='lat' dir='ltr'><strong>visionum</strong></span> <span class='ocrx_word' id='word_1_93' title='bbox 1502 1236 1557 1289; x_wconf 92' lang='lat' dir='ltr'><strong>in</strong></span> <span class='ocrx_word' id='word_1_94' title='bbox 1592 1235 1687 1291; x_wconf 87' lang='lat' dir='ltr'><strong>illa</strong></span> <span class='ocrx_word' id='word_1_95' title='bbox 1716 1235 2018 1308; x_wconf 85' lang='lat' dir='ltr'><strong>Scriptura,</strong></span> 
     </span>
    </p>
   </div>
   <div class='ocr_carea' id='block_1_14' title="bbox 431 1323 2018 1396">
    <p class='ocr_par' dir='ltr' id='par_1_14' title="bbox 431 1323 2018 1396">
     <span class='ocr_line' id='line_1_14' title="bbox 431 1323 2018 1396; baseline 0.001 -18"><span class='ocrx_word' id='word_1_96' title='bbox 431 1340 553 1394; x_wconf 71' lang='lat' dir='ltr'><strong>qua:</strong></span> <span class='ocrx_word' id='word_1_97' title='bbox 595 1338 781 1380; x_wconf 89' lang='lat' dir='ltr'><strong>coram</strong></span> <span class='ocrx_word' id='word_1_98' title='bbox 820 1338 947 1394; x_wconf 80' lang='lat' dir='ltr'><strong>rege</strong></span> <span class='ocrx_word' id='word_1_99' title='bbox 983 1323 1274 1378; x_wconf 84' lang='lat' dir='ltr'><strong>Balthazar</strong></span> <span class='ocrx_word' id='word_1_100' title='bbox 1314 1324 1371 1379; x_wconf 88' lang='lat' dir='ltr'><strong>in</strong></span> <span class='ocrx_word' id='word_1_101' title='bbox 1416 1324 1624 1395; x_wconf 88' lang='lat' dir='ltr'><strong>pariete</strong></span> <span class='ocrx_word' id='word_1_102' title='bbox 1660 1333 1748 1380; x_wconf 91' lang='lat' dir='ltr'><strong>est</strong></span> <span class='ocrx_word' id='word_1_103' title='bbox 1783 1325 2018 1396; x_wconf 87' lang='lat' dir='ltr'><strong>depicta,</strong></span> 
     </span>
    </p>
   </div>
   <div class='ocr_carea' id='block_1_15' title="bbox 429 1410 2022 1485">
    <p class='ocr_par' dir='ltr' id='par_1_15' title="bbox 429 1410 2022 1485">
     <span class='ocr_line' id='line_1_15' title="bbox 429 1410 2022 1485; baseline 0.002 -17"><span class='ocrx_word' id='word_1_104' title='bbox 429 1413 789 1468; x_wconf 87' lang='lat' dir='ltr'><strong>ostenduntur</strong></span> <span class='ocrx_word' id='word_1_105' title='bbox 812 1412 973 1482; x_wconf 87' lang='lat' dir='ltr'><strong>(Dan.</strong></span> <span class='ocrx_word' id='word_1_106' title='bbox 996 1410 1074 1485; x_wconf 94' lang='lat' dir='ltr'><strong>v).</strong></span> <span class='ocrx_word' id='word_1_107' title='bbox 1106 1412 1242 1468; x_wconf 82' lang='lat' dir='ltr'><strong>Nam</strong></span> <span class='ocrx_word' id='word_1_108' title='bbox 1263 1414 1529 1485; x_wconf 84' lang='lat' dir='ltr'><strong>corporali</strong></span> <span class='ocrx_word' id='word_1_109' title='bbox 1553 1414 1759 1471; x_wconf 86' lang='lat' dir='ltr'><strong>visione</strong></span> <span class='ocrx_word' id='word_1_110' title='bbox 1787 1431 1882 1471; x_wconf 86' lang='lat' dir='ltr'><strong>rex</strong></span> <span class='ocrx_word' id='word_1_111' title='bbox 1905 1431 2022 1471; x_wconf 83' lang='lat' dir='ltr'><strong>cer-</strong></span> 
     </span>
    </p>
   </div>
   <div class='ocr_carea' id='block_1_16' title="bbox 430 1501 2024 1575">
    <p class='ocr_par' dir='ltr' id='par_1_16' title="bbox 430 1501 2024 1575">
     <span class='ocr_line' id='line_1_16' title="bbox 430 1501 2024 1575; baseline 0.003 -19"><span class='ocrx_word' id='word_1_112' title='bbox 430 1502 598 1557; x_wconf 87' lang='lat' dir='ltr'><strong>nebat</strong></span> <span class='ocrx_word' id='word_1_113' title='bbox 622 1501 678 1557; x_wconf 89' lang='lat' dir='ltr'><strong>in</strong></span> <span class='ocrx_word' id='word_1_114' title='bbox 706 1502 915 1573; x_wconf 84' lang='lat' dir='ltr'><strong>pariete</strong></span> <span class='ocrx_word' id='word_1_115' title='bbox 935 1502 1146 1558; x_wconf 84' lang='lat' dir='ltr'><strong>litteras</strong></span> <span class='ocrx_word' id='word_1_116' title='bbox 1172 1503 1522 1575; x_wconf 86' lang='lat' dir='ltr'><strong>perscriptas,</strong></span> <span class='ocrx_word' id='word_1_117' title='bbox 1550 1504 1704 1575; x_wconf 88' lang='lat' dir='ltr'><strong>cujus</strong></span> <span class='ocrx_word' id='word_1_118' title='bbox 1735 1520 1836 1560; x_wconf 89' lang='lat' dir='ltr'><strong>nec</strong></span> <span class='ocrx_word' id='word_1_119' title='bbox 1863 1506 2024 1575; x_wconf 81' lang='lat' dir='ltr'><strong>spiri-</strong></span> 
     </span>
    </p>
   </div>
   <div class='ocr_carea' id='block_1_17' title="bbox 431 1591 2022 1669">
    <p class='ocr_par' dir='ltr' id='par_1_17' title="bbox 431 1591 2022 1669">
     <span class='ocr_line' id='line_1_17' title="bbox 431 1591 2022 1669; baseline 0.004 -22"><span class='ocrx_word' id='word_1_120' title='bbox 431 1600 521 1648; x_wconf 90' lang='lat' dir='ltr'><strong>tus</strong></span> <span class='ocrx_word' id='word_1_121' title='bbox 548 1591 870 1651; x_wconf 88' lang='lat' dir='ltr'><strong>informatus</strong></span> <span class='ocrx_word' id='word_1_122' title='bbox 897 1594 1017 1661; x_wconf 91' lang='lat' dir='ltr'><strong>fuit,</strong></span> <span class='ocrx_word' id='word_1_123' title='bbox 1044 1603 1106 1651; x_wconf 92' lang='lat' dir='ltr'><strong>ut</strong></span> <span class='ocrx_word' id='word_1_124' title='bbox 1131 1609 1248 1662; x_wconf 88' lang='lat' dir='ltr'><strong>eas,</strong></span> <span class='ocrx_word' id='word_1_125' title='bbox 1287 1594 1416 1665; x_wconf 85' lang='lat' dir='ltr'><strong>licet</strong></span> <span class='ocrx_word' id='word_1_126' title='bbox 1447 1596 1679 1663; x_wconf 87' lang='lat' dir='ltr'><strong>videret,</strong></span> <span class='ocrx_word' id='word_1_127' title='bbox 1708 1595 1889 1668; x_wconf 80' lang='lat' dir='ltr'><strong>legere</strong></span> <span class='ocrx_word' id='word_1_128' title='bbox 1925 1613 2022 1669; x_wconf 89' lang='lat' dir='ltr'><strong>po-</strong></span> 
     </span>
    </p>
   </div>
   <div class='ocr_carea' id='block_1_18' title="bbox 430 1686 2023 1758">
    <p class='ocr_par' dir='ltr' id='par_1_18' title="bbox 430 1686 2023 1758">
     <span class='ocr_line' id='line_1_18' title="bbox 430 1686 2023 1758; baseline 0.001 -16"><span class='ocrx_word' id='word_1_129' title='bbox 430 1686 655 1752; x_wconf 90' lang='lat' dir='ltr'><strong>tuisset;</strong></span> <span class='ocrx_word' id='word_1_130' title='bbox 687 1701 789 1742; x_wconf 91' lang='lat' dir='ltr'><strong>nec</strong></span> <span class='ocrx_word' id='word_1_131' title='bbox 813 1701 968 1742; x_wconf 87' lang='lat' dir='ltr'><strong>mens</strong></span> <span class='ocrx_word' id='word_1_132' title='bbox 993 1686 1289 1742; x_wconf 90' lang='lat' dir='ltr'><strong>illuminata</strong></span> <span class='ocrx_word' id='word_1_133' title='bbox 1311 1686 1609 1758; x_wconf 75' lang='lat' dir='ltr'><strong>intelligere</strong></span> <span class='ocrx_word' id='word_1_134' title='bbox 1636 1702 1750 1743; x_wconf 85' lang='lat' dir='ltr'><strong>eas.</strong></span> <span class='ocrx_word' id='word_1_135' title='bbox 1777 1687 2023 1745; x_wconf 82' lang='lat' dir='ltr'><strong>Accessit</strong></span> 
     </span>
    </p>
   </div>
   <div class='ocr_carea' id='block_1_19' title="bbox 2124 507 3718 580">
    <p class='ocr_par' dir='ltr' id='par_1_19' title="bbox 2124 507 3718 580">
     <span class='ocr_line' id='line_1_19' title="bbox 2124 507 3718 580; baseline 0.011 -19"><span class='ocrx_word' id='word_1_136' title='bbox 2124 507 2198 561; x_wconf 85' lang='lat' dir='ltr'><strong>tia</strong></span> <span class='ocrx_word' id='word_1_137' title='bbox 2227 507 2531 578; x_wconf 86' lang='lat' dir='ltr'><strong>dijudicari,</strong></span> <span class='ocrx_word' id='word_1_138' title='bbox 2559 509 2604 565; x_wconf 88' lang='lat' dir='ltr'><strong>si</strong></span> <span class='ocrx_word' id='word_1_139' title='bbox 2630 525 2738 564; x_wconf 90' lang='lat' dir='ltr'><strong>non</strong></span> <span class='ocrx_word' id='word_1_140' title='bbox 2776 509 3231 569; x_wconf 88' lang='lat' dir='ltr'><strong>confunderemur</strong></span> <span class='ocrx_word' id='word_1_141' title='bbox 3258 515 3326 571; x_wconf 92' lang='lat' dir='ltr'><strong>de</strong></span> <span class='ocrx_word' id='word_1_142' title='bbox 3364 516 3718 580; x_wconf 82' lang='lat' dir='ltr'><strong>dissensionis</strong></span> 
     </span>
    </p>
   </div>
   <div class='ocr_carea' id='block_1_20' title="bbox 2120 596 3716 675">
    <p class='ocr_par' dir='ltr' id='par_1_20' title="bbox 2120 596 3716 675">
     <span class='ocr_line' id='line_1_20' title="bbox 2120 596 3716 675; baseline 0.011 -24"><span class='ocrx_word' id='word_1_143' title='bbox 2120 605 2270 652; x_wconf 86' lang='lat' dir='ltr'><strong>nota.</strong></span> <span class='ocrx_word' id='word_1_144' title='bbox 2293 596 2446 665; x_wconf 86' lang='lat' dir='ltr'><strong>Quod</strong></span> <span class='ocrx_word' id='word_1_145' title='bbox 2466 614 2600 655; x_wconf 90' lang='lat' dir='ltr'><strong>vero</strong></span> <span class='ocrx_word' id='word_1_146' title='bbox 2627 606 2680 654; x_wconf 93' lang='lat' dir='ltr'><strong>te</strong></span> <span class='ocrx_word' id='word_1_147' title='bbox 2705 600 2979 657; x_wconf 76' lang='lat' dir='ltr'><strong>nesciente</strong></span> <span class='ocrx_word' id='word_1_148' title='bbox 3004 604 3258 673; x_wconf 90' lang='lat' dir='ltr'><strong>perrexi,</strong></span> <span class='ocrx_word' id='word_1_149' title='bbox 3288 608 3584 675; x_wconf 77' lang='lat' dir='ltr'><strong>necessitas</strong></span> <span class='ocrx_word' id='word_1_150' title='bbox 3607 612 3716 667; x_wconf 81' lang='lat' dir='ltr'><strong>hoc</strong></span> 
     </span>
    </p>
   </div>
   <div class='ocr_carea' id='block_1_21' title="bbox 2118 683 2704 752">
    <p class='ocr_par' dir='ltr' id='par_1_21' title="bbox 2118 683 2704 752">
     <span class='ocr_line' id='line_1_21' title="bbox 2118 683 2704 752; baseline 0.005 -12"><span class='ocrx_word' id='word_1_151' title='bbox 2118 683 2272 752; x_wconf 86' lang='lat' dir='ltr'><strong>fecit,</strong></span> <span class='ocrx_word' id='word_1_152' title='bbox 2298 702 2406 743; x_wconf 91' lang='lat' dir='ltr'><strong>non</strong></span> <span class='ocrx_word' id='word_1_153' title='bbox 2435 688 2704 743; x_wconf 87' lang='lat' dir='ltr'><strong>voluntas.</strong></span> 
     </span>
    </p>
   </div>
   <div class='ocr_carea' id='block_1_22' title="bbox 2192 776 3723 857">
    <p class='ocr_par' dir='ltr' id='par_1_22' title="bbox 2192 776 3723 857">
     <span class='ocr_line' id='line_1_22' title="bbox 2192 776 3723 857; baseline 0.01 -25"><span class='ocrx_word' id='word_1_154' title='bbox 2192 777 2353 848; x_wconf 76' lang='lat'><strong>217</strong></span> <span class='ocrx_word' id='word_1_155' title='bbox 2392 776 2571 845; x_wconf 87' lang='lat' dir='ltr'><strong>Quare</strong></span> <span class='ocrx_word' id='word_1_156' title='bbox 2611 779 2810 835; x_wconf 88' lang='lat' dir='ltr'><strong>oblitus</strong></span> <span class='ocrx_word' id='word_1_157' title='bbox 2835 780 3005 847; x_wconf 82' lang='lat' dir='ltr'><strong>fuisti,</strong></span> <span class='ocrx_word' id='word_1_158' title='bbox 3048 781 3122 838; x_wconf 83' lang='lat' dir='ltr'><strong>ﬁli</strong></span> <span class='ocrx_word' id='word_1_159' title='bbox 3160 784 3257 851; x_wconf 90' lang='lat' dir='ltr'><strong>mi,</strong></span> <span class='ocrx_word' id='word_1_160' title='bbox 3293 789 3562 857; x_wconf 88' lang='lat' dir='ltr'><strong>quomodo</strong></span> <span class='ocrx_word' id='word_1_161' title='bbox 3588 806 3723 848; x_wconf 83' lang='lat' dir='ltr'><strong>cum</strong></span> 
     </span>
    </p>
   </div>
   <div class='ocr_carea' id='block_1_23' title="bbox 2120 860 3720 946">
    <p class='ocr_par' dir='ltr' id='par_1_23' title="bbox 2120 860 3720 946">
     <span class='ocr_line' id='line_1_23' title="bbox 2120 860 3720 946; baseline 0.01 -24"><span class='ocrx_word' id='word_1_162' title='bbox 2120 866 2376 942; x_wconf 85' lang='lat' dir='ltr'><strong>lacrymis</strong></span> <span class='ocrx_word' id='word_1_163' title='bbox 2414 878 2471 925; x_wconf 92' lang='lat' dir='ltr'><strong>et</strong></span> <span class='ocrx_word' id='word_1_164' title='bbox 2513 870 2769 926; x_wconf 88' lang='lat' dir='ltr'><strong>inclinata</strong></span> <span class='ocrx_word' id='word_1_165' title='bbox 2798 860 3011 928; x_wconf 83' lang='lat' dir='ltr'><strong>cervice</strong></span> <span class='ocrx_word' id='word_1_166' title='bbox 3038 881 3090 929; x_wconf 89' lang='lat' dir='ltr'><strong>te</strong></span> <span class='ocrx_word' id='word_1_167' title='bbox 3125 891 3225 945; x_wconf 92' lang='lat' dir='ltr'><strong>pro</strong></span> <span class='ocrx_word' id='word_1_168' title='bbox 3248 892 3382 946; x_wconf 84' lang='lat' dir='ltr'><strong>pace</strong></span> <span class='ocrx_word' id='word_1_169' title='bbox 3410 889 3467 934; x_wconf 90' lang='lat' dir='ltr'><strong>et</strong></span> <span class='ocrx_word' id='word_1_170' title='bbox 3491 896 3720 937; x_wconf 82' lang='lat' dir='ltr'><strong>concor-</strong></span> 
     </span>
    </p>
   </div>
   <div class='ocr_carea' id='block_1_24' title="bbox 2120 960 3719 1039">
    <p class='ocr_par' dir='ltr' id='par_1_24' title="bbox 2120 960 3719 1039">
     <span class='ocr_line' id='line_1_24' title="bbox 2120 960 3719 1039; baseline 0.007 -23"><span class='ocrx_word' id='word_1_171' title='bbox 2120 961 2230 1026; x_wconf 87' lang='lat' dir='ltr'><strong>dia,</strong></span> <span class='ocrx_word' id='word_1_172' title='bbox 2257 975 2357 1031; x_wconf 89' lang='lat' dir='ltr'><strong>pro</strong></span> <span class='ocrx_word' id='word_1_173' title='bbox 2382 960 2585 1017; x_wconf 86' lang='lat' dir='ltr'><strong>Christi</strong></span> <span class='ocrx_word' id='word_1_174' title='bbox 2613 977 2799 1018; x_wconf 89' lang='lat' dir='ltr'><strong>amore</strong></span> <span class='ocrx_word' id='word_1_175' title='bbox 2833 971 3087 1034; x_wconf 90' lang='lat' dir='ltr'><strong>precatus</strong></span> <span class='ocrx_word' id='word_1_176' title='bbox 3125 981 3268 1032; x_wconf 90' lang='lat' dir='ltr'><strong>sum,</strong></span> <span class='ocrx_word' id='word_1_177' title='bbox 3308 968 3463 1039; x_wconf 85' lang='lat' dir='ltr'><strong>cujus</strong></span> <span class='ocrx_word' id='word_1_178' title='bbox 3498 964 3719 1027; x_wconf 83' lang='lat' dir='ltr'><strong>debitor</strong></span> 
     </span>
    </p>
   </div>
   <div class='ocr_carea' id='block_1_25' title="bbox 2120 1050 3717 1125">
    <p class='ocr_par' dir='ltr' id='par_1_25' title="bbox 2120 1050 3717 1125">
     <span class='ocr_line' id='line_1_25' title="bbox 2120 1050 3717 1125; baseline 0.007 -21"><span class='ocrx_word' id='word_1_179' title='bbox 2120 1064 2180 1105; x_wconf 92' lang='lat' dir='ltr'><strong>es</strong></span> <span class='ocrx_word' id='word_1_180' title='bbox 2220 1051 2368 1105; x_wconf 89' lang='lat' dir='ltr'><strong>omni</strong></span> <span class='ocrx_word' id='word_1_181' title='bbox 2406 1050 2630 1118; x_wconf 87' lang='lat' dir='ltr'><strong>homini,</strong></span> <span class='ocrx_word' id='word_1_182' title='bbox 2669 1053 2834 1106; x_wconf 90' lang='lat' dir='ltr'><strong>etiam</strong></span> <span class='ocrx_word' id='word_1_183' title='bbox 2877 1068 2984 1108; x_wconf 91' lang='lat' dir='ltr'><strong>non</strong></span> <span class='ocrx_word' id='word_1_184' title='bbox 3024 1063 3264 1125; x_wconf 88' lang='lat' dir='ltr'><strong>rogatus.</strong></span> <span class='ocrx_word' id='word_1_185' title='bbox 3296 1057 3364 1111; x_wconf 86' lang='lat' dir='ltr'><strong>Et</strong></span> <span class='ocrx_word' id='word_1_186' title='bbox 3401 1058 3444 1114; x_wconf 91' lang='lat' dir='ltr'><strong>si</strong></span> <span class='ocrx_word' id='word_1_187' title='bbox 3486 1058 3717 1115; x_wconf 83' lang='lat' dir='ltr'><strong>fratrem</strong></span> 
     </span>
    </p>
   </div>
   <div class='ocr_carea' id='block_1_26' title="bbox 2122 1143 3713 1223">
    <p class='ocr_par' dir='ltr' id='par_1_26' title="bbox 2122 1143 3713 1223">
     <span class='ocr_line' id='line_1_26' title="bbox 2122 1143 3713 1223; baseline 0.005 -26"><span class='ocrx_word' id='word_1_188' title='bbox 2122 1150 2271 1198; x_wconf 89' lang='lat' dir='ltr'><strong>tuum</strong></span> <span class='ocrx_word' id='word_1_189' title='bbox 2295 1143 2634 1211; x_wconf 87' lang='lat' dir='ltr'><strong>occidissem,</strong></span> <span class='ocrx_word' id='word_1_190' title='bbox 2664 1144 2851 1215; x_wconf 87' lang='lat' dir='ltr'><strong>utique</strong></span> <span class='ocrx_word' id='word_1_191' title='bbox 2875 1145 2946 1200; x_wconf 92' lang='lat' dir='ltr'><strong>ob</strong></span> <span class='ocrx_word' id='word_1_192' title='bbox 2971 1145 3174 1203; x_wconf 88' lang='lat' dir='ltr'><strong>Christi</strong></span> <span class='ocrx_word' id='word_1_193' title='bbox 3201 1157 3528 1220; x_wconf 63' lang='lat' dir='ltr'><strong>praeceptum</strong></span> <span class='ocrx_word' id='word_1_194' title='bbox 3555 1151 3713 1223; x_wconf 86' lang='lat' dir='ltr'><strong>igno-</strong></span> 
     </span>
    </p>
   </div>
   <div class='ocr_carea' id='block_1_27' title="bbox 2121 1230 3717 1308">
    <p class='ocr_par' dir='ltr' id='par_1_27' title="bbox 2121 1230 3717 1308">
     <span class='ocr_line' id='line_1_27' title="bbox 2121 1230 3717 1308; baseline 0.006 -24"><span class='ocrx_word' id='word_1_195' title='bbox 2121 1244 2275 1285; x_wconf 87' lang='lat' dir='ltr'><strong>scere</strong></span> <span class='ocrx_word' id='word_1_196' title='bbox 2303 1230 2582 1288; x_wconf 87' lang='lat' dir='ltr'><strong>debuisses</strong></span> <span class='ocrx_word' id='word_1_197' title='bbox 2610 1251 2633 1291; x_wconf 35' lang='grc' dir='ltr'><strong>ηε</strong></span> <span class='ocrx_word' id='word_1_198' title='bbox 2675 1242 2882 1303; x_wconf 87' lang='lat' dir='ltr'><strong>quanto</strong></span> <span class='ocrx_word' id='word_1_199' title='bbox 2910 1235 3103 1306; x_wconf 89' lang='lat' dir='ltr'><strong>magis,</strong></span> <span class='ocrx_word' id='word_1_200' title='bbox 3132 1236 3261 1291; x_wconf 91' lang='lat' dir='ltr'><strong>dum</strong></span> <span class='ocrx_word' id='word_1_201' title='bbox 3290 1238 3419 1292; x_wconf 79' lang='lat' dir='ltr'><strong>nihil</strong></span> <span class='ocrx_word' id='word_1_202' title='bbox 3447 1240 3494 1294; x_wconf 89' lang='lat' dir='ltr'><strong>ei</strong></span> <span class='ocrx_word' id='word_1_203' title='bbox 3526 1241 3717 1308; x_wconf 92' lang='lat' dir='ltr'><strong>nocui,-</strong></span> 
     </span>
    </p>
   </div>
   <div class='ocr_carea' id='block_1_28' title="bbox 2121 1317 3711 1395">
    <p class='ocr_par' dir='ltr' id='par_1_28' title="bbox 2121 1317 3711 1395">
     <span class='ocr_line' id='line_1_28' title="bbox 2121 1317 3711 1395; baseline 0.008 -23"><span class='ocrx_word' id='word_1_204' title='bbox 2121 1318 2217 1373; x_wconf 87' lang='lat' dir='ltr'><strong>sed</strong></span> <span class='ocrx_word' id='word_1_205' title='bbox 2241 1317 2460 1375; x_wconf 87' lang='lat' dir='ltr'><strong>omnino</strong></span> <span class='ocrx_word' id='word_1_206' title='bbox 2479 1319 2741 1376; x_wconf 89' lang='lat' dir='ltr'><strong>benefeci.</strong></span> <span class='ocrx_word' id='word_1_207' title='bbox 2767 1322 2836 1377; x_wconf 85' lang='lat' dir='ltr'><strong>Et</strong></span> <span class='ocrx_word' id='word_1_208' title='bbox 2859 1323 2928 1377; x_wconf 93' lang='lat' dir='ltr'><strong>ob</strong></span> <span class='ocrx_word' id='word_1_209' title='bbox 2957 1324 3059 1379; x_wconf 92' lang='lat' dir='ltr'><strong>hoc</strong></span> <span class='ocrx_word' id='word_1_210' title='bbox 3085 1324 3426 1381; x_wconf 78' lang='lat' dir='ltr'><strong>benefactum</strong></span> <span class='ocrx_word' id='word_1_211' title='bbox 3453 1327 3508 1382; x_wconf 93' lang='lat' dir='ltr'><strong>in</strong></span> <span class='ocrx_word' id='word_1_212' title='bbox 3534 1328 3711 1395; x_wconf 90' lang='lat' dir='ltr'><strong>illum,</strong></span> 
     </span>
    </p>
   </div>
   <div class='ocr_carea' id='block_1_29' title="bbox 2120 1408 3710 1485">
    <p class='ocr_par' dir='ltr' id='par_1_29' title="bbox 2120 1408 3710 1485">
     <span class='ocr_line' id='line_1_29' title="bbox 2120 1408 3710 1485; baseline 0.006 -21"><span class='ocrx_word' id='word_1_213' title='bbox 2120 1409 2371 1464; x_wconf 90' lang='lat' dir='ltr'><strong>inimicus</strong></span> <span class='ocrx_word' id='word_1_214' title='bbox 2411 1408 2585 1465; x_wconf 88' lang='lat' dir='ltr'><strong>factus</strong></span> <span class='ocrx_word' id='word_1_215' title='bbox 2613 1425 2673 1466; x_wconf 88' lang='lat' dir='ltr'><strong>es</strong></span> <span class='ocrx_word' id='word_1_216' title='bbox 2711 1412 2887 1467; x_wconf 89' lang='lat' dir='ltr'><strong>amico</strong></span> <span class='ocrx_word' id='word_1_217' title='bbox 2919 1420 3031 1467; x_wconf 91' lang='lat' dir='ltr'><strong>tuo.</strong></span> <span class='ocrx_word' id='word_1_218' title='bbox 3072 1412 3183 1468; x_wconf 83' lang='lat' dir='ltr'><strong>Nec</strong></span> <span class='ocrx_word' id='word_1_219' title='bbox 3218 1414 3314 1470; x_wconf 92' lang='lat' dir='ltr'><strong>tibi</strong></span> <span class='ocrx_word' id='word_1_220' title='bbox 3353 1415 3471 1485; x_wconf 90' lang='lat' dir='ltr'><strong>plus</strong></span> <span class='ocrx_word' id='word_1_221' title='bbox 3505 1426 3610 1482; x_wconf 91' lang='lat' dir='ltr'><strong>est,</strong></span> <span class='ocrx_word' id='word_1_222' title='bbox 3652 1420 3710 1473; x_wconf 92' lang='lat' dir='ltr'><strong>in</strong></span> 
     </span>
    </p>
   </div>
   <div class='ocr_carea' id='block_1_30' title="bbox 2120 1494 3708 1582">
    <p class='ocr_par' dir='ltr' id='par_1_30' title="bbox 2120 1494 3708 1582">
     <span class='ocr_line' id='line_1_30' title="bbox 2120 1494 3708 1582; baseline 0.006 -27"><span class='ocrx_word' id='word_1_223' title='bbox 2120 1494 2526 1570; x_wconf 79' lang='lat' dir='ltr'><strong>regeneratione</strong></span> <span class='ocrx_word' id='word_1_224' title='bbox 2551 1502 2722 1557; x_wconf 88' lang='lat' dir='ltr'><strong>sancti</strong></span> <span class='ocrx_word' id='word_1_225' title='bbox 2761 1500 3016 1572; x_wconf 88' lang='lat' dir='ltr'><strong>Spiritus,</strong></span> <span class='ocrx_word' id='word_1_226' title='bbox 3059 1502 3245 1560; x_wconf 83' lang='lat' dir='ltr'><strong>fratris</strong></span> <span class='ocrx_word' id='word_1_227' title='bbox 3285 1504 3490 1578; x_wconf 85' lang='lat' dir='ltr'><strong>[Forte,</strong></span> <span class='ocrx_word' id='word_1_228' title='bbox 3516 1507 3708 1582; x_wconf 83' lang='lat' dir='ltr'><strong>frater]</strong></span> 
     </span>
    </p>
   </div>
   <div class='ocr_carea' id='block_1_31' title="bbox 2121 1588 3708 1665">
    <p class='ocr_par' dir='ltr' id='par_1_31' title="bbox 2121 1588 3708 1665">
     <span class='ocr_line' id='line_1_31' title="bbox 2121 1588 3708 1665; baseline 0.008 -24"><span class='ocrx_word' id='word_1_229' title='bbox 2121 1600 2285 1659; x_wconf 85' lang='lat' dir='ltr'><strong>quam</strong></span> <span class='ocrx_word' id='word_1_230' title='bbox 2310 1588 2463 1643; x_wconf 90' lang='lat' dir='ltr'><strong>mihi.</strong></span> <span class='ocrx_word' id='word_1_231' title='bbox 2491 1588 2558 1643; x_wconf 86' lang='lat' dir='ltr'><strong>Et</strong></span> <span class='ocrx_word' id='word_1_232' title='bbox 2583 1589 2629 1643; x_wconf 92' lang='lat' dir='ltr'><strong>si</strong></span> <span class='ocrx_word' id='word_1_233' title='bbox 2659 1590 2712 1644; x_wconf 92' lang='lat' dir='ltr'><strong>in</strong></span> <span class='ocrx_word' id='word_1_234' title='bbox 2733 1590 2909 1661; x_wconf 91' lang='lat' dir='ltr'><strong>prima</strong></span> <span class='ocrx_word' id='word_1_235' title='bbox 2937 1592 3227 1648; x_wconf 87' lang='lat' dir='ltr'><strong>mansisset</strong></span> <span class='ocrx_word' id='word_1_236' title='bbox 3250 1596 3615 1665; x_wconf 76' lang='lat' dir='ltr'><strong>generatione,</strong></span> <span class='ocrx_word' id='word_1_237' title='bbox 3636 1614 3708 1654; x_wconf 85' lang='lat' dir='ltr'><strong>ex</strong></span> 
     </span>
    </p>
   </div>
   <div class='ocr_carea' id='block_1_32' title="bbox 2121 1678 3712 1754">
    <p class='ocr_par' dir='ltr' id='par_1_32' title="bbox 2121 1678 3712 1754">
     <span class='ocr_line' id='line_1_32' title="bbox 2121 1678 3712 1754; baseline 0.008 -23"><span class='ocrx_word' id='word_1_238' title='bbox 2121 1691 2229 1747; x_wconf 91' lang='lat' dir='ltr'><strong>qua</strong></span> <span class='ocrx_word' id='word_1_239' title='bbox 2249 1685 2370 1733; x_wconf 91' lang='lat' dir='ltr'><strong>orta</strong></span> <span class='ocrx_word' id='word_1_240' title='bbox 2391 1686 2476 1734; x_wconf 90' lang='lat' dir='ltr'><strong>est</strong></span> <span class='ocrx_word' id='word_1_241' title='bbox 2498 1678 2769 1734; x_wconf 90' lang='lat' dir='ltr'><strong>discordia</strong></span> <span class='ocrx_word' id='word_1_242' title='bbox 2798 1680 2939 1735; x_wconf 88' lang='lat' dir='ltr'><strong>inter</strong></span> <span class='ocrx_word' id='word_1_243' title='bbox 2967 1682 3318 1738; x_wconf 85' lang='lat' dir='ltr'><strong>charissimas</strong></span> <span class='ocrx_word' id='word_1_244' title='bbox 3341 1699 3628 1754; x_wconf 86' lang='lat' dir='ltr'><strong>personas;</strong></span> <span class='ocrx_word' id='word_1_245' title='bbox 3651 1694 3712 1743; x_wconf 89' lang='lat' dir='ltr'><strong>et</strong></span> 
     </span>
    </p>
   </div>
   <div class='ocr_carea' id='block_1_33' title="bbox 432 1765 3710 1850">
    <p class='ocr_par' dir='ltr' id='par_1_33' title="bbox 432 1765 3710 1850">
     <span class='ocr_line' id='line_1_33' title="bbox 432 1765 3710 1850; baseline 0 -16"><span class='ocrx_word' id='word_1_246' title='bbox 432 1788 614 1835; x_wconf 89' lang='lat' dir='ltr'><strong>autem</strong></span> <span class='ocrx_word' id='word_1_247' title='bbox 638 1787 694 1834; x_wconf 90' lang='lat' dir='ltr'><strong>et</strong></span> <span class='ocrx_word' id='word_1_248' title='bbox 710 1780 996 1850; x_wconf 87' lang='lat' dir='ltr'><strong>propheta,</strong></span> <span class='ocrx_word' id='word_1_249' title='bbox 1020 1779 1111 1848; x_wconf 89' lang='lat' dir='ltr'><strong>qui</strong></span> <span class='ocrx_word' id='word_1_250' title='bbox 1134 1787 1423 1849; x_wconf 90' lang='lat' dir='ltr'><strong>utrumque</strong></span> <span class='ocrx_word' id='word_1_251' title='bbox 1446 1780 1579 1834; x_wconf 90' lang='lat' dir='ltr'><strong>etin</strong></span> <span class='ocrx_word' id='word_1_252' title='bbox 1609 1779 1800 1850; x_wconf 86' lang='lat' dir='ltr'><strong>spiritu</strong></span> <span class='ocrx_word' id='word_1_253' title='bbox 1823 1780 2017 1836; x_wconf 75' lang='lat' dir='ltr'><strong>obscu-</strong></span> <span class='ocrx_word' id='word_1_254' title='bbox 2047 1765 2092 1826; x_wconf 86' lang='grc' dir='ltr'><strong><em>Β</em></strong></span> <span class='ocrx_word' id='word_1_255' title='bbox 2116 1770 2171 1824; x_wconf 91' lang='lat' dir='ltr'><strong>in</strong></span> <span class='ocrx_word' id='word_1_256' title='bbox 2195 1784 2300 1839; x_wconf 87' lang='lat' dir='ltr'><strong>qua</strong></span> <span class='ocrx_word' id='word_1_257' title='bbox 2321 1769 2440 1840; x_wconf 91' lang='lat' dir='ltr'><strong>plus</strong></span> <span class='ocrx_word' id='word_1_258' title='bbox 2466 1769 2615 1825; x_wconf 91' lang='lat' dir='ltr'><strong>illum</strong></span> <span class='ocrx_word' id='word_1_259' title='bbox 2643 1785 2796 1827; x_wconf 88' lang='lat' dir='ltr'><strong>amas</strong></span> <span class='ocrx_word' id='word_1_260' title='bbox 2831 1787 2994 1843; x_wconf 88' lang='lat' dir='ltr'><strong>quam</strong></span> <span class='ocrx_word' id='word_1_261' title='bbox 3018 1788 3126 1840; x_wconf 91' lang='lat' dir='ltr'><strong>me,</strong></span> <span class='ocrx_word' id='word_1_262' title='bbox 3158 1788 3260 1831; x_wconf 89' lang='lat' dir='ltr'><strong>nec</strong></span> <span class='ocrx_word' id='word_1_263' title='bbox 3296 1776 3393 1831; x_wconf 90' lang='lat' dir='ltr'><strong>tibi</strong></span> <span class='ocrx_word' id='word_1_264' title='bbox 3432 1793 3530 1833; x_wconf 90' lang='lat' dir='ltr'><strong>nec</strong></span> <span class='ocrx_word' id='word_1_265' title='bbox 3568 1779 3710 1836; x_wconf 83' lang='lat' dir='ltr'><strong>mihi</strong></span> 
     </span>
    </p>
   </div>
   <div class='ocr_carea' id='block_1_34' title="bbox 430 1867 2019 1942">
    <p class='ocr_par' dir='ltr' id='par_1_34' title="bbox 430 1867 2019 1942">
     <span class='ocr_line' id='line_1_34' title="bbox 430 1867 2019 1942; baseline 0.003 -20"><span class='ocrx_word' id='word_1_266' title='bbox 430 1868 647 1923; x_wconf 90' lang='lat' dir='ltr'><strong>ritatem</strong></span> <span class='ocrx_word' id='word_1_267' title='bbox 683 1870 961 1939; x_wconf 71' lang='lat' dir='ltr'><strong>scriptura:</strong></span> <span class='ocrx_word' id='word_1_268' title='bbox 997 1867 1328 1939; x_wconf 83' lang='lat' dir='ltr'><strong>perlegebat,</strong></span> <span class='ocrx_word' id='word_1_269' title='bbox 1371 1876 1429 1924; x_wconf 89' lang='lat' dir='ltr'><strong>et</strong></span> <span class='ocrx_word' id='word_1_270' title='bbox 1461 1870 1876 1926; x_wconf 83' lang='lat' dir='ltr'><strong>obscurissimas</strong></span> <span class='ocrx_word' id='word_1_271' title='bbox 1902 1871 2019 1942; x_wconf 88' lang='lat' dir='ltr'><strong>ejus</strong></span> 
     </span>
    </p>
   </div>
   <div class='ocr_carea' id='block_1_35' title="bbox 428 1961 2016 2032">
    <p class='ocr_par' dir='ltr' id='par_1_35' title="bbox 428 1961 2016 2032">
     <span class='ocr_line' id='line_1_35' title="bbox 428 1961 2016 2032; baseline 0.002 -17"><span class='ocrx_word' id='word_1_272' title='bbox 428 1961 848 2032; x_wconf 81' lang='lat' dir='ltr'><strong>significationes</strong></span> <span class='ocrx_word' id='word_1_273' title='bbox 875 1961 1072 2016; x_wconf 89' lang='lat' dir='ltr'><strong>mentis</strong></span> <span class='ocrx_word' id='word_1_274' title='bbox 1099 1962 1389 2016; x_wconf 84' lang='lat' dir='ltr'><strong>vivacitate</strong></span> <span class='ocrx_word' id='word_1_275' title='bbox 1415 1961 1696 2017; x_wconf 83' lang='lat' dir='ltr'><strong>intellexit.</strong></span> <span class='ocrx_word' id='word_1_276' title='bbox 1731 1962 1859 2018; x_wconf 71' lang='lat' dir='ltr'><strong>Haec</strong></span> <span class='ocrx_word' id='word_1_277' title='bbox 1897 1963 2016 2029; x_wconf 90' lang='lat' dir='ltr'><strong>tibi,</strong></span> 
     </span>
    </p>
   </div>
   <div class='ocr_carea' id='block_1_36' title="bbox 429 2051 2014 2125">
    <p class='ocr_par' dir='ltr' id='par_1_36' title="bbox 429 2051 2014 2125">
     <span class='ocr_line' id='line_1_36' title="bbox 429 2051 2014 2125; baseline 0 -18"><span class='ocrx_word' id='word_1_278' title='bbox 429 2052 750 2108; x_wconf 87' lang='lat' dir='ltr'><strong>charissime</strong></span> <span class='ocrx_word' id='word_1_279' title='bbox 779 2051 852 2107; x_wconf 85' lang='lat' dir='ltr'><strong>fili</strong></span> <span class='ocrx_word' id='word_1_280' title='bbox 883 2064 909 2093; x_wconf 77' lang='grc' dir='ltr'><strong>ι</strong></span> <span class='ocrx_word' id='word_1_281' title='bbox 939 2051 1262 2125; x_wconf 76' lang='lat' dir='ltr'><strong>Fridugilse,</strong></span> <span class='ocrx_word' id='word_1_282' title='bbox 1303 2053 1468 2108; x_wconf 89' lang='lat' dir='ltr'><strong>citato</strong></span> <span class='ocrx_word' id='word_1_283' title='bbox 1506 2068 1757 2109; x_wconf 88' lang='lat' dir='ltr'><strong>sermone</strong></span> <span class='ocrx_word' id='word_1_284' title='bbox 1795 2054 2014 2120; x_wconf 84' lang='lat' dir='ltr'><strong>dictavi,</strong></span> 
     </span>
    </p>
   </div>
   <div class='ocr_carea' id='block_1_37' title="bbox 428 2144 2018 2217">
    <p class='ocr_par' dir='ltr' id='par_1_37' title="bbox 428 2144 2018 2217">
     <span class='ocr_line' id='line_1_37' title="bbox 428 2144 2018 2217; baseline 0.002 -16"><span class='ocrx_word' id='word_1_285' title='bbox 428 2159 498 2201; x_wconf 85' lang='lat' dir='ltr'><strong>ne</strong></span> <span class='ocrx_word' id='word_1_286' title='bbox 538 2145 757 2215; x_wconf 89' lang='lat' dir='ltr'><strong>ignarus</strong></span> <span class='ocrx_word' id='word_1_287' title='bbox 794 2144 954 2215; x_wconf 89' lang='lat' dir='ltr'><strong>hujus</strong></span> <span class='ocrx_word' id='word_1_288' title='bbox 979 2144 1265 2215; x_wconf 65' lang='lat' dir='ltr'><strong>tripertitae</strong></span> <span class='ocrx_word' id='word_1_289' title='bbox 1301 2146 1531 2201; x_wconf 89' lang='lat' dir='ltr'><strong>rationis</strong></span> <span class='ocrx_word' id='word_1_290' title='bbox 1558 2161 1730 2213; x_wconf 82' lang='lat' dir='ltr'><strong>esses,</strong></span> <span class='ocrx_word' id='word_1_291' title='bbox 1755 2162 1876 2217; x_wconf 74' lang='lat' dir='ltr'><strong>quae</strong></span> <span class='ocrx_word' id='word_1_292' title='bbox 1901 2162 2018 2204; x_wconf 90' lang='lat' dir='ltr'><strong>om-</strong></span> 
     </span>
    </p>
   </div>
   <div class='ocr_carea' id='block_1_38' title="bbox 429 2235 1712 2306">
    <p class='ocr_par' dir='ltr' id='par_1_38' title="bbox 429 2235 1712 2306">
     <span class='ocr_line' id='line_1_38' title="bbox 429 2235 1712 2306; baseline 0.003 -17"><span class='ocrx_word' id='word_1_293' title='bbox 429 2235 588 2290; x_wconf 88' lang='lat' dir='ltr'><strong>nibus</strong></span> <span class='ocrx_word' id='word_1_294' title='bbox 615 2237 813 2291; x_wconf 89' lang='lat' dir='ltr'><strong>usitata</strong></span> <span class='ocrx_word' id='word_1_295' title='bbox 840 2243 945 2302; x_wconf 91' lang='lat' dir='ltr'><strong>est,</strong></span> <span class='ocrx_word' id='word_1_296' title='bbox 972 2236 1067 2290; x_wconf 89' lang='lat' dir='ltr'><strong>sed</strong></span> <span class='ocrx_word' id='word_1_297' title='bbox 1094 2251 1127 2290; x_wconf 89' lang='lat' dir='ltr'><strong>a</strong></span> <span class='ocrx_word' id='word_1_298' title='bbox 1154 2237 1340 2306; x_wconf 89' lang='lat' dir='ltr'><strong>paucis</strong></span> <span class='ocrx_word' id='word_1_299' title='bbox 1367 2237 1637 2292; x_wconf 87' lang='lat' dir='ltr'><strong>intellecta</strong></span> <span class='ocrx_word' id='word_1_300' title='bbox 1662 2238 1712 2292; x_wconf 69' lang='grc' dir='ltr'><strong>δ.</strong></span> 
     </span>
    </p>
   </div>
   <div class='ocr_carea' id='block_1_39' title="bbox 892 2348 1543 2407">
    <p class='ocr_par' dir='ltr' id='par_1_39' title="bbox 892 2348 1543 2407">
     <span class='ocr_line' id='line_1_39' title="bbox 892 2348 1543 2407; baseline 0.009 -6"><span class='ocrx_word' id='word_1_301' title='bbox 892 2359 915 2388; x_wconf 76' lang='grc' dir='ltr'><strong>ο</strong></span> <span class='ocrx_word' id='word_1_302' title='bbox 952 2348 1286 2405; x_wconf 79' lang='lat' dir='ltr'><strong>EPISTOLA</strong></span> <span class='ocrx_word' id='word_1_303' title='bbox 1323 2349 1350 2390; x_wconf 69' lang='grc' dir='ltr'><em>δ</em></span> <span class='ocrx_word' id='word_1_304' title='bbox 1391 2350 1543 2407; x_wconf 84' lang='lat' dir='ltr'><strong>CCV.</strong></span> 
     </span>
    </p>
   </div>
   <div class='ocr_carea' id='block_1_40' title="bbox 853 2454 1584 2501">
    <p class='ocr_par' dir='ltr' id='par_1_40' title="bbox 853 2454 1584 2501">
     <span class='ocr_line' id='line_1_40' title="bbox 853 2454 1584 2501; baseline 0.007 -9"><span class='ocrx_word' id='word_1_305' title='bbox 853 2454 920 2492; x_wconf 77' lang='lat' dir='ltr'><strong>AD</strong></span> <span class='ocrx_word' id='word_1_306' title='bbox 957 2454 1208 2501; x_wconf 73' lang='lat' dir='ltr'><strong>QUEIIDAI</strong></span> <span class='ocrx_word' id='word_1_307' title='bbox 1249 2456 1584 2497; x_wconf 70' lang='grc' dir='ltr'><strong><em>υιεοιιιυιωι.</em></strong></span> 
     </span>
    </p>
   </div>
   <div class='ocr_carea' id='block_1_41' title="bbox 429 2526 2015 2597">
    <p class='ocr_par' dir='ltr' id='par_1_41' title="bbox 429 2526 2015 2597">
     <span class='ocr_line' id='line_1_41' title="bbox 429 2526 2015 2597; baseline 0.005 -15"><span class='ocrx_word' id='word_1_308' title='bbox 429 2526 657 2583; x_wconf 86' lang='lat' dir='ltr'><strong>Causam</strong></span> <span class='ocrx_word' id='word_1_309' title='bbox 697 2527 1030 2591; x_wconf 68' lang='lat' dir='ltr'><strong>dissensionis</strong></span> <span class='ocrx_word' id='word_1_310' title='bbox 1071 2546 1103 2582; x_wconf 93' lang='lat' dir='ltr'><strong>a</strong></span> <span class='ocrx_word' id='word_1_311' title='bbox 1140 2546 1195 2583; x_wconf 88' lang='lat' dir='ltr'><strong>se</strong></span> <span class='ocrx_word' id='word_1_312' title='bbox 1235 2530 1502 2597; x_wconf 84' lang='lat' dir='ltr'><strong>amolitur,</strong></span> <span class='ocrx_word' id='word_1_313' title='bbox 1542 2542 1592 2586; x_wconf 88' lang='lat' dir='ltr'><strong>et</strong></span> <span class='ocrx_word' id='word_1_314' title='bbox 1622 2534 1685 2587; x_wconf 82' lang='lat' dir='ltr'><strong>in</strong></span> <span class='ocrx_word' id='word_1_315' title='bbox 1728 2535 2015 2590; x_wconf 81' lang='lat' dir='ltr'><strong>amicitiam</strong></span> 
     </span>
    </p>
   </div>
   <div class='ocr_carea' id='block_1_42' title="bbox 1008 2598 1451 2671">
    <p class='ocr_par' dir='ltr' id='par_1_42' title="bbox 1008 2598 1451 2671">
     <span class='ocr_line' id='line_1_42' title="bbox 1008 2598 1451 2671; baseline 0.007 -19"><span class='ocrx_word' id='word_1_316' title='bbox 1008 2598 1178 2653; x_wconf 86' lang='lat' dir='ltr'><strong>redire</strong></span> <span class='ocrx_word' id='word_1_317' title='bbox 1205 2600 1451 2671; x_wconf 76' lang='lat' dir='ltr'><strong>postulat.</strong></span> 
     </span>
    </p>
   </div>
   <div class='ocr_carea' id='block_1_43' title="bbox 496 2682 1847 2749">
    <p class='ocr_par' dir='ltr' id='par_1_43' title="bbox 496 2682 1847 2749">
     <span class='ocr_line' id='line_1_43' title="bbox 496 2682 1847 2749; baseline 0.005 -7"><span class='ocrx_word' id='word_1_318' title='bbox 496 2682 831 2743; x_wconf 83' lang='lat' dir='ltr'><strong>Charissimo</strong></span> <span class='ocrx_word' id='word_1_319' title='bbox 859 2684 912 2740; x_wconf 92' lang='lat' dir='ltr'><strong>in</strong></span> <span class='ocrx_word' id='word_1_320' title='bbox 939 2684 1143 2743; x_wconf 89' lang='lat' dir='ltr'><strong>Christi</strong></span> <span class='ocrx_word' id='word_1_321' title='bbox 1172 2686 1437 2746; x_wconf 84' lang='lat' dir='ltr'><strong>charitate</strong></span> <span class='ocrx_word' id='word_1_322' title='bbox 1464 2689 1572 2747; x_wconf 83' lang='lat' dir='ltr'><strong>ﬁlio</strong></span> <span class='ocrx_word' id='word_1_323' title='bbox 1599 2692 1847 2749; x_wconf 86' lang='lat' dir='ltr'><strong>salutem.</strong></span> 
     </span>
    </p>
   </div>
   <div class='ocr_carea' id='block_1_44' title="bbox 444 2775 2018 2855">
    <p class='ocr_par' dir='ltr' id='par_1_44' title="bbox 444 2775 2018 2855">
     <span class='ocr_line' id='line_1_44' title="bbox 444 2775 2018 2855; baseline 0.006 -24"><span class='ocrx_word' id='word_1_324' title='bbox 444 2828 445 2831; x_wconf 44' lang='grc' dir='ltr'><strong>η</strong></span> <span class='ocrx_word' id='word_1_325' title='bbox 499 2776 735 2833; x_wconf 81' lang='lat' dir='ltr'><strong>Obsecro</strong></span> <span class='ocrx_word' id='word_1_326' title='bbox 771 2784 833 2831; x_wconf 91' lang='lat' dir='ltr'><strong>ut</strong></span> <span class='ocrx_word' id='word_1_327' title='bbox 872 2775 1042 2832; x_wconf 69' lang='lat' dir='ltr'><strong>solitae</strong></span> <span class='ocrx_word' id='word_1_328' title='bbox 1076 2776 1294 2849; x_wconf 85' lang='lat' dir='ltr'><strong>pietatis</strong></span> <span class='ocrx_word' id='word_1_329' title='bbox 1326 2779 1609 2837; x_wconf 85' lang='lat' dir='ltr'><strong>dilectione</strong></span> <span class='ocrx_word' id='word_1_330' title='bbox 1651 2782 1749 2839; x_wconf 88' lang='lat' dir='ltr'><strong>has</strong></span> <span class='ocrx_word' id='word_1_331' title='bbox 1778 2793 2018 2855; x_wconf 67' lang='lat' dir='ltr'><strong>pateram</strong></span> 
     </span>
    </p>
   </div>
   <div class='ocr_carea' id='block_1_45' title="bbox 427 2865 2016 2939">
    <p class='ocr_par' dir='ltr' id='par_1_45' title="bbox 427 2865 2016 2939">
     <span class='ocr_line' id='line_1_45' title="bbox 427 2865 2016 2939; baseline 0.008 -20"><span class='ocrx_word' id='word_1_332' title='bbox 427 2865 727 2922; x_wconf 78' lang='lat' dir='ltr'><strong>devotionis</strong></span> <span class='ocrx_word' id='word_1_333' title='bbox 764 2866 1025 2923; x_wconf 90' lang='lat' dir='ltr'><strong>litterulas</strong></span> <span class='ocrx_word' id='word_1_334' title='bbox 1051 2866 1228 2939; x_wconf 87' lang='lat' dir='ltr'><strong>legere</strong></span> <span class='ocrx_word' id='word_1_335' title='bbox 1253 2869 1508 2939; x_wconf 86' lang='lat' dir='ltr'><strong>digneris.</strong></span> <span class='ocrx_word' id='word_1_336' title='bbox 1552 2869 1682 2938; x_wconf 92' lang='lat' dir='ltr'><strong>Cur,</strong></span> <span class='ocrx_word' id='word_1_337' title='bbox 1708 2872 2016 2931; x_wconf 88' lang='lat' dir='ltr'><strong>dulcissime</strong></span> 
     </span>
    </p>
   </div>
   <div class='ocr_carea' id='block_1_46' title="bbox 429 2957 2015 3036">
    <p class='ocr_par' dir='ltr' id='par_1_46' title="bbox 429 2957 2015 3036">
     <span class='ocr_line' id='line_1_46' title="bbox 429 2957 2015 3036; baseline 0.004 -23"><span class='ocrx_word' id='word_1_338' title='bbox 429 2958 501 3013; x_wconf 88' lang='lat' dir='ltr'><strong>lili</strong></span> <span class='ocrx_word' id='word_1_339' title='bbox 519 2995 537 3027; x_wconf 90' lang='lat'><strong>,</strong></span> <span class='ocrx_word' id='word_1_340' title='bbox 566 2957 945 3013; x_wconf 84' lang='lat' dir='ltr'><strong>contumeliam</strong></span> <span class='ocrx_word' id='word_1_341' title='bbox 983 2957 1336 3014; x_wconf 88' lang='lat' dir='ltr'><strong>dissensionis</strong></span> <span class='ocrx_word' id='word_1_342' title='bbox 1363 2969 1563 3016; x_wconf 64' lang='lat' dir='ltr'><strong>nostra:</strong></span> <span class='ocrx_word' id='word_1_343' title='bbox 1593 2963 1646 3016; x_wconf 92' lang='lat' dir='ltr'><strong>in</strong></span> <span class='ocrx_word' id='word_1_344' title='bbox 1675 2978 1836 3019; x_wconf 89' lang='lat' dir='ltr'><strong>aures</strong></span> <span class='ocrx_word' id='word_1_345' title='bbox 1862 2965 2015 3036; x_wconf 87' lang='lat' dir='ltr'><strong>pala-</strong></span> 
     </span>
    </p>
   </div>
   <div class='ocr_carea' id='block_1_47' title="bbox 430 3050 3338 3140">
    <p class='ocr_par' dir='ltr' id='par_1_47' title="bbox 430 3050 3338 3140">
     <span class='ocr_line' id='line_1_47' title="bbox 430 3050 3338 3140; baseline 0.006 -34"><span class='ocrx_word' id='word_1_346' title='bbox 430 3053 571 3106; x_wconf 86' lang='lat' dir='ltr'><strong>tinas</strong></span> <span class='ocrx_word' id='word_1_347' title='bbox 599 3053 811 3106; x_wconf 89' lang='lat' dir='ltr'><strong>mittere</strong></span> <span class='ocrx_word' id='word_1_348' title='bbox 826 3050 1077 3106; x_wconf 87' lang='lat' dir='ltr'><strong>voluisti?</strong></span> <span class='ocrx_word' id='word_1_349' title='bbox 1094 3050 1232 3107; x_wconf 86' lang='lat' dir='ltr'><strong>Ecce</strong></span> <span class='ocrx_word' id='word_1_350' title='bbox 1260 3052 1330 3107; x_wconf 91' lang='lat' dir='ltr'><strong>ibi</strong></span> <span class='ocrx_word' id='word_1_351' title='bbox 1349 3063 1506 3110; x_wconf 86' lang='lat' dir='ltr'><strong>sonat</strong></span> <span class='ocrx_word' id='word_1_352' title='bbox 1530 3072 1544 3110; x_wconf 90' lang='lat'><strong>:</strong></span> <span class='ocrx_word' id='word_1_353' title='bbox 1571 3073 1590 3106; x_wconf 85' lang='grc'><strong>‹</strong></span> <span class='ocrx_word' id='word_1_354' title='bbox 1612 3055 1750 3122; x_wconf 86' lang='lat' dir='ltr'><strong>Quid</strong></span> <span class='ocrx_word' id='word_1_355' title='bbox 1774 3072 1872 3111; x_wconf 88' lang='lat' dir='ltr'><strong>nos</strong></span> <span class='ocrx_word' id='word_1_356' title='bbox 1889 3074 2013 3129; x_wconf 85' lang='lat' dir='ltr'><strong>spe-</strong></span> <span class='ocrx_word' id='word_1_357' title='bbox 2041 3109 2087 3140; x_wconf 48' lang='grc' dir='ltr'><strong>ι,</strong></span> <span class='ocrx_word' id='word_1_358' title='bbox 2477 3050 2817 3140; x_wconf 51' lang='grc' dir='ltr'><strong>(ξξνξξξξίί</strong></span> <span class='ocrx_word' id='word_1_359' title='bbox 2832 3050 3072 3140; x_wconf 47' lang='grc' dir='ltr'><strong>εξφέυηξ</strong></span> <span class='ocrx_word' id='word_1_360' title='bbox 3093 3050 3204 3091; x_wconf 58' lang='lat' dir='ltr'><strong>VM</strong></span> <span class='ocrx_word' id='word_1_361' title='bbox 3219 3052 3338 3140; x_wconf 50' lang='lat'><strong>1’&quot;:</strong></span> 
     </span>
    </p>
   </div>
   <div class='ocr_carea' id='block_1_48' title="bbox 2040 3113 3707 3200">
    <p class='ocr_par' dir='ltr' id='par_1_48' title="bbox 2040 3113 3707 3200">
     <span class='ocr_line' id='line_1_48' title="bbox 2040 3113 3707 3200; baseline 0.009 -30"><span class='ocrx_word' id='word_1_362' title='bbox 2040 3113 2087 3178; x_wconf 71' lang='grc' dir='ltr'><strong>ϐ</strong></span> <span class='ocrx_word' id='word_1_363' title='bbox 2117 3134 2188 3173; x_wconf 89' lang='lat' dir='ltr'><strong>xv</strong></span> <span class='ocrx_word' id='word_1_364' title='bbox 2208 3128 2255 3173; x_wconf 88' lang='lat' dir='ltr'><strong>et</strong></span> <span class='ocrx_word' id='word_1_365' title='bbox 2275 3115 2467 3190; x_wconf 80' lang='lat' dir='ltr'><strong>xvm);</strong></span> <span class='ocrx_word' id='word_1_366' title='bbox 2493 3128 2548 3173; x_wconf 92' lang='lat' dir='ltr'><strong>et</strong></span> <span class='ocrx_word' id='word_1_367' title='bbox 2567 3122 2711 3190; x_wconf 70' lang='lat' dir='ltr'><strong>quod</strong></span> <span class='ocrx_word' id='word_1_368' title='bbox 2737 3121 2827 3176; x_wconf 86' lang='lat' dir='ltr'><strong>illa</strong></span> <span class='ocrx_word' id='word_1_369' title='bbox 2850 3123 3111 3180; x_wconf 89' lang='lat' dir='ltr'><strong>dissensio</strong></span> <span class='ocrx_word' id='word_1_370' title='bbox 3136 3126 3428 3183; x_wconf 87' lang='lat' dir='ltr'><strong>carnaliter</strong></span> <span class='ocrx_word' id='word_1_371' title='bbox 3448 3144 3707 3200; x_wconf 84' lang='lat' dir='ltr'><strong>perpessa</strong></span> 
     </span>
    </p>
   </div>
   <div class='ocr_carea' id='block_1_49' title="bbox 431 3140 2017 3217">
    <p class='ocr_par' dir='ltr' id='par_1_49' title="bbox 431 3140 2017 3217">
     <span class='ocr_line' id='line_1_49' title="bbox 431 3140 2017 3217; baseline 0.004 -21"><span class='ocrx_word' id='word_1_372' title='bbox 431 3158 557 3197; x_wconf 89' lang='lat' dir='ltr'><strong>rare</strong></span> <span class='ocrx_word' id='word_1_373' title='bbox 600 3141 859 3197; x_wconf 90' lang='lat' dir='ltr'><strong>debemus</strong></span> <span class='ocrx_word' id='word_1_374' title='bbox 902 3140 969 3197; x_wconf 93' lang='lat' dir='ltr'><strong>de</strong></span> <span class='ocrx_word' id='word_1_375' title='bbox 1018 3142 1229 3198; x_wconf 87' lang='lat' dir='ltr'><strong>illorum</strong></span> <span class='ocrx_word' id='word_1_376' title='bbox 1276 3145 1535 3210; x_wconf 80' lang='lat' dir='ltr'><strong>amicitia,</strong></span> <span class='ocrx_word' id='word_1_377' title='bbox 1582 3147 1672 3217; x_wconf 88' lang='lat' dir='ltr'><strong>qui</strong></span> <span class='ocrx_word' id='word_1_378' title='bbox 1725 3162 1826 3202; x_wconf 91' lang='lat' dir='ltr'><strong>nec</strong></span> <span class='ocrx_word' id='word_1_379' title='bbox 1877 3148 2017 3203; x_wconf 88' lang='lat' dir='ltr'><strong>inter</strong></span> 
     </span>
    </p>
   </div>
   <div class='ocr_carea' id='block_1_50' title="bbox 428 3229 2011 3307">
    <p class='ocr_par' dir='ltr' id='par_1_50' title="bbox 428 3229 2011 3307">
     <span class='ocr_line' id='line_1_50' title="bbox 428 3229 2011 3307; baseline 0.005 -22"><span class='ocrx_word' id='word_1_380' title='bbox 428 3231 636 3299; x_wconf 88' lang='lat' dir='ltr'><strong>seipsos</strong></span> <span class='ocrx_word' id='word_1_381' title='bbox 665 3229 826 3286; x_wconf 84' lang='lat' dir='ltr'><strong>ﬁdem</strong></span> <span class='ocrx_word' id='word_1_382' title='bbox 858 3231 939 3287; x_wconf 89' lang='lat' dir='ltr'><strong>vel</strong></span> <span class='ocrx_word' id='word_1_383' title='bbox 985 3234 1330 3289; x_wconf 88' lang='lat' dir='ltr'><strong>concordiam</strong></span> <span class='ocrx_word' id='word_1_384' title='bbox 1381 3250 1600 3291; x_wconf 87' lang='lat' dir='ltr'><strong>servare</strong></span> <span class='ocrx_word' id='word_1_385' title='bbox 1630 3240 1960 3307; x_wconf 85' lang='lat' dir='ltr'><strong>potuerunt?</strong></span> <span class='ocrx_word' id='word_1_386' title='bbox 1993 3261 2011 3292; x_wconf 75' lang='grc' dir='ltr'><strong>ι</strong></span> 
     </span>
    </p>
   </div>
   <div class='ocr_carea' id='block_1_51' title="bbox 429 3319 2020 3394">
    <p class='ocr_par' dir='ltr' id='par_1_51' title="bbox 429 3319 2020 3394">
     <span class='ocr_line' id='line_1_51' title="bbox 429 3319 2020 3394; baseline 0.007 -20"><span class='ocrx_word' id='word_1_387' title='bbox 429 3319 601 3390; x_wconf 76' lang='lat' dir='ltr'><strong>Magis</strong></span> <span class='ocrx_word' id='word_1_388' title='bbox 638 3320 755 3375; x_wconf 66' lang='lat' dir='ltr'><strong>haec</strong></span> <span class='ocrx_word' id='word_1_389' title='bbox 779 3330 957 3391; x_wconf 88' lang='lat' dir='ltr'><strong>potest</strong></span> <span class='ocrx_word' id='word_1_390' title='bbox 980 3336 1101 3378; x_wconf 89' lang='lat' dir='ltr'><strong>esse</strong></span> <span class='ocrx_word' id='word_1_391' title='bbox 1131 3322 1375 3379; x_wconf 86' lang='lat' dir='ltr'><strong>confusio</strong></span> <span class='ocrx_word' id='word_1_392' title='bbox 1414 3340 1576 3394; x_wconf 87' lang='lat' dir='ltr'><strong>quam</strong></span> <span class='ocrx_word' id='word_1_393' title='bbox 1622 3326 1881 3393; x_wconf 85' lang='lat' dir='ltr'><strong>laudatio,</strong></span> <span class='ocrx_word' id='word_1_394' title='bbox 1925 3329 2020 3385; x_wconf 89' lang='lat' dir='ltr'><strong>de-</strong></span> 
     </span>
    </p>
   </div>
   <div class='ocr_carea' id='block_1_52' title="bbox 429 3413 2013 3484">
    <p class='ocr_par' dir='ltr' id='par_1_52' title="bbox 429 3413 2013 3484">
     <span class='ocr_line' id='line_1_52' title="bbox 429 3413 2013 3484; baseline 0.003 -13"><span class='ocrx_word' id='word_1_395' title='bbox 429 3413 667 3484; x_wconf 77' lang='lat' dir='ltr'><strong>speratio</strong></span> <span class='ocrx_word' id='word_1_396' title='bbox 706 3413 827 3469; x_wconf 80' lang='lat' dir='ltr'><strong>fidei</strong></span> <span class='ocrx_word' id='word_1_397' title='bbox 869 3422 1065 3470; x_wconf 66' lang='lat' dir='ltr'><strong>nostra:</strong></span> <span class='ocrx_word' id='word_1_398' title='bbox 1105 3429 1269 3484; x_wconf 89' lang='lat' dir='ltr'><strong>quam</strong></span> <span class='ocrx_word' id='word_1_399' title='bbox 1307 3415 1646 3472; x_wconf 82' lang='lat' dir='ltr'><strong>confirmatio</strong></span> <span class='ocrx_word' id='word_1_400' title='bbox 1679 3433 1857 3474; x_wconf 83' lang='lat' dir='ltr'><strong>causae</strong></span> <span class='ocrx_word' id='word_1_401' title='bbox 1891 3428 2013 3475; x_wconf 67' lang='lat' dir='ltr'><strong>tum.</strong></span> 
     </span>
    </p>
   </div>
   <div class='ocr_carea' id='block_1_53' title="bbox 432 3503 2019 3579">
    <p class='ocr_par' dir='ltr' id='par_1_53' title="bbox 432 3503 2019 3579">
     <span class='ocr_line' id='line_1_53' title="bbox 432 3503 2019 3579; baseline 0.005 -20"><span class='ocrx_word' id='word_1_402' title='bbox 432 3505 499 3559; x_wconf 83' lang='lat' dir='ltr'><strong>Et</strong></span> <span class='ocrx_word' id='word_1_403' title='bbox 526 3519 630 3575; x_wconf 92' lang='lat' dir='ltr'><strong>qua</strong></span> <span class='ocrx_word' id='word_1_404' title='bbox 662 3503 835 3561; x_wconf 90' lang='lat' dir='ltr'><strong>fronte</strong></span> <span class='ocrx_word' id='word_1_405' title='bbox 863 3504 1260 3575; x_wconf 85' lang='lat' dir='ltr'><strong>reprehendere</strong></span> <span class='ocrx_word' id='word_1_406' title='bbox 1289 3508 1492 3576; x_wconf 90' lang='lat' dir='ltr'><strong>poteris</strong></span> <span class='ocrx_word' id='word_1_407' title='bbox 1516 3523 1640 3563; x_wconf 91' lang='lat' dir='ltr'><strong>eum</strong></span> <span class='ocrx_word' id='word_1_408' title='bbox 1665 3524 1825 3579; x_wconf 89' lang='lat' dir='ltr'><strong>quem</strong></span> <span class='ocrx_word' id='word_1_409' title='bbox 1859 3513 2019 3568; x_wconf 90' lang='lat' dir='ltr'><strong>toties</strong></span> 
     </span>
    </p>
   </div>
   <div class='ocr_carea' id='block_1_54' title="bbox 426 3585 2011 3671">
    <p class='ocr_par' dir='ltr' id='par_1_54' title="bbox 426 3585 2011 3671">
     <span class='ocr_line' id='line_1_54' title="bbox 426 3585 2011 3671; baseline 0.004 -22"><span class='ocrx_word' id='word_1_410' title='bbox 426 3585 652 3650; x_wconf 77' lang='lat' dir='ltr'><strong>laudare</strong></span> <span class='ocrx_word' id='word_1_411' title='bbox 679 3593 925 3650; x_wconf 88' lang='lat' dir='ltr'><strong>solebas?</strong></span> <span class='ocrx_word' id='word_1_412' title='bbox 946 3593 1069 3648; x_wconf 92' lang='lat' dir='ltr'><strong>Scio</strong></span> <span class='ocrx_word' id='word_1_413' title='bbox 1089 3595 1232 3664; x_wconf 92' lang='lat' dir='ltr'><strong>quod</strong></span> <span class='ocrx_word' id='word_1_414' title='bbox 1264 3594 1356 3650; x_wconf 90' lang='lat' dir='ltr'><strong>tibi</strong></span> <span class='ocrx_word' id='word_1_415' title='bbox 1382 3595 1462 3650; x_wconf 91' lang='lat' dir='ltr'><strong>ira</strong></span> <span class='ocrx_word' id='word_1_416' title='bbox 1488 3604 1578 3652; x_wconf 90' lang='lat' dir='ltr'><strong>tua</strong></span> <span class='ocrx_word' id='word_1_417' title='bbox 1598 3596 1745 3667; x_wconf 87' lang='lat' dir='ltr'><strong>justa</strong></span> <span class='ocrx_word' id='word_1_418' title='bbox 1770 3599 2011 3671; x_wconf 88' lang='lat' dir='ltr'><strong>videtur;</strong></span> 
     </span>
    </p>
   </div>
   <div class='ocr_carea' id='block_1_55' title="bbox 427 3685 2012 3763">
    <p class='ocr_par' dir='ltr' id='par_1_55' title="bbox 427 3685 2012 3763">
     <span class='ocr_line' id='line_1_55' title="bbox 427 3685 2012 3763; baseline 0.008 -26"><span class='ocrx_word' id='word_1_419' title='bbox 427 3685 556 3755; x_wconf 89' lang='lat' dir='ltr'><strong>quia</strong></span> <span class='ocrx_word' id='word_1_420' title='bbox 580 3685 694 3740; x_wconf 62' lang='lat' dir='ltr'><strong>haec</strong></span> <span class='ocrx_word' id='word_1_421' title='bbox 733 3694 818 3741; x_wconf 92' lang='lat' dir='ltr'><strong>est</strong></span> <span class='ocrx_word' id='word_1_422' title='bbox 857 3693 1051 3740; x_wconf 90' lang='lat' dir='ltr'><strong>natura</strong></span> <span class='ocrx_word' id='word_1_423' title='bbox 1095 3686 1315 3742; x_wconf 90' lang='lat' dir='ltr'><strong>humani</strong></span> <span class='ocrx_word' id='word_1_424' title='bbox 1359 3686 1574 3755; x_wconf 86' lang='lat' dir='ltr'><strong>furoris,</strong></span> <span class='ocrx_word' id='word_1_425' title='bbox 1605 3698 1665 3745; x_wconf 92' lang='lat' dir='ltr'><strong>ut</strong></span> <span class='ocrx_word' id='word_1_426' title='bbox 1691 3691 1827 3758; x_wconf 60' lang='lat' dir='ltr'><strong>bare,</strong></span> <span class='ocrx_word' id='word_1_427' title='bbox 1858 3695 2012 3763; x_wconf 89' lang='lat' dir='ltr'><strong>quid-</strong></span> 
     </span>
    </p>
   </div>
   <div class='ocr_carea' id='block_1_56' title="bbox 427 3775 2018 3846">
    <p class='ocr_par' dir='ltr' id='par_1_56' title="bbox 427 3775 2018 3846">
     <span class='ocr_line' id='line_1_56' title="bbox 427 3775 2018 3846; baseline 0.009 -19"><span class='ocrx_word' id='word_1_428' title='bbox 427 3775 558 3846; x_wconf 83' lang='lat' dir='ltr'><strong>quid</strong></span> <span class='ocrx_word' id='word_1_429' title='bbox 588 3776 698 3846; x_wconf 83' lang='lat' dir='ltr'><strong>agit</strong></span> <span class='ocrx_word' id='word_1_430' title='bbox 722 3776 807 3831; x_wconf 91' lang='lat' dir='ltr'><strong>vel</strong></span> <span class='ocrx_word' id='word_1_431' title='bbox 835 3776 983 3841; x_wconf 89' lang='lat' dir='ltr'><strong>dicit,</strong></span> <span class='ocrx_word' id='word_1_432' title='bbox 1013 3775 1217 3845; x_wconf 89' lang='lat' dir='ltr'><strong>justum</strong></span> <span class='ocrx_word' id='word_1_433' title='bbox 1245 3778 1346 3834; x_wconf 87' lang='lat' dir='ltr'><strong>sibi</strong></span> <span class='ocrx_word' id='word_1_434' title='bbox 1375 3794 1493 3836; x_wconf 88' lang='lat' dir='ltr'><strong>esse</strong></span> <span class='ocrx_word' id='word_1_435' title='bbox 1521 3781 1786 3838; x_wconf 89' lang='lat' dir='ltr'><strong>videatur.</strong></span> <span class='ocrx_word' id='word_1_436' title='bbox 1819 3784 2018 3842; x_wconf 86' lang='lat' dir='ltr'><strong>Irasci-</strong></span> 
     </span>
    </p>
   </div>
   <div class='ocr_carea' id='block_1_57' title="bbox 432 3851 2018 3949">
    <p class='ocr_par' dir='ltr' id='par_1_57' title="bbox 432 3851 2018 3949">
     <span class='ocr_line' id='line_1_57' title="bbox 432 3851 2018 3949; baseline 0.01 -31"><span class='ocrx_word' id='word_1_437' title='bbox 432 3866 562 3919; x_wconf 84' lang='lat' dir='ltr'><strong>mini</strong></span> <span class='ocrx_word' id='word_1_438' title='bbox 583 3874 631 3919; x_wconf 86' lang='lat' dir='ltr'><strong>et</strong></span> <span class='ocrx_word' id='word_1_439' title='bbox 654 3851 813 3920; x_wconf 81' lang='lat' dir='ltr'><strong>nolite</strong></span> <span class='ocrx_word' id='word_1_440' title='bbox 837 3882 1051 3937; x_wconf 87' lang='lat' dir='ltr'><strong>peccare</strong></span> <span class='ocrx_word' id='word_1_441' title='bbox 1076 3866 1247 3939; x_wconf 88' lang='lat' dir='ltr'><strong>(Psal.</strong></span> <span class='ocrx_word' id='word_1_442' title='bbox 1278 3884 1355 3936; x_wconf 81' lang='lat' dir='ltr'><strong>1v,</strong></span> <span class='ocrx_word' id='word_1_443' title='bbox 1385 3869 1465 3936; x_wconf 87' lang='lat'><strong>5),</strong></span> <span class='ocrx_word' id='word_1_444' title='bbox 1493 3872 1544 3927; x_wconf 92' lang='lat' dir='ltr'><strong>id</strong></span> <span class='ocrx_word' id='word_1_445' title='bbox 1571 3882 1674 3940; x_wconf 90' lang='lat' dir='ltr'><strong>est,</strong></span> <span class='ocrx_word' id='word_1_446' title='bbox 1701 3875 1866 3932; x_wconf 90' lang='lat' dir='ltr'><strong>nolite</strong></span> <span class='ocrx_word' id='word_1_447' title='bbox 1892 3893 2018 3949; x_wconf 91' lang='lat' dir='ltr'><strong>per-</strong></span> 
     </span>
    </p>
   </div>
   <div class='ocr_carea' id='block_1_58' title="bbox 431 3956 2015 4040">
    <p class='ocr_par' dir='ltr' id='par_1_58' title="bbox 431 3956 2015 4040">
     <span class='ocr_line' id='line_1_58' title="bbox 431 3956 2015 4040; baseline 0.009 -29"><span class='ocrx_word' id='word_1_448' title='bbox 431 3964 653 4012; x_wconf 84' lang='lat' dir='ltr'><strong>manere</strong></span> <span class='ocrx_word' id='word_1_449' title='bbox 681 3956 734 4011; x_wconf 93' lang='lat' dir='ltr'><strong>in</strong></span> <span class='ocrx_word' id='word_1_450' title='bbox 764 3956 866 4012; x_wconf 91' lang='lat' dir='ltr'><strong>ira.</strong></span> <span class='ocrx_word' id='word_1_451' title='bbox 889 3957 1168 4015; x_wconf 89' lang='lat' dir='ltr'><strong>Concessit</strong></span> <span class='ocrx_word' id='word_1_452' title='bbox 1191 3961 1334 4032; x_wconf 89' lang='lat' dir='ltr'><strong>quod</strong></span> <span class='ocrx_word' id='word_1_453' title='bbox 1358 3971 1566 4018; x_wconf 69' lang='lat' dir='ltr'><strong>natura:</strong></span> <span class='ocrx_word' id='word_1_454' title='bbox 1592 3974 1704 4031; x_wconf 90' lang='lat' dir='ltr'><strong>est;</strong></span> <span class='ocrx_word' id='word_1_455' title='bbox 1732 3967 1852 4023; x_wconf 92' lang='lat' dir='ltr'><strong>tulit</strong></span> <span class='ocrx_word' id='word_1_456' title='bbox 1870 3970 2015 4040; x_wconf 86' lang='lat' dir='ltr'><strong>quod</strong></span> 
     </span>
    </p>
   </div>
   <div class='ocr_carea' id='block_1_59' title="bbox 427 4037 2015 4122">
    <p class='ocr_par' dir='ltr' id='par_1_59' title="bbox 427 4037 2015 4122">
     <span class='ocr_line' id='line_1_59' title="bbox 427 4037 2015 4122; baseline 0.007 -17"><span class='ocrx_word' id='word_1_457' title='bbox 427 4037 600 4119; x_wconf 76' lang='lat' dir='ltr'><strong>culpte</strong></span> <span class='ocrx_word' id='word_1_458' title='bbox 626 4056 725 4105; x_wconf 89' lang='lat' dir='ltr'><strong>est.</strong></span> <span class='ocrx_word' id='word_1_459' title='bbox 769 4048 973 4107; x_wconf 72' lang='lat' dir='ltr'><strong>Idcirco</strong></span> <span class='ocrx_word' id='word_1_460' title='bbox 1004 4060 1061 4106; x_wconf 87' lang='lat' dir='ltr'><strong>et</strong></span> <span class='ocrx_word' id='word_1_461' title='bbox 1090 4051 1378 4122; x_wconf 88' lang='lat' dir='ltr'><strong>Apostolus</strong></span> <span class='ocrx_word' id='word_1_462' title='bbox 1405 4054 1481 4109; x_wconf 90' lang='lat' dir='ltr'><strong>ait</strong></span> <span class='ocrx_word' id='word_1_463' title='bbox 1509 4074 1521 4109; x_wconf 91' lang='lat'>:</span> <span class='ocrx_word' id='word_1_464' title='bbox 1555 4055 1651 4110; x_wconf 88' lang='lat' dir='ltr'><strong>Sol</strong></span> <span class='ocrx_word' id='word_1_465' title='bbox 1678 4074 1781 4113; x_wconf 87' lang='lat' dir='ltr'><strong>non</strong></span> <span class='ocrx_word' id='word_1_466' title='bbox 1811 4037 2015 4117; x_wconf 73' lang='lat' dir='ltr'><strong>occidat</strong></span> 
     </span>
    </p>
   </div>
   <div class='ocr_carea' id='block_1_60' title="bbox 426 4139 2014 4219">
    <p class='ocr_par' dir='ltr' id='par_1_60' title="bbox 426 4139 2014 4219">
     <span class='ocr_line' id='line_1_60' title="bbox 426 4139 2014 4219; baseline 0.007 -25"><span class='ocrx_word' id='word_1_467' title='bbox 426 4155 586 4209; x_wconf 81' lang='lat' dir='ltr'><strong>super</strong></span> <span class='ocrx_word' id='word_1_468' title='bbox 623 4139 953 4195; x_wconf 79' lang='lat' dir='ltr'><strong>iracundiam</strong></span> <span class='ocrx_word' id='word_1_469' title='bbox 988 4151 1209 4196; x_wconf 75' lang='lat' dir='ltr'><strong>vestram</strong></span> <span class='ocrx_word' id='word_1_470' title='bbox 1236 4141 1451 4213; x_wconf 81' lang='lat' dir='ltr'><strong>(Ephes.</strong></span> <span class='ocrx_word' id='word_1_471' title='bbox 1476 4160 1554 4210; x_wconf 82' lang='grc' dir='ltr'><strong>ιν,</strong></span> <span class='ocrx_word' id='word_1_472' title='bbox 1575 4144 1687 4217; x_wconf 74' lang='lat'><strong>26).</strong></span> <span class='ocrx_word' id='word_1_473' title='bbox 1722 4147 1874 4219; x_wconf 73' lang='lat' dir='ltr'><strong>Stepc</strong></span> <span class='ocrx_word' id='word_1_474' title='bbox 1898 4166 2014 4206; x_wconf 89' lang='lat' dir='ltr'><strong>me-</strong></span> 
     </span>
    </p>
   </div>
   <div class='ocr_carea' id='block_1_61' title="bbox 426 4222 2013 4312">
    <p class='ocr_par' dir='ltr' id='par_1_61' title="bbox 426 4222 2013 4312">
     <span class='ocr_line' id='line_1_61' title="bbox 426 4222 2013 4312; baseline 0.008 -27"><span class='ocrx_word' id='word_1_475' title='bbox 426 4222 531 4285; x_wconf 83' lang='lat' dir='ltr'><strong>lior</strong></span> <span class='ocrx_word' id='word_1_476' title='bbox 556 4238 639 4286; x_wconf 92' lang='lat' dir='ltr'><strong>est</strong></span> <span class='ocrx_word' id='word_1_477' title='bbox 663 4230 913 4287; x_wconf 89' lang='lat' dir='ltr'><strong>defensor</strong></span> <span class='ocrx_word' id='word_1_478' title='bbox 935 4249 1098 4304; x_wconf 88' lang='lat' dir='ltr'><strong>quam</strong></span> <span class='ocrx_word' id='word_1_479' title='bbox 1120 4241 1430 4294; x_wconf 85' lang='lat' dir='ltr'><strong>accusator:</strong></span> <span class='ocrx_word' id='word_1_480' title='bbox 1457 4236 1583 4307; x_wconf 89' lang='lat' dir='ltr'><strong>quia</strong></span> <span class='ocrx_word' id='word_1_481' title='bbox 1614 4237 1700 4296; x_wconf 93' lang='lat' dir='ltr'><strong>ille</strong></span> <span class='ocrx_word' id='word_1_482' title='bbox 1727 4240 1794 4294; x_wconf 85' lang='lat' dir='ltr'><strong>ad</strong></span> <span class='ocrx_word' id='word_1_483' title='bbox 1821 4256 2013 4312; x_wconf 85' lang='lat' dir='ltr'><strong>pacem</strong></span> 
     </span>
    </p>
   </div>
   <div class='ocr_carea' id='block_1_62' title="bbox 429 4319 2012 4390">
    <p class='ocr_par' dir='ltr' id='par_1_62' title="bbox 429 4319 2012 4390">
     <span class='ocr_line' id='line_1_62' title="bbox 429 4319 2012 4390; baseline 0.009 -14"><span class='ocrx_word' id='word_1_484' title='bbox 429 4319 686 4388; x_wconf 82' lang='lat' dir='ltr'><strong>defendit,</strong></span> <span class='ocrx_word' id='word_1_485' title='bbox 733 4322 835 4378; x_wconf 91' lang='lat' dir='ltr'><strong>iste</strong></span> <span class='ocrx_word' id='word_1_486' title='bbox 882 4323 949 4378; x_wconf 91' lang='lat' dir='ltr'><strong>ad</strong></span> <span class='ocrx_word' id='word_1_487' title='bbox 994 4324 1316 4380; x_wconf 88' lang='lat' dir='ltr'><strong>discordiam</strong></span> <span class='ocrx_word' id='word_1_488' title='bbox 1355 4335 1595 4384; x_wconf 89' lang='lat' dir='ltr'><strong>accusat.</strong></span> <span class='ocrx_word' id='word_1_489' title='bbox 1638 4329 1751 4388; x_wconf 89' lang='lat' dir='ltr'><strong>Nec</strong></span> <span class='ocrx_word' id='word_1_490' title='bbox 1791 4332 1845 4387; x_wconf 91' lang='lat' dir='ltr'><strong>in</strong></span> <span class='ocrx_word' id='word_1_491' title='bbox 1891 4350 2012 4390; x_wconf 90' lang='lat' dir='ltr'><strong>mea</strong></span> 
     </span>
    </p>
   </div>
   <div class='ocr_carea' id='block_1_63' title="bbox 428 4411 2008 4491">
    <p class='ocr_par' dir='ltr' id='par_1_63' title="bbox 428 4411 2008 4491">
     <span class='ocr_line' id='line_1_63' title="bbox 428 4411 2008 4491; baseline 0.008 -24"><span class='ocrx_word' id='word_1_492' title='bbox 428 4411 614 4468; x_wconf 82' lang='lat' dir='ltr'><strong>diflldo</strong></span> <span class='ocrx_word' id='word_1_493' title='bbox 655 4428 849 4479; x_wconf 90' lang='lat' dir='ltr'><strong>causa,</strong></span> <span class='ocrx_word' id='word_1_494' title='bbox 907 4415 1031 4471; x_wconf 92' lang='lat' dir='ltr'><strong>licet</strong></span> <span class='ocrx_word' id='word_1_495' title='bbox 1083 4415 1134 4471; x_wconf 92' lang='lat' dir='ltr'><strong>in</strong></span> <span class='ocrx_word' id='word_1_496' title='bbox 1187 4418 1471 4489; x_wconf 74' lang='lat' dir='ltr'><strong>praesentia</strong></span> <span class='ocrx_word' id='word_1_497' title='bbox 1519 4420 1661 4491; x_wconf 90' lang='lat' dir='ltr'><strong>regis</strong></span> <span class='ocrx_word' id='word_1_498' title='bbox 1705 4422 2008 4480; x_wconf 89' lang='lat' dir='ltr'><strong>ventiletur.</strong></span> 
     </span>
    </p>
   </div>
   <div class='ocr_carea' id='block_1_64' title="bbox 424 4495 2011 4587">
    <p class='ocr_par' dir='ltr' id='par_1_64' title="bbox 424 4495 2011 4587">
     <span class='ocr_line' id='line_1_64' title="bbox 424 4495 2011 4587; baseline 0.008 -31"><span class='ocrx_word' id='word_1_499' title='bbox 424 4495 607 4557; x_wconf 75' lang='lat' dir='ltr'><strong>Testis</strong></span> <span class='ocrx_word' id='word_1_500' title='bbox 644 4511 730 4559; x_wconf 90' lang='lat' dir='ltr'><strong>est</strong></span> <span class='ocrx_word' id='word_1_501' title='bbox 769 4504 900 4559; x_wconf 90' lang='lat' dir='ltr'><strong>mihi</strong></span> <span class='ocrx_word' id='word_1_502' title='bbox 947 4506 1146 4560; x_wconf 85' lang='lat' dir='ltr'><strong>renium</strong></span> <span class='ocrx_word' id='word_1_503' title='bbox 1188 4517 1449 4563; x_wconf 76' lang='lat' dir='ltr'><strong>scrutator</strong></span> <span class='ocrx_word' id='word_1_504' title='bbox 1492 4508 1511 4580; x_wconf 94' lang='lat'>(</span> <span class='ocrx_word' id='word_1_505' title='bbox 1534 4508 1684 4565; x_wconf 86' lang='lat' dir='ltr'><strong>Psal.</strong></span> <span class='ocrx_word' id='word_1_506' title='bbox 1736 4528 1834 4579; x_wconf 72' lang='lat' dir='ltr'><strong>vn,</strong></span> <span class='ocrx_word' id='word_1_507' title='bbox 1876 4514 2011 4587; x_wconf 76' lang='lat'><strong>10),</strong></span> 
     </span>
    </p>
   </div>
   <div class='ocr_carea' id='block_1_65' title="bbox 429 4589 2011 4675">
    <p class='ocr_par' dir='ltr' id='par_1_65' title="bbox 429 4589 2011 4675">
     <span class='ocr_line' id='line_1_65' title="bbox 429 4589 2011 4675; baseline 0.011 -33"><span class='ocrx_word' id='word_1_508' title='bbox 429 4605 592 4661; x_wconf 86' lang='lat' dir='ltr'><strong>quam</strong></span> <span class='ocrx_word' id='word_1_509' title='bbox 619 4589 845 4648; x_wconf 74' lang='lat' dir='ltr'><strong>fideliter</strong></span> <span class='ocrx_word' id='word_1_510' title='bbox 866 4603 918 4649; x_wconf 82' lang='lat' dir='ltr'><strong>te</strong></span> <span class='ocrx_word' id='word_1_511' title='bbox 947 4610 1163 4666; x_wconf 89' lang='lat' dir='ltr'><strong>semper</strong></span> <span class='ocrx_word' id='word_1_512' title='bbox 1182 4597 1380 4663; x_wconf 88' lang='lat' dir='ltr'><strong>amavi,</strong></span> <span class='ocrx_word' id='word_1_513' title='bbox 1410 4606 1465 4652; x_wconf 92' lang='lat' dir='ltr'><strong>et</strong></span> <span class='ocrx_word' id='word_1_514' title='bbox 1484 4614 1646 4668; x_wconf 89' lang='lat' dir='ltr'><strong>quam</strong></span> <span class='ocrx_word' id='word_1_515' title='bbox 1671 4601 1808 4658; x_wconf 87' lang='lat' dir='ltr'><strong>bene</strong></span> <span class='ocrx_word' id='word_1_516' title='bbox 1835 4604 2011 4675; x_wconf 87' lang='lat' dir='ltr'><strong>cupivi</strong></span> 
     </span>
    </p>
   </div>
   <div class='ocr_carea' id='block_1_66' title="bbox 428 4677 2013 4758">
    <p class='ocr_par' dir='ltr' id='par_1_66' title="bbox 428 4677 2013 4758">
     <span class='ocr_line' id='line_1_66' title="bbox 428 4677 2013 4758; baseline 0.01 -24"><span class='ocrx_word' id='word_1_517' title='bbox 428 4679 495 4734; x_wconf 91' lang='lat' dir='ltr'><strong>de</strong></span> <span class='ocrx_word' id='word_1_518' title='bbox 522 4677 688 4736; x_wconf 80' lang='lat' dir='ltr'><strong>fratre</strong></span> <span class='ocrx_word' id='word_1_519' title='bbox 713 4691 826 4749; x_wconf 92' lang='lat' dir='ltr'><strong>tuo,</strong></span> <span class='ocrx_word' id='word_1_520' title='bbox 851 4699 1012 4754; x_wconf 89' lang='lat' dir='ltr'><strong>quem</strong></span> <span class='ocrx_word' id='word_1_521' title='bbox 1038 4685 1195 4741; x_wconf 86' lang='lat' dir='ltr'><strong>video</strong></span> <span class='ocrx_word' id='word_1_522' title='bbox 1234 4694 1285 4741; x_wconf 90' lang='lat' dir='ltr'><strong>te</strong></span> <span class='ocrx_word' id='word_1_523' title='bbox 1323 4688 1444 4758; x_wconf 92' lang='lat' dir='ltr'><strong>plus</strong></span> <span class='ocrx_word' id='word_1_524' title='bbox 1468 4691 1760 4747; x_wconf 86' lang='lat' dir='ltr'><strong>carnaliter</strong></span> <span class='ocrx_word' id='word_1_525' title='bbox 1798 4709 2013 4750; x_wconf 86' lang='lat' dir='ltr'><strong>amasse</strong></span> 
     </span>
    </p>
   </div>
   <div class='ocr_carea' id='block_1_67' title="bbox 427 4774 2012 4853">
    <p class='ocr_par' dir='ltr' id='par_1_67' title="bbox 427 4774 2012 4853">
     <span class='ocr_line' id='line_1_67' title="bbox 427 4774 2012 4853; baseline 0.009 -30"><span class='ocrx_word' id='word_1_526' title='bbox 427 4784 591 4841; x_wconf 69' lang='lat' dir='ltr'><strong>quam</strong></span> <span class='ocrx_word' id='word_1_527' title='bbox 628 4779 835 4841; x_wconf 90' lang='lat' dir='ltr'><strong>patrem</strong></span> <span class='ocrx_word' id='word_1_528' title='bbox 877 4774 1208 4844; x_wconf 87' lang='lat' dir='ltr'><strong>spiritaliter,</strong></span> <span class='ocrx_word' id='word_1_529' title='bbox 1249 4775 1375 4832; x_wconf 89' lang='lat' dir='ltr'><strong>licet</strong></span> <span class='ocrx_word' id='word_1_530' title='bbox 1416 4779 1502 4834; x_wconf 91' lang='lat' dir='ltr'><strong>ille</strong></span> <span class='ocrx_word' id='word_1_531' title='bbox 1545 4781 1611 4835; x_wconf 92' lang='lat' dir='ltr'><strong>de</strong></span> <span class='ocrx_word' id='word_1_532' title='bbox 1651 4797 1738 4836; x_wconf 92' lang='lat' dir='ltr'><strong>me</strong></span> <span class='ocrx_word' id='word_1_533' title='bbox 1778 4784 2012 4853; x_wconf 88' lang='lat' dir='ltr'><strong>superbe</strong></span> 
     </span>
    </p>
   </div>
   <div class='ocr_carea' id='block_1_68' title="bbox 427 4859 2011 4937">
    <p class='ocr_par' dir='ltr' id='par_1_68' title="bbox 427 4859 2011 4937">
     <span class='ocr_line' id='line_1_68' title="bbox 427 4859 2011 4937; baseline 0.008 -22"><span class='ocrx_word' id='word_1_534' title='bbox 427 4861 626 4932; x_wconf 83' lang='lat' dir='ltr'><strong>egisset</strong></span> <span class='ocrx_word' id='word_1_535' title='bbox 670 4859 861 4934; x_wconf 86' lang='lat' dir='ltr'><strong>[Locus</strong></span> <span class='ocrx_word' id='word_1_536' title='bbox 900 4863 1217 4937; x_wconf 83' lang='lat' dir='ltr'><strong>corruptus].</strong></span> <span class='ocrx_word' id='word_1_537' title='bbox 1265 4866 1439 4923; x_wconf 87' lang='lat' dir='ltr'><strong>Testis</strong></span> <span class='ocrx_word' id='word_1_538' title='bbox 1484 4877 1568 4924; x_wconf 92' lang='lat' dir='ltr'><strong>est</strong></span> <span class='ocrx_word' id='word_1_539' title='bbox 1608 4871 1738 4925; x_wconf 90' lang='lat' dir='ltr'><strong>mihi</strong></span> <span class='ocrx_word' id='word_1_540' title='bbox 1783 4871 2011 4928; x_wconf 89' lang='lat' dir='ltr'><strong>domnus</strong></span> 
     </span>
    </p>
   </div>
   <div class='ocr_carea' id='block_1_69' title="bbox 429 4951 2010 5030">
    <p class='ocr_par' dir='ltr' id='par_1_69' title="bbox 429 4951 2010 5030">
     <span class='ocr_line' id='line_1_69' title="bbox 429 4951 2010 5030; baseline 0.008 -24"><span class='ocrx_word' id='word_1_541' title='bbox 429 4960 546 5017; x_wconf 86' lang='lat' dir='ltr'><strong>rex,</strong></span> <span class='ocrx_word' id='word_1_542' title='bbox 578 4951 672 5007; x_wconf 91' lang='lat' dir='ltr'><strong>Dei</strong></span> <span class='ocrx_word' id='word_1_543' title='bbox 709 4967 829 5007; x_wconf 88' lang='lat' dir='ltr'><strong>esse</strong></span> <span class='ocrx_word' id='word_1_544' title='bbox 867 4968 1052 5021; x_wconf 87' lang='lat' dir='ltr'><strong>causa,</strong></span> <span class='ocrx_word' id='word_1_545' title='bbox 1095 4970 1164 5008; x_wconf 88' lang='lat' dir='ltr'><strong>an</strong></span> <span class='ocrx_word' id='word_1_546' title='bbox 1205 4956 1346 5012; x_wconf 88' lang='lat' dir='ltr'><strong>illius</strong></span> <span class='ocrx_word' id='word_1_547' title='bbox 1383 4956 1556 5028; x_wconf 87' lang='lat' dir='ltr'><strong>pietas</strong></span> <span class='ocrx_word' id='word_1_548' title='bbox 1596 4960 1745 5030; x_wconf 87' lang='lat' dir='ltr'><strong>prius</strong></span> <span class='ocrx_word' id='word_1_549' title='bbox 1782 4960 2010 5018; x_wconf 86' lang='lat' dir='ltr'><strong>alterum</strong></span> 
     </span>
    </p>
   </div>
   <div class='ocr_carea' id='block_1_70' title="bbox 428 5043 2012 5116">
    <p class='ocr_par' dir='ltr' id='par_1_70' title="bbox 428 5043 2012 5116">
     <span class='ocr_line' id='line_1_70' title="bbox 428 5043 2012 5116; baseline 0.009 -21"><span class='ocrx_word' id='word_1_550' title='bbox 428 5043 754 5110; x_wconf 90' lang='lat' dir='ltr'><strong>nominaret,</strong></span> <span class='ocrx_word' id='word_1_551' title='bbox 783 5059 852 5098; x_wconf 87' lang='lat' dir='ltr'><strong>an</strong></span> <span class='ocrx_word' id='word_1_552' title='bbox 888 5060 986 5116; x_wconf 89' lang='lat' dir='ltr'><strong>ego</strong></span> <span class='ocrx_word' id='word_1_553' title='bbox 1008 5061 1282 5116; x_wconf 88' lang='lat' dir='ltr'><strong>precarer.</strong></span> <span class='ocrx_word' id='word_1_554' title='bbox 1314 5048 1381 5102; x_wconf 85' lang='lat' dir='ltr'><strong>Et</strong></span> <span class='ocrx_word' id='word_1_555' title='bbox 1403 5064 1509 5104; x_wconf 91' lang='lat' dir='ltr'><strong>non</strong></span> <span class='ocrx_word' id='word_1_556' title='bbox 1537 5050 1914 5107; x_wconf 88' lang='lat' dir='ltr'><strong>erubescerem</strong></span> <span class='ocrx_word' id='word_1_557' title='bbox 1944 5054 2012 5110; x_wconf 90' lang='lat' dir='ltr'><strong>de</strong></span> 
     </span>
    </p>
   </div>
   <div class='ocr_carea' id='block_1_71' title="bbox 428 5175 2013 5250">
    <p class='ocr_par' dir='ltr' id='par_1_71' title="bbox 428 5175 2013 5250">
     <span class='ocr_line' id='line_1_71' title="bbox 428 5175 2013 5250; baseline -0.004 0"><span class='ocrx_word' id='word_1_558' title='bbox 428 5244 441 5250; x_wconf 57' lang='lat'><strong>,_</strong></span> <span class='ocrx_word' id='word_1_559' title='bbox 468 5247 476 5250; x_wconf 90' lang='lat'><strong>_</strong></span> <span class='ocrx_word' id='word_1_560' title='bbox 501 5189 528 5218; x_wconf 78' lang='grc'>⁸</span> <span class='ocrx_word' id='word_1_561' title='bbox 559 5175 882 5250; x_wconf 56' lang='lat' dir='ltr'><strong>“duom</strong></span> <span class='ocrx_word' id='word_1_562' title='bbox 907 5179 986 5235; x_wconf 84' lang='lat' dir='ltr'><strong>Ita</strong></span> <span class='ocrx_word' id='word_1_563' title='bbox 1007 5180 1211 5237; x_wconf 87' lang='lat' dir='ltr'><strong>habent</strong></span> <span class='ocrx_word' id='word_1_564' title='bbox 1233 5181 1389 5250; x_wconf 77' lang='lat' dir='ltr'><strong>codd.</strong></span> <span class='ocrx_word' id='word_1_565' title='bbox 1414 5197 1569 5250; x_wconf 89' lang='lat' dir='ltr'><strong>mss.;</strong></span> <span class='ocrx_word' id='word_1_566' title='bbox 1593 5185 1686 5239; x_wconf 83' lang='lat' dir='ltr'><strong>sed</strong></span> <span class='ocrx_word' id='word_1_567' title='bbox 1710 5185 1887 5241; x_wconf 87' lang='lat' dir='ltr'><strong>nullus</strong></span> <span class='ocrx_word' id='word_1_568' title='bbox 1914 5188 2013 5243; x_wconf 77' lang='lat' dir='ltr'><strong>du-</strong></span> 
     </span>
    </p>
   </div>
   <div class='ocr_carea' id='block_1_72' title="bbox 426 5247 2006 5328">
    <p class='ocr_par' dir='ltr' id='par_1_72' title="bbox 426 5247 2006 5328">
     <span class='ocr_line' id='line_1_72' title="bbox 426 5247 2006 5328; baseline 0.008 -28"><span class='ocrx_word' id='word_1_569' title='bbox 426 5247 563 5328; x_wconf 55' lang='lat' dir='ltr'><strong>bito,</strong></span> <span class='ocrx_word' id='word_1_570' title='bbox 606 5247 1193 5328; x_wconf 24' lang='lat' dir='ltr'><strong>quini_legendum_sit,</strong></span> <span class='ocrx_word' id='word_1_571' title='bbox 1236 5249 1526 5328; x_wconf 73' lang='lat' dir='ltr'><strong>Fridugise</strong></span> <span class='ocrx_word' id='word_1_572' title='bbox 1556 5247 1659 5310; x_wconf 78' lang='lat' dir='ltr'><strong>seu</strong></span> <span class='ocrx_word' id='word_1_573' title='bbox 1704 5253 2006 5328; x_wconf 5' lang='lat' dir='ltr'><strong>Fgredegise,</strong></span> 
     </span>
    </p>
   </div>
   <div class='ocr_carea' id='block_1_73' title="bbox 429 5316 2012 5400">
    <p class='ocr_par' dir='ltr' id='par_1_73' title="bbox 429 5316 2012 5400">
     <span class='ocr_line' id='line_1_73' title="bbox 429 5316 2012 5400; baseline 0.009 -31"><span class='ocrx_word' id='word_1_574' title='bbox 429 5316 600 5400; x_wconf 55' lang='lat' dir='ltr'><strong>cuius</strong></span> <span class='ocrx_word' id='word_1_575' title='bbox 624 5316 803 5400; x_wconf 69' lang='lat' dir='ltr'><strong>gratia</strong></span> <span class='ocrx_word' id='word_1_576' title='bbox 836 5316 1226 5391; x_wconf 61' lang='lat' dir='ltr'><strong>responsiones</strong></span> <span class='ocrx_word' id='word_1_577' title='bbox 1270 5316 1433 5378; x_wconf 62' lang='lat' dir='ltr'><strong>dedit&#39;</strong></span> <span class='ocrx_word' id='word_1_578' title='bbox 1461 5324 1529 5380; x_wconf 87' lang='lat' dir='ltr'><strong>ad</strong></span> <span class='ocrx_word' id='word_1_579' title='bbox 1576 5316 1903 5397; x_wconf 58' lang='lat' dir='ltr'><strong>quaestiones</strong></span> <span class='ocrx_word' id='word_1_580' title='bbox 1945 5316 2012 5384; x_wconf 82' lang='lat' dir='ltr'><strong>dc</strong></span> 
     </span>
    </p>
   </div>
   <div class='ocr_carea' id='block_1_74' title="bbox 433 5386 2011 5535">
    <p class='ocr_par' dir='ltr' id='par_1_74' title="bbox 433 5386 2011 5535">
     <span class='ocr_line' id='line_1_74' title="bbox 433 5386 1611 5452; baseline -0.004 -12"><span class='ocrx_word' id='word_1_581' title='bbox 433 5386 718 5452; x_wconf 72' lang='lat' dir='ltr'><strong>Trinitate,</strong></span> <span class='ocrx_word' id='word_1_582' title='bbox 746 5398 854 5444; x_wconf 89' lang='lat' dir='ltr'><strong>etc.</strong></span> <span class='ocrx_word' id='word_1_583' title='bbox 940 5386 959 5391; x_wconf 80' lang='grc'><em>’</em></span> <span class='ocrx_word' id='word_1_584' title='bbox 1594 5386 1611 5397; x_wconf 87' lang='grc'><strong><em>⁸</em></strong></span> 
     </span>
     <span class='ocr_line' id='line_1_75' title="bbox 500 5456 2011 5535; baseline 0.001 -13"><span class='ocrx_word' id='word_1_585' title='bbox 500 5456 625 5535; x_wconf 55' lang='lat' dir='ltr'><strong>PII}</strong></span> <span class='ocrx_word' id='word_1_586' title='bbox 659 5458 846 5535; x_wconf 63' lang='lat' dir='ltr'><strong>codice</strong></span> <span class='ocrx_word' id='word_1_587' title='bbox 881 5476 985 5535; x_wconf 68' lang='lat' dir='ltr'><strong>ms.</strong></span> <span class='ocrx_word' id='word_1_588' title='bbox 1023 5460 1588 5535; x_wconf 42' lang='lat' dir='ltr'><strong>SanfEmmeramensi</strong></span> <span class='ocrx_word' id='word_1_589' title='bbox 1625 5466 1680 5521; x_wconf 90' lang='lat' dir='ltr'><strong>in</strong></span> <span class='ocrx_word' id='word_1_590' title='bbox 1714 5465 1820 5523; x_wconf 85' lang='lat' dir='ltr'><strong>fine</strong></span> <span class='ocrx_word' id='word_1_591' title='bbox 1854 5465 2011 5535; x_wconf 79' lang='lat' dir='ltr'><strong>huius</strong></span> 
     </span>
    </p>
   </div>
   <div class='ocr_carea' id='block_1_75' title="bbox 430 5522 2009 5607">
    <p class='ocr_par' dir='ltr' id='par_1_75' title="bbox 430 5522 2009 5607">
     <span class='ocr_line' id='line_1_76' title="bbox 430 5522 2009 5607; baseline 0.01 -32"><span class='ocrx_word' id='word_1_592' title='bbox 430 5522 700 5607; x_wconf 45' lang='lat' dir='ltr'><strong>qpistplar,</strong></span> <span class='ocrx_word' id='word_1_593' title='bbox 730 5528 1033 5607; x_wconf 73' lang='lat' dir='ltr'><strong>hmc_verba</strong></span> <span class='ocrx_word' id='word_1_594' title='bbox 1059 5532 1330 5607; x_wconf 76' lang='lat' dir='ltr'><strong>adduntur</strong></span> <span class='ocrx_word' id='word_1_595' title='bbox 1359 5554 1388 5607; x_wconf 86' lang='lat'><strong>:_</strong></span> <span class='ocrx_word' id='word_1_596' title='bbox 1403 5534 1631 5607; x_wconf 72' lang='lat' dir='ltr'><strong>Erplicit</strong></span> <span class='ocrx_word' id='word_1_597' title='bbox 1658 5522 1811 5590; x_wconf 81' lang='lat' dir='ltr'><strong>Liber</strong></span> <span class='ocrx_word' id='word_1_598' title='bbox 1834 5522 2009 5591; x_wconf 58' lang='lat' dir='ltr'><strong>Alb&#39;ini</strong></span> 
     </span>
    </p>
   </div>
   <div class='ocr_carea' id='block_1_76' title="bbox 494 5594 2009 5671">
    <p class='ocr_par' dir='ltr' id='par_1_76' title="bbox 494 5594 2009 5671">
     <span class='ocr_line' id='line_1_77' title="bbox 494 5594 2009 5671; baseline 0.003 -17"><span class='ocrx_word' id='word_1_599' title='bbox 494 5594 700 5671; x_wconf 59' lang='grc' dir='ltr'><strong>σθωΐῇ</strong></span> <span class='ocrx_word' id='word_1_600' title='bbox 730 5595 889 5671; x_wconf 69' lang='lat' dir='ltr'><strong>jussit</strong></span> <span class='ocrx_word' id='word_1_601' title='bbox 921 5616 1072 5670; x_wconf 83' lang='lat' dir='ltr'><strong>quem</strong></span> <span class='ocrx_word' id='word_1_602' title='bbox 1112 5602 1305 5671; x_wconf 78' lang='lat' dir='ltr'><strong>pnesut</strong></span> <span class='ocrx_word' id='word_1_603' title='bbox 1349 5594 1629 5660; x_wconf 61' lang='lat' dir='ltr'><strong>Batu&#39;ricus</strong></span> <span class='ocrx_word' id='word_1_604' title='bbox 1670 5606 1891 5660; x_wconf 82' lang='lat' dir='ltr'><strong>scribere</strong></span> <span class='ocrx_word' id='word_1_605' title='bbox 1926 5608 2009 5659; x_wconf 75' lang='lat' dir='ltr'><strong>di-</strong></span> 
     </span>
    </p>
   </div>
   <div class='ocr_carea' id='block_1_77' title="bbox 431 5661 2003 5741">
    <p class='ocr_par' dir='ltr' id='par_1_77' title="bbox 431 5661 2003 5741">
     <span class='ocr_line' id='line_1_78' title="bbox 431 5661 2003 5741; baseline 0.011 -29"><span class='ocrx_word' id='word_1_606' title='bbox 431 5661 627 5741; x_wconf 34' lang='lat' dir='ltr'><strong>gnun-t2</strong></span> <span class='ocrx_word' id='word_1_607' title='bbox 663 5661 945 5741; x_wconf 53' lang='lat' dir='ltr'><strong>pa&#39;tllricus&#39;</strong></span> <span class='ocrx_word' id='word_1_608' title='bbox 994 5661 1183 5741; x_wconf 72' lang='lat' dir='ltr'><strong>rientpe</strong></span> <span class='ocrx_word' id='word_1_609' title='bbox 1230 5674 1517 5741; x_wconf 77' lang='lat' dir='ltr'><strong>cpiscopus</strong></span> <span class='ocrx_word' id='word_1_610' title='bbox 1572 5675 2003 5736; x_wconf 62' lang='lat' dir='ltr'><strong>liutishonCnsis,</strong></span> 
     </span>
    </p>
   </div>
   <div class='ocr_carea' id='block_1_78' title="bbox 432 5730 1427 5803">
    <p class='ocr_par' dir='ltr' id='par_1_78' title="bbox 432 5730 1427 5803">
     <span class='ocr_line' id='line_1_79' title="bbox 432 5730 1427 5803; baseline 0.012 -20"><span class='ocrx_word' id='word_1_611' title='bbox 432 5730 521 5803; x_wconf 74' lang='lat' dir='ltr'><strong>qui</strong></span> <span class='ocrx_word' id='word_1_612' title='bbox 549 5730 827 5791; x_wconf 81' lang='lat' dir='ltr'><strong>Adalwino</strong></span> <span class='ocrx_word' id='word_1_613' title='bbox 855 5730 1277 5796; x_wconf 44' lang='lat' dir='ltr'><strong>successit-anno</strong></span> <span class='ocrx_word' id='word_1_614' title='bbox 1306 5730 1427 5797; x_wconf 57' lang='lat' dir='ltr'><strong>8l7.&#39;</strong></span> 
     </span>
    </p>
   </div>
   <div class='ocr_carea' id='block_1_79' title="bbox 2117 1857 2476 1915">
    <p class='ocr_par' dir='ltr' id='par_1_79' title="bbox 2117 1857 2476 1915">
     <span class='ocr_line' id='line_1_80' title="bbox 2117 1857 2476 1915; baseline 0 -1"><span class='ocrx_word' id='word_1_615' title='bbox 2117 1867 2261 1914; x_wconf 90' lang='lat' dir='ltr'><strong>esset</strong></span> <span class='ocrx_word' id='word_1_616' title='bbox 2287 1857 2476 1915; x_wconf 85' lang='lat' dir='ltr'><strong>frater.</strong></span> 
     </span>
    </p>
   </div>
   <div class='ocr_carea' id='block_1_80' title="bbox 2188 1948 3713 2032">
    <p class='ocr_par' dir='ltr' id='par_1_80' title="bbox 2188 1948 3713 2032">
     <span class='ocr_line' id='line_1_81' title="bbox 2188 1948 3713 2032; baseline 0.011 -30"><span class='ocrx_word' id='word_1_617' title='bbox 2188 1949 2504 2018; x_wconf 84' lang='lat' dir='ltr'><strong>Revertere,</strong></span> <span class='ocrx_word' id='word_1_618' title='bbox 2542 1957 2838 2019; x_wconf 86' lang='lat' dir='ltr'><strong>revertere,</strong></span> <span class='ocrx_word' id='word_1_619' title='bbox 2879 1948 3003 2011; x_wconf 87' lang='lat' dir='ltr'><strong>licet</strong></span> <span class='ocrx_word' id='word_1_620' title='bbox 3042 1972 3147 2012; x_wconf 92' lang='lat' dir='ltr'><strong>non</strong></span> <span class='ocrx_word' id='word_1_621' title='bbox 3185 1968 3285 2029; x_wconf 89' lang='lat' dir='ltr'><strong>pro</strong></span> <span class='ocrx_word' id='word_1_622' title='bbox 3313 1969 3455 2026; x_wconf 87' lang='lat' dir='ltr'><strong>meo,</strong></span> <span class='ocrx_word' id='word_1_623' title='bbox 3484 1956 3578 2017; x_wconf 87' lang='lat' dir='ltr'><strong>sed</strong></span> <span class='ocrx_word' id='word_1_624' title='bbox 3601 1971 3713 2032; x_wconf 82' lang='lat' dir='ltr'><strong>pro</strong></span> 
     </span>
    </p>
   </div>
   <div class='ocr_carea' id='block_1_81' title="bbox 2117 2038 3707 2112">
    <p class='ocr_par' dir='ltr' id='par_1_81' title="bbox 2117 2038 3707 2112">
     <span class='ocr_line' id='line_1_82' title="bbox 2117 2038 3707 2112; baseline 0.008 -18"><span class='ocrx_word' id='word_1_625' title='bbox 2117 2038 2258 2094; x_wconf 90' lang='lat' dir='ltr'><strong>illius</strong></span> <span class='ocrx_word' id='word_1_626' title='bbox 2284 2054 2490 2106; x_wconf 91' lang='lat' dir='ltr'><strong>amore,</strong></span> <span class='ocrx_word' id='word_1_627' title='bbox 2521 2042 2763 2110; x_wconf 92' lang='lat' dir='ltr'><strong>quicum</strong></span> <span class='ocrx_word' id='word_1_628' title='bbox 2804 2044 3005 2100; x_wconf 91' lang='lat' dir='ltr'><strong>inimici</strong></span> <span class='ocrx_word' id='word_1_629' title='bbox 3044 2060 3309 2112; x_wconf 87' lang='lat' dir='ltr'><strong>essemus,</strong></span> <span class='ocrx_word' id='word_1_630' title='bbox 3353 2050 3707 2110; x_wconf 71' lang='lat' dir='ltr'><strong>reconciliavit</strong></span> 
     </span>
    </p>
   </div>
   <div class='ocr_carea' id='block_1_82' title="bbox 2116 2127 3712 2208">
    <p class='ocr_par' dir='ltr' id='par_1_82' title="bbox 2116 2127 3712 2208">
     <span class='ocr_line' id='line_1_83' title="bbox 2116 2127 3712 2208; baseline 0.009 -27"><span class='ocrx_word' id='word_1_631' title='bbox 2116 2144 2210 2182; x_wconf 83' lang='lat' dir='ltr'><strong>nos</strong></span> <span class='ocrx_word' id='word_1_632' title='bbox 2236 2127 2346 2182; x_wconf 87' lang='lat' dir='ltr'><strong>Deo</strong></span> <span class='ocrx_word' id='word_1_633' title='bbox 2367 2129 2424 2183; x_wconf 84' lang='lat' dir='ltr'><strong>in</strong></span> <span class='ocrx_word' id='word_1_634' title='bbox 2449 2131 2705 2201; x_wconf 77' lang='lat' dir='ltr'><strong>sanguine</strong></span> <span class='ocrx_word' id='word_1_635' title='bbox 2730 2142 2827 2187; x_wconf 75' lang='lat' dir='ltr'><strong>suo</strong></span> <span class='ocrx_word' id='word_1_636' title='bbox 2856 2132 3078 2206; x_wconf 84' lang='lat' dir='ltr'><strong>(Coloss.</strong></span> <span class='ocrx_word' id='word_1_637' title='bbox 3107 2144 3148 2201; x_wconf 83' lang='grc' dir='ltr'><strong><em>ι,</em></strong></span> <span class='ocrx_word' id='word_1_638' title='bbox 3175 2136 3288 2208; x_wconf 72' lang='grc' dir='ltr'><strong>ΞΘ).</strong></span> <span class='ocrx_word' id='word_1_639' title='bbox 3325 2137 3404 2193; x_wconf 82' lang='lat' dir='ltr'><strong>Sil</strong></span> <span class='ocrx_word' id='word_1_640' title='bbox 3434 2139 3523 2194; x_wconf 88' lang='lat' dir='ltr'><strong>ille</strong></span> <span class='ocrx_word' id='word_1_641' title='bbox 3551 2140 3712 2196; x_wconf 83' lang='lat' dir='ltr'><strong>nobis</strong></span> 
     </span>
    </p>
   </div>
   <div class='ocr_carea' id='block_1_83' title="bbox 2115 2222 3708 2298">
    <p class='ocr_par' dir='ltr' id='par_1_83' title="bbox 2115 2222 3708 2298">
     <span class='ocr_line' id='line_1_84' title="bbox 2115 2222 3708 2298; baseline 0.009 -24"><span class='ocrx_word' id='word_1_642' title='bbox 2115 2235 2259 2276; x_wconf 91' lang='lat' dir='ltr'><strong>nunc</strong></span> <span class='ocrx_word' id='word_1_643' title='bbox 2294 2222 2563 2278; x_wconf 83' lang='lat' dir='ltr'><strong>mediator</strong></span> <span class='ocrx_word' id='word_1_644' title='bbox 2588 2224 2657 2279; x_wconf 91' lang='lat' dir='ltr'><strong>ad</strong></span> <span class='ocrx_word' id='word_1_645' title='bbox 2689 2240 2899 2295; x_wconf 86' lang='lat' dir='ltr'><strong>pacem,</strong></span> <span class='ocrx_word' id='word_1_646' title='bbox 2924 2229 3017 2298; x_wconf 89' lang='lat' dir='ltr'><strong>qui</strong></span> <span class='ocrx_word' id='word_1_647' title='bbox 3059 2229 3160 2284; x_wconf 89' lang='lat' dir='ltr'><strong>fuit</strong></span> <span class='ocrx_word' id='word_1_648' title='bbox 3187 2239 3310 2287; x_wconf 89' lang='lat' dir='ltr'><strong>ante</strong></span> <span class='ocrx_word' id='word_1_649' title='bbox 3333 2230 3597 2288; x_wconf 87' lang='lat' dir='ltr'><strong>mediator</strong></span> <span class='ocrx_word' id='word_1_650' title='bbox 3634 2234 3708 2289; x_wconf 75' lang='lat' dir='ltr'><strong>ad</strong></span> 
     </span>
    </p>
   </div>
   <div class='ocr_carea' id='block_1_84' title="bbox 2115 2311 3710 2389">
    <p class='ocr_par' dir='ltr' id='par_1_84' title="bbox 2115 2311 3710 2389">
     <span class='ocr_line' id='line_1_85' title="bbox 2115 2311 3710 2389; baseline 0.009 -25"><span class='ocrx_word' id='word_1_651' title='bbox 2115 2311 2300 2365; x_wconf 87' lang='lat' dir='ltr'><strong>vitam.</strong></span> <span class='ocrx_word' id='word_1_652' title='bbox 2347 2312 2404 2368; x_wconf 90' lang='lat' dir='ltr'><strong>Si</strong></span> <span class='ocrx_word' id='word_1_653' title='bbox 2447 2315 2548 2370; x_wconf 91' lang='lat' dir='ltr'><strong>bas</strong></span> <span class='ocrx_word' id='word_1_654' title='bbox 2586 2315 2904 2372; x_wconf 84' lang='lat' dir='ltr'><strong>humilitatis</strong></span> <span class='ocrx_word' id='word_1_655' title='bbox 2943 2333 3075 2373; x_wconf 72' lang='lat' dir='ltr'><strong>meae</strong></span> <span class='ocrx_word' id='word_1_656' title='bbox 3113 2335 3305 2389; x_wconf 84' lang='lat' dir='ltr'><strong>preces</strong></span> <span class='ocrx_word' id='word_1_657' title='bbox 3345 2321 3481 2376; x_wconf 90' lang='lat' dir='ltr'><strong>dura</strong></span> <span class='ocrx_word' id='word_1_658' title='bbox 3526 2331 3710 2379; x_wconf 82' lang='lat' dir='ltr'><strong>mente</strong></span> 
     </span>
    </p>
   </div>
   <div class='ocr_carea' id='block_1_85' title="bbox 2115 2405 3711 2481">
    <p class='ocr_par' dir='ltr' id='par_1_85' title="bbox 2115 2405 3711 2481">
     <span class='ocr_line' id='line_1_86' title="bbox 2115 2405 3711 2481; baseline 0.007 -23"><span class='ocrx_word' id='word_1_659' title='bbox 2115 2405 2437 2471; x_wconf 86' lang='lat' dir='ltr'><strong>contemnis,</strong></span> <span class='ocrx_word' id='word_1_660' title='bbox 2465 2415 2522 2461; x_wconf 90' lang='lat' dir='ltr'><strong>et</strong></span> <span class='ocrx_word' id='word_1_661' title='bbox 2543 2420 2739 2463; x_wconf 91' lang='lat' dir='ltr'><strong>nocere</strong></span> <span class='ocrx_word' id='word_1_662' title='bbox 2760 2409 2911 2479; x_wconf 91' lang='lat' dir='ltr'><strong>cupis</strong></span> <span class='ocrx_word' id='word_1_663' title='bbox 2937 2410 3045 2481; x_wconf 90' lang='lat' dir='ltr'><strong>(cui</strong></span> <span class='ocrx_word' id='word_1_664' title='bbox 3073 2411 3329 2481; x_wconf 70' lang='lat' dir='ltr'><strong>prodesse</strong></span> <span class='ocrx_word' id='word_1_665' title='bbox 3354 2412 3437 2468; x_wconf 82' lang='lat' dir='ltr'><strong>fas</strong></span> <span class='ocrx_word' id='word_1_666' title='bbox 3461 2427 3585 2469; x_wconf 87' lang='lat' dir='ltr'><strong>esse</strong></span> <span class='ocrx_word' id='word_1_667' title='bbox 3610 2430 3711 2469; x_wconf 82' lang='lat' dir='ltr'><strong>ne—</strong></span> 
     </span>
    </p>
   </div>
   <div class='ocr_carea' id='block_1_86' title="bbox 2115 2496 3711 2574">
    <p class='ocr_par' dir='ltr' id='par_1_86' title="bbox 2115 2496 3711 2574">
     <span class='ocr_line' id='line_1_87' title="bbox 2115 2496 3711 2574; baseline 0.008 -27"><span class='ocrx_word' id='word_1_668' title='bbox 2115 2509 2247 2563; x_wconf 82' lang='lat' dir='ltr'><strong>gare</strong></span> <span class='ocrx_word' id='word_1_669' title='bbox 2266 2509 2374 2549; x_wconf 91' lang='lat' dir='ltr'><strong>non</strong></span> <span class='ocrx_word' id='word_1_670' title='bbox 2402 2496 2626 2565; x_wconf 79' lang='lat' dir='ltr'><strong>poteris,</strong></span> <span class='ocrx_word' id='word_1_671' title='bbox 2652 2497 2754 2552; x_wconf 90' lang='lat' dir='ltr'><strong>nisi</strong></span> <span class='ocrx_word' id='word_1_672' title='bbox 2778 2506 3062 2568; x_wconf 84' lang='lat' dir='ltr'><strong>paternum</strong></span> <span class='ocrx_word' id='word_1_673' title='bbox 3092 2515 3288 2556; x_wconf 88' lang='lat' dir='ltr'><strong>nomen</strong></span> <span class='ocrx_word' id='word_1_674' title='bbox 3312 2510 3369 2557; x_wconf 89' lang='lat' dir='ltr'><strong>et</strong></span> <span class='ocrx_word' id='word_1_675' title='bbox 3396 2504 3711 2574; x_wconf 82' lang='lat' dir='ltr'><strong>magistrale</strong></span> 
     </span>
    </p>
   </div>
   <div class='ocr_carea' id='block_1_87' title="bbox 2116 2582 3707 2658">
    <p class='ocr_par' dir='ltr' id='par_1_87' title="bbox 2116 2582 3707 2658">
     <span class='ocr_line' id='line_1_88' title="bbox 2116 2582 3707 2658; baseline 0.007 -22"><span class='ocrx_word' id='word_1_676' title='bbox 2116 2582 2182 2636; x_wconf 90' lang='lat' dir='ltr'><strong>de</strong></span> <span class='ocrx_word' id='word_1_677' title='bbox 2209 2584 2448 2652; x_wconf 91' lang='lat' dir='ltr'><strong>pectoris</strong></span> <span class='ocrx_word' id='word_1_678' title='bbox 2475 2584 2550 2638; x_wconf 93' lang='lat' dir='ltr'><strong>tui</strong></span> <span class='ocrx_word' id='word_1_679' title='bbox 2579 2596 2802 2650; x_wconf 87' lang='lat' dir='ltr'><strong>arcano,</strong></span> <span class='ocrx_word' id='word_1_680' title='bbox 2831 2585 2916 2640; x_wconf 92' lang='lat' dir='ltr'><strong>vel</strong></span> <span class='ocrx_word' id='word_1_681' title='bbox 2951 2587 3062 2641; x_wconf 87' lang='lat' dir='ltr'><strong>oris</strong></span> <span class='ocrx_word' id='word_1_682' title='bbox 3090 2587 3301 2658; x_wconf 88' lang='lat' dir='ltr'><strong>eloquio</strong></span> <span class='ocrx_word' id='word_1_683' title='bbox 3328 2589 3507 2646; x_wconf 86' lang='lat' dir='ltr'><strong>delere</strong></span> <span class='ocrx_word' id='word_1_684' title='bbox 3535 2591 3707 2657; x_wconf 83' lang='lat' dir='ltr'><strong>velis;</strong></span> 
     </span>
    </p>
   </div>
   <div class='ocr_carea' id='block_1_88' title="bbox 2114 2672 3707 2751">
    <p class='ocr_par' dir='ltr' id='par_1_88' title="bbox 2114 2672 3707 2751">
     <span class='ocr_line' id='line_1_89' title="bbox 2114 2672 3707 2751; baseline 0.008 -25"><span class='ocrx_word' id='word_1_685' title='bbox 2114 2672 2259 2741; x_wconf 71' lang='lat' dir='ltr'><strong>quod</strong></span> <span class='ocrx_word' id='word_1_686' title='bbox 2288 2674 2514 2743; x_wconf 82' lang='lat' dir='ltr'><strong>impium</strong></span> <span class='ocrx_word' id='word_1_687' title='bbox 2542 2688 2663 2730; x_wconf 90' lang='lat' dir='ltr'><strong>esse</strong></span> <span class='ocrx_word' id='word_1_688' title='bbox 2690 2690 2850 2730; x_wconf 90' lang='lat' dir='ltr'><strong>nemo</strong></span> <span class='ocrx_word' id='word_1_689' title='bbox 2885 2684 2971 2730; x_wconf 91' lang='lat' dir='ltr'><strong>est</strong></span> <span class='ocrx_word' id='word_1_690' title='bbox 2994 2678 3088 2746; x_wconf 91' lang='lat' dir='ltr'><strong>qui</strong></span> <span class='ocrx_word' id='word_1_691' title='bbox 3128 2680 3362 2745; x_wconf 88' lang='lat' dir='ltr'><strong>nesciat,</strong></span> <span class='ocrx_word' id='word_1_692' title='bbox 3407 2682 3501 2751; x_wconf 89' lang='lat' dir='ltr'><strong>qui</strong></span> <span class='ocrx_word' id='word_1_693' title='bbox 3538 2682 3707 2738; x_wconf 56' lang='lat' dir='ltr'><strong>bene.</strong></span> 
     </span>
    </p>
   </div>
   <div class='ocr_carea' id='block_1_89' title="bbox 2117 2759 3712 2841">
    <p class='ocr_par' dir='ltr' id='par_1_89' title="bbox 2117 2759 3712 2841">
     <span class='ocr_line' id='line_1_90' title="bbox 2117 2759 3712 2841; baseline 0.009 -26"><span class='ocrx_word' id='word_1_694' title='bbox 2117 2759 2241 2816; x_wconf 80' lang='lat' dir='ltr'><strong>licia</strong></span> <span class='ocrx_word' id='word_1_695' title='bbox 2269 2761 2553 2819; x_wconf 85' lang='lat' dir='ltr'><strong>cbaritatis</strong></span> <span class='ocrx_word' id='word_1_696' title='bbox 2589 2763 2733 2818; x_wconf 91' lang='lat' dir='ltr'><strong>inter</strong></span> <span class='ocrx_word' id='word_1_697' title='bbox 2764 2780 2864 2820; x_wconf 90' lang='lat' dir='ltr'><strong>nos</strong></span> <span class='ocrx_word' id='word_1_698' title='bbox 2897 2781 3138 2838; x_wconf 81' lang='lat' dir='ltr'><strong>unquam</strong></span> <span class='ocrx_word' id='word_1_699' title='bbox 3169 2770 3407 2841; x_wconf 84' lang='lat' dir='ltr'><strong>agnovit)</strong></span> <span class='ocrx_word' id='word_1_700' title='bbox 3434 2778 3615 2827; x_wconf 85' lang='lat' dir='ltr'><strong>tamen</strong></span> <span class='ocrx_word' id='word_1_701' title='bbox 3636 2786 3712 2829; x_wconf 80' lang='lat' dir='ltr'><strong>eo</strong></span> 
     </span>
    </p>
   </div>
   <div class='ocr_carea' id='block_1_90' title="bbox 2115 2853 3710 2930">
    <p class='ocr_par' dir='ltr' id='par_1_90' title="bbox 2115 2853 3710 2930">
     <span class='ocr_line' id='line_1_91' title="bbox 2115 2853 3710 2930; baseline 0.008 -24"><span class='ocrx_word' id='word_1_702' title='bbox 2115 2859 2450 2922; x_wconf 83' lang='lat' dir='ltr'><strong>protegente,</strong></span> <span class='ocrx_word' id='word_1_703' title='bbox 2478 2868 2577 2922; x_wconf 91' lang='lat' dir='ltr'><strong>pro</strong></span> <span class='ocrx_word' id='word_1_704' title='bbox 2603 2853 2758 2924; x_wconf 87' lang='lat' dir='ltr'><strong>cujus</strong></span> <span class='ocrx_word' id='word_1_705' title='bbox 2782 2869 2968 2912; x_wconf 88' lang='lat' dir='ltr'><strong>amore</strong></span> <span class='ocrx_word' id='word_1_706' title='bbox 2992 2858 3107 2912; x_wconf 50' lang='lat' dir='ltr'><strong>haee</strong></span> <span class='ocrx_word' id='word_1_707' title='bbox 3132 2866 3244 2913; x_wconf 89' lang='lat' dir='ltr'><strong>tam</strong></span> <span class='ocrx_word' id='word_1_708' title='bbox 3271 2859 3581 2930; x_wconf 87' lang='lat' dir='ltr'><strong>suppliciter</strong></span> <span class='ocrx_word' id='word_1_709' title='bbox 3604 2861 3710 2917; x_wconf 81' lang='lat' dir='ltr'><strong>de-</strong></span> 
     </span>
    </p>
   </div>
   <div class='ocr_carea' id='block_1_91' title="bbox 2115 2943 3707 3022">
    <p class='ocr_par' dir='ltr' id='par_1_91' title="bbox 2115 2943 3707 3022">
     <span class='ocr_line' id='line_1_92' title="bbox 2115 2943 3707 3022; baseline 0.009 -27"><span class='ocrx_word' id='word_1_710' title='bbox 2115 2955 2301 3010; x_wconf 86' lang='lat' dir='ltr'><strong>posco,</strong></span> <span class='ocrx_word' id='word_1_711' title='bbox 2341 2943 2504 2998; x_wconf 91' lang='lat' dir='ltr'><strong>credo</strong></span> <span class='ocrx_word' id='word_1_712' title='bbox 2550 2959 2747 2999; x_wconf 91' lang='lat' dir='ltr'><strong>nocere</strong></span> <span class='ocrx_word' id='word_1_713' title='bbox 2790 2961 2893 3001; x_wconf 90' lang='lat' dir='ltr'><strong>non</strong></span> <span class='ocrx_word' id='word_1_714' title='bbox 2945 2948 3166 3018; x_wconf 89' lang='lat' dir='ltr'><strong>poteris.</strong></span> <span class='ocrx_word' id='word_1_715' title='bbox 3211 2948 3445 3005; x_wconf 83' lang='lat' dir='ltr'><strong>Absalon</strong></span> <span class='ocrx_word' id='word_1_716' title='bbox 3492 2960 3707 3022; x_wconf 75' lang='lat' dir='ltr'><strong>patrem</strong></span> 
     </span>
    </p>
   </div>
   <div class='ocr_carea' id='block_1_92' title="bbox 2117 3030 3706 3113">
    <p class='ocr_par' dir='ltr' id='par_1_92' title="bbox 2117 3030 3706 3113">
     <span class='ocr_line' id='line_1_93' title="bbox 2117 3030 3706 3113; baseline 0.008 -31"><span class='ocrx_word' id='word_1_717' title='bbox 2117 3042 2274 3082; x_wconf 90' lang='lat' dir='ltr'><strong>suum</strong></span> <span class='ocrx_word' id='word_1_718' title='bbox 2297 3043 2462 3100; x_wconf 85' lang='lat' dir='ltr'><strong>regno</strong></span> <span class='ocrx_word' id='word_1_719' title='bbox 2477 3030 2700 3100; x_wconf 88' lang='lat' dir='ltr'><strong>expulit,</strong></span> <span class='ocrx_word' id='word_1_720' title='bbox 2719 3032 2813 3087; x_wconf 90' lang='lat' dir='ltr'><strong>sed</strong></span> <span class='ocrx_word' id='word_1_721' title='bbox 2832 3033 3072 3104; x_wconf 87' lang='lat' dir='ltr'><strong>seipsum</strong></span> <span class='ocrx_word' id='word_1_722' title='bbox 3093 3036 3204 3091; x_wconf 87' lang='lat' dir='ltr'><strong>vita</strong></span> <span class='ocrx_word' id='word_1_723' title='bbox 3219 3037 3547 3109; x_wconf 77' lang='lat' dir='ltr'><strong>privavitUI</strong></span> <span class='ocrx_word' id='word_1_724' title='bbox 3571 3039 3706 3113; x_wconf 80' lang='lat' dir='ltr'><strong>Reg.</strong></span> 
     </span>
    </p>
   </div>
   <div class='ocr_carea' id='block_1_93' title="bbox 2119 3210 3709 3288">
    <p class='ocr_par' dir='ltr' id='par_1_93' title="bbox 2119 3210 3709 3288">
     <span class='ocr_line' id='line_1_94' title="bbox 2119 3210 3709 3288; baseline 0.009 -25"><span class='ocrx_word' id='word_1_725' title='bbox 2119 3218 2222 3275; x_wconf 92' lang='lat' dir='ltr'><strong>est,</strong></span> <span class='ocrx_word' id='word_1_726' title='bbox 2252 3210 2539 3267; x_wconf 90' lang='lat' dir='ltr'><strong>timeamus</strong></span> <span class='ocrx_word' id='word_1_727' title='bbox 2559 3227 2627 3267; x_wconf 91' lang='lat' dir='ltr'><strong>ne</strong></span> <span class='ocrx_word' id='word_1_728' title='bbox 2649 3228 2750 3269; x_wconf 91' lang='lat' dir='ltr'><strong>nos</strong></span> <span class='ocrx_word' id='word_1_729' title='bbox 2773 3216 3087 3286; x_wconf 88' lang='lat' dir='ltr'><strong>spiritaliter</strong></span> <span class='ocrx_word' id='word_1_730' title='bbox 3105 3219 3397 3288; x_wconf 89' lang='lat' dir='ltr'><strong>patiamur,</strong></span> <span class='ocrx_word' id='word_1_731' title='bbox 3413 3222 3460 3275; x_wconf 89' lang='lat' dir='ltr'><strong>si</strong></span> <span class='ocrx_word' id='word_1_732' title='bbox 3476 3223 3546 3277; x_wconf 90' lang='lat' dir='ltr'><strong>ad</strong></span> <span class='ocrx_word' id='word_1_733' title='bbox 3573 3224 3709 3278; x_wconf 80' lang='lat' dir='ltr'><strong>cha-</strong></span> 
     </span>
    </p>
   </div>
   <div class='ocr_carea' id='block_1_94' title="bbox 2117 3291 3711 3380">
    <p class='ocr_par' dir='ltr' id='par_1_94' title="bbox 2117 3291 3711 3380">
     <span class='ocr_line' id='line_1_95' title="bbox 2117 3291 3711 3380; baseline 0.011 -29"><span class='ocrx_word' id='word_1_734' title='bbox 2117 3291 2332 3352; x_wconf 87' lang='lat' dir='ltr'><strong>ritatem</strong></span> <span class='ocrx_word' id='word_1_735' title='bbox 2355 3296 2555 3354; x_wconf 90' lang='lat' dir='ltr'><strong>Christi</strong></span> <span class='ocrx_word' id='word_1_736' title='bbox 2586 3315 2692 3355; x_wconf 92' lang='lat' dir='ltr'><strong>non</strong></span> <span class='ocrx_word' id='word_1_737' title='bbox 2721 3312 3081 3360; x_wconf 88' lang='lat' dir='ltr'><strong>revertamur.</strong></span> <span class='ocrx_word' id='word_1_738' title='bbox 3116 3305 3361 3362; x_wconf 79' lang='lat' dir='ltr'><strong>Charitas</strong></span> <span class='ocrx_word' id='word_1_739' title='bbox 3393 3312 3594 3380; x_wconf 85' lang='lat' dir='ltr'><strong>patiens</strong></span> <span class='ocrx_word' id='word_1_740' title='bbox 3622 3320 3711 3367; x_wconf 83' lang='lat' dir='ltr'><strong>est</strong></span> 
     </span>
    </p>
   </div>
   <div class='ocr_carea' id='block_1_95' title="bbox 2118 3388 3711 3473">
    <p class='ocr_par' dir='ltr' id='par_1_95' title="bbox 2118 3388 3711 3473">
     <span class='ocr_line' id='line_1_96' title="bbox 2118 3388 3711 3473; baseline 0.009 -31"><span class='ocrx_word' id='word_1_741' title='bbox 2118 3390 2187 3443; x_wconf 91' lang='lat' dir='ltr'><strong>ad</strong></span> <span class='ocrx_word' id='word_1_742' title='bbox 2225 3388 2611 3457; x_wconf 76' lang='lat' dir='ltr'><strong>sulferendum,</strong></span> <span class='ocrx_word' id='word_1_743' title='bbox 2652 3391 2873 3464; x_wconf 86' lang='lat' dir='ltr'><strong>benigna</strong></span> <span class='ocrx_word' id='word_1_744' title='bbox 2914 3395 2984 3450; x_wconf 86' lang='lat' dir='ltr'><strong>ad</strong></span> <span class='ocrx_word' id='word_1_745' title='bbox 3021 3399 3417 3467; x_wconf 67' lang='lat' dir='ltr'><strong>praestandum;</strong></span> <span class='ocrx_word' id='word_1_746' title='bbox 3458 3417 3563 3457; x_wconf 83' lang='lat' dir='ltr'><strong>non</strong></span> <span class='ocrx_word' id='word_1_747' title='bbox 3597 3404 3711 3473; x_wconf 74' lang='lat' dir='ltr'><strong>agit</strong></span> 
     </span>
    </p>
   </div>
   <div class='ocr_carea' id='block_1_96' title="bbox 2113 3476 3707 3557">
    <p class='ocr_par' dir='ltr' id='par_1_96' title="bbox 2113 3476 3707 3557">
     <span class='ocr_line' id='line_1_97' title="bbox 2113 3476 3707 3557; baseline 0.011 -25"><span class='ocrx_word' id='word_1_748' title='bbox 2113 3496 2406 3549; x_wconf 82' lang='lat' dir='ltr'><strong>perperam,</strong></span> <span class='ocrx_word' id='word_1_749' title='bbox 2450 3476 2503 3535; x_wconf 89' lang='lat' dir='ltr'><strong>id</strong></span> <span class='ocrx_word' id='word_1_750' title='bbox 2542 3491 2647 3547; x_wconf 87' lang='lat' dir='ltr'><strong>est,</strong></span> <span class='ocrx_word' id='word_1_751' title='bbox 2675 3498 2782 3538; x_wconf 92' lang='lat' dir='ltr'><strong>non</strong></span> <span class='ocrx_word' id='word_1_752' title='bbox 2822 3489 3179 3557; x_wconf 68' lang='lat' dir='ltr'><strong>superqumrit</strong></span> <span class='ocrx_word' id='word_1_753' title='bbox 3215 3488 3438 3546; x_wconf 88' lang='lat' dir='ltr'><strong>fratrem</strong></span> <span class='ocrx_word' id='word_1_754' title='bbox 3464 3508 3619 3548; x_wconf 83' lang='lat' dir='ltr'><strong>suum</strong></span> <span class='ocrx_word' id='word_1_755' title='bbox 3648 3495 3707 3549; x_wconf 90' lang='lat' dir='ltr'><strong>in</strong></span> 
     </span>
    </p>
   </div>
   <div class='ocr_carea' id='block_1_97' title="bbox 2114 3573 3707 3657">
    <p class='ocr_par' dir='ltr' id='par_1_97' title="bbox 2114 3573 3707 3657">
     <span class='ocr_line' id='line_1_98' title="bbox 2114 3573 3707 3657; baseline 0.013 -33"><span class='ocrx_word' id='word_1_756' title='bbox 2114 3573 2358 3643; x_wconf 81' lang='lat' dir='ltr'><strong>negotio;</strong></span> <span class='ocrx_word' id='word_1_757' title='bbox 2397 3575 2575 3628; x_wconf 87' lang='lat' dir='ltr'><strong>omnia</strong></span> <span class='ocrx_word' id='word_1_758' title='bbox 2615 3586 2808 3646; x_wconf 86' lang='lat' dir='ltr'><strong>sperat,</strong></span> <span class='ocrx_word' id='word_1_759' title='bbox 2855 3580 3029 3634; x_wconf 85' lang='lat' dir='ltr'><strong>omnia</strong></span> <span class='ocrx_word' id='word_1_760' title='bbox 3070 3583 3233 3637; x_wconf 86' lang='lat' dir='ltr'><strong>credit</strong></span> <span class='ocrx_word' id='word_1_761' title='bbox 3275 3583 3328 3657; x_wconf 91' lang='lat' dir='ltr'><strong>(I</strong></span> <span class='ocrx_word' id='word_1_762' title='bbox 3367 3584 3490 3641; x_wconf 88' lang='lat' dir='ltr'><strong>Cor.</strong></span> <span class='ocrx_word' id='word_1_763' title='bbox 3522 3603 3645 3654; x_wconf 80' lang='lat' dir='ltr'><strong>xm,</strong></span> <span class='ocrx_word' id='word_1_764' title='bbox 3670 3589 3707 3643; x_wconf 68' lang='grc'><strong>4</strong></span> 
     </span>
    </p>
   </div>
   <div class='ocr_carea' id='block_1_98' title="bbox 2115 3660 3710 3749">
    <p class='ocr_par' dir='ltr' id='par_1_98' title="bbox 2115 3660 3710 3749">
     <span class='ocr_line' id='line_1_99' title="bbox 2115 3660 3710 3749; baseline 0.013 -35"><span class='ocrx_word' id='word_1_765' title='bbox 2115 3660 2267 3732; x_wconf 58' lang='grc' dir='ltr'><strong>δρψ).</strong></span> <span class='ocrx_word' id='word_1_766' title='bbox 2295 3663 2423 3729; x_wconf 77' lang='lat' dir='ltr'><strong>Quae</strong></span> <span class='ocrx_word' id='word_1_767' title='bbox 2449 3662 2671 3719; x_wconf 90' lang='lat' dir='ltr'><strong>meliora</strong></span> <span class='ocrx_word' id='word_1_768' title='bbox 2706 3675 2851 3736; x_wconf 88' lang='lat' dir='ltr'><strong>sunt,</strong></span> <span class='ocrx_word' id='word_1_769' title='bbox 2888 3684 3111 3740; x_wconf 86' lang='lat' dir='ltr'><strong>sperare</strong></span> <span class='ocrx_word' id='word_1_770' title='bbox 3144 3673 3403 3732; x_wconf 87' lang='lat' dir='ltr'><strong>debemus</strong></span> <span class='ocrx_word' id='word_1_771' title='bbox 3429 3686 3479 3732; x_wconf 89' lang='lat' dir='ltr'><strong>et</strong></span> <span class='ocrx_word' id='word_1_772' title='bbox 3501 3679 3710 3749; x_wconf 84' lang='lat' dir='ltr'><strong>optima</strong></span> 
     </span>
    </p>
   </div>
   <div class='ocr_carea' id='block_1_99' title="bbox 2115 3750 2358 3807">
    <p class='ocr_par' dir='ltr' id='par_1_99' title="bbox 2115 3750 2358 3807">
     <span class='ocr_line' id='line_1_100' title="bbox 2115 3750 2358 3807; baseline 0 -1"><span class='ocrx_word' id='word_1_773' title='bbox 2115 3750 2358 3807; x_wconf 81' lang='lat' dir='ltr'><strong>credere.</strong></span> 
     </span>
    </p>
   </div>
   <div class='ocr_carea' id='block_1_100' title="bbox 2189 3845 3709 3929">
    <p class='ocr_par' dir='ltr' id='par_1_100' title="bbox 2189 3845 3709 3929">
     <span class='ocr_line' id='line_1_101' title="bbox 2189 3845 3709 3929; baseline 0.009 -27"><span class='ocrx_word' id='word_1_774' title='bbox 2189 3845 2405 3902; x_wconf 89' lang='lat' dir='ltr'><strong>Utinam</strong></span> <span class='ocrx_word' id='word_1_775' title='bbox 2430 3848 2545 3904; x_wconf 70' lang='lat' dir='ltr'><strong>haec</strong></span> <span class='ocrx_word' id='word_1_776' title='bbox 2564 3850 2810 3907; x_wconf 89' lang='lat' dir='ltr'><strong>chartula</strong></span> <span class='ocrx_word' id='word_1_777' title='bbox 2834 3854 2889 3909; x_wconf 92' lang='lat' dir='ltr'><strong>in</strong></span> <span class='ocrx_word' id='word_1_778' title='bbox 2911 3854 3089 3910; x_wconf 88' lang='lat' dir='ltr'><strong>locum</strong></span> <span class='ocrx_word' id='word_1_779' title='bbox 3107 3872 3193 3912; x_wconf 90' lang='lat' dir='ltr'><strong>me</strong></span> <span class='ocrx_word' id='word_1_780' title='bbox 3219 3858 3359 3929; x_wconf 78' lang='lat' dir='ltr'><strong>apud</strong></span> <span class='ocrx_word' id='word_1_781' title='bbox 3388 3868 3441 3914; x_wconf 89' lang='lat' dir='ltr'><strong>te</strong></span> <span class='ocrx_word' id='word_1_782' title='bbox 3463 3860 3709 3915; x_wconf 86' lang='lat' dir='ltr'><strong>remittat</strong></span> 
     </span>
    </p>
   </div>
   <div class='ocr_carea' id='block_1_101' title="bbox 2112 3937 3709 4014">
    <p class='ocr_par' dir='ltr' id='par_1_101' title="bbox 2112 3937 3709 4014">
     <span class='ocr_line' id='line_1_102' title="bbox 2112 3937 3709 4014; baseline 0.009 -23"><span class='ocrx_word' id='word_1_783' title='bbox 2112 3937 2429 4008; x_wconf 89' lang='lat' dir='ltr'><strong>pristinum;</strong></span> <span class='ocrx_word' id='word_1_784' title='bbox 2458 3947 2513 3995; x_wconf 92' lang='lat' dir='ltr'><strong>et</strong></span> <span class='ocrx_word' id='word_1_785' title='bbox 2537 3941 2581 3996; x_wconf 91' lang='lat' dir='ltr'><strong>si</strong></span> <span class='ocrx_word' id='word_1_786' title='bbox 2604 3942 2709 3998; x_wconf 90' lang='lat' dir='ltr'><strong>hoc</strong></span> <span class='ocrx_word' id='word_1_787' title='bbox 2732 3945 2994 4014; x_wconf 83' lang='lat' dir='ltr'><strong>perlicere</strong></span> <span class='ocrx_word' id='word_1_788' title='bbox 3018 3962 3124 4003; x_wconf 91' lang='lat' dir='ltr'><strong>non</strong></span> <span class='ocrx_word' id='word_1_789' title='bbox 3144 3947 3343 4011; x_wconf 86' lang='lat' dir='ltr'><strong>valeat.</strong></span> <span class='ocrx_word' id='word_1_790' title='bbox 3367 3950 3450 4006; x_wconf 79' lang='lat' dir='ltr'><strong>vel</strong></span> <span class='ocrx_word' id='word_1_791' title='bbox 3474 3966 3709 4006; x_wconf 84' lang='lat' dir='ltr'><strong>excusa-</strong></span> 
     </span>
    </p>
   </div>
   <div class='ocr_carea' id='block_1_102' title="bbox 2106 4031 3709 4114">
    <p class='ocr_par' dir='ltr' id='par_1_102' title="bbox 2106 4031 3709 4114">
     <span class='ocr_line' id='line_1_103' title="bbox 2106 4031 3709 4114; baseline 0.01 -30"><span class='ocrx_word' id='word_1_792' title='bbox 2106 4038 2228 4109; x_wconf 82' lang='lat' dir='ltr'><strong>tum</strong></span> <span class='ocrx_word' id='word_1_793' title='bbox 2258 4031 2457 4087; x_wconf 89' lang='lat' dir='ltr'><strong>haheat</strong></span> <span class='ocrx_word' id='word_1_794' title='bbox 2477 4035 2617 4103; x_wconf 92' lang='lat' dir='ltr'><strong>apud</strong></span> <span class='ocrx_word' id='word_1_795' title='bbox 2648 4034 2885 4103; x_wconf 91' lang='lat' dir='ltr'><strong>judicem</strong></span> <span class='ocrx_word' id='word_1_796' title='bbox 2913 4054 3123 4107; x_wconf 90' lang='lat' dir='ltr'><strong>meum;</strong></span> <span class='ocrx_word' id='word_1_797' title='bbox 3153 4043 3280 4113; x_wconf 89' lang='lat' dir='ltr'><strong>quia</strong></span> <span class='ocrx_word' id='word_1_798' title='bbox 3307 4041 3409 4099; x_wconf 88' lang='lat' dir='ltr'><strong>feci</strong></span> <span class='ocrx_word' id='word_1_799' title='bbox 3439 4044 3582 4114; x_wconf 82' lang='lat' dir='ltr'><strong>quod</strong></span> <span class='ocrx_word' id='word_1_800' title='bbox 3604 4059 3709 4114; x_wconf 60' lang='lat' dir='ltr'><strong>po.</strong></span> 
     </span>
    </p>
   </div>
   <div class='ocr_carea' id='block_1_103' title="bbox 2114 4119 3709 4201">
    <p class='ocr_par' dir='ltr' id='par_1_103' title="bbox 2114 4119 3709 4201">
     <span class='ocr_line' id='line_1_104' title="bbox 2114 4119 3709 4201; baseline 0.01 -27"><span class='ocrx_word' id='word_1_801' title='bbox 2114 4119 2225 4184; x_wconf 88' lang='lat' dir='ltr'><strong>tui,</strong></span> <span class='ocrx_word' id='word_1_802' title='bbox 2254 4120 2297 4174; x_wconf 92' lang='lat' dir='ltr'><strong>si</strong></span> <span class='ocrx_word' id='word_1_803' title='bbox 2323 4120 2567 4177; x_wconf 88' lang='lat' dir='ltr'><strong>obtinere</strong></span> <span class='ocrx_word' id='word_1_804' title='bbox 2601 4138 2707 4179; x_wconf 90' lang='lat' dir='ltr'><strong>non</strong></span> <span class='ocrx_word' id='word_1_805' title='bbox 2740 4126 3031 4184; x_wconf 90' lang='lat' dir='ltr'><strong>valuissem</strong></span> <span class='ocrx_word' id='word_1_806' title='bbox 3060 4131 3202 4201; x_wconf 92' lang='lat' dir='ltr'><strong>quod</strong></span> <span class='ocrx_word' id='word_1_807' title='bbox 3231 4131 3539 4188; x_wconf 88' lang='lat' dir='ltr'><strong>voluissem.</strong></span> <span class='ocrx_word' id='word_1_808' title='bbox 3570 4131 3709 4189; x_wconf 66' lang='lat' dir='ltr'><strong>Poe-</strong></span> 
     </span>
    </p>
   </div>
   <div class='ocr_carea' id='block_1_104' title="bbox 2114 4216 3709 4295">
    <p class='ocr_par' dir='ltr' id='par_1_104' title="bbox 2114 4216 3709 4295">
     <span class='ocr_line' id='line_1_105' title="bbox 2114 4216 3709 4295; baseline 0.008 -29"><span class='ocrx_word' id='word_1_809' title='bbox 2114 4225 2255 4277; x_wconf 88' lang='lat' dir='ltr'><strong>sum,</strong></span> <span class='ocrx_word' id='word_1_810' title='bbox 2286 4226 2530 4283; x_wconf 86' lang='lat' dir='ltr'><strong>possum,</strong></span> <span class='ocrx_word' id='word_1_811' title='bbox 2553 4216 2737 4281; x_wconf 87' lang='lat' dir='ltr'><strong>credo,</strong></span> <span class='ocrx_word' id='word_1_812' title='bbox 2768 4232 2866 4288; x_wconf 89' lang='lat' dir='ltr'><strong>per</strong></span> <span class='ocrx_word' id='word_1_813' title='bbox 2890 4233 3034 4286; x_wconf 91' lang='lat' dir='ltr'><strong>eum,</strong></span> <span class='ocrx_word' id='word_1_814' title='bbox 3063 4222 3154 4291; x_wconf 89' lang='lat' dir='ltr'><strong>qui</strong></span> <span class='ocrx_word' id='word_1_815' title='bbox 3185 4223 3466 4294; x_wconf 85' lang='lat' dir='ltr'><strong>inspiravit</strong></span> <span class='ocrx_word' id='word_1_816' title='bbox 3488 4232 3709 4295; x_wconf 80' lang='lat' dir='ltr'><strong>pectus-</strong></span> 
     </span>
    </p>
   </div>
   <div class='ocr_carea' id='block_1_105' title="bbox 2114 4302 3718 4385">
    <p class='ocr_par' dir='ltr' id='par_1_105' title="bbox 2114 4302 3718 4385">
     <span class='ocr_line' id='line_1_106' title="bbox 2114 4302 3718 4385; baseline 0.009 -29"><span class='ocrx_word' id='word_1_817' title='bbox 2114 4302 2294 4357; x_wconf 86' lang='lat' dir='ltr'><strong>culum</strong></span> <span class='ocrx_word' id='word_1_818' title='bbox 2331 4310 2531 4372; x_wconf 67' lang='lat' dir='ltr'><strong>mcum,</strong></span> <span class='ocrx_word' id='word_1_819' title='bbox 2570 4315 2629 4361; x_wconf 92' lang='lat' dir='ltr'><strong>ut</strong></span> <span class='ocrx_word' id='word_1_820' title='bbox 2653 4318 2894 4378; x_wconf 89' lang='lat' dir='ltr'><strong>peterem</strong></span> <span class='ocrx_word' id='word_1_821' title='bbox 2914 4311 3057 4381; x_wconf 91' lang='lat' dir='ltr'><strong>quod</strong></span> <span class='ocrx_word' id='word_1_822' title='bbox 3078 4314 3225 4383; x_wconf 90' lang='lat' dir='ltr'><strong>pium</strong></span> <span class='ocrx_word' id='word_1_823' title='bbox 3250 4316 3449 4384; x_wconf 86' lang='lat' dir='ltr'><strong>putavi.</strong></span> <span class='ocrx_word' id='word_1_824' title='bbox 3475 4314 3718 4385; x_wconf 75' lang='lat' dir='ltr'><strong>lnspiret</strong></span> 
     </span>
    </p>
   </div>
   <div class='ocr_carea' id='block_1_106' title="bbox 2113 4394 3709 4473">
    <p class='ocr_par' dir='ltr' id='par_1_106' title="bbox 2113 4394 3709 4473">
     <span class='ocr_line' id='line_1_107' title="bbox 2113 4394 3709 4473; baseline 0.007 -27"><span class='ocrx_word' id='word_1_825' title='bbox 2113 4394 2278 4447; x_wconf 83' lang='lat' dir='ltr'><strong>etiam</strong></span> <span class='ocrx_word' id='word_1_826' title='bbox 2327 4403 2517 4464; x_wconf 91' lang='lat' dir='ltr'><strong>pectus</strong></span> <span class='ocrx_word' id='word_1_827' title='bbox 2557 4405 2730 4464; x_wconf 88' lang='lat' dir='ltr'><strong>tuum,</strong></span> <span class='ocrx_word' id='word_1_828' title='bbox 2772 4406 2833 4453; x_wconf 92' lang='lat' dir='ltr'><strong>ut</strong></span> <span class='ocrx_word' id='word_1_829' title='bbox 2873 4401 3141 4456; x_wconf 86' lang='lat' dir='ltr'><strong>concedas</strong></span> <span class='ocrx_word' id='word_1_830' title='bbox 3183 4403 3326 4473; x_wconf 90' lang='lat' dir='ltr'><strong>quod</strong></span> <span class='ocrx_word' id='word_1_831' title='bbox 3372 4402 3709 4472; x_wconf 82' lang='lat' dir='ltr'><strong>deposceris.</strong></span> 
     </span>
    </p>
   </div>
   <div class='ocr_carea' id='block_1_107' title="bbox 2044 4473 3712 4562">
    <p class='ocr_par' dir='ltr' id='par_1_107' title="bbox 2044 4473 3712 4562">
     <span class='ocr_line' id='line_1_108' title="bbox 2044 4473 3712 4562; baseline 0.007 -26"><span class='ocrx_word' id='word_1_832' title='bbox 2044 4473 2091 4537; x_wconf 78' lang='grc' dir='ltr'><strong><em>ι)</em></strong></span> <span class='ocrx_word' id='word_1_833' title='bbox 2115 4481 2362 4538; x_wconf 85' lang='lat' dir='ltr'><strong>Conditio</strong></span> <span class='ocrx_word' id='word_1_834' title='bbox 2388 4499 2518 4540; x_wconf 91' lang='lat' dir='ltr'><strong>vero</strong></span> <span class='ocrx_word' id='word_1_835' title='bbox 2557 4487 2706 4557; x_wconf 89' lang='lat' dir='ltr'><strong>pacis</strong></span> <span class='ocrx_word' id='word_1_836' title='bbox 2744 4503 2850 4543; x_wconf 91' lang='lat' dir='ltr'><strong>non</strong></span> <span class='ocrx_word' id='word_1_837' title='bbox 2880 4504 3016 4559; x_wconf 89' lang='lat' dir='ltr'><strong>puer</strong></span> <span class='ocrx_word' id='word_1_838' title='bbox 3050 4492 3121 4546; x_wconf 92' lang='lat' dir='ltr'><strong>sit</strong></span> <span class='ocrx_word' id='word_1_839' title='bbox 3146 4499 3301 4562; x_wconf 88' lang='lat' dir='ltr'><strong>pater</strong></span> <span class='ocrx_word' id='word_1_840' title='bbox 3325 4489 3712 4561; x_wconf 80' lang='lat' dir='ltr'><strong>dissensionis,</strong></span> 
     </span>
    </p>
   </div>
   <div class='ocr_carea' id='block_1_108' title="bbox 2113 4571 3716 4653">
    <p class='ocr_par' dir='ltr' id='par_1_108' title="bbox 2113 4571 3716 4653">
     <span class='ocr_line' id='line_1_109' title="bbox 2113 4571 3716 4653; baseline 0.011 -30"><span class='ocrx_word' id='word_1_841' title='bbox 2113 4571 2208 4625; x_wconf 79' lang='lat' dir='ltr'><strong>sel</strong></span> <span class='ocrx_word' id='word_1_842' title='bbox 2248 4587 2383 4641; x_wconf 87' lang='lat' dir='ltr'><strong>puer</strong></span> <span class='ocrx_word' id='word_1_843' title='bbox 2424 4572 2584 4627; x_wconf 86' lang='lat' dir='ltr'><strong>Pater</strong></span> <span class='ocrx_word' id='word_1_844' title='bbox 2623 4576 2790 4645; x_wconf 84' lang='lat' dir='ltr'><strong>futuri</strong></span> <span class='ocrx_word' id='word_1_845' title='bbox 2828 4579 3008 4633; x_wconf 67' lang='grc' dir='ltr'><strong><em>δαναιίὶ</em></strong></span> <span class='ocrx_word' id='word_1_846' title='bbox 3050 4579 3207 4652; x_wconf 86' lang='lat' dir='ltr'><strong>(Isai.</strong></span> <span class='ocrx_word' id='word_1_847' title='bbox 3248 4597 3325 4646; x_wconf 76' lang='grc' dir='ltr'><strong><em>ιι,</em></strong></span> <span class='ocrx_word' id='word_1_848' title='bbox 3365 4578 3442 4653; x_wconf 85' lang='grc'><strong>6),</strong></span> <span class='ocrx_word' id='word_1_849' title='bbox 3482 4579 3548 4636; x_wconf 83' lang='lat' dir='ltr'><strong>de</strong></span> <span class='ocrx_word' id='word_1_850' title='bbox 3584 4595 3716 4651; x_wconf 81' lang='lat' dir='ltr'><strong>quo</strong></span> 
     </span>
    </p>
   </div>
   <div class='ocr_carea' id='block_1_109' title="bbox 2112 4662 3713 4742">
    <p class='ocr_par' dir='ltr' id='par_1_109' title="bbox 2112 4662 3713 4742">
     <span class='ocr_line' id='line_1_110' title="bbox 2112 4662 3713 4742; baseline 0.008 -26"><span class='ocrx_word' id='word_1_851' title='bbox 2112 4662 2316 4717; x_wconf 90' lang='lat' dir='ltr'><strong>dictum</strong></span> <span class='ocrx_word' id='word_1_852' title='bbox 2341 4673 2426 4719; x_wconf 86' lang='lat' dir='ltr'><strong>est</strong></span> <span class='ocrx_word' id='word_1_853' title='bbox 2452 4682 2466 4719; x_wconf 90' lang='lat'><strong>:</strong></span> <span class='ocrx_word' id='word_1_854' title='bbox 2498 4664 2636 4721; x_wconf 84' lang='lat' dir='ltr'><strong>Ecce</strong></span> <span class='ocrx_word' id='word_1_855' title='bbox 2656 4684 2787 4738; x_wconf 74' lang='lat' dir='ltr'><strong>puer</strong></span> <span class='ocrx_word' id='word_1_856' title='bbox 2804 4686 2948 4724; x_wconf 86' lang='lat' dir='ltr'><strong>meus</strong></span> <span class='ocrx_word' id='word_1_857' title='bbox 2976 4687 3127 4741; x_wconf 87' lang='lat' dir='ltr'><strong>quem</strong></span> <span class='ocrx_word' id='word_1_858' title='bbox 3148 4671 3299 4742; x_wconf 84' lang='lat' dir='ltr'><strong>elegi,</strong></span> <span class='ocrx_word' id='word_1_859' title='bbox 3323 4671 3511 4727; x_wconf 80' lang='lat' dir='ltr'><strong>electus</strong></span> <span class='ocrx_word' id='word_1_860' title='bbox 3528 4688 3713 4741; x_wconf 71' lang='lat' dir='ltr'><strong>meus,</strong></span> 
     </span>
    </p>
   </div>
   <div class='ocr_carea' id='block_1_110' title="bbox 2111 4750 3709 4833">
    <p class='ocr_par' dir='ltr' id='par_1_110' title="bbox 2111 4750 3709 4833">
     <span class='ocr_line' id='line_1_111' title="bbox 2111 4750 3709 4833; baseline 0.009 -29"><span class='ocrx_word' id='word_1_861' title='bbox 2111 4750 2169 4805; x_wconf 84' lang='lat' dir='ltr'><strong>in</strong></span> <span class='ocrx_word' id='word_1_862' title='bbox 2194 4768 2297 4823; x_wconf 84' lang='lat' dir='ltr'><strong>quo</strong></span> <span class='ocrx_word' id='word_1_863' title='bbox 2320 4753 2446 4808; x_wconf 83' lang='lat' dir='ltr'><strong>bene</strong></span> <span class='ocrx_word' id='word_1_864' title='bbox 2470 4754 2782 4826; x_wconf 85' lang='lat' dir='ltr'><strong>complacuit</strong></span> <span class='ocrx_word' id='word_1_865' title='bbox 2812 4759 3003 4814; x_wconf 71' lang='lat' dir='ltr'><strong>animm</strong></span> <span class='ocrx_word' id='word_1_866' title='bbox 3026 4774 3155 4815; x_wconf 68' lang='lat' dir='ltr'><strong>metu</strong></span> <span class='ocrx_word' id='word_1_867' title='bbox 3178 4760 3395 4832; x_wconf 75' lang='lat' dir='ltr'><strong>(Matth.</strong></span> <span class='ocrx_word' id='word_1_868' title='bbox 3435 4776 3535 4826; x_wconf 84' lang='lat' dir='ltr'><strong>xu,</strong></span> <span class='ocrx_word' id='word_1_869' title='bbox 3566 4761 3659 4833; x_wconf 80' lang='lat' dir='ltr'><strong>i8)</strong></span> <span class='ocrx_word' id='word_1_870' title='bbox 3692 4781 3709 4818; x_wconf 91' lang='lat'><strong>:</strong></span> 
     </span>
    </p>
   </div>
   <div class='ocr_carea' id='block_1_111' title="bbox 2111 4843 3713 4921">
    <p class='ocr_par' dir='ltr' id='par_1_111' title="bbox 2111 4843 3713 4921">
     <span class='ocr_line' id='line_1_112' title="bbox 2111 4843 3713 4921; baseline 0.007 -25"><span class='ocrx_word' id='word_1_871' title='bbox 2111 4850 2173 4897; x_wconf 90' lang='lat' dir='ltr'><strong>ut</strong></span> <span class='ocrx_word' id='word_1_872' title='bbox 2189 4843 2334 4914; x_wconf 86' lang='lat' dir='ltr'><strong>digni</strong></span> <span class='ocrx_word' id='word_1_873' title='bbox 2354 4845 2656 4900; x_wconf 90' lang='lat' dir='ltr'><strong>habeamur</strong></span> <span class='ocrx_word' id='word_1_874' title='bbox 2680 4846 2822 4901; x_wconf 89' lang='lat' dir='ltr'><strong>inter</strong></span> <span class='ocrx_word' id='word_1_875' title='bbox 2841 4862 2934 4903; x_wconf 83' lang='lat' dir='ltr'><strong>eos</strong></span> <span class='ocrx_word' id='word_1_876' title='bbox 2958 4849 3247 4916; x_wconf 90' lang='lat' dir='ltr'><strong>nominari,</strong></span> <span class='ocrx_word' id='word_1_877' title='bbox 3268 4859 3325 4905; x_wconf 92' lang='lat' dir='ltr'><strong>et</strong></span> <span class='ocrx_word' id='word_1_878' title='bbox 3342 4865 3465 4907; x_wconf 90' lang='lat' dir='ltr'><strong>esse</strong></span> <span class='ocrx_word' id='word_1_879' title='bbox 3482 4866 3713 4921; x_wconf 81' lang='lat' dir='ltr'><strong>pueros.</strong></span> 
     </span>
    </p>
   </div>
   <div class='ocr_carea' id='block_1_112' title="bbox 2112 4934 3715 5010">
    <p class='ocr_par' dir='ltr' id='par_1_112' title="bbox 2112 4934 3715 5010">
     <span class='ocr_line' id='line_1_113' title="bbox 2112 4934 3715 5010; baseline 0.006 -23"><span class='ocrx_word' id='word_1_880' title='bbox 2112 4934 2179 4987; x_wconf 89' lang='lat' dir='ltr'><strong>de</strong></span> <span class='ocrx_word' id='word_1_881' title='bbox 2209 4934 2405 5004; x_wconf 89' lang='lat' dir='ltr'><strong>quibus</strong></span> <span class='ocrx_word' id='word_1_882' title='bbox 2446 4944 2605 4990; x_wconf 90' lang='lat' dir='ltr'><strong>antea</strong></span> <span class='ocrx_word' id='word_1_883' title='bbox 2645 4935 2733 4992; x_wconf 89' lang='lat' dir='ltr'><strong>ille</strong></span> <span class='ocrx_word' id='word_1_884' title='bbox 2761 4952 2859 5008; x_wconf 90' lang='lat' dir='ltr'><strong>per</strong></span> <span class='ocrx_word' id='word_1_885' title='bbox 2884 4940 3206 5009; x_wconf 87' lang='lat' dir='ltr'><strong>prophetam</strong></span> <span class='ocrx_word' id='word_1_886' title='bbox 3240 4941 3490 5010; x_wconf 68' lang='lat' dir='ltr'><strong>praedixit</strong></span> <span class='ocrx_word' id='word_1_887' title='bbox 3519 4959 3532 4993; x_wconf 95' lang='lat'><strong>:</strong></span> <span class='ocrx_word' id='word_1_888' title='bbox 3566 4940 3715 4996; x_wconf 77' lang='lat' dir='ltr'><strong>Ecce</strong></span> 
     </span>
    </p>
   </div>
   <div class='ocr_carea' id='block_1_113' title="bbox 2111 5025 3709 5100">
    <p class='ocr_par' dir='ltr' id='par_1_113' title="bbox 2111 5025 3709 5100">
     <span class='ocr_line' id='line_1_114' title="bbox 2111 5025 3709 5100; baseline 0.005 -25"><span class='ocrx_word' id='word_1_889' title='bbox 2111 5033 2272 5092; x_wconf 83' lang='lat' dir='ltr'><strong>egoet</strong></span> <span class='ocrx_word' id='word_1_890' title='bbox 2293 5025 2443 5093; x_wconf 86' lang='lat' dir='ltr'><strong>pueri</strong></span> <span class='ocrx_word' id='word_1_891' title='bbox 2468 5026 2589 5091; x_wconf 85' lang='lat' dir='ltr'><strong>mei,</strong></span> <span class='ocrx_word' id='word_1_892' title='bbox 2620 5042 2747 5097; x_wconf 83' lang='lat' dir='ltr'><strong>quos</strong></span> <span class='ocrx_word' id='word_1_893' title='bbox 2770 5026 2912 5081; x_wconf 82' lang='lat' dir='ltr'><strong>dedit</strong></span> <span class='ocrx_word' id='word_1_894' title='bbox 2937 5028 3065 5082; x_wconf 75' lang='lat' dir='ltr'><strong>mihi</strong></span> <span class='ocrx_word' id='word_1_895' title='bbox 3089 5027 3231 5082; x_wconf 86' lang='lat' dir='ltr'><strong>Deus</strong></span> <span class='ocrx_word' id='word_1_896' title='bbox 3259 5028 3414 5100; x_wconf 85' lang='lat' dir='ltr'><strong>(Isai.</strong></span> <span class='ocrx_word' id='word_1_897' title='bbox 3439 5044 3559 5094; x_wconf 73' lang='lat' dir='ltr'><strong>vui,</strong></span> <span class='ocrx_word' id='word_1_898' title='bbox 3586 5028 3709 5098; x_wconf 69' lang='lat'><strong>18).</strong></span> 
     </span>
    </p>
   </div>
   <div class='ocr_carea' id='block_1_114' title="bbox 2184 5199 3711 5275">
    <p class='ocr_par' dir='ltr' id='par_1_114' title="bbox 2184 5199 3711 5275">
     <span class='ocr_line' id='line_1_115' title="bbox 2184 5199 3711 5275; baseline 0.007 -21"><span class='ocrx_word' id='word_1_899' title='bbox 2184 5211 2207 5239; x_wconf 73' lang='grc' dir='ltr'><strong>ο</strong></span> <span class='ocrx_word' id='word_1_900' title='bbox 2249 5199 2401 5275; x_wconf 76' lang='lat' dir='ltr'><strong>lianc</strong></span> <span class='ocrx_word' id='word_1_901' title='bbox 2443 5201 2726 5271; x_wconf 85' lang='lat' dir='ltr'><strong>epistolam</strong></span> <span class='ocrx_word' id='word_1_902' title='bbox 2774 5203 3160 5275; x_wconf 80' lang='lat' dir='ltr'><strong>descripsimus</strong></span> <span class='ocrx_word' id='word_1_903' title='bbox 3207 5221 3274 5262; x_wconf 88' lang='lat' dir='ltr'><strong>ex</strong></span> <span class='ocrx_word' id='word_1_904' title='bbox 3321 5207 3443 5262; x_wconf 87' lang='lat' dir='ltr'><strong>cod.</strong></span> <span class='ocrx_word' id='word_1_905' title='bbox 3499 5206 3711 5265; x_wconf 78' lang='lat' dir='ltr'><strong>Salisb.</strong></span> 
     </span>
    </p>
   </div>
   <div class='ocr_carea' id='block_1_115' title="bbox 2109 5268 3713 5345">
    <p class='ocr_par' dir='ltr' id='par_1_115' title="bbox 2109 5268 3713 5345">
     <span class='ocr_line' id='line_1_116' title="bbox 2109 5268 3713 5345; baseline 0.006 -21"><span class='ocrx_word' id='word_1_906' title='bbox 2109 5268 2393 5345; x_wconf 71' lang='lat' dir='ltr'><strong>Alcuintttn</strong></span> <span class='ocrx_word' id='word_1_907' title='bbox 2432 5268 2708 5345; x_wconf 79' lang='lat' dir='ltr'><strong>auctorem</strong></span> <span class='ocrx_word' id='word_1_908' title='bbox 2737 5288 2801 5328; x_wconf 82' lang='lat' dir='ltr'><strong>ex</strong></span> <span class='ocrx_word' id='word_1_909' title='bbox 2831 5268 2972 5345; x_wconf 74' lang='lat' dir='ltr'><strong>styld</strong></span> <span class='ocrx_word' id='word_1_910' title='bbox 3002 5276 3272 5344; x_wconf 86' lang='lat' dir='ltr'><strong>novimus,</strong></span> <span class='ocrx_word' id='word_1_911' title='bbox 3298 5284 3356 5332; x_wconf 89' lang='lat' dir='ltr'><strong>et</strong></span> <span class='ocrx_word' id='word_1_912' title='bbox 3389 5292 3454 5333; x_wconf 83' lang='lat' dir='ltr'><strong>ex</strong></span> <span class='ocrx_word' id='word_1_913' title='bbox 3484 5279 3713 5343; x_wconf 80' lang='lat' dir='ltr'><strong>ordine,</strong></span> 
     </span>
    </p>
   </div>
   <div class='ocr_carea' id='block_1_116' title="bbox 2110 5339 3717 5411">
    <p class='ocr_par' dir='ltr' id='par_1_116' title="bbox 2110 5339 3717 5411">
     <span class='ocr_line' id='line_1_117' title="bbox 2110 5339 3717 5411; baseline 0.006 -16"><span class='ocrx_word' id='word_1_914' title='bbox 2110 5356 2269 5410; x_wconf 90' lang='lat' dir='ltr'><strong>quem</strong></span> <span class='ocrx_word' id='word_1_915' title='bbox 2304 5339 2395 5394; x_wconf 89' lang='lat' dir='ltr'><strong>illa</strong></span> <span class='ocrx_word' id='word_1_916' title='bbox 2435 5341 2491 5411; x_wconf 84' lang='lat' dir='ltr'><strong>in</strong></span> <span class='ocrx_word' id='word_1_917' title='bbox 2534 5343 2794 5411; x_wconf 68' lang='lat' dir='ltr'><strong>pnezlicto</strong></span> <span class='ocrx_word' id='word_1_918' title='bbox 2833 5339 3018 5400; x_wconf 80' lang='lat' dir='ltr'><strong>codice</strong></span> <span class='ocrx_word' id='word_1_919' title='bbox 3066 5339 3518 5411; x_wconf 49' lang='lat' dir='ltr'><strong>tenet,&#39;medinm</strong></span> <span class='ocrx_word' id='word_1_920' title='bbox 3556 5339 3717 5405; x_wconf 80' lang='lat' dir='ltr'><strong>inter</strong></span> 
     </span>
    </p>
   </div>
   <div class='ocr_carea' id='block_1_117' title="bbox 2109 5409 3718 5489">
    <p class='ocr_par' dir='ltr' id='par_1_117' title="bbox 2109 5409 3718 5489">
     <span class='ocr_line' id='line_1_118' title="bbox 2109 5409 3718 5489; baseline 0.007 -27"><span class='ocrx_word' id='word_1_921' title='bbox 2109 5409 2288 5489; x_wconf 64' lang='lat' dir='ltr'><strong>certas</strong></span> <span class='ocrx_word' id='word_1_922' title='bbox 2315 5418 2388 5489; x_wconf 39' lang='lat' dir='ltr'><strong>et.</strong></span> <span class='ocrx_word' id='word_1_923' title='bbox 2405 5409 2735 5489; x_wconf 73' lang='lat' dir='ltr'><strong>indubitatus</strong></span> <span class='ocrx_word' id='word_1_924' title='bbox 2761 5412 2880 5483; x_wconf 83' lang='lat' dir='ltr'><strong>ejus</strong></span> <span class='ocrx_word' id='word_1_925' title='bbox 2907 5416 3182 5489; x_wconf 82' lang='lat' dir='ltr'><strong>epistolas.</strong></span> <span class='ocrx_word' id='word_1_926' title='bbox 3210 5409 3540 5489; x_wconf 81' lang='lat' dir='ltr'><strong>Discipulum</strong></span> <span class='ocrx_word' id='word_1_927' title='bbox 3568 5434 3718 5474; x_wconf 85' lang='lat' dir='ltr'><strong>vero</strong></span> 
     </span>
    </p>
   </div>
   <div class='ocr_carea' id='block_1_118' title="bbox 2110 5479 3719 5557">
    <p class='ocr_par' dir='ltr' id='par_1_118' title="bbox 2110 5479 3719 5557">
     <span class='ocr_line' id='line_1_119' title="bbox 2110 5479 3719 5557; baseline 0.006 -24"><span class='ocrx_word' id='word_1_928' title='bbox 2110 5480 2261 5557; x_wconf 69' lang='lat' dir='ltr'><strong>illum</strong></span> <span class='ocrx_word' id='word_1_929' title='bbox 2300 5479 2389 5547; x_wconf 89' lang='lat' dir='ltr'><strong>qui</strong></span> <span class='ocrx_word' id='word_1_930' title='bbox 2416 5480 2667 5557; x_wconf 77' lang='lat' dir='ltr'><strong>querelas</strong></span> <span class='ocrx_word' id='word_1_931' title='bbox 2688 5479 2878 5538; x_wconf 75' lang='lat' dir='ltr'><strong>contra</strong></span> <span class='ocrx_word' id='word_1_932' title='bbox 2902 5479 3186 5557; x_wconf 79' lang='lat' dir='ltr'><strong>Aletrinum</strong></span> <span class='ocrx_word' id='word_1_933' title='bbox 3217 5487 3284 5541; x_wconf 85' lang='lat' dir='ltr'><strong>ad</strong></span> <span class='ocrx_word' id='word_1_934' title='bbox 3322 5479 3581 5557; x_wconf 75' lang='lat' dir='ltr'><strong>palatium</strong></span> <span class='ocrx_word' id='word_1_935' title='bbox 3603 5490 3719 5544; x_wconf 77' lang='lat' dir='ltr'><strong>de-</strong></span> 
     </span>
    </p>
   </div>
   <div class='ocr_carea' id='block_1_119' title="bbox 2111 5548 3719 5632">
    <p class='ocr_par' dir='ltr' id='par_1_119' title="bbox 2111 5548 3719 5632">
     <span class='ocr_line' id='line_1_120' title="bbox 2111 5548 3719 5632; baseline 0.009 -31"><span class='ocrx_word' id='word_1_936' title='bbox 2111 5548 2252 5632; x_wconf 47' lang='lat' dir='ltr'><strong>tlulit,</strong></span> <span class='ocrx_word' id='word_1_937' title='bbox 2275 5556 2334 5632; x_wconf 76' lang='lat' dir='ltr'><strong>_ct</strong></span> <span class='ocrx_word' id='word_1_938' title='bbox 2354 5564 2588 5632; x_wconf 73' lang='lat' dir='ltr'><strong>quocum</strong></span> <span class='ocrx_word' id='word_1_939' title='bbox 2700 5568 2887 5624; x_wconf 89' lang='lat' dir='ltr'><strong>pacem</strong></span> <span class='ocrx_word' id='word_1_940' title='bbox 2919 5556 3095 5611; x_wconf 64' lang='lat' dir='ltr'><strong>redire</strong></span> <span class='ocrx_word' id='word_1_941' title='bbox 3116 5558 3280 5629; x_wconf 89' lang='lat' dir='ltr'><strong>cupit,</strong></span> <span class='ocrx_word' id='word_1_942' title='bbox 3308 5548 3452 5614; x_wconf 69' lang='lat' dir='ltr'><strong>tiullo</strong></span> <span class='ocrx_word' id='word_1_943' title='bbox 3472 5558 3719 5632; x_wconf 72' lang='lat' dir='ltr'><strong>vestigio</strong></span> 
     </span>
    </p>
   </div>
   <div class='ocr_carea' id='block_1_120' title="bbox 2110 5617 2823 5688">
    <p class='ocr_par' dir='ltr' id='par_1_120' title="bbox 2110 5617 2823 5688">
     <span class='ocr_line' id='line_1_121' title="bbox 2110 5617 2823 5688; baseline 0.013 -19"><span class='ocrx_word' id='word_1_944' title='bbox 2110 5617 2509 5688; x_wconf 69' lang='lat' dir='ltr'><strong>deprehendere</strong></span> <span class='ocrx_word' id='word_1_945' title='bbox 2536 5617 2823 5688; x_wconf 78' lang='lat' dir='ltr'><strong>potuimus.</strong></span> 
     </span>
    </p>
   </div>
   <div class='ocr_carea' id='block_1_121' title="bbox 2179 5687 2997 5764">
    <p class='ocr_par' dir='ltr' id='par_1_121' title="bbox 2179 5687 2997 5764">
     <span class='ocr_line' id='line_1_122' title="bbox 2179 5687 2997 5764; baseline 0.016 -27"><span class='ocrx_word' id='word_1_946' title='bbox 2179 5688 2202 5723; x_wconf 78' lang='grc' dir='ltr'><strong><em>ιι</em></strong></span> <span class='ocrx_word' id='word_1_947' title='bbox 2243 5687 2394 5756; x_wconf 77' lang='lat' dir='ltr'><strong>Apud</strong></span> <span class='ocrx_word' id='word_1_948' title='bbox 2424 5687 2652 5746; x_wconf 71' lang='lat' dir='ltr'><strong>Froben.</strong></span> <span class='ocrx_word' id='word_1_949' title='bbox 2688 5695 2842 5764; x_wconf 86' lang='lat' dir='ltr'><strong>epist.</strong></span> <span class='ocrx_word' id='word_1_950' title='bbox 2884 5695 2997 5750; x_wconf 78' lang='lat' dir='ltr'><strong>l56.</strong></span> 
     </span>
    </p>
   </div>
  </div>
