  <div class='ocr_page' id='page_1' title='image "/cluster/home/n/w/nwhite01/storage/ocr_20150623/100/hvd.32044052819521/246.png"; bbox 0 0 4012 6188; ppageno 0'>
   <div class='ocr_carea' id='block_1_1' title="bbox 267 326 361 382">
    <p class='ocr_par' dir='ltr' id='par_1_1' title="bbox 267 326 361 382">
     <span class='ocr_line' id='line_1_1' title="bbox 267 326 361 382; baseline -0.043 1"><span class='ocrx_word' id='word_1_1' title='bbox 267 326 361 382; x_wconf 63' lang='grc'><strong>881</strong></span> 
     </span>
    </p>
   </div>
   <div class='ocr_carea' id='block_1_2' title="bbox 756 430 1362 489">
    <p class='ocr_par' dir='ltr' id='par_1_2' title="bbox 756 430 1362 489">
     <span class='ocr_line' id='line_1_2' title="bbox 756 430 1362 489; baseline -0.007 0"><span class='ocrx_word' id='word_1_2' title='bbox 756 445 782 474; x_wconf 78' lang='grc' dir='ltr'><strong>ι</strong></span> <span class='ocrx_word' id='word_1_3' title='bbox 819 431 1152 489; x_wconf 73' lang='grc' dir='ltr'><strong>εΡιδτοιΑ</strong></span> <span class='ocrx_word' id='word_1_4' title='bbox 1189 430 1362 487; x_wconf 76' lang='lat' dir='ltr'><strong>CCVI.</strong></span> 
     </span>
    </p>
   </div>
   <div class='ocr_carea' id='block_1_3' title="bbox 841 535 1279 576">
    <p class='ocr_par' dir='ltr' id='par_1_3' title="bbox 841 535 1279 576">
     <span class='ocr_line' id='line_1_3' title="bbox 841 535 1279 576; baseline -0.005 0"><span class='ocrx_word' id='word_1_5' title='bbox 841 537 910 576; x_wconf 62' lang='lat' dir='ltr'><strong>AD</strong></span> <span class='ocrx_word' id='word_1_6' title='bbox 947 535 1279 576; x_wconf 74' lang='lat' dir='ltr'><strong>DISCIPULUI.</strong></span> 
     </span>
    </p>
   </div>
   <div class='ocr_carea' id='block_1_4' title="bbox 273 607 1853 686">
    <p class='ocr_par' dir='ltr' id='par_1_4' title="bbox 273 607 1853 686">
     <span class='ocr_line' id='line_1_4' title="bbox 273 607 1853 686; baseline -0.008 -14"><span class='ocrx_word' id='word_1_7' title='bbox 273 611 619 686; x_wconf 72' lang='lat' dir='ltr'><strong>Keprcltcndit</strong></span> <span class='ocrx_word' id='word_1_8' title='bbox 648 610 892 686; x_wconf 63' lang='lat' dir='ltr'><strong>illumab</strong></span> <span class='ocrx_word' id='word_1_9' title='bbox 916 611 1034 664; x_wconf 71' lang='lat' dir='ltr'><strong>vitta</strong></span> <span class='ocrx_word' id='word_1_10' title='bbox 1061 609 1441 686; x_wconf 72' lang='lat' dir='ltr'><strong>perversitatem</strong></span> <span class='ocrx_word' id='word_1_11' title='bbox 1461 647 1474 672; x_wconf 93' lang='lat'><strong>,</strong></span> <span class='ocrx_word' id='word_1_12' title='bbox 1503 617 1550 662; x_wconf 87' lang='lat' dir='ltr'><strong>et</strong></span> <span class='ocrx_word' id='word_1_13' title='bbox 1580 607 1648 660; x_wconf 86' lang='lat' dir='ltr'><strong>ad</strong></span> <span class='ocrx_word' id='word_1_14' title='bbox 1679 622 1853 661; x_wconf 85' lang='lat' dir='ltr'><strong>emen-</strong></span> 
     </span>
    </p>
   </div>
   <div class='ocr_carea' id='block_1_5' title="bbox 781 679 1331 732">
    <p class='ocr_par' dir='ltr' id='par_1_5' title="bbox 781 679 1331 732">
     <span class='ocr_line' id='line_1_5' title="bbox 781 679 1331 732; baseline -0.004 0"><span class='ocrx_word' id='word_1_15' title='bbox 781 679 1045 732; x_wconf 87' lang='lat' dir='ltr'><strong>dationem</strong></span> <span class='ocrx_word' id='word_1_16' title='bbox 1072 679 1331 732; x_wconf 89' lang='lat' dir='ltr'><strong>hortatur.</strong></span> 
     </span>
    </p>
   </div>
   <div class='ocr_carea' id='block_1_6' title="bbox 340 789 927 846">
    <p class='ocr_par' dir='ltr' id='par_1_6' title="bbox 340 789 927 846">
     <span class='ocr_line' id='line_1_6' title="bbox 340 789 927 846; baseline -0.01 1"><span class='ocrx_word' id='word_1_17' title='bbox 340 795 366 834; x_wconf 70' lang='grc' dir='ltr'><strong>ιι</strong></span> <span class='ocrx_word' id='word_1_18' title='bbox 405 791 769 846; x_wconf 76' lang='lat' dir='ltr'><strong>Dilectissimo</strong></span> <span class='ocrx_word' id='word_1_19' title='bbox 801 789 927 842; x_wconf 93' lang='lat' dir='ltr'><strong>ﬁlio.</strong></span> 
     </span>
    </p>
   </div>
   <div class='ocr_carea' id='block_1_7' title="bbox 341 876 1855 946">
    <p class='ocr_par' dir='ltr' id='par_1_7' title="bbox 341 876 1855 946">
     <span class='ocr_line' id='line_1_7' title="bbox 341 876 1855 946; baseline -0.005 -8"><span class='ocrx_word' id='word_1_20' title='bbox 341 883 658 938; x_wconf 88' lang='lat' dir='ltr'><strong>Dulcissime</strong></span> <span class='ocrx_word' id='word_1_21' title='bbox 686 881 793 946; x_wconf 90' lang='lat' dir='ltr'><strong>ﬁli,</strong></span> <span class='ocrx_word' id='word_1_22' title='bbox 827 879 995 934; x_wconf 77' lang='lat' dir='ltr'><strong>frater</strong></span> <span class='ocrx_word' id='word_1_23' title='bbox 1021 887 1077 933; x_wconf 89' lang='lat' dir='ltr'><strong>et</strong></span> <span class='ocrx_word' id='word_1_24' title='bbox 1107 879 1298 941; x_wconf 89' lang='lat' dir='ltr'><strong>amice,</strong></span> <span class='ocrx_word' id='word_1_25' title='bbox 1329 876 1481 945; x_wconf 90' lang='lat' dir='ltr'><strong>cujus</strong></span> <span class='ocrx_word' id='word_1_26' title='bbox 1510 892 1701 930; x_wconf 82' lang='lat' dir='ltr'><strong>nomen</strong></span> <span class='ocrx_word' id='word_1_27' title='bbox 1730 886 1855 946; x_wconf 87' lang='lat' dir='ltr'><strong>opto</strong></span> 
     </span>
    </p>
   </div>
   <div class='ocr_carea' id='block_1_8' title="bbox 267 966 1856 1032">
    <p class='ocr_par' dir='ltr' id='par_1_8' title="bbox 267 966 1856 1032">
     <span class='ocr_line' id='line_1_8' title="bbox 267 966 1856 1032; baseline -0.008 0"><span class='ocrx_word' id='word_1_28' title='bbox 267 987 329 1032; x_wconf 88' lang='lat' dir='ltr'><strong>ut</strong></span> <span class='ocrx_word' id='word_1_29' title='bbox 354 976 590 1031; x_wconf 68' lang='lat' dir='ltr'><strong>caelestis</strong></span> <span class='ocrx_word' id='word_1_30' title='bbox 629 973 954 1027; x_wconf 81' lang='lat' dir='ltr'><strong>bibliotheca</strong></span> <span class='ocrx_word' id='word_1_31' title='bbox 985 977 1166 1024; x_wconf 78' lang='lat' dir='ltr'><strong>teneat</strong></span> <span class='ocrx_word' id='word_1_32' title='bbox 1208 970 1261 1022; x_wconf 91' lang='lat' dir='ltr'><strong>in</strong></span> <span class='ocrx_word' id='word_1_33' title='bbox 1300 977 1582 1022; x_wconf 63' lang='lat' dir='ltr'><strong>aeternum.</strong></span> <span class='ocrx_word' id='word_1_34' title='bbox 1627 966 1764 1021; x_wconf 85' lang='lat' dir='ltr'><strong>Olim</strong></span> <span class='ocrx_word' id='word_1_35' title='bbox 1804 975 1856 1021; x_wconf 88' lang='lat' dir='ltr'><strong>te</strong></span> 
     </span>
    </p>
   </div>
   <div class='ocr_carea' id='block_1_9' title="bbox 267 1059 1854 1137">
    <p class='ocr_par' dir='ltr' id='par_1_9' title="bbox 267 1059 1854 1137">
     <span class='ocr_line' id='line_1_9' title="bbox 267 1059 1854 1137; baseline -0.006 -17"><span class='ocrx_word' id='word_1_36' title='bbox 267 1066 453 1137; x_wconf 86' lang='lat' dir='ltr'><strong>genui,</strong></span> <span class='ocrx_word' id='word_1_37' title='bbox 501 1063 724 1125; x_wconf 89' lang='lat' dir='ltr'><strong>nutrivi,</strong></span> <span class='ocrx_word' id='word_1_38' title='bbox 767 1061 894 1124; x_wconf 82' lang='lat' dir='ltr'><strong>alui,</strong></span> <span class='ocrx_word' id='word_1_39' title='bbox 932 1069 988 1114; x_wconf 90' lang='lat' dir='ltr'><strong>et</strong></span> <span class='ocrx_word' id='word_1_40' title='bbox 1015 1060 1081 1115; x_wconf 88' lang='lat' dir='ltr'><strong>ad</strong></span> <span class='ocrx_word' id='word_1_41' title='bbox 1121 1059 1416 1130; x_wconf 85' lang='lat' dir='ltr'><strong>perfectum</strong></span> <span class='ocrx_word' id='word_1_42' title='bbox 1456 1059 1631 1112; x_wconf 88' lang='lat' dir='ltr'><strong>virum</strong></span> <span class='ocrx_word' id='word_1_43' title='bbox 1659 1072 1854 1128; x_wconf 87' lang='lat' dir='ltr'><strong>usque,</strong></span> 
     </span>
    </p>
   </div>
   <div class='ocr_carea' id='block_1_10' title="bbox 272 1147 1859 1220">
    <p class='ocr_par' dir='ltr' id='par_1_10' title="bbox 272 1147 1859 1220">
     <span class='ocr_line' id='line_1_10' title="bbox 272 1147 1859 1220; baseline -0.007 -11"><span class='ocrx_word' id='word_1_44' title='bbox 272 1156 382 1209; x_wconf 87' lang='lat' dir='ltr'><strong>Deo</strong></span> <span class='ocrx_word' id='word_1_45' title='bbox 405 1155 662 1215; x_wconf 77' lang='lat' dir='ltr'><strong>donante,</strong></span> <span class='ocrx_word' id='word_1_46' title='bbox 685 1151 932 1220; x_wconf 86' lang='lat' dir='ltr'><strong>perduxi,</strong></span> <span class='ocrx_word' id='word_1_47' title='bbox 960 1149 1165 1203; x_wconf 89' lang='lat' dir='ltr'><strong>artibus</strong></span> <span class='ocrx_word' id='word_1_48' title='bbox 1191 1149 1428 1203; x_wconf 77' lang='lat' dir='ltr'><strong>studiose</strong></span> <span class='ocrx_word' id='word_1_49' title='bbox 1455 1147 1748 1211; x_wconf 89' lang='lat' dir='ltr'><strong>eruditum,</strong></span> <span class='ocrx_word' id='word_1_50' title='bbox 1771 1162 1859 1199; x_wconf 85' lang='lat' dir='ltr'><strong>sa-</strong></span> 
     </span>
    </p>
   </div>
   <div class='ocr_carea' id='block_1_11' title="bbox 267 1238 1853 1316">
    <p class='ocr_par' dir='ltr' id='par_1_11' title="bbox 267 1238 1853 1316">
     <span class='ocr_line' id='line_1_11' title="bbox 267 1238 1853 1316; baseline -0.008 -17"><span class='ocrx_word' id='word_1_51' title='bbox 267 1245 484 1316; x_wconf 65' lang='lat' dir='ltr'><strong>pientia:</strong></span> <span class='ocrx_word' id='word_1_52' title='bbox 510 1243 622 1297; x_wconf 91' lang='lat' dir='ltr'><strong>sole</strong></span> <span class='ocrx_word' id='word_1_53' title='bbox 649 1241 1020 1304; x_wconf 70' lang='lat' dir='ltr'><strong>iilnminatum,</strong></span> <span class='ocrx_word' id='word_1_54' title='bbox 1049 1239 1286 1292; x_wconf 90' lang='lat' dir='ltr'><strong>moribus</strong></span> <span class='ocrx_word' id='word_1_55' title='bbox 1307 1238 1546 1306; x_wconf 90' lang='lat' dir='ltr'><strong>apprime</strong></span> <span class='ocrx_word' id='word_1_56' title='bbox 1571 1243 1853 1298; x_wconf 90' lang='lat' dir='ltr'><strong>ornatum;</strong></span> 
     </span>
    </p>
   </div>
   <div class='ocr_carea' id='block_1_12' title="bbox 270 1325 1853 1400">
    <p class='ocr_par' dir='ltr' id='par_1_12' title="bbox 270 1325 1853 1400">
     <span class='ocr_line' id='line_1_12' title="bbox 270 1325 1853 1400; baseline -0.008 -10"><span class='ocrx_word' id='word_1_57' title='bbox 270 1337 346 1390; x_wconf 88' lang='lat' dir='ltr'><strong>ita</strong></span> <span class='ocrx_word' id='word_1_58' title='bbox 388 1343 450 1389; x_wconf 89' lang='lat' dir='ltr'><strong>ut</strong></span> <span class='ocrx_word' id='word_1_59' title='bbox 491 1343 636 1387; x_wconf 92' lang='lat' dir='ltr'><strong>tuam</strong></span> <span class='ocrx_word' id='word_1_60' title='bbox 665 1331 876 1386; x_wconf 88' lang='lat' dir='ltr'><strong>laudem</strong></span> <span class='ocrx_word' id='word_1_61' title='bbox 907 1339 1018 1384; x_wconf 89' lang='lat' dir='ltr'><strong>tota</strong></span> <span class='ocrx_word' id='word_1_62' title='bbox 1049 1344 1185 1400; x_wconf 85' lang='lat' dir='ltr'><strong>pene</strong></span> <span class='ocrx_word' id='word_1_63' title='bbox 1212 1329 1460 1383; x_wconf 87' lang='lat' dir='ltr'><strong>decantet</strong></span> <span class='ocrx_word' id='word_1_64' title='bbox 1489 1327 1633 1396; x_wconf 88' lang='lat' dir='ltr'><strong>regio</strong></span> <span class='ocrx_word' id='word_1_65' title='bbox 1663 1325 1853 1397; x_wconf 85' lang='lat' dir='ltr'><strong>[Codd.</strong></span> 
     </span>
    </p>
   </div>
   <div class='ocr_carea' id='block_1_13' title="bbox 271 1417 1858 1493">
    <p class='ocr_par' dir='ltr' id='par_1_13' title="bbox 271 1417 1858 1493">
     <span class='ocr_line' id='line_1_13' title="bbox 271 1417 1858 1493; baseline -0.006 -12"><span class='ocrx_word' id='word_1_66' title='bbox 271 1445 370 1481; x_wconf 80' lang='lat' dir='ltr'><strong>ms.</strong></span> <span class='ocrx_word' id='word_1_67' title='bbox 403 1425 624 1490; x_wconf 87' lang='lat' dir='ltr'><strong>Salisb.,</strong></span> <span class='ocrx_word' id='word_1_68' title='bbox 665 1421 989 1493; x_wconf 83' lang='lat' dir='ltr'><strong>Britannia],</strong></span> <span class='ocrx_word' id='word_1_69' title='bbox 1033 1429 1089 1474; x_wconf 89' lang='lat' dir='ltr'><strong>et</strong></span> <span class='ocrx_word' id='word_1_70' title='bbox 1123 1421 1284 1474; x_wconf 82' lang='lat' dir='ltr'><strong>latior</strong></span> <span class='ocrx_word' id='word_1_71' title='bbox 1319 1427 1404 1474; x_wconf 88' lang='lat' dir='ltr'><strong>est</strong></span> <span class='ocrx_word' id='word_1_72' title='bbox 1442 1417 1584 1473; x_wconf 89' lang='lat' dir='ltr'><strong>fama</strong></span> <span class='ocrx_word' id='word_1_73' title='bbox 1626 1417 1858 1471; x_wconf 83' lang='lat' dir='ltr'><strong>nominis</strong></span> 
     </span>
    </p>
   </div>
   <div class='ocr_carea' id='block_1_14' title="bbox 271 1506 1858 1585">
    <p class='ocr_par' dir='ltr' id='par_1_14' title="bbox 271 1506 1858 1585">
     <span class='ocr_line' id='line_1_14' title="bbox 271 1506 1858 1585; baseline -0.006 -16"><span class='ocrx_word' id='word_1_74' title='bbox 271 1516 347 1569; x_wconf 90' lang='lat' dir='ltr'><strong>tui</strong></span> <span class='ocrx_word' id='word_1_75' title='bbox 376 1529 541 1585; x_wconf 86' lang='lat' dir='ltr'><strong>quam</strong></span> <span class='ocrx_word' id='word_1_76' title='bbox 585 1513 774 1567; x_wconf 81' lang='lat' dir='ltr'><strong>notitia</strong></span> <span class='ocrx_word' id='word_1_77' title='bbox 819 1510 976 1565; x_wconf 81' lang='lat' dir='ltr'><strong>faciei</strong></span> <span class='ocrx_word' id='word_1_78' title='bbox 1021 1519 1144 1564; x_wconf 69' lang='lat' dir='ltr'><strong>tuae.</strong></span> <span class='ocrx_word' id='word_1_79' title='bbox 1191 1508 1358 1577; x_wconf 86' lang='lat' dir='ltr'><strong>Hujus</strong></span> <span class='ocrx_word' id='word_1_80' title='bbox 1383 1523 1483 1577; x_wconf 88' lang='lat' dir='ltr'><strong>ego</strong></span> <span class='ocrx_word' id='word_1_81' title='bbox 1523 1506 1619 1560; x_wconf 90' lang='lat' dir='ltr'><strong>tibi</strong></span> <span class='ocrx_word' id='word_1_82' title='bbox 1647 1506 1858 1560; x_wconf 84' lang='lat' dir='ltr'><strong>decoris</strong></span> 
     </span>
    </p>
   </div>
   <div class='ocr_carea' id='block_1_15' title="bbox 271 1599 1859 1669">
    <p class='ocr_par' dir='ltr' id='par_1_15' title="bbox 271 1599 1859 1669">
     <span class='ocr_line' id='line_1_15' title="bbox 271 1599 1859 1669; baseline -0.005 -9"><span class='ocrx_word' id='word_1_83' title='bbox 271 1605 520 1667; x_wconf 86' lang='lat' dir='ltr'><strong>devotus,</strong></span> <span class='ocrx_word' id='word_1_84' title='bbox 559 1602 830 1658; x_wconf 87' lang='lat' dir='ltr'><strong>Christum</strong></span> <span class='ocrx_word' id='word_1_85' title='bbox 867 1602 1128 1665; x_wconf 87' lang='lat' dir='ltr'><strong>obtestor,</strong></span> <span class='ocrx_word' id='word_1_86' title='bbox 1171 1601 1383 1669; x_wconf 88' lang='lat' dir='ltr'><strong>adjutor</strong></span> <span class='ocrx_word' id='word_1_87' title='bbox 1422 1599 1625 1662; x_wconf 78' lang='lat' dir='ltr'><strong>exstiti,</strong></span> <span class='ocrx_word' id='word_1_88' title='bbox 1665 1606 1721 1652; x_wconf 91' lang='lat' dir='ltr'><strong>et</strong></span> <span class='ocrx_word' id='word_1_89' title='bbox 1759 1613 1859 1668; x_wconf 90' lang='lat' dir='ltr'><strong>pro</strong></span> 
     </span>
    </p>
   </div>
   <div class='ocr_carea' id='block_1_16' title="bbox 273 1689 1850 1762">
    <p class='ocr_par' dir='ltr' id='par_1_16' title="bbox 273 1689 1850 1762">
     <span class='ocr_line' id='line_1_16' title="bbox 273 1689 1850 1762; baseline -0.003 -16"><span class='ocrx_word' id='word_1_90' title='bbox 273 1694 467 1748; x_wconf 90' lang='lat' dir='ltr'><strong>virium</strong></span> <span class='ocrx_word' id='word_1_91' title='bbox 497 1707 739 1746; x_wconf 87' lang='lat' dir='ltr'><strong>mearum</strong></span> <span class='ocrx_word' id='word_1_92' title='bbox 782 1692 1024 1762; x_wconf 89' lang='lat' dir='ltr'><strong>portione</strong></span> <span class='ocrx_word' id='word_1_93' title='bbox 1053 1701 1127 1754; x_wconf 90' lang='lat' dir='ltr'><strong>te,</strong></span> <span class='ocrx_word' id='word_1_94' title='bbox 1157 1691 1202 1745; x_wconf 90' lang='lat' dir='ltr'><strong>si</strong></span> <span class='ocrx_word' id='word_1_95' title='bbox 1247 1704 1351 1744; x_wconf 91' lang='lat' dir='ltr'><strong>non</strong></span> <span class='ocrx_word' id='word_1_96' title='bbox 1394 1689 1637 1753; x_wconf 86' lang='lat' dir='ltr'><strong>idoneus,</strong></span> <span class='ocrx_word' id='word_1_97' title='bbox 1670 1696 1850 1743; x_wconf 89' lang='lat' dir='ltr'><strong>tamen</strong></span> 
     </span>
    </p>
   </div>
   <div class='ocr_carea' id='block_1_17' title="bbox 1724 324 2098 382">
    <p class='ocr_par' dir='ltr' id='par_1_17' title="bbox 1724 324 2098 382">
     <span class='ocr_line' id='line_1_17' title="bbox 1724 324 2098 382; baseline 0.005 -4"><span class='ocrx_word' id='word_1_98' title='bbox 1724 324 2098 382; x_wconf 67' lang='lat' dir='ltr'><strong>EPISTOLAE.</strong></span> 
     </span>
    </p>
   </div>
   <div class='ocr_carea' id='block_1_18' title="bbox 1876 431 3534 504">
    <p class='ocr_par' dir='ltr' id='par_1_18' title="bbox 1876 431 3534 504">
     <span class='ocr_line' id='line_1_18' title="bbox 1876 431 3534 504; baseline 0.004 -18"><span class='ocrx_word' id='word_1_99' title='bbox 1876 437 1924 496; x_wconf 76' lang='grc' dir='ltr'>Α</span> <span class='ocrx_word' id='word_1_100' title='bbox 1952 433 2071 498; x_wconf 87' lang='lat' dir='ltr'><strong>tibi,</strong></span> <span class='ocrx_word' id='word_1_101' title='bbox 2101 431 2168 487; x_wconf 90' lang='lat' dir='ltr'><strong>de</strong></span> <span class='ocrx_word' id='word_1_102' title='bbox 2208 432 2496 503; x_wconf 81' lang='lat' dir='ltr'><strong>longinqua</strong></span> <span class='ocrx_word' id='word_1_103' title='bbox 2538 433 2755 504; x_wconf 89' lang='lat' dir='ltr'><strong>regione</strong></span> <span class='ocrx_word' id='word_1_104' title='bbox 2792 434 3106 499; x_wconf 88' lang='lat' dir='ltr'><strong>revertenti,</strong></span> <span class='ocrx_word' id='word_1_105' title='bbox 3147 448 3454 502; x_wconf 89' lang='lat' dir='ltr'><strong>occurrere,</strong></span> <span class='ocrx_word' id='word_1_106' title='bbox 3487 437 3534 492; x_wconf 82' lang='lat' dir='ltr'><strong>si</strong></span> 
     </span>
    </p>
   </div>
   <div class='ocr_carea' id='block_1_19' title="bbox 3427 329 3532 386">
    <p class='ocr_par' dir='ltr' id='par_1_19' title="bbox 3427 329 3532 386">
     <span class='ocr_line' id='line_1_19' title="bbox 3427 329 3532 386; baseline 0.019 -2"><span class='ocrx_word' id='word_1_107' title='bbox 3427 329 3532 386; x_wconf 58' lang='lat'><strong>£83</strong></span> 
     </span>
    </p>
   </div>
   <div class='ocr_carea' id='block_1_20' title="bbox 1955 523 3536 596">
    <p class='ocr_par' dir='ltr' id='par_1_20' title="bbox 1955 523 3536 596">
     <span class='ocr_line' id='line_1_20' title="bbox 1955 523 3536 596; baseline 0.004 -21"><span class='ocrx_word' id='word_1_108' title='bbox 1955 530 2012 576; x_wconf 93' lang='lat' dir='ltr'><strong>tu</strong></span> <span class='ocrx_word' id='word_1_109' title='bbox 2043 538 2147 578; x_wconf 92' lang='lat' dir='ltr'><strong>non</strong></span> <span class='ocrx_word' id='word_1_110' title='bbox 2177 524 2476 579; x_wconf 86' lang='lat' dir='ltr'><strong>tardaveris</strong></span> <span class='ocrx_word' id='word_1_111' title='bbox 2509 539 2730 595; x_wconf 83' lang='lat' dir='ltr'><strong>surgere</strong></span> <span class='ocrx_word' id='word_1_112' title='bbox 2770 533 2826 579; x_wconf 91' lang='lat' dir='ltr'><strong>et</strong></span> <span class='ocrx_word' id='word_1_113' title='bbox 2865 523 3046 580; x_wconf 86' lang='lat' dir='ltr'><strong>dicere</strong></span> <span class='ocrx_word' id='word_1_114' title='bbox 3075 544 3088 578; x_wconf 89' lang='lat'>:</span> <span class='ocrx_word' id='word_1_115' title='bbox 3125 525 3301 589; x_wconf 82' lang='lat' dir='ltr'><strong>Pater,</strong></span> <span class='ocrx_word' id='word_1_116' title='bbox 3329 529 3536 596; x_wconf 84' lang='lat' dir='ltr'><strong>peccavi</strong></span> 
     </span>
    </p>
   </div>
   <div class='ocr_carea' id='block_1_21' title="bbox 1953 611 3536 685">
    <p class='ocr_par' dir='ltr' id='par_1_21' title="bbox 1953 611 3536 685">
     <span class='ocr_line' id='line_1_21' title="bbox 1953 611 3536 685; baseline 0.004 -22"><span class='ocrx_word' id='word_1_117' title='bbox 1953 613 2008 664; x_wconf 81' lang='lat' dir='ltr'><strong>in</strong></span> <span class='ocrx_word' id='word_1_118' title='bbox 2051 611 2232 665; x_wconf 69' lang='lat' dir='ltr'><strong>calum</strong></span> <span class='ocrx_word' id='word_1_119' title='bbox 2273 622 2321 666; x_wconf 90' lang='lat' dir='ltr'><strong>et</strong></span> <span class='ocrx_word' id='word_1_120' title='bbox 2351 628 2528 667; x_wconf 89' lang='lat' dir='ltr'><strong>coram</strong></span> <span class='ocrx_word' id='word_1_121' title='bbox 2567 623 2634 674; x_wconf 85' lang='lat' dir='ltr'><strong>te,</strong></span> <span class='ocrx_word' id='word_1_122' title='bbox 2678 613 2794 666; x_wconf 81' lang='lat' dir='ltr'><strong>ideo</strong></span> <span class='ocrx_word' id='word_1_123' title='bbox 2835 630 2936 668; x_wconf 87' lang='lat' dir='ltr'><strong>non</strong></span> <span class='ocrx_word' id='word_1_124' title='bbox 2977 631 3092 668; x_wconf 87' lang='lat' dir='ltr'><strong>sum</strong></span> <span class='ocrx_word' id='word_1_125' title='bbox 3135 615 3324 685; x_wconf 84' lang='lat' dir='ltr'><strong>dignus</strong></span> <span class='ocrx_word' id='word_1_126' title='bbox 3362 619 3536 670; x_wconf 76' lang='lat' dir='ltr'><strong>vocari</strong></span> 
     </span>
    </p>
   </div>
   <div class='ocr_carea' id='block_1_22' title="bbox 1952 698 3534 770">
    <p class='ocr_par' dir='ltr' id='par_1_22' title="bbox 1952 698 3534 770">
     <span class='ocr_line' id='line_1_22' title="bbox 1952 698 3534 770; baseline 0.008 -21"><span class='ocrx_word' id='word_1_127' title='bbox 1952 698 2097 766; x_wconf 81' lang='lat' dir='ltr'><strong>ﬁlius</strong></span> <span class='ocrx_word' id='word_1_128' title='bbox 2125 709 2245 753; x_wconf 86' lang='lat' dir='ltr'><strong>tuus</strong></span> <span class='ocrx_word' id='word_1_129' title='bbox 2272 699 2420 770; x_wconf 87' lang='lat' dir='ltr'><strong>(Luc.</strong></span> <span class='ocrx_word' id='word_1_130' title='bbox 2455 716 2544 761; x_wconf 81' lang='lat' dir='ltr'><strong>xv.</strong></span> <span class='ocrx_word' id='word_1_131' title='bbox 2575 700 2685 757; x_wconf 68' lang='lat' dir='ltr'><strong>2i).</strong></span> <span class='ocrx_word' id='word_1_132' title='bbox 2720 701 2787 754; x_wconf 85' lang='lat' dir='ltr'><strong>Et</strong></span> <span class='ocrx_word' id='word_1_133' title='bbox 2812 716 2917 756; x_wconf 91' lang='lat' dir='ltr'><strong>non</strong></span> <span class='ocrx_word' id='word_1_134' title='bbox 2946 703 3115 756; x_wconf 90' lang='lat' dir='ltr'><strong>solum</strong></span> <span class='ocrx_word' id='word_1_135' title='bbox 3144 703 3364 759; x_wconf 75' lang='lat' dir='ltr'><strong>obviare</strong></span> <span class='ocrx_word' id='word_1_136' title='bbox 3383 744 3399 769; x_wconf 89' lang='lat'><strong>,</strong></span> <span class='ocrx_word' id='word_1_137' title='bbox 3439 705 3534 764; x_wconf 78' lang='lat' dir='ltr'><strong>sed</strong></span> 
     </span>
    </p>
   </div>
   <div class='ocr_carea' id='block_1_23' title="bbox 1953 791 3534 860">
    <p class='ocr_par' dir='ltr' id='par_1_23' title="bbox 1953 791 3534 860">
     <span class='ocr_line' id='line_1_23' title="bbox 1953 791 3534 860; baseline 0.004 -19"><span class='ocrx_word' id='word_1_138' title='bbox 1953 797 2118 841; x_wconf 77' lang='lat' dir='ltr'><strong>etiam</strong></span> <span class='ocrx_word' id='word_1_139' title='bbox 2158 791 2496 857; x_wconf 90' lang='lat' dir='ltr'><strong>amplectari,</strong></span> <span class='ocrx_word' id='word_1_140' title='bbox 2534 791 2789 853; x_wconf 89' lang='lat' dir='ltr'><strong>osculari,</strong></span> <span class='ocrx_word' id='word_1_141' title='bbox 2815 792 3120 860; x_wconf 86' lang='lat' dir='ltr'><strong>optimaque</strong></span> <span class='ocrx_word' id='word_1_142' title='bbox 3151 793 3374 848; x_wconf 85' lang='lat' dir='ltr'><strong>induere</strong></span> <span class='ocrx_word' id='word_1_143' title='bbox 3397 794 3534 848; x_wconf 81' lang='lat' dir='ltr'><strong>stola</strong></span> 
     </span>
    </p>
   </div>
   <div class='ocr_carea' id='block_1_24' title="bbox 1955 875 3538 950">
    <p class='ocr_par' dir='ltr' id='par_1_24' title="bbox 1955 875 3538 950">
     <span class='ocr_line' id='line_1_24' title="bbox 1955 875 3538 950; baseline 0.004 -21"><span class='ocrx_word' id='word_1_144' title='bbox 1955 886 2010 929; x_wconf 88' lang='lat' dir='ltr'><strong>et</strong></span> <span class='ocrx_word' id='word_1_145' title='bbox 2036 875 2234 930; x_wconf 86' lang='lat' dir='ltr'><strong>annulo</strong></span> <span class='ocrx_word' id='word_1_146' title='bbox 2258 892 2456 930; x_wconf 89' lang='lat' dir='ltr'><strong>ornare</strong></span> <span class='ocrx_word' id='word_1_147' title='bbox 2493 885 2548 930; x_wconf 89' lang='lat' dir='ltr'><strong>et</strong></span> <span class='ocrx_word' id='word_1_148' title='bbox 2573 877 2950 932; x_wconf 86' lang='lat' dir='ltr'><strong>calceamentis</strong></span> <span class='ocrx_word' id='word_1_149' title='bbox 2976 879 3208 943; x_wconf 88' lang='lat' dir='ltr'><strong>munire,</strong></span> <span class='ocrx_word' id='word_1_150' title='bbox 3236 881 3454 950; x_wconf 88' lang='lat' dir='ltr'><strong>insuper</strong></span> <span class='ocrx_word' id='word_1_151' title='bbox 3481 890 3538 936; x_wconf 89' lang='lat' dir='ltr'><strong>et</strong></span> 
     </span>
    </p>
   </div>
   <div class='ocr_carea' id='block_1_25' title="bbox 1955 965 3531 1036">
    <p class='ocr_par' dir='ltr' id='par_1_25' title="bbox 1955 965 3531 1036">
     <span class='ocr_line' id='line_1_25' title="bbox 1955 965 3531 1036; baseline 0.004 -17"><span class='ocrx_word' id='word_1_152' title='bbox 1955 965 2223 1021; x_wconf 88' lang='lat' dir='ltr'><strong>deducere</strong></span> <span class='ocrx_word' id='word_1_153' title='bbox 2251 967 2557 1036; x_wconf 84' lang='lat' dir='ltr'><strong>dignabitur</strong></span> <span class='ocrx_word' id='word_1_154' title='bbox 2593 967 2645 1020; x_wconf 93' lang='lat' dir='ltr'><strong>in</strong></span> <span class='ocrx_word' id='word_1_155' title='bbox 2676 967 2892 1021; x_wconf 89' lang='lat' dir='ltr'><strong>domum</strong></span> <span class='ocrx_word' id='word_1_156' title='bbox 2933 969 3249 1023; x_wconf 87' lang='lat' dir='ltr'><strong>deliciarum</strong></span> <span class='ocrx_word' id='word_1_157' title='bbox 3289 987 3531 1035; x_wconf 89' lang='lat' dir='ltr'><strong>suarum,</strong></span> 
     </span>
    </p>
   </div>
   <div class='ocr_carea' id='block_1_26' title="bbox 1955 1055 3537 1126">
    <p class='ocr_par' dir='ltr' id='par_1_26' title="bbox 1955 1055 3537 1126">
     <span class='ocr_line' id='line_1_26' title="bbox 1955 1055 3537 1126; baseline 0.007 -20"><span class='ocrx_word' id='word_1_158' title='bbox 1955 1070 2062 1124; x_wconf 86' lang='lat' dir='ltr'><strong>qua</strong></span> <span class='ocrx_word' id='word_1_159' title='bbox 2101 1055 2355 1125; x_wconf 79' lang='lat' dir='ltr'><strong>angelicis</strong></span> <span class='ocrx_word' id='word_1_160' title='bbox 2394 1057 2707 1126; x_wconf 73' lang='lat' dir='ltr'><strong>conjunctae</strong></span> <span class='ocrx_word' id='word_1_161' title='bbox 2747 1058 2994 1122; x_wconf 67' lang='lat' dir='ltr'><strong>coetibus,</strong></span> <span class='ocrx_word' id='word_1_162' title='bbox 3036 1059 3191 1112; x_wconf 68' lang='lat' dir='ltr'><strong>beata</strong></span> <span class='ocrx_word' id='word_1_163' title='bbox 3237 1063 3537 1117; x_wconf 72' lang='lat' dir='ltr'><strong>teternitate</strong></span> 
     </span>
    </p>
   </div>
   <div class='ocr_carea' id='block_1_27' title="bbox 1956 1147 3537 1221">
    <p class='ocr_par' dir='ltr' id='par_1_27' title="bbox 1956 1147 3537 1221">
     <span class='ocr_line' id='line_1_27' title="bbox 1956 1147 3537 1221; baseline 0.006 -22"><span class='ocrx_word' id='word_1_164' title='bbox 1956 1155 2012 1200; x_wconf 89' lang='lat' dir='ltr'><strong>et</strong></span> <span class='ocrx_word' id='word_1_165' title='bbox 2033 1156 2234 1200; x_wconf 59' lang='lat' dir='ltr'><strong>interna</strong></span> <span class='ocrx_word' id='word_1_166' title='bbox 2257 1147 2585 1202; x_wconf 87' lang='lat' dir='ltr'><strong>beatitudine</strong></span> <span class='ocrx_word' id='word_1_167' title='bbox 2610 1148 2921 1204; x_wconf 78' lang='lat' dir='ltr'><strong>decantabis</strong></span> <span class='ocrx_word' id='word_1_168' title='bbox 2950 1168 2962 1203; x_wconf 90' lang='lat'>:</span> <span class='ocrx_word' id='word_1_169' title='bbox 2993 1150 3160 1214; x_wconf 84' lang='lat' dir='ltr'><strong>Beati,</strong></span> <span class='ocrx_word' id='word_1_170' title='bbox 3187 1154 3276 1221; x_wconf 88' lang='lat' dir='ltr'><strong>qui</strong></span> <span class='ocrx_word' id='word_1_171' title='bbox 3299 1155 3537 1210; x_wconf 81' lang='lat' dir='ltr'><strong>habitant</strong></span> 
     </span>
    </p>
   </div>
   <div class='ocr_carea' id='block_1_28' title="bbox 1955 1234 3538 1301">
    <p class='ocr_par' dir='ltr' id='par_1_28' title="bbox 1955 1234 3538 1301">
     <span class='ocr_line' id='line_1_28' title="bbox 1955 1234 3538 1301; baseline 0.008 -15"><span class='ocrx_word' id='word_1_172' title='bbox 1955 1235 2010 1286; x_wconf 83' lang='lat' dir='ltr'><strong>in</strong></span> <span class='ocrx_word' id='word_1_173' title='bbox 2037 1234 2191 1288; x_wconf 86' lang='lat' dir='ltr'><strong>domo</strong></span> <span class='ocrx_word' id='word_1_174' title='bbox 2221 1235 2581 1301; x_wconf 82' lang='lat' dir='ltr'><strong>tua,Domine,</strong></span> <span class='ocrx_word' id='word_1_175' title='bbox 2609 1238 2663 1290; x_wconf 85' lang='lat' dir='ltr'><strong>in</strong></span> <span class='ocrx_word' id='word_1_176' title='bbox 2689 1238 2938 1292; x_wconf 79' lang='lat' dir='ltr'><strong>steculum</strong></span> <span class='ocrx_word' id='word_1_177' title='bbox 2971 1242 3150 1293; x_wconf 66' lang='lat' dir='ltr'><strong>sa’cufi</strong></span> <span class='ocrx_word' id='word_1_178' title='bbox 3176 1240 3464 1298; x_wconf 83' lang='lat' dir='ltr'><strong>laudabunt</strong></span> <span class='ocrx_word' id='word_1_179' title='bbox 3489 1255 3538 1299; x_wconf 82' lang='lat' dir='ltr'><strong>te</strong></span> 
     </span>
    </p>
   </div>
   <div class='ocr_carea' id='block_1_29' title="bbox 1959 1321 2494 1393">
    <p class='ocr_par' dir='ltr' id='par_1_29' title="bbox 1959 1321 2494 1393">
     <span class='ocr_line' id='line_1_29' title="bbox 1959 1321 2494 1393; baseline -0.007 -13"><span class='ocrx_word' id='word_1_180' title='bbox 1959 1321 2131 1391; x_wconf 76' lang='lat' dir='ltr'><strong>(Psal.</strong></span> <span class='ocrx_word' id='word_1_181' title='bbox 2162 1339 2390 1389; x_wconf 76' lang='lat' dir='ltr'><strong>Lxxmt,</strong></span> <span class='ocrx_word' id='word_1_182' title='bbox 2419 1323 2494 1393; x_wconf 82' lang='lat'><strong>5).</strong></span> 
     </span>
    </p>
   </div>
   <div class='ocr_carea' id='block_1_30' title="bbox 2432 1433 3062 1492">
    <p class='ocr_par' dir='ltr' id='par_1_30' title="bbox 2432 1433 3062 1492">
     <span class='ocr_line' id='line_1_30' title="bbox 2432 1433 3062 1492; baseline 0.008 -6"><span class='ocrx_word' id='word_1_183' title='bbox 2432 1445 2454 1472; x_wconf 76' lang='grc' dir='ltr'><strong>ο</strong></span> <span class='ocrx_word' id='word_1_184' title='bbox 2499 1433 2831 1492; x_wconf 78' lang='lat' dir='ltr'><strong>EPlSTOLA</strong></span> <span class='ocrx_word' id='word_1_185' title='bbox 2870 1435 3062 1492; x_wconf 70' lang='lat' dir='ltr'><strong>CCVII.</strong></span> 
     </span>
    </p>
   </div>
   <div class='ocr_carea' id='block_1_31' title="bbox 2359 1540 3137 1584">
    <p class='ocr_par' dir='ltr' id='par_1_31' title="bbox 2359 1540 3137 1584">
     <span class='ocr_line' id='line_1_31' title="bbox 2359 1540 3137 1584; baseline 0.006 -7"><span class='ocrx_word' id='word_1_186' title='bbox 2359 1540 2437 1577; x_wconf 77' lang='lat' dir='ltr'><strong>AD</strong></span> <span class='ocrx_word' id='word_1_187' title='bbox 2488 1541 2726 1579; x_wconf 66' lang='grc' dir='ltr'>γιιιυιι</span> <span class='ocrx_word' id='word_1_188' title='bbox 2778 1543 3137 1584; x_wconf 68' lang='grc' dir='ltr'>ιιιιουισιηι.</span> 
     </span>
    </p>
   </div>
   <div class='ocr_carea' id='block_1_32' title="bbox 1962 1611 3539 1693">
    <p class='ocr_par' dir='ltr' id='par_1_32' title="bbox 1962 1611 3539 1693">
     <span class='ocr_line' id='line_1_32' title="bbox 1962 1611 3539 1693; baseline 0.006 -27"><span class='ocrx_word' id='word_1_189' title='bbox 1962 1611 2304 1693; x_wconf 67' lang='grc' dir='ltr'><strong>ΒερνεΙιεηάῖι</strong></span> <span class='ocrx_word' id='word_1_190' title='bbox 2332 1614 2572 1684; x_wconf 78' lang='lat' dir='ltr'><strong>discipuli</strong></span> <span class='ocrx_word' id='word_1_191' title='bbox 2606 1633 2888 1693; x_wconf 52' lang='lat' dir='ltr'><strong>perversos</strong></span> <span class='ocrx_word' id='word_1_192' title='bbox 2907 1635 3094 1693; x_wconf 71' lang='lat' dir='ltr'><strong>mores,</strong></span> <span class='ocrx_word' id='word_1_193' title='bbox 3121 1628 3168 1693; x_wconf 76' lang='lat' dir='ltr'><strong>et</strong></span> <span class='ocrx_word' id='word_1_194' title='bbox 3201 1621 3268 1673; x_wconf 88' lang='lat' dir='ltr'><strong>ad</strong></span> <span class='ocrx_word' id='word_1_195' title='bbox 3293 1623 3539 1675; x_wconf 80' lang='lat' dir='ltr'><strong>emenda-</strong></span> 
     </span>
    </p>
   </div>
   <div class='ocr_carea' id='block_1_33' title="bbox 1964 1686 3543 1763">
    <p class='ocr_par' dir='ltr' id='par_1_33' title="bbox 1964 1686 3543 1763">
     <span class='ocr_line' id='line_1_33' title="bbox 1964 1686 3543 1763; baseline 0.01 -34"><span class='ocrx_word' id='word_1_196' title='bbox 1964 1727 1966 1729; x_wconf 85' lang='lat'><strong>.</strong></span> <span class='ocrx_word' id='word_1_197' title='bbox 2033 1686 2225 1763; x_wconf 70' lang='lat' dir='ltr'><strong>tionem</strong></span> <span class='ocrx_word' id='word_1_198' title='bbox 2255 1686 2370 1763; x_wconf 63' lang='lat' dir='ltr'><strong>eius</strong></span> <span class='ocrx_word' id='word_1_199' title='bbox 2412 1695 2653 1763; x_wconf 63' lang='lat' dir='ltr'><strong>provocat</strong></span> <span class='ocrx_word' id='word_1_200' title='bbox 2691 1686 2920 1763; x_wconf 71' lang='lat' dir='ltr'><strong>exemplo</strong></span> <span class='ocrx_word' id='word_1_201' title='bbox 2950 1689 3223 1758; x_wconf 75' lang='lat' dir='ltr'><strong>cujusdam</strong></span> <span class='ocrx_word' id='word_1_202' title='bbox 3262 1708 3398 1748; x_wconf 83' lang='lat' dir='ltr'><strong>nunc</strong></span> <span class='ocrx_word' id='word_1_203' title='bbox 3433 1693 3543 1763; x_wconf 80' lang='lat' dir='ltr'><strong>epi-</strong></span> 
     </span>
    </p>
   </div>
   <div class='ocr_carea' id='block_1_34' title="bbox 275 1752 1868 1852">
    <p class='ocr_par' dir='ltr' id='par_1_34' title="bbox 275 1752 1863 1852">
     <span class='ocr_line' id='line_1_34' title="bbox 275 1752 1863 1852; baseline -0.003 -16"><span class='ocrx_word' id='word_1_204' title='bbox 275 1783 637 1847; x_wconf 86' lang='lat' dir='ltr'><strong>voluntarius,</strong></span> <span class='ocrx_word' id='word_1_205' title='bbox 679 1752 817 1837; x_wconf 72' lang='lat' dir='ltr'><strong>sicut</strong></span> <span class='ocrx_word' id='word_1_206' title='bbox 856 1783 1026 1852; x_wconf 75' lang='lat' dir='ltr'><strong>potui,</strong></span> <span class='ocrx_word' id='word_1_207' title='bbox 1053 1752 1121 1836; x_wconf 81' lang='lat' dir='ltr'><strong>ct</strong></span> <span class='ocrx_word' id='word_1_208' title='bbox 1146 1781 1322 1836; x_wconf 88' lang='lat' dir='ltr'><strong>adhuc</strong></span> <span class='ocrx_word' id='word_1_209' title='bbox 1350 1781 1626 1834; x_wconf 87' lang='lat' dir='ltr'><strong>absentem</strong></span> <span class='ocrx_word' id='word_1_210' title='bbox 1669 1777 1863 1832; x_wconf 90' lang='lat' dir='ltr'><strong>obnixe</strong></span> 
     </span>
    </p>
   </div>
   <div class='ocr_carea' id='block_1_35' title="bbox 1967 1752 2838 1852">
    <p class='ocr_par' dir='ltr' id='par_1_35' title="bbox 2032 1752 2838 1826">
     <span class='ocr_line' id='line_1_35' title="bbox 2032 1752 2838 1826; baseline 0.005 -22"><span class='ocrx_word' id='word_1_211' title='bbox 2032 1753 2191 1822; x_wconf 83' lang='lat' dir='ltr'><strong>scopi,</strong></span> <span class='ocrx_word' id='word_1_212' title='bbox 2219 1752 2342 1805; x_wconf 86' lang='lat' dir='ltr'><strong>olim</strong></span> <span class='ocrx_word' id='word_1_213' title='bbox 2369 1752 2450 1806; x_wconf 80' lang='lat' dir='ltr'><strong>sui</strong></span> <span class='ocrx_word' id='word_1_214' title='bbox 2479 1752 2838 1826; x_wconf 81' lang='lat' dir='ltr'><strong>condiscipuli.</strong></span> 
     </span>
    </p>
   </div>
   <div class='ocr_carea' id='block_1_36' title="bbox 273 1869 1858 1940">
    <p class='ocr_par' dir='ltr' id='par_1_36' title="bbox 273 1869 1858 1940">
     <span class='ocr_line' id='line_1_36' title="bbox 273 1869 1858 1940; baseline -0.001 -19"><span class='ocrx_word' id='word_1_215' title='bbox 273 1870 610 1925; x_wconf 81' lang='lat' dir='ltr'><strong>nrationibus</strong></span> <span class='ocrx_word' id='word_1_216' title='bbox 652 1885 969 1940; x_wconf 89' lang='lat' dir='ltr'><strong>prosequar,</strong></span> <span class='ocrx_word' id='word_1_217' title='bbox 1019 1885 1177 1938; x_wconf 91' lang='lat' dir='ltr'><strong>quem</strong></span> <span class='ocrx_word' id='word_1_218' title='bbox 1223 1869 1492 1937; x_wconf 87' lang='lat' dir='ltr'><strong>quondam</strong></span> <span class='ocrx_word' id='word_1_219' title='bbox 1541 1874 1858 1937; x_wconf 69' lang='lat' dir='ltr'><strong>praesentem</strong></span> 
     </span>
    </p>
   </div>
   <div class='ocr_carea' id='block_1_37' title="bbox 275 1959 1862 2032">
    <p class='ocr_par' dir='ltr' id='par_1_37' title="bbox 275 1959 1862 2032">
     <span class='ocr_line' id='line_1_37' title="bbox 275 1959 1862 2032; baseline -0.005 -14"><span class='ocrx_word' id='word_1_220' title='bbox 275 1963 446 2018; x_wconf 83' lang='lat' dir='ltr'><strong>sacris</strong></span> <span class='ocrx_word' id='word_1_221' title='bbox 467 1961 762 2030; x_wconf 87' lang='lat' dir='ltr'><strong>disciplinis</strong></span> <span class='ocrx_word' id='word_1_222' title='bbox 788 1961 1025 2030; x_wconf 79' lang='lat' dir='ltr'><strong>provexi.</strong></span> <span class='ocrx_word' id='word_1_223' title='bbox 1059 1959 1166 2015; x_wconf 88' lang='lat' dir='ltr'><strong>Sed</strong></span> <span class='ocrx_word' id='word_1_224' title='bbox 1200 1975 1298 2032; x_wconf 89' lang='lat' dir='ltr'><strong>per</strong></span> <span class='ocrx_word' id='word_1_225' title='bbox 1326 1959 1440 2028; x_wconf 87' lang='lat' dir='ltr'><strong>ejus</strong></span> <span class='ocrx_word' id='word_1_226' title='bbox 1467 1969 1518 2014; x_wconf 90' lang='lat' dir='ltr'><strong>te</strong></span> <span class='ocrx_word' id='word_1_227' title='bbox 1557 1959 1862 2014; x_wconf 90' lang='lat' dir='ltr'><strong>misericor-</strong></span> 
     </span>
    </p>
   </div>
   <div class='ocr_carea' id='block_1_38' title="bbox 275 2048 1863 2122">
    <p class='ocr_par' dir='ltr' id='par_1_38' title="bbox 275 2048 1863 2122">
     <span class='ocr_line' id='line_1_38' title="bbox 275 2048 1863 2122; baseline -0.006 -13"><span class='ocrx_word' id='word_1_228' title='bbox 275 2056 418 2110; x_wconf 83' lang='lat' dir='ltr'><strong>diam</strong></span> <span class='ocrx_word' id='word_1_229' title='bbox 445 2054 705 2108; x_wconf 87' lang='lat' dir='ltr'><strong>intentius</strong></span> <span class='ocrx_word' id='word_1_230' title='bbox 729 2053 992 2122; x_wconf 85' lang='lat' dir='ltr'><strong>deprecor</strong></span> <span class='ocrx_word' id='word_1_231' title='bbox 1012 2053 1102 2122; x_wconf 89' lang='lat' dir='ltr'><strong>qui</strong></span> <span class='ocrx_word' id='word_1_232' title='bbox 1130 2067 1226 2105; x_wconf 92' lang='lat' dir='ltr'><strong>nos</strong></span> <span class='ocrx_word' id='word_1_233' title='bbox 1251 2051 1509 2113; x_wconf 84' lang='lat' dir='ltr'><strong>redemit,</strong></span> <span class='ocrx_word' id='word_1_234' title='bbox 1542 2048 1863 2102; x_wconf 78' lang='lat' dir='ltr'><strong>illuminavit</strong></span> 
     </span>
    </p>
   </div>
   <div class='ocr_carea' id='block_1_39' title="bbox 276 2138 1860 2214">
    <p class='ocr_par' dir='ltr' id='par_1_39' title="bbox 276 2138 1860 2214">
     <span class='ocr_line' id='line_1_39' title="bbox 276 2138 1860 2214; baseline -0.007 -12"><span class='ocrx_word' id='word_1_235' title='bbox 276 2155 332 2202; x_wconf 85' lang='lat' dir='ltr'><strong>et</strong></span> <span class='ocrx_word' id='word_1_236' title='bbox 365 2145 647 2209; x_wconf 87' lang='lat' dir='ltr'><strong>exaltavit,</strong></span> <span class='ocrx_word' id='word_1_237' title='bbox 683 2152 739 2198; x_wconf 90' lang='lat' dir='ltr'><strong>et</strong></span> <span class='ocrx_word' id='word_1_238' title='bbox 778 2159 888 2198; x_wconf 67' lang='lat' dir='ltr'><strong>sua:</strong></span> <span class='ocrx_word' id='word_1_239' title='bbox 930 2143 1217 2214; x_wconf 78' lang='lat' dir='ltr'><strong>agnitionis</strong></span> <span class='ocrx_word' id='word_1_240' title='bbox 1255 2142 1543 2211; x_wconf 88' lang='lat' dir='ltr'><strong>participes</strong></span> <span class='ocrx_word' id='word_1_241' title='bbox 1579 2138 1756 2193; x_wconf 71' lang='lat' dir='ltr'><strong>effecit</strong></span> <span class='ocrx_word' id='word_1_242' title='bbox 1792 2152 1860 2192; x_wconf 90' lang='lat' dir='ltr'><strong>ne</strong></span> 
     </span>
    </p>
   </div>
   <div class='ocr_carea' id='block_1_40' title="bbox 279 2229 1859 2305">
    <p class='ocr_par' dir='ltr' id='par_1_40' title="bbox 279 2229 1859 2305">
     <span class='ocr_line' id='line_1_40' title="bbox 279 2229 1859 2305; baseline -0.009 -11"><span class='ocrx_word' id='word_1_243' title='bbox 279 2238 528 2294; x_wconf 86' lang='lat' dir='ltr'><strong>charitati</strong></span> <span class='ocrx_word' id='word_1_244' title='bbox 572 2251 736 2300; x_wconf 68' lang='lat' dir='ltr'><strong>mem,</strong></span> <span class='ocrx_word' id='word_1_245' title='bbox 777 2250 896 2305; x_wconf 69' lang='lat' dir='ltr'><strong>quae</strong></span> <span class='ocrx_word' id='word_1_246' title='bbox 940 2249 1023 2288; x_wconf 89' lang='lat' dir='ltr'><strong>me</strong></span> <span class='ocrx_word' id='word_1_247' title='bbox 1052 2248 1157 2287; x_wconf 92' lang='lat' dir='ltr'><strong>non</strong></span> <span class='ocrx_word' id='word_1_248' title='bbox 1196 2233 1324 2287; x_wconf 89' lang='lat' dir='ltr'><strong>sinit</strong></span> <span class='ocrx_word' id='word_1_249' title='bbox 1349 2240 1551 2294; x_wconf 88' lang='lat' dir='ltr'><strong>tacere,</strong></span> <span class='ocrx_word' id='word_1_250' title='bbox 1582 2229 1859 2291; x_wconf 89' lang='lat' dir='ltr'><strong>irascaris,</strong></span> 
     </span>
    </p>
   </div>
   <div class='ocr_carea' id='block_1_41' title="bbox 278 2321 1863 2398">
    <p class='ocr_par' dir='ltr' id='par_1_41' title="bbox 278 2321 1863 2398">
     <span class='ocr_line' id='line_1_41' title="bbox 278 2321 1863 2398; baseline -0.008 -14"><span class='ocrx_word' id='word_1_251' title='bbox 278 2330 323 2385; x_wconf 81' lang='lat' dir='ltr'><strong>si</strong></span> <span class='ocrx_word' id='word_1_252' title='bbox 348 2327 552 2398; x_wconf 90' lang='lat' dir='ltr'><strong>aliquid</strong></span> <span class='ocrx_word' id='word_1_253' title='bbox 575 2326 761 2380; x_wconf 91' lang='lat' dir='ltr'><strong>durius</strong></span> <span class='ocrx_word' id='word_1_254' title='bbox 782 2333 955 2378; x_wconf 90' lang='lat' dir='ltr'><strong>tecum</strong></span> <span class='ocrx_word' id='word_1_255' title='bbox 980 2323 1187 2392; x_wconf 87' lang='lat' dir='ltr'><strong>loquar.</strong></span> <span class='ocrx_word' id='word_1_256' title='bbox 1222 2322 1386 2392; x_wconf 90' lang='lat' dir='ltr'><strong>Urget</strong></span> <span class='ocrx_word' id='word_1_257' title='bbox 1405 2321 1545 2375; x_wconf 90' lang='lat' dir='ltr'><strong>enim</strong></span> <span class='ocrx_word' id='word_1_258' title='bbox 1570 2335 1656 2373; x_wconf 88' lang='lat' dir='ltr'><strong>me</strong></span> <span class='ocrx_word' id='word_1_259' title='bbox 1683 2327 1863 2388; x_wconf 83' lang='lat' dir='ltr'><strong>pater-</strong></span> 
     </span>
    </p>
   </div>
   <div class='ocr_carea' id='block_1_42' title="bbox 280 2417 1862 2488">
    <p class='ocr_par' dir='ltr' id='par_1_42' title="bbox 280 2417 1862 2488">
     <span class='ocr_line' id='line_1_42' title="bbox 280 2417 1862 2488; baseline -0.007 -10"><span class='ocrx_word' id='word_1_260' title='bbox 280 2424 462 2478; x_wconf 85' lang='lat' dir='ltr'><strong>nitatis</strong></span> <span class='ocrx_word' id='word_1_261' title='bbox 483 2419 708 2476; x_wconf 66' lang='lat' dir='ltr'><strong>allectus</strong></span> <span class='ocrx_word' id='word_1_262' title='bbox 733 2418 857 2482; x_wconf 87' lang='lat' dir='ltr'><strong>fari,</strong></span> <span class='ocrx_word' id='word_1_263' title='bbox 883 2418 1025 2488; x_wconf 88' lang='lat' dir='ltr'><strong>quod</strong></span> <span class='ocrx_word' id='word_1_264' title='bbox 1051 2417 1340 2486; x_wconf 89' lang='lat' dir='ltr'><strong>pennigero</strong></span> <span class='ocrx_word' id='word_1_265' title='bbox 1361 2429 1578 2469; x_wconf 89' lang='lat' dir='ltr'><strong>rumore</strong></span> <span class='ocrx_word' id='word_1_266' title='bbox 1603 2420 1862 2467; x_wconf 85' lang='lat' dir='ltr'><strong>narrante</strong></span> 
     </span>
    </p>
   </div>
   <div class='ocr_carea' id='block_1_43' title="bbox 281 2504 1864 2582">
    <p class='ocr_par' dir='ltr' id='par_1_43' title="bbox 281 2504 1864 2582">
     <span class='ocr_line' id='line_1_43' title="bbox 281 2504 1864 2582; baseline -0.008 -14"><span class='ocrx_word' id='word_1_267' title='bbox 281 2514 464 2577; x_wconf 79' lang='lat' dir='ltr'><strong>didici,</strong></span> <span class='ocrx_word' id='word_1_268' title='bbox 505 2512 632 2582; x_wconf 88' lang='lat' dir='ltr'><strong>quia</strong></span> <span class='ocrx_word' id='word_1_269' title='bbox 674 2509 920 2579; x_wconf 77' lang='lat' dir='ltr'><strong>qutedam</strong></span> <span class='ocrx_word' id='word_1_270' title='bbox 961 2508 1075 2578; x_wconf 89' lang='lat' dir='ltr'><strong>agis</strong></span> <span class='ocrx_word' id='word_1_271' title='bbox 1104 2522 1223 2576; x_wconf 77' lang='lat' dir='ltr'><strong>qua:</strong></span> <span class='ocrx_word' id='word_1_272' title='bbox 1262 2520 1362 2559; x_wconf 91' lang='lat' dir='ltr'><strong>nec</strong></span> <span class='ocrx_word' id='word_1_273' title='bbox 1398 2513 1502 2558; x_wconf 74' lang='lat' dir='ltr'><strong>tuae</strong></span> <span class='ocrx_word' id='word_1_274' title='bbox 1539 2504 1864 2558; x_wconf 89' lang='lat' dir='ltr'><strong>conveniunt</strong></span> 
     </span>
    </p>
   </div>
   <div class='ocr_carea' id='block_1_44' title="bbox 281 2594 1864 2673">
    <p class='ocr_par' dir='ltr' id='par_1_44' title="bbox 281 2594 1864 2673">
     <span class='ocr_line' id='line_1_44' title="bbox 281 2594 1864 2673; baseline -0.011 -11"><span class='ocrx_word' id='word_1_275' title='bbox 281 2604 443 2673; x_wconf 75' lang='lat'><strong>218</strong></span> <span class='ocrx_word' id='word_1_276' title='bbox 466 2602 736 2673; x_wconf 78' lang='lat' dir='ltr'><strong>dignitati,</strong></span> <span class='ocrx_word' id='word_1_277' title='bbox 765 2615 862 2654; x_wconf 83' lang='lat' dir='ltr'><strong>nec</strong></span> <span class='ocrx_word' id='word_1_278' title='bbox 888 2614 1020 2654; x_wconf 77' lang='lat' dir='ltr'><strong>mea:</strong></span> <span class='ocrx_word' id='word_1_279' title='bbox 1045 2598 1256 2668; x_wconf 89' lang='lat' dir='ltr'><strong>placent</strong></span> <span class='ocrx_word' id='word_1_280' title='bbox 1279 2594 1548 2649; x_wconf 87' lang='lat' dir='ltr'><strong>dilectioni</strong></span> <span class='ocrx_word' id='word_1_281' title='bbox 1574 2612 1588 2647; x_wconf 84' lang='lat'><strong>:</strong></span> <span class='ocrx_word' id='word_1_282' title='bbox 1615 2594 1742 2663; x_wconf 89' lang='lat' dir='ltr'><strong>quia</strong></span> <span class='ocrx_word' id='word_1_283' title='bbox 1768 2608 1864 2646; x_wconf 89' lang='lat' dir='ltr'><strong>no-</strong></span> 
     </span>
    </p>
   </div>
   <div class='ocr_carea' id='block_1_45' title="bbox 274 2684 1862 2753">
    <p class='ocr_par' dir='ltr' id='par_1_45' title="bbox 274 2684 1862 2753">
     <span class='ocr_line' id='line_1_45' title="bbox 274 2684 1862 2753; baseline -0.007 -6"><span class='ocrx_word' id='word_1_284' title='bbox 274 2692 371 2752; x_wconf 83' lang='lat' dir='ltr'><strong>lim</strong></span> <span class='ocrx_word' id='word_1_285' title='bbox 412 2693 614 2750; x_wconf 86' lang='lat' dir='ltr'><strong>famam</strong></span> <span class='ocrx_word' id='word_1_286' title='bbox 656 2690 920 2745; x_wconf 86' lang='lat' dir='ltr'><strong>claritatis</strong></span> <span class='ocrx_word' id='word_1_287' title='bbox 951 2697 1054 2742; x_wconf 71' lang='lat' dir='ltr'><strong>tute</strong></span> <span class='ocrx_word' id='word_1_288' title='bbox 1083 2686 1306 2742; x_wconf 84' lang='lat' dir='ltr'><strong>maculis</strong></span> <span class='ocrx_word' id='word_1_289' title='bbox 1337 2684 1536 2739; x_wconf 86' lang='lat' dir='ltr'><strong>fuscari</strong></span> <span class='ocrx_word' id='word_1_290' title='bbox 1577 2684 1764 2753; x_wconf 87' lang='lat' dir='ltr'><strong>nigris,</strong></span> <span class='ocrx_word' id='word_1_291' title='bbox 1793 2697 1862 2736; x_wconf 90' lang='lat' dir='ltr'><strong>ne</strong></span> 
     </span>
    </p>
   </div>
   <div class='ocr_carea' id='block_1_46' title="bbox 279 2772 1861 2848">
    <p class='ocr_par' dir='ltr' id='par_1_46' title="bbox 279 2772 1861 2848">
     <span class='ocr_line' id='line_1_46' title="bbox 279 2772 1861 2848; baseline -0.008 -12"><span class='ocrx_word' id='word_1_292' title='bbox 279 2782 416 2836; x_wconf 82' lang='lat' dir='ltr'><strong>alius</strong></span> <span class='ocrx_word' id='word_1_293' title='bbox 441 2781 537 2836; x_wconf 89' lang='lat' dir='ltr'><strong>tibi</strong></span> <span class='ocrx_word' id='word_1_294' title='bbox 564 2781 801 2836; x_wconf 89' lang='lat' dir='ltr'><strong>debitum</strong></span> <span class='ocrx_word' id='word_1_295' title='bbox 829 2778 1090 2848; x_wconf 88' lang='lat' dir='ltr'><strong>subripiat</strong></span> <span class='ocrx_word' id='word_1_296' title='bbox 1130 2776 1328 2838; x_wconf 82' lang='lat' dir='ltr'><strong>locum,</strong></span> <span class='ocrx_word' id='word_1_297' title='bbox 1357 2782 1416 2828; x_wconf 93' lang='lat' dir='ltr'><strong>ut</strong></span> <span class='ocrx_word' id='word_1_298' title='bbox 1457 2773 1528 2828; x_wconf 90' lang='lat' dir='ltr'><strong>sit</strong></span> <span class='ocrx_word' id='word_1_299' title='bbox 1555 2772 1861 2826; x_wconf 76' lang='lat' dir='ltr'><strong>novissimus</strong></span> 
     </span>
    </p>
   </div>
   <div class='ocr_carea' id='block_1_47' title="bbox 281 2862 1862 2940">
    <p class='ocr_par' dir='ltr' id='par_1_47' title="bbox 281 2862 1862 2940">
     <span class='ocr_line' id='line_1_47' title="bbox 281 2862 1862 2940; baseline -0.006 -16"><span class='ocrx_word' id='word_1_300' title='bbox 281 2873 476 2940; x_wconf 76' lang='lat' dir='ltr'><strong>primus</strong></span> <span class='ocrx_word' id='word_1_301' title='bbox 503 2880 553 2924; x_wconf 84' lang='lat' dir='ltr'><strong>et</strong></span> <span class='ocrx_word' id='word_1_302' title='bbox 593 2871 792 2940; x_wconf 80' lang='lat' dir='ltr'><strong>primus</strong></span> <span class='ocrx_word' id='word_1_303' title='bbox 837 2869 1142 2924; x_wconf 79' lang='lat' dir='ltr'><strong>novissimus</strong></span> <span class='ocrx_word' id='word_1_304' title='bbox 1185 2864 1396 2936; x_wconf 81' lang='lat' dir='ltr'><strong>(Matth.</strong></span> <span class='ocrx_word' id='word_1_305' title='bbox 1425 2880 1538 2928; x_wconf 81' lang='lat' dir='ltr'><strong>xu,</strong></span> <span class='ocrx_word' id='word_1_306' title='bbox 1567 2862 1678 2934; x_wconf 76' lang='lat'><strong>50).</strong></span> <span class='ocrx_word' id='word_1_307' title='bbox 1724 2862 1862 2928; x_wconf 61' lang='lat' dir='ltr'><strong>Quid</strong></span> 
     </span>
    </p>
   </div>
   <div class='ocr_carea' id='block_1_48' title="bbox 283 2953 1864 3029">
    <p class='ocr_par' dir='ltr' id='par_1_48' title="bbox 283 2953 1864 3029">
     <span class='ocr_line' id='line_1_48' title="bbox 283 2953 1864 3029; baseline -0.005 -15"><span class='ocrx_word' id='word_1_308' title='bbox 283 2969 386 3024; x_wconf 88' lang='lat' dir='ltr'><strong>est,</strong></span> <span class='ocrx_word' id='word_1_309' title='bbox 425 2959 522 3024; x_wconf 89' lang='lat' dir='ltr'><strong>ﬁli,</strong></span> <span class='ocrx_word' id='word_1_310' title='bbox 561 2959 703 3029; x_wconf 89' lang='lat' dir='ltr'><strong>quod</strong></span> <span class='ocrx_word' id='word_1_311' title='bbox 743 2959 809 3012; x_wconf 91' lang='lat' dir='ltr'><strong>de</strong></span> <span class='ocrx_word' id='word_1_312' title='bbox 849 2967 900 3014; x_wconf 87' lang='lat' dir='ltr'><strong>te</strong></span> <span class='ocrx_word' id='word_1_313' title='bbox 941 2958 1124 3022; x_wconf 88' lang='lat' dir='ltr'><strong>audio,</strong></span> <span class='ocrx_word' id='word_1_314' title='bbox 1155 2972 1258 3012; x_wconf 91' lang='lat' dir='ltr'><strong>non</strong></span> <span class='ocrx_word' id='word_1_315' title='bbox 1292 2971 1398 3010; x_wconf 93' lang='lat' dir='ltr'><strong>uno</strong></span> <span class='ocrx_word' id='word_1_316' title='bbox 1423 2954 1660 3023; x_wconf 88' lang='lat' dir='ltr'><strong>quolibet</strong></span> <span class='ocrx_word' id='word_1_317' title='bbox 1688 2953 1740 3008; x_wconf 90' lang='lat' dir='ltr'><strong>in</strong></span> <span class='ocrx_word' id='word_1_318' title='bbox 1768 2968 1864 3006; x_wconf 91' lang='lat' dir='ltr'><strong>an-</strong></span> 
     </span>
    </p>
   </div>
   <div class='ocr_carea' id='block_1_49' title="bbox 281 3045 1864 3123">
    <p class='ocr_par' dir='ltr' id='par_1_49' title="bbox 281 3045 1864 3123">
     <span class='ocr_line' id='line_1_49' title="bbox 281 3045 1864 3123; baseline -0.004 -19"><span class='ocrx_word' id='word_1_319' title='bbox 281 3051 403 3123; x_wconf 84' lang='lat' dir='ltr'><strong>gulo</strong></span> <span class='ocrx_word' id='word_1_320' title='bbox 429 3058 768 3114; x_wconf 88' lang='lat' dir='ltr'><strong>susurrante,</strong></span> <span class='ocrx_word' id='word_1_321' title='bbox 807 3049 898 3104; x_wconf 87' lang='lat' dir='ltr'><strong>sed</strong></span> <span class='ocrx_word' id='word_1_322' title='bbox 923 3048 1167 3120; x_wconf 91' lang='lat' dir='ltr'><strong>plurimis</strong></span> <span class='ocrx_word' id='word_1_323' title='bbox 1203 3045 1411 3117; x_wconf 89' lang='lat' dir='ltr'><strong>publice</strong></span> <span class='ocrx_word' id='word_1_324' title='bbox 1439 3061 1560 3099; x_wconf 90' lang='lat' dir='ltr'><strong>cum</strong></span> <span class='ocrx_word' id='word_1_325' title='bbox 1591 3045 1699 3098; x_wconf 90' lang='lat' dir='ltr'><strong>risu</strong></span> <span class='ocrx_word' id='word_1_326' title='bbox 1737 3059 1864 3098; x_wconf 91' lang='lat' dir='ltr'><strong>nar-</strong></span> 
     </span>
    </p>
   </div>
   <div class='ocr_carea' id='block_1_50' title="bbox 287 3116 1932 3208">
    <p class='ocr_par' dir='ltr' id='par_1_50' title="bbox 287 3116 1932 3208">
     <span class='ocr_line' id='line_1_50' title="bbox 287 3116 1932 3208; baseline -0.005 -14"><span class='ocrx_word' id='word_1_327' title='bbox 287 3140 529 3194; x_wconf 89' lang='lat' dir='ltr'><strong>rantibus</strong></span> <span class='ocrx_word' id='word_1_328' title='bbox 560 3157 572 3191; x_wconf 91' lang='lat'><strong>:</strong></span> <span class='ocrx_word' id='word_1_329' title='bbox 605 3139 746 3208; x_wconf 83' lang='lat' dir='ltr'><strong>quod</strong></span> <span class='ocrx_word' id='word_1_330' title='bbox 788 3116 1081 3208; x_wconf 78' lang='lat' dir='ltr'><strong>puerilibus</strong></span> <span class='ocrx_word' id='word_1_331' title='bbox 1120 3116 1295 3189; x_wconf 84' lang='lat' dir='ltr'><strong>adhuc</strong></span> <span class='ocrx_word' id='word_1_332' title='bbox 1322 3133 1598 3188; x_wconf 86' lang='lat' dir='ltr'><strong>deservias</strong></span> <span class='ocrx_word' id='word_1_333' title='bbox 1633 3133 1862 3187; x_wconf 89' lang='lat' dir='ltr'><strong>immun-</strong></span> <span class='ocrx_word' id='word_1_334' title='bbox 1889 3116 1932 3178; x_wconf 83' lang='lat' dir='ltr'><strong>C</strong></span> 
     </span>
    </p>
   </div>
   <div class='ocr_carea' id='block_1_51' title="bbox 285 3226 1862 3302">
    <p class='ocr_par' dir='ltr' id='par_1_51' title="bbox 285 3226 1862 3302">
     <span class='ocr_line' id='line_1_51' title="bbox 285 3226 1862 3302; baseline -0.006 -16"><span class='ocrx_word' id='word_1_335' title='bbox 285 3233 450 3295; x_wconf 90' lang='lat' dir='ltr'><strong>ditiis,</strong></span> <span class='ocrx_word' id='word_1_336' title='bbox 478 3239 532 3284; x_wconf 90' lang='lat' dir='ltr'><strong>et</strong></span> <span class='ocrx_word' id='word_1_337' title='bbox 571 3244 688 3298; x_wconf 68' lang='lat' dir='ltr'><strong>quae</strong></span> <span class='ocrx_word' id='word_1_338' title='bbox 715 3243 987 3302; x_wconf 88' lang='lat' dir='ltr'><strong>nunquam</strong></span> <span class='ocrx_word' id='word_1_339' title='bbox 1029 3226 1207 3281; x_wconf 87' lang='lat' dir='ltr'><strong>facere</strong></span> <span class='ocrx_word' id='word_1_340' title='bbox 1246 3226 1544 3288; x_wconf 80' lang='lat' dir='ltr'><strong>debuisses,</strong></span> <span class='ocrx_word' id='word_1_341' title='bbox 1587 3239 1862 3294; x_wconf 88' lang='lat' dir='ltr'><strong>nunquam</strong></span> 
     </span>
    </p>
   </div>
   <div class='ocr_carea' id='block_1_52' title="bbox 286 3315 1865 3394">
    <p class='ocr_par' dir='ltr' id='par_1_52' title="bbox 286 3315 1865 3394">
     <span class='ocr_line' id='line_1_52' title="bbox 286 3315 1865 3394; baseline -0.007 -17"><span class='ocrx_word' id='word_1_342' title='bbox 286 3323 556 3377; x_wconf 82' lang='lat' dir='ltr'><strong>dimittere</strong></span> <span class='ocrx_word' id='word_1_343' title='bbox 581 3320 842 3374; x_wconf 80' lang='lat' dir='ltr'><strong>voluisses</strong></span> <span class='ocrx_word' id='word_1_344' title='bbox 873 3316 1070 3394; x_wconf 85' lang='lat' dir='ltr'><strong>[velis].</strong></span> <span class='ocrx_word' id='word_1_345' title='bbox 1119 3317 1218 3372; x_wconf 86' lang='lat' dir='ltr'><strong>Ubi</strong></span> <span class='ocrx_word' id='word_1_346' title='bbox 1259 3324 1342 3370; x_wconf 86' lang='lat' dir='ltr'><strong>est</strong></span> <span class='ocrx_word' id='word_1_347' title='bbox 1379 3315 1709 3370; x_wconf 89' lang='lat' dir='ltr'><strong>nobilissima</strong></span> <span class='ocrx_word' id='word_1_348' title='bbox 1740 3330 1865 3368; x_wconf 89' lang='lat' dir='ltr'><strong>eru-</strong></span> 
     </span>
    </p>
   </div>
   <div class='ocr_carea' id='block_1_53' title="bbox 281 3407 1866 3477">
    <p class='ocr_par' dir='ltr' id='par_1_53' title="bbox 281 3407 1866 3477">
     <span class='ocr_line' id='line_1_53' title="bbox 281 3407 1866 3477; baseline -0.006 -9"><span class='ocrx_word' id='word_1_349' title='bbox 281 3413 415 3474; x_wconf 81' lang='lat' dir='ltr'><strong>ditio</strong></span> <span class='ocrx_word' id='word_1_350' title='bbox 444 3411 577 3466; x_wconf 89' lang='lat' dir='ltr'><strong>tua?</strong></span> <span class='ocrx_word' id='word_1_351' title='bbox 609 3411 705 3466; x_wconf 85' lang='lat' dir='ltr'><strong>Ubi</strong></span> <span class='ocrx_word' id='word_1_352' title='bbox 733 3419 814 3464; x_wconf 90' lang='lat' dir='ltr'><strong>est</strong></span> <span class='ocrx_word' id='word_1_353' title='bbox 851 3409 1148 3464; x_wconf 87' lang='lat' dir='ltr'><strong>clarissima</strong></span> <span class='ocrx_word' id='word_1_354' title='bbox 1179 3408 1229 3460; x_wconf 89' lang='lat' dir='ltr'><strong>in</strong></span> <span class='ocrx_word' id='word_1_355' title='bbox 1274 3407 1565 3477; x_wconf 87' lang='lat' dir='ltr'><strong>Scripturis</strong></span> <span class='ocrx_word' id='word_1_356' title='bbox 1590 3407 1759 3460; x_wconf 90' lang='lat' dir='ltr'><strong>sacris</strong></span> <span class='ocrx_word' id='word_1_357' title='bbox 1786 3407 1866 3466; x_wconf 88' lang='lat' dir='ltr'><strong>in-</strong></span> 
     </span>
    </p>
   </div>
   <div class='ocr_carea' id='block_1_54' title="bbox 285 3497 1866 3558">
    <p class='ocr_par' dir='ltr' id='par_1_54' title="bbox 285 3497 1866 3558">
     <span class='ocr_line' id='line_1_54' title="bbox 285 3497 1866 3558; baseline -0.004 -1"><span class='ocrx_word' id='word_1_358' title='bbox 285 3503 491 3558; x_wconf 88' lang='lat' dir='ltr'><strong>dustria</strong></span> <span class='ocrx_word' id='word_1_359' title='bbox 519 3501 648 3555; x_wconf 84' lang='lat' dir='ltr'><strong>tua?</strong></span> <span class='ocrx_word' id='word_1_360' title='bbox 688 3499 787 3555; x_wconf 86' lang='lat' dir='ltr'><strong>Ubi</strong></span> <span class='ocrx_word' id='word_1_361' title='bbox 818 3515 1026 3554; x_wconf 90' lang='lat' dir='ltr'><strong>morum</strong></span> <span class='ocrx_word' id='word_1_362' title='bbox 1054 3498 1403 3556; x_wconf 76' lang='lat' dir='ltr'><strong>excellentia?</strong></span> <span class='ocrx_word' id='word_1_363' title='bbox 1433 3497 1531 3552; x_wconf 87' lang='lat' dir='ltr'><strong>Ubi</strong></span> <span class='ocrx_word' id='word_1_364' title='bbox 1565 3498 1726 3552; x_wconf 91' lang='lat' dir='ltr'><strong>animi</strong></span> <span class='ocrx_word' id='word_1_365' title='bbox 1757 3497 1866 3552; x_wconf 84' lang='lat' dir='ltr'><strong>for-</strong></span> 
     </span>
    </p>
   </div>
   <div class='ocr_carea' id='block_1_55' title="bbox 286 3587 1864 3660">
    <p class='ocr_par' dir='ltr' id='par_1_55' title="bbox 286 3587 1864 3660">
     <span class='ocr_line' id='line_1_55' title="bbox 286 3587 1864 3660; baseline -0.004 -12"><span class='ocrx_word' id='word_1_366' title='bbox 286 3592 492 3648; x_wconf 87' lang='lat' dir='ltr'><strong>titudo?</strong></span> <span class='ocrx_word' id='word_1_367' title='bbox 527 3591 625 3646; x_wconf 90' lang='lat' dir='ltr'><strong>Ubi</strong></span> <span class='ocrx_word' id='word_1_368' title='bbox 655 3591 810 3644; x_wconf 87' lang='lat' dir='ltr'><strong>timor</strong></span> <span class='ocrx_word' id='word_1_369' title='bbox 837 3588 1130 3660; x_wconf 72' lang='lat' dir='ltr'><strong>gehennuz?</strong></span> <span class='ocrx_word' id='word_1_370' title='bbox 1174 3587 1274 3656; x_wconf 86' lang='lat' dir='ltr'><strong>Ubi</strong></span> <span class='ocrx_word' id='word_1_371' title='bbox 1313 3603 1437 3658; x_wconf 89' lang='lat' dir='ltr'><strong>spes</strong></span> <span class='ocrx_word' id='word_1_372' title='bbox 1472 3587 1690 3658; x_wconf 72' lang='lat' dir='ltr'><strong>gloria)?</strong></span> <span class='ocrx_word' id='word_1_373' title='bbox 1719 3587 1864 3654; x_wconf 86' lang='lat' dir='ltr'><strong>Que-</strong></span> 
     </span>
    </p>
   </div>
   <div class='ocr_carea' id='block_1_56' title="bbox 276 3676 1868 3750">
    <p class='ocr_par' dir='ltr' id='par_1_56' title="bbox 276 3676 1868 3750">
     <span class='ocr_line' id='line_1_56' title="bbox 276 3676 1868 3750; baseline -0.004 -15"><span class='ocrx_word' id='word_1_374' title='bbox 276 3681 444 3742; x_wconf 77' lang='lat' dir='ltr'><strong>modo</strong></span> <span class='ocrx_word' id='word_1_375' title='bbox 471 3681 560 3734; x_wconf 89' lang='lat' dir='ltr'><strong>illa</strong></span> <span class='ocrx_word' id='word_1_376' title='bbox 603 3687 914 3750; x_wconf 89' lang='lat' dir='ltr'><strong>perpetrare</strong></span> <span class='ocrx_word' id='word_1_377' title='bbox 939 3694 1045 3731; x_wconf 92' lang='lat' dir='ltr'><strong>non</strong></span> <span class='ocrx_word' id='word_1_378' title='bbox 1075 3677 1368 3740; x_wconf 82' lang='lat' dir='ltr'><strong>horrescis,</strong></span> <span class='ocrx_word' id='word_1_379' title='bbox 1397 3692 1514 3745; x_wconf 73' lang='lat' dir='ltr'><strong>quze</strong></span> <span class='ocrx_word' id='word_1_380' title='bbox 1541 3676 1660 3730; x_wconf 89' lang='lat' dir='ltr'><strong>aliis</strong></span> <span class='ocrx_word' id='word_1_381' title='bbox 1687 3676 1868 3747; x_wconf 87' lang='lat' dir='ltr'><strong>prohi—</strong></span> 
     </span>
    </p>
   </div>
   <div class='ocr_carea' id='block_1_57' title="bbox 285 3766 1866 3829">
    <p class='ocr_par' dir='ltr' id='par_1_57' title="bbox 285 3766 1866 3829">
     <span class='ocr_line' id='line_1_57' title="bbox 285 3766 1866 3829; baseline -0.005 -2"><span class='ocrx_word' id='word_1_382' title='bbox 285 3771 412 3826; x_wconf 89' lang='lat' dir='ltr'><strong>bere</strong></span> <span class='ocrx_word' id='word_1_383' title='bbox 452 3768 762 3824; x_wconf 88' lang='lat' dir='ltr'><strong>debuisses?</strong></span> <span class='ocrx_word' id='word_1_384' title='bbox 803 3767 1146 3829; x_wconf 71' lang='lat' dir='ltr'><strong>Convertere,</strong></span> <span class='ocrx_word' id='word_1_385' title='bbox 1178 3767 1420 3828; x_wconf 88' lang='lat' dir='ltr'><strong>obsecro,</strong></span> <span class='ocrx_word' id='word_1_386' title='bbox 1450 3766 1590 3820; x_wconf 65' lang='lat' dir='ltr'><strong>intra</strong></span> <span class='ocrx_word' id='word_1_387' title='bbox 1631 3767 1866 3819; x_wconf 91' lang='lat' dir='ltr'><strong>animum</strong></span> 
     </span>
    </p>
   </div>
   <div class='ocr_carea' id='block_1_58' title="bbox 287 3855 1868 3931">
    <p class='ocr_par' dir='ltr' id='par_1_58' title="bbox 287 3855 1868 3931">
     <span class='ocr_line' id='line_1_58' title="bbox 287 3855 1868 3931; baseline -0.003 -18"><span class='ocrx_word' id='word_1_388' title='bbox 287 3867 436 3914; x_wconf 89' lang='lat' dir='ltr'><strong>tuum</strong></span> <span class='ocrx_word' id='word_1_389' title='bbox 467 3857 623 3930; x_wconf 90' lang='lat' dir='ltr'><strong>[Cod.</strong></span> <span class='ocrx_word' id='word_1_390' title='bbox 657 3856 797 3924; x_wconf 87' lang='lat' dir='ltr'><strong>Sal.,</strong></span> <span class='ocrx_word' id='word_1_391' title='bbox 824 3857 876 3911; x_wconf 91' lang='lat' dir='ltr'><strong>in</strong></span> <span class='ocrx_word' id='word_1_392' title='bbox 906 3855 1003 3928; x_wconf 88' lang='lat' dir='ltr'><strong>te],</strong></span> <span class='ocrx_word' id='word_1_393' title='bbox 1049 3864 1103 3910; x_wconf 90' lang='lat' dir='ltr'><strong>et</strong></span> <span class='ocrx_word' id='word_1_394' title='bbox 1131 3857 1214 3910; x_wconf 91' lang='lat' dir='ltr'><strong>dic</strong></span> <span class='ocrx_word' id='word_1_395' title='bbox 1243 3871 1365 3910; x_wconf 90' lang='lat' dir='ltr'><strong>cum</strong></span> <span class='ocrx_word' id='word_1_396' title='bbox 1392 3857 1654 3931; x_wconf 85' lang='lat' dir='ltr'><strong>propheta</strong></span> <span class='ocrx_word' id='word_1_397' title='bbox 1688 3874 1701 3908; x_wconf 90' lang='lat'>:</span> <span class='ocrx_word' id='word_1_398' title='bbox 1738 3856 1868 3920; x_wconf 85' lang='lat' dir='ltr'><strong>Quis</strong></span> 
     </span>
    </p>
   </div>
   <div class='ocr_carea' id='block_1_59' title="bbox 287 3945 1869 4018">
    <p class='ocr_par' dir='ltr' id='par_1_59' title="bbox 287 3945 1869 4018">
     <span class='ocr_line' id='line_1_59' title="bbox 287 3945 1869 4018; baseline -0.002 -16"><span class='ocrx_word' id='word_1_399' title='bbox 287 3948 429 4007; x_wconf 82' lang='lat' dir='ltr'><strong>dabit</strong></span> <span class='ocrx_word' id='word_1_400' title='bbox 464 3948 625 4018; x_wconf 83' lang='lat' dir='ltr'><strong>capiti</strong></span> <span class='ocrx_word' id='word_1_401' title='bbox 668 3964 780 4001; x_wconf 88' lang='lat' dir='ltr'><strong>meo</strong></span> <span class='ocrx_word' id='word_1_402' title='bbox 822 3963 1010 4016; x_wconf 85' lang='lat' dir='ltr'><strong>aquam</strong></span> <span class='ocrx_word' id='word_1_403' title='bbox 1037 3955 1083 3999; x_wconf 87' lang='lat' dir='ltr'><strong>et</strong></span> <span class='ocrx_word' id='word_1_404' title='bbox 1109 3946 1302 4013; x_wconf 73' lang='lat' dir='ltr'><strong>[autem</strong></span> <span class='ocrx_word' id='word_1_405' title='bbox 1328 3945 1678 4016; x_wconf 81' lang='lat' dir='ltr'><strong>lacrymarum</strong></span> <span class='ocrx_word' id='word_1_406' title='bbox 1706 3945 1869 3999; x_wconf 84' lang='lat' dir='ltr'><strong>oculis</strong></span> 
     </span>
    </p>
   </div>
   <div class='ocr_carea' id='block_1_60' title="bbox 290 4038 1868 4112">
    <p class='ocr_par' dir='ltr' id='par_1_60' title="bbox 290 4038 1868 4112">
     <span class='ocr_line' id='line_1_60' title="bbox 290 4038 1868 4112; baseline 0 -18"><span class='ocrx_word' id='word_1_407' title='bbox 290 4042 436 4106; x_wconf 77' lang='lat' dir='ltr'><strong>meis,</strong></span> <span class='ocrx_word' id='word_1_408' title='bbox 487 4049 544 4092; x_wconf 86' lang='lat' dir='ltr'><strong>ut</strong></span> <span class='ocrx_word' id='word_1_409' title='bbox 591 4038 835 4110; x_wconf 84' lang='lat' dir='ltr'><strong>plangam</strong></span> <span class='ocrx_word' id='word_1_410' title='bbox 877 4040 960 4093; x_wconf 86' lang='lat' dir='ltr'><strong>die</strong></span> <span class='ocrx_word' id='word_1_411' title='bbox 1005 4057 1067 4094; x_wconf 90' lang='lat' dir='ltr'><strong>ac</strong></span> <span class='ocrx_word' id='word_1_412' title='bbox 1113 4051 1259 4100; x_wconf 84' lang='lat' dir='ltr'><strong>nocte</strong></span> <span class='ocrx_word' id='word_1_413' title='bbox 1306 4040 1485 4112; x_wconf 78' lang='lat' dir='ltr'><strong>(Joan.</strong></span> <span class='ocrx_word' id='word_1_414' title='bbox 1531 4057 1606 4105; x_wconf 83' lang='lat' dir='ltr'><strong>Ix,</strong></span> <span class='ocrx_word' id='word_1_415' title='bbox 1640 4039 1714 4112; x_wconf 82' lang='lat' dir='ltr'><strong>l),</strong></span> <span class='ocrx_word' id='word_1_416' title='bbox 1761 4055 1868 4094; x_wconf 91' lang='lat' dir='ltr'><strong>non</strong></span> 
     </span>
    </p>
   </div>
   <div class='ocr_carea' id='block_1_61' title="bbox 290 4127 1870 4200">
    <p class='ocr_par' dir='ltr' id='par_1_61' title="bbox 290 4127 1870 4200">
     <span class='ocr_line' id='line_1_61' title="bbox 290 4127 1870 4200; baseline -0.003 -15"><span class='ocrx_word' id='word_1_417' title='bbox 290 4127 591 4185; x_wconf 73' lang='lat' dir='ltr'><strong>Jerusalem</strong></span> <span class='ocrx_word' id='word_1_418' title='bbox 642 4128 930 4198; x_wconf 86' lang='lat' dir='ltr'><strong>Babylonio</strong></span> <span class='ocrx_word' id='word_1_419' title='bbox 981 4129 1102 4200; x_wconf 87' lang='lat' dir='ltr'><strong>igne</strong></span> <span class='ocrx_word' id='word_1_420' title='bbox 1157 4138 1397 4183; x_wconf 89' lang='lat' dir='ltr'><strong>usturam</strong></span> <span class='ocrx_word' id='word_1_421' title='bbox 1427 4170 1440 4193; x_wconf 92' lang='lat'><strong>,</strong></span> <span class='ocrx_word' id='word_1_422' title='bbox 1491 4129 1584 4183; x_wconf 88' lang='lat' dir='ltr'><strong>sed</strong></span> <span class='ocrx_word' id='word_1_423' title='bbox 1635 4130 1870 4183; x_wconf 89' lang='lat' dir='ltr'><strong>animam</strong></span> 
     </span>
    </p>
   </div>
   <div class='ocr_carea' id='block_1_62' title="bbox 293 4217 1872 4289">
    <p class='ocr_par' dir='ltr' id='par_1_62' title="bbox 293 4217 1872 4289">
     <span class='ocr_line' id='line_1_62' title="bbox 293 4217 1872 4289; baseline -0.003 -13"><span class='ocrx_word' id='word_1_424' title='bbox 293 4220 660 4276; x_wconf 88' lang='lat' dir='ltr'><strong>Sodomitanis</strong></span> <span class='ocrx_word' id='word_1_425' title='bbox 686 4217 916 4273; x_wconf 83' lang='lat' dir='ltr'><strong>flammis</strong></span> <span class='ocrx_word' id='word_1_426' title='bbox 943 4235 1208 4273; x_wconf 88' lang='lat' dir='ltr'><strong>arsuram.</strong></span> <span class='ocrx_word' id='word_1_427' title='bbox 1237 4220 1341 4272; x_wconf 86' lang='lat' dir='ltr'><strong>Per</strong></span> <span class='ocrx_word' id='word_1_428' title='bbox 1372 4219 1574 4289; x_wconf 87' lang='lat' dir='ltr'><strong>singula</strong></span> <span class='ocrx_word' id='word_1_429' title='bbox 1605 4229 1872 4273; x_wconf 87' lang='lat' dir='ltr'><strong>momenta</strong></span> 
     </span>
    </p>
   </div>
   <div class='ocr_carea' id='block_1_63' title="bbox 291 4311 1870 4384">
    <p class='ocr_par' dir='ltr' id='par_1_63' title="bbox 291 4311 1870 4384">
     <span class='ocr_line' id='line_1_63' title="bbox 291 4311 1870 4384; baseline -0.001 -18"><span class='ocrx_word' id='word_1_430' title='bbox 291 4319 550 4384; x_wconf 89' lang='lat' dir='ltr'><strong>properat</strong></span> <span class='ocrx_word' id='word_1_431' title='bbox 591 4311 740 4365; x_wconf 88' lang='lat' dir='ltr'><strong>dirus</strong></span> <span class='ocrx_word' id='word_1_432' title='bbox 778 4321 1018 4377; x_wconf 75' lang='lat' dir='ltr'><strong>exactor,</strong></span> <span class='ocrx_word' id='word_1_433' title='bbox 1059 4328 1215 4381; x_wconf 86' lang='lat' dir='ltr'><strong>quem</strong></span> <span class='ocrx_word' id='word_1_434' title='bbox 1261 4311 1435 4365; x_wconf 89' lang='lat' dir='ltr'><strong>nullus</strong></span> <span class='ocrx_word' id='word_1_435' title='bbox 1467 4312 1638 4364; x_wconf 89' lang='lat' dir='ltr'><strong>vitare</strong></span> <span class='ocrx_word' id='word_1_436' title='bbox 1677 4320 1870 4380; x_wconf 86' lang='lat' dir='ltr'><strong>potest.</strong></span> 
     </span>
    </p>
   </div>
   <div class='ocr_carea' id='block_1_64' title="bbox 294 4402 1872 4474">
    <p class='ocr_par' dir='ltr' id='par_1_64' title="bbox 294 4402 1872 4474">
     <span class='ocr_line' id='line_1_64' title="bbox 294 4402 1872 4474; baseline -0.001 -17"><span class='ocrx_word' id='word_1_437' title='bbox 294 4404 425 4472; x_wconf 86' lang='lat' dir='ltr'><strong>Quid</strong></span> <span class='ocrx_word' id='word_1_438' title='bbox 453 4403 805 4473; x_wconf 81' lang='lat' dir='ltr'><strong>respondebis</strong></span> <span class='ocrx_word' id='word_1_439' title='bbox 836 4411 961 4458; x_wconf 92' lang='lat' dir='ltr'><strong>tunc</strong></span> <span class='ocrx_word' id='word_1_440' title='bbox 1001 4405 1304 4474; x_wconf 74' lang='lat' dir='ltr'><strong>mquissimo</strong></span> <span class='ocrx_word' id='word_1_441' title='bbox 1321 4402 1488 4472; x_wconf 72' lang='lat' dir='ltr'><strong>judicn</strong></span> <span class='ocrx_word' id='word_1_442' title='bbox 1519 4412 1629 4468; x_wconf 91' lang='lat' dir='ltr'><strong>tuo,</strong></span> <span class='ocrx_word' id='word_1_443' title='bbox 1660 4403 1704 4458; x_wconf 92' lang='lat' dir='ltr'><strong>si</strong></span> <span class='ocrx_word' id='word_1_444' title='bbox 1731 4418 1872 4457; x_wconf 90' lang='lat' dir='ltr'><strong>nunc</strong></span> 
     </span>
    </p>
   </div>
   <div class='ocr_carea' id='block_1_65' title="bbox 293 4490 1872 4562">
    <p class='ocr_par' dir='ltr' id='par_1_65' title="bbox 293 4490 1872 4562">
     <span class='ocr_line' id='line_1_65' title="bbox 293 4490 1872 4562; baseline -0.003 -10"><span class='ocrx_word' id='word_1_445' title='bbox 293 4510 396 4553; x_wconf 85' lang='lat' dir='ltr'><strong>non</strong></span> <span class='ocrx_word' id='word_1_446' title='bbox 423 4493 656 4562; x_wconf 85' lang='lat' dir='ltr'><strong>corrigis</strong></span> <span class='ocrx_word' id='word_1_447' title='bbox 682 4490 974 4546; x_wconf 79' lang='lat' dir='ltr'><strong>ftedissima</strong></span> <span class='ocrx_word' id='word_1_448' title='bbox 1011 4492 1149 4548; x_wconf 85' lang='lat' dir='ltr'><strong>facta</strong></span> <span class='ocrx_word' id='word_1_449' title='bbox 1187 4494 1308 4546; x_wconf 88' lang='lat' dir='ltr'><strong>tua?</strong></span> <span class='ocrx_word' id='word_1_450' title='bbox 1351 4490 1586 4548; x_wconf 86' lang='lat' dir='ltr'><strong>Obsecro</strong></span> <span class='ocrx_word' id='word_1_451' title='bbox 1627 4502 1702 4558; x_wconf 90' lang='lat' dir='ltr'><strong>te,</strong></span> <span class='ocrx_word' id='word_1_452' title='bbox 1741 4492 1872 4547; x_wconf 87' lang='lat' dir='ltr'><strong>dile—</strong></span> 
     </span>
    </p>
   </div>
   <div class='ocr_carea' id='block_1_66' title="bbox 295 4581 1871 4652">
    <p class='ocr_par' dir='ltr' id='par_1_66' title="bbox 295 4581 1871 4652">
     <span class='ocr_line' id='line_1_66' title="bbox 295 4581 1871 4652; baseline -0.002 -12"><span class='ocrx_word' id='word_1_453' title='bbox 295 4586 533 4640; x_wconf 90' lang='lat' dir='ltr'><strong>ctissime</strong></span> <span class='ocrx_word' id='word_1_454' title='bbox 565 4581 658 4647; x_wconf 88' lang='lat' dir='ltr'><strong>ﬁli,</strong></span> <span class='ocrx_word' id='word_1_455' title='bbox 686 4597 782 4651; x_wconf 88' lang='lat' dir='ltr'><strong>per</strong></span> <span class='ocrx_word' id='word_1_456' title='bbox 814 4591 1073 4636; x_wconf 86' lang='lat' dir='ltr'><strong>terrorem</strong></span> <span class='ocrx_word' id='word_1_457' title='bbox 1104 4582 1242 4638; x_wconf 90' lang='lat' dir='ltr'><strong>illius</strong></span> <span class='ocrx_word' id='word_1_458' title='bbox 1263 4581 1448 4650; x_wconf 72' lang='lat' dir='ltr'><strong>iudicii</strong></span> <span class='ocrx_word' id='word_1_459' title='bbox 1470 4623 1485 4647; x_wconf 94' lang='lat'><strong>,</strong></span> <span class='ocrx_word' id='word_1_460' title='bbox 1515 4584 1656 4652; x_wconf 82' lang='lat' dir='ltr'><strong>quod</strong></span> <span class='ocrx_word' id='word_1_461' title='bbox 1684 4598 1871 4638; x_wconf 90' lang='lat' dir='ltr'><strong>omnes</strong></span> 
     </span>
    </p>
   </div>
   <div class='ocr_carea' id='block_1_67' title="bbox 296 4675 1873 4746">
    <p class='ocr_par' dir='ltr' id='par_1_67' title="bbox 296 4675 1873 4746">
     <span class='ocr_line' id='line_1_67' title="bbox 296 4675 1873 4746; baseline -0.001 -16"><span class='ocrx_word' id='word_1_462' title='bbox 296 4676 474 4732; x_wconf 78' lang='lat' dir='ltr'><strong>subire</strong></span> <span class='ocrx_word' id='word_1_463' title='bbox 518 4675 778 4745; x_wconf 79' lang='lat' dir='ltr'><strong>cogimur,</strong></span> <span class='ocrx_word' id='word_1_464' title='bbox 826 4684 884 4734; x_wconf 89' lang='lat' dir='ltr'><strong>ut</strong></span> <span class='ocrx_word' id='word_1_465' title='bbox 919 4676 988 4730; x_wconf 89' lang='lat' dir='ltr'><strong>ab</strong></span> <span class='ocrx_word' id='word_1_466' title='bbox 1025 4675 1129 4729; x_wconf 88' lang='lat' dir='ltr'><strong>hac</strong></span> <span class='ocrx_word' id='word_1_467' title='bbox 1167 4675 1274 4739; x_wconf 91' lang='lat' dir='ltr'><strong>die,</strong></span> <span class='ocrx_word' id='word_1_468' title='bbox 1314 4692 1419 4746; x_wconf 88' lang='lat' dir='ltr'><strong>qua</strong></span> <span class='ocrx_word' id='word_1_469' title='bbox 1461 4676 1600 4730; x_wconf 89' lang='lat' dir='ltr'><strong>hanc</strong></span> <span class='ocrx_word' id='word_1_470' title='bbox 1630 4676 1873 4746; x_wconf 87' lang='lat' dir='ltr'><strong>perlegas</strong></span> 
     </span>
    </p>
   </div>
   <div class='ocr_carea' id='block_1_68' title="bbox 297 4767 1876 4840">
    <p class='ocr_par' dir='ltr' id='par_1_68' title="bbox 297 4767 1876 4840">
     <span class='ocr_line' id='line_1_68' title="bbox 297 4767 1876 4840; baseline 0 -18"><span class='ocrx_word' id='word_1_471' title='bbox 297 4767 630 4840; x_wconf 87' lang='lat' dir='ltr'><strong>paginulam,</strong></span> <span class='ocrx_word' id='word_1_472' title='bbox 674 4767 859 4822; x_wconf 91' lang='lat' dir='ltr'><strong>intimo</strong></span> <span class='ocrx_word' id='word_1_473' title='bbox 887 4767 1069 4822; x_wconf 88' lang='lat' dir='ltr'><strong>dolore</strong></span> <span class='ocrx_word' id='word_1_474' title='bbox 1111 4767 1388 4832; x_wconf 86' lang='lat' dir='ltr'><strong>dictatam,</strong></span> <span class='ocrx_word' id='word_1_475' title='bbox 1433 4783 1564 4837; x_wconf 91' lang='lat' dir='ltr'><strong>pura</strong></span> <span class='ocrx_word' id='word_1_476' title='bbox 1611 4768 1876 4822; x_wconf 82' lang='lat' dir='ltr'><strong>charitate</strong></span> 
     </span>
    </p>
   </div>
   <div class='ocr_carea' id='block_1_69' title="bbox 299 4855 1875 4926">
    <p class='ocr_par' dir='ltr' id='par_1_69' title="bbox 299 4855 1875 4926">
     <span class='ocr_line' id='line_1_69' title="bbox 299 4855 1875 4926; baseline -0.002 -15"><span class='ocrx_word' id='word_1_477' title='bbox 299 4858 682 4926; x_wconf 88' lang='lat' dir='ltr'><strong>conscriptam,</strong></span> <span class='ocrx_word' id='word_1_478' title='bbox 712 4865 894 4910; x_wconf 90' lang='lat' dir='ltr'><strong>sancta</strong></span> <span class='ocrx_word' id='word_1_479' title='bbox 926 4855 1028 4911; x_wconf 88' lang='lat' dir='ltr'><strong>ﬁde</strong></span> <span class='ocrx_word' id='word_1_480' title='bbox 1055 4855 1361 4925; x_wconf 71' lang='lat' dir='ltr'><strong>sigillatum,</strong></span> <span class='ocrx_word' id='word_1_481' title='bbox 1389 4857 1654 4910; x_wconf 89' lang='lat' dir='ltr'><strong>constanti</strong></span> <span class='ocrx_word' id='word_1_482' title='bbox 1696 4857 1875 4909; x_wconf 89' lang='lat' dir='ltr'><strong>animo</strong></span> 
     </span>
    </p>
   </div>
   <div class='ocr_carea' id='block_1_70' title="bbox 300 4944 1878 5017">
    <p class='ocr_par' dir='ltr' id='par_1_70' title="bbox 300 4944 1878 5017">
     <span class='ocr_line' id='line_1_70' title="bbox 300 4944 1878 5017; baseline -0.003 -13"><span class='ocrx_word' id='word_1_483' title='bbox 300 4945 527 5017; x_wconf 86' lang='lat' dir='ltr'><strong>incipias</strong></span> <span class='ocrx_word' id='word_1_484' title='bbox 552 4953 800 5000; x_wconf 88' lang='lat' dir='ltr'><strong>catenam</strong></span> <span class='ocrx_word' id='word_1_485' title='bbox 829 4944 984 5014; x_wconf 88' lang='lat' dir='ltr'><strong>hujus</strong></span> <span class='ocrx_word' id='word_1_486' title='bbox 1010 4945 1284 5000; x_wconf 73' lang='lat' dir='ltr'><strong>diabolica:</strong></span> <span class='ocrx_word' id='word_1_487' title='bbox 1313 4946 1662 5015; x_wconf 86' lang='lat' dir='ltr'><strong>suggestionis</strong></span> <span class='ocrx_word' id='word_1_488' title='bbox 1689 4955 1744 5000; x_wconf 88' lang='lat' dir='ltr'><strong>et</strong></span> <span class='ocrx_word' id='word_1_489' title='bbox 1779 4946 1878 5000; x_wconf 92' lang='lat' dir='ltr'><strong>im-</strong></span> 
     </span>
    </p>
   </div>
   <div class='ocr_carea' id='block_1_71' title="bbox 299 5033 1876 5108">
    <p class='ocr_par' dir='ltr' id='par_1_71' title="bbox 299 5033 1876 5108">
     <span class='ocr_line' id='line_1_71' title="bbox 299 5033 1876 5108; baseline 0.002 -21"><span class='ocrx_word' id='word_1_490' title='bbox 299 5033 396 5107; x_wconf 64' lang='lat' dir='ltr'><strong>pim</strong></span> <span class='ocrx_word' id='word_1_491' title='bbox 419 5034 793 5090; x_wconf 90' lang='lat' dir='ltr'><strong>consensionis</strong></span> <span class='ocrx_word' id='word_1_492' title='bbox 817 5034 1168 5105; x_wconf 90' lang='lat' dir='ltr'><strong>disrumpere,</strong></span> <span class='ocrx_word' id='word_1_493' title='bbox 1193 5043 1248 5089; x_wconf 91' lang='lat' dir='ltr'><strong>et</strong></span> <span class='ocrx_word' id='word_1_494' title='bbox 1276 5035 1458 5106; x_wconf 89' lang='lat' dir='ltr'><strong>procul</strong></span> <span class='ocrx_word' id='word_1_495' title='bbox 1484 5051 1514 5088; x_wconf 91' lang='lat' dir='ltr'><strong>a</strong></span> <span class='ocrx_word' id='word_1_496' title='bbox 1542 5044 1593 5089; x_wconf 88' lang='lat' dir='ltr'><strong>te</strong></span> <span class='ocrx_word' id='word_1_497' title='bbox 1623 5036 1876 5108; x_wconf 90' lang='lat' dir='ltr'><strong>abjicere,</strong></span> 
     </span>
    </p>
   </div>
   <div class='ocr_carea' id='block_1_72' title="bbox 303 5123 1878 5195">
    <p class='ocr_par' dir='ltr' id='par_1_72' title="bbox 303 5123 1878 5195">
     <span class='ocr_line' id='line_1_72' title="bbox 303 5123 1878 5195; baseline 0.001 -16"><span class='ocrx_word' id='word_1_498' title='bbox 303 5136 568 5195; x_wconf 87' lang='lat' dir='ltr'><strong>quatenus</strong></span> <span class='ocrx_word' id='word_1_499' title='bbox 597 5140 762 5195; x_wconf 88' lang='lat' dir='ltr'><strong>puras</strong></span> <span class='ocrx_word' id='word_1_500' title='bbox 790 5134 841 5178; x_wconf 88' lang='lat' dir='ltr'><strong>et</strong></span> <span class='ocrx_word' id='word_1_501' title='bbox 866 5123 1064 5180; x_wconf 91' lang='lat' dir='ltr'><strong>liberas</strong></span> <span class='ocrx_word' id='word_1_502' title='bbox 1092 5142 1282 5180; x_wconf 89' lang='lat' dir='ltr'><strong>manus</strong></span> <span class='ocrx_word' id='word_1_503' title='bbox 1309 5127 1374 5180; x_wconf 92' lang='lat' dir='ltr'><strong>ad</strong></span> <span class='ocrx_word' id='word_1_504' title='bbox 1402 5127 1683 5180; x_wconf 86' lang='lat' dir='ltr'><strong>Dominum</strong></span> <span class='ocrx_word' id='word_1_505' title='bbox 1712 5127 1878 5181; x_wconf 90' lang='lat' dir='ltr'><strong>Deum</strong></span> 
     </span>
    </p>
   </div>
   <div class='ocr_carea' id='block_1_73' title="bbox 307 5215 1885 5289">
    <p class='ocr_par' dir='ltr' id='par_1_73' title="bbox 307 5215 1885 5289">
     <span class='ocr_line' id='line_1_73' title="bbox 307 5215 1885 5289; baseline 0.003 -20"><span class='ocrx_word' id='word_1_506' title='bbox 307 5224 452 5272; x_wconf 90' lang='lat' dir='ltr'><strong>tuum</strong></span> <span class='ocrx_word' id='word_1_507' title='bbox 497 5217 680 5273; x_wconf 89' lang='lat' dir='ltr'><strong>levare</strong></span> <span class='ocrx_word' id='word_1_508' title='bbox 719 5215 904 5272; x_wconf 90' lang='lat' dir='ltr'><strong>valeas</strong></span> <span class='ocrx_word' id='word_1_509' title='bbox 943 5217 996 5288; x_wconf 91' lang='grc'><strong>(1</strong></span> <span class='ocrx_word' id='word_1_510' title='bbox 1027 5217 1161 5272; x_wconf 87' lang='lat' dir='ltr'><strong>Tim.</strong></span> <span class='ocrx_word' id='word_1_511' title='bbox 1207 5235 1267 5284; x_wconf 87' lang='grc' dir='ltr'>ιι,</span> <span class='ocrx_word' id='word_1_512' title='bbox 1311 5220 1388 5289; x_wconf 86' lang='grc'><strong>8),</strong></span> <span class='ocrx_word' id='word_1_513' title='bbox 1431 5219 1521 5288; x_wconf 89' lang='lat' dir='ltr'><strong>qui</strong></span> <span class='ocrx_word' id='word_1_514' title='bbox 1564 5227 1760 5289; x_wconf 75' lang='lat' dir='ltr'><strong>praesto</strong></span> <span class='ocrx_word' id='word_1_515' title='bbox 1801 5228 1885 5276; x_wconf 87' lang='lat' dir='ltr'><strong>est</strong></span> 
     </span>
    </p>
   </div>
   <div class='ocr_carea' id='block_1_74' title="bbox 375 5329 1879 5400">
    <p class='ocr_par' dir='ltr' id='par_1_74' title="bbox 375 5329 1879 5400">
     <span class='ocr_line' id='line_1_74' title="bbox 375 5329 1879 5400; baseline 0.003 -17"><span class='ocrx_word' id='word_1_516' title='bbox 375 5343 401 5400; x_wconf 56' lang='grc' dir='ltr'><strong>ξ</strong></span> <span class='ocrx_word' id='word_1_517' title='bbox 439 5330 596 5400; x_wconf 78' lang='lat' dir='ltr'><strong>Apud</strong></span> <span class='ocrx_word' id='word_1_518' title='bbox 642 5329 839 5384; x_wconf 79' lang='lat' dir='ltr'><strong>Mabill.</strong></span> <span class='ocrx_word' id='word_1_519' title='bbox 883 5330 1036 5399; x_wconf 75' lang='lat' dir='ltr'><strong>epist.</strong></span> <span class='ocrx_word' id='word_1_520' title='bbox 1071 5331 1124 5386; x_wconf 84' lang='lat'><strong>9.</strong></span> <span class='ocrx_word' id='word_1_521' title='bbox 1155 5331 1345 5400; x_wconf 83' lang='lat' dir='ltr'><strong>collata</strong></span> <span class='ocrx_word' id='word_1_522' title='bbox 1385 5347 1507 5386; x_wconf 89' lang='lat' dir='ltr'><strong>cum</strong></span> <span class='ocrx_word' id='word_1_523' title='bbox 1548 5331 1686 5386; x_wconf 89' lang='lat' dir='ltr'><strong>binis</strong></span> <span class='ocrx_word' id='word_1_524' title='bbox 1721 5333 1879 5388; x_wconf 87' lang='lat' dir='ltr'><strong>codd.</strong></span> 
     </span>
    </p>
   </div>
   <div class='ocr_carea' id='block_1_75' title="bbox 309 5397 1883 5522">
    <p class='ocr_par' dir='ltr' id='par_1_75' title="bbox 309 5397 1883 5522">
     <span class='ocr_line' id='line_1_75' title="bbox 309 5397 1883 5522; baseline 0.004 -70"><span class='ocrx_word' id='word_1_525' title='bbox 309 5397 604 5481; x_wconf 72' lang='lat' dir='ltr'><strong>Salisburg.</strong></span> <span class='ocrx_word' id='word_1_526' title='bbox 623 5400 746 5482; x_wconf 46' lang='lat' dir='ltr'><strong>ens.</strong></span> <span class='ocrx_word' id='word_1_527' title='bbox 769 5397 1113 5480; x_wconf 60' lang='lat' dir='ltr'><strong>Emuierami.</strong></span> <span class='ocrx_word' id='word_1_528' title='bbox 1131 5399 1302 5522; x_wconf 63' lang='lat' dir='ltr'><strong>(Apud</strong></span> <span class='ocrx_word' id='word_1_529' title='bbox 1319 5402 1546 5484; x_wconf 81' lang='lat' dir='ltr'><strong>Froben.</strong></span> <span class='ocrx_word' id='word_1_530' title='bbox 1563 5403 1719 5470; x_wconf 85' lang='lat' dir='ltr'><strong>epist.</strong></span> <span class='ocrx_word' id='word_1_531' title='bbox 1737 5403 1883 5476; x_wconf 75' lang='grc'><strong>157.)</strong></span> 
     </span>
     <span class='ocr_line' id='line_1_76' title="bbox 376 5467 1883 5522; baseline 0 0"><span class='ocrx_word' id='word_1_532' title='bbox 376 5469 405 5508; x_wconf 63' lang='grc' dir='ltr'>δ</span> <span class='ocrx_word' id='word_1_533' title='bbox 449 5468 795 5522; x_wconf 69' lang='lat' dir='ltr'><strong>Dilectissimo</strong></span> <span class='ocrx_word' id='word_1_534' title='bbox 835 5469 966 5522; x_wconf 70' lang='lat' dir='ltr'><strong>ﬁlio.</strong></span> <span class='ocrx_word' id='word_1_535' title='bbox 999 5467 1125 5522; x_wconf 89' lang='lat' dir='ltr'><strong>Osnl</strong></span> <span class='ocrx_word' id='word_1_536' title='bbox 1153 5486 1184 5522; x_wconf 88' lang='grc' dir='ltr'><strong>ο</strong></span> <span class='ocrx_word' id='word_1_537' title='bbox 1224 5471 1486 5522; x_wconf 72' lang='lat' dir='ltr'><strong>fortassns.</strong></span> <span class='ocrx_word' id='word_1_538' title='bbox 1521 5487 1679 5522; x_wconf 85' lang='lat' dir='ltr'><strong>auem</strong></span> <span class='ocrx_word' id='word_1_539' title='bbox 1708 5473 1883 5522; x_wconf 77' lang='lat' dir='ltr'><strong>Alaui-</strong></span> 
     </span>
    </p>
   </div>
   <div class='ocr_carea' id='block_1_76' title="bbox 376 5467 1888 5541">
    <p class='ocr_par' dir='ltr' id='par_1_76' title="bbox 376 5467 1888 5541">
     <span class='ocr_line' id='line_1_77' title="bbox 376 5467 1888 5541; baseline 0.007 -24"><span class='ocrx_word' id='word_1_540' title='bbox 376 5469 405 5508; x_wconf 68' lang='lat' dir='ltr'><strong>b</strong></span> <span class='ocrx_word' id='word_1_541' title='bbox 449 5467 795 5541; x_wconf 65' lang='lat' dir='ltr'><strong>Dilectissimo</strong></span> <span class='ocrx_word' id='word_1_542' title='bbox 833 5469 966 5541; x_wconf 82' lang='lat' dir='ltr'><strong>ﬁlio.</strong></span> <span class='ocrx_word' id='word_1_543' title='bbox 999 5467 1486 5535; x_wconf 55' lang='lat' dir='ltr'><strong>Osulfo&#39;fortassis,</strong></span> <span class='ocrx_word' id='word_1_544' title='bbox 1521 5467 1679 5541; x_wconf 78' lang='lat' dir='ltr'><strong>quem</strong></span> <span class='ocrx_word' id='word_1_545' title='bbox 1708 5467 1888 5527; x_wconf 74' lang='lat' dir='ltr'><strong>Alcai—</strong></span> 
     </span>
    </p>
   </div>
   <div class='ocr_carea' id='block_1_77' title="bbox 312 5539 1887 5611">
    <p class='ocr_par' dir='ltr' id='par_1_77' title="bbox 312 5539 1887 5611">
     <span class='ocr_line' id='line_1_78' title="bbox 312 5539 1887 5611; baseline 0.004 -20"><span class='ocrx_word' id='word_1_546' title='bbox 312 5554 410 5593; x_wconf 91' lang='lat' dir='ltr'><strong>nus</strong></span> <span class='ocrx_word' id='word_1_547' title='bbox 430 5539 501 5611; x_wconf 83' lang='lat' dir='ltr'><strong>ob</strong></span> <span class='ocrx_word' id='word_1_548' title='bbox 526 5553 735 5592; x_wconf 83' lang='lat' dir='ltr'><strong>morum</strong></span> <span class='ocrx_word' id='word_1_549' title='bbox 774 5540 1094 5611; x_wconf 81' lang='lat' dir='ltr'><strong>pravitatem</strong></span> <span class='ocrx_word' id='word_1_550' title='bbox 1135 5541 1326 5610; x_wconf 66' lang='lat' dir='ltr'><strong>stepius</strong></span> <span class='ocrx_word' id='word_1_551' title='bbox 1352 5539 1628 5611; x_wconf 72' lang='lat' dir='ltr'><strong>corripuit,</strong></span> <span class='ocrx_word' id='word_1_552' title='bbox 1662 5550 1716 5596; x_wconf 89' lang='lat' dir='ltr'><strong>et</strong></span> <span class='ocrx_word' id='word_1_553' title='bbox 1747 5552 1804 5596; x_wconf 90' lang='lat' dir='ltr'><strong>ut</strong></span> <span class='ocrx_word' id='word_1_554' title='bbox 1829 5560 1887 5598; x_wconf 89' lang='lat' dir='ltr'><strong>se</strong></span> 
     </span>
    </p>
   </div>
   <div class='ocr_carea' id='block_1_78' title="bbox 313 5609 1884 5679">
    <p class='ocr_par' dir='ltr' id='par_1_78' title="bbox 313 5609 1884 5679">
     <span class='ocr_line' id='line_1_79' title="bbox 313 5609 1884 5679; baseline 0.003 -18"><span class='ocrx_word' id='word_1_555' title='bbox 313 5609 624 5679; x_wconf 61' lang='lat' dir='ltr'><strong>gprrigeret,</strong></span> <span class='ocrx_word' id='word_1_556' title='bbox 656 5609 892 5679; x_wconf 85' lang='lat' dir='ltr'><strong>monuit;</strong></span> <span class='ocrx_word' id='word_1_557' title='bbox 925 5616 1086 5678; x_wconf 87' lang='lat' dir='ltr'><strong>prout</strong></span> <span class='ocrx_word' id='word_1_558' title='bbox 1129 5609 1380 5663; x_wconf 85' lang='lat' dir='ltr'><strong>narratur</strong></span> <span class='ocrx_word' id='word_1_559' title='bbox 1409 5613 1459 5663; x_wconf 91' lang='lat' dir='ltr'><strong>in</strong></span> <span class='ocrx_word' id='word_1_560' title='bbox 1493 5609 1610 5666; x_wconf 81' lang='lat' dir='ltr'><strong>Vita</strong></span> <span class='ocrx_word' id='word_1_561' title='bbox 1655 5613 1884 5666; x_wconf 85' lang='lat' dir='ltr'><strong>Alcuini.</strong></span> 
     </span>
    </p>
   </div>
   <div class='ocr_carea' id='block_1_79' title="bbox 313 5675 1889 5752">
    <p class='ocr_par' dir='ltr' id='par_1_79' title="bbox 313 5675 1889 5752">
     <span class='ocr_line' id='line_1_80' title="bbox 313 5675 1889 5752; baseline 0.005 -22"><span class='ocrx_word' id='word_1_562' title='bbox 313 5675 805 5752; x_wconf 57' lang='lat' dir='ltr'><strong>lllum&#39;llritannum</strong></span> <span class='ocrx_word' id='word_1_563' title='bbox 823 5675 987 5752; x_wconf 79' lang='lat' dir='ltr'><strong>fuisse</strong></span> <span class='ocrx_word' id='word_1_564' title='bbox 1011 5686 1224 5752; x_wconf 80' lang='lat' dir='ltr'><strong>constat</strong></span> <span class='ocrx_word' id='word_1_565' title='bbox 1241 5696 1304 5752; x_wconf 76' lang='lat' dir='ltr'><strong>ex</strong></span> <span class='ocrx_word' id='word_1_566' title='bbox 1327 5681 1445 5732; x_wconf 82' lang='lat' dir='ltr'><strong>cod.</strong></span> <span class='ocrx_word' id='word_1_567' title='bbox 1467 5679 1686 5744; x_wconf 85' lang='lat' dir='ltr'><strong>Salisb.,</strong></span> <span class='ocrx_word' id='word_1_568' title='bbox 1712 5683 1763 5736; x_wconf 91' lang='lat' dir='ltr'><strong>in</strong></span> <span class='ocrx_word' id='word_1_569' title='bbox 1783 5699 1889 5752; x_wconf 88' lang='lat' dir='ltr'><strong>quo</strong></span> 
     </span>
    </p>
   </div>
   <div class='ocr_carea' id='block_1_80' title="bbox 316 5748 1888 5822">
    <p class='ocr_par' dir='ltr' id='par_1_80' title="bbox 316 5748 1888 5822">
     <span class='ocr_line' id='line_1_81' title="bbox 316 5748 1888 5822; baseline -0.001 -16"><span class='ocrx_word' id='word_1_570' title='bbox 316 5749 482 5822; x_wconf 83' lang='lat' dir='ltr'><strong>regio,</strong></span> <span class='ocrx_word' id='word_1_571' title='bbox 517 5751 666 5820; x_wconf 81' lang='lat' dir='ltr'><strong>cujus</strong></span> <span class='ocrx_word' id='word_1_572' title='bbox 695 5749 902 5806; x_wconf 81' lang='lat' dir='ltr'><strong>initium</strong></span> <span class='ocrx_word' id='word_1_573' title='bbox 932 5749 1090 5820; x_wconf 87' lang='lat' dir='ltr'><strong>hujus</strong></span> <span class='ocrx_word' id='word_1_574' title='bbox 1116 5748 1352 5818; x_wconf 75' lang='lat' dir='ltr'><strong>epistola:</strong></span> <span class='ocrx_word' id='word_1_575' title='bbox 1387 5753 1644 5816; x_wconf 72' lang='lat' dir='ltr'><strong>memii-it,</strong></span> <span class='ocrx_word' id='word_1_576' title='bbox 1675 5748 1888 5806; x_wconf 81' lang='lat' dir='ltr'><strong>Britan-</strong></span> 
     </span>
    </p>
   </div>
   <div class='ocr_carea' id='block_1_81' title="bbox 2029 1862 3149 1936">
    <p class='ocr_par' dir='ltr' id='par_1_81' title="bbox 2029 1862 3149 1936">
     <span class='ocr_line' id='line_1_82' title="bbox 2029 1862 3149 1936; baseline 0.009 -22"><span class='ocrx_word' id='word_1_577' title='bbox 2029 1862 2054 1902; x_wconf 76' lang='grc' dir='ltr'>ἀ</span> <span class='ocrx_word' id='word_1_578' title='bbox 2094 1862 2228 1918; x_wconf 88' lang='lat' dir='ltr'><strong>Filio</strong></span> <span class='ocrx_word' id='word_1_579' title='bbox 2250 1865 2470 1936; x_wconf 86' lang='lat' dir='ltr'><strong>prodigo</strong></span> <span class='ocrx_word' id='word_1_580' title='bbox 2499 1864 2660 1921; x_wconf 86' lang='lat' dir='ltr'><strong>Pater</strong></span> <span class='ocrx_word' id='word_1_581' title='bbox 2687 1865 2872 1936; x_wconf 87' lang='lat' dir='ltr'><strong>lugens</strong></span> <span class='ocrx_word' id='word_1_582' title='bbox 2903 1869 3149 1924; x_wconf 82' lang='lat' dir='ltr'><strong>salutem.</strong></span> 
     </span>
    </p>
   </div>
   <div class='ocr_carea' id='block_1_82' title="bbox 2033 1954 3542 2032">
    <p class='ocr_par' dir='ltr' id='par_1_82' title="bbox 2033 1954 3542 2032">
     <span class='ocr_line' id='line_1_83' title="bbox 2033 1954 3542 2032; baseline 0.008 -24"><span class='ocrx_word' id='word_1_583' title='bbox 2033 1954 2162 2020; x_wconf 83' lang='lat' dir='ltr'><strong>Quis</strong></span> <span class='ocrx_word' id='word_1_584' title='bbox 2185 1956 2329 2008; x_wconf 81' lang='lat' dir='ltr'><strong>dabit</strong></span> <span class='ocrx_word' id='word_1_585' title='bbox 2351 1956 2507 2026; x_wconf 86' lang='lat' dir='ltr'><strong>capiti</strong></span> <span class='ocrx_word' id='word_1_586' title='bbox 2535 1973 2647 2010; x_wconf 87' lang='lat' dir='ltr'><strong>meo</strong></span> <span class='ocrx_word' id='word_1_587' title='bbox 2673 1974 2861 2027; x_wconf 85' lang='lat' dir='ltr'><strong>aquam</strong></span> <span class='ocrx_word' id='word_1_588' title='bbox 2887 1969 2934 2012; x_wconf 84' lang='lat' dir='ltr'><strong>ct</strong></span> <span class='ocrx_word' id='word_1_589' title='bbox 2962 1959 3152 2028; x_wconf 78' lang='lat' dir='ltr'><strong>fontem</strong></span> <span class='ocrx_word' id='word_1_590' title='bbox 3185 1960 3542 2032; x_wconf 83' lang='lat' dir='ltr'><strong>lacrymarum</strong></span> 
     </span>
    </p>
   </div>
   <div class='ocr_carea' id='block_1_83' title="bbox 1960 2047 3539 2124">
    <p class='ocr_par' dir='ltr' id='par_1_83' title="bbox 1960 2047 3539 2124">
     <span class='ocr_line' id='line_1_84' title="bbox 1960 2047 3539 2124; baseline 0.007 -24"><span class='ocrx_word' id='word_1_591' title='bbox 1960 2047 2125 2102; x_wconf 85' lang='lat' dir='ltr'><strong>oculis</strong></span> <span class='ocrx_word' id='word_1_592' title='bbox 2153 2048 2278 2100; x_wconf 88' lang='lat' dir='ltr'><strong>meis</strong></span> <span class='ocrx_word' id='word_1_593' title='bbox 2303 2047 2435 2118; x_wconf 82' lang='lat' dir='ltr'><strong>(Jer.</strong></span> <span class='ocrx_word' id='word_1_594' title='bbox 2462 2063 2538 2112; x_wconf 77' lang='lat' dir='ltr'><strong>1x,</strong></span> <span class='ocrx_word' id='word_1_595' title='bbox 2569 2050 2642 2118; x_wconf 84' lang='lat' dir='ltr'><strong>l),</strong></span> <span class='ocrx_word' id='word_1_596' title='bbox 2667 2057 2725 2102; x_wconf 91' lang='lat' dir='ltr'><strong>ut</strong></span> <span class='ocrx_word' id='word_1_597' title='bbox 2748 2049 3018 2120; x_wconf 84' lang='lat' dir='ltr'><strong>plangam,</strong></span> <span class='ocrx_word' id='word_1_598' title='bbox 3043 2067 3146 2106; x_wconf 91' lang='lat' dir='ltr'><strong>non</strong></span> <span class='ocrx_word' id='word_1_599' title='bbox 3169 2054 3539 2124; x_wconf 86' lang='lat' dir='ltr'><strong>imaginariam</strong></span> 
     </span>
    </p>
   </div>
   <div class='ocr_carea' id='block_1_84' title="bbox 1960 2137 3540 2209">
    <p class='ocr_par' dir='ltr' id='par_1_84' title="bbox 1960 2137 3540 2209">
     <span class='ocr_line' id='line_1_85' title="bbox 1960 2137 3540 2209; baseline 0.004 -18"><span class='ocrx_word' id='word_1_600' title='bbox 1960 2138 2231 2193; x_wconf 87' lang='lat' dir='ltr'><strong>civitatem</strong></span> <span class='ocrx_word' id='word_1_601' title='bbox 2260 2137 2510 2194; x_wconf 66' lang='lat' dir='ltr'><strong>Chaldaaa</strong></span> <span class='ocrx_word' id='word_1_602' title='bbox 2552 2141 2848 2207; x_wconf 86' lang='lat' dir='ltr'><strong>perituram</strong></span> <span class='ocrx_word' id='word_1_603' title='bbox 2892 2141 3130 2206; x_wconf 84' lang='lat' dir='ltr'><strong>ﬂamma,</strong></span> <span class='ocrx_word' id='word_1_604' title='bbox 3160 2145 3255 2197; x_wconf 88' lang='lat' dir='ltr'><strong>sed</strong></span> <span class='ocrx_word' id='word_1_605' title='bbox 3284 2147 3540 2209; x_wconf 86' lang='lat' dir='ltr'><strong>animam,</strong></span> 
     </span>
    </p>
   </div>
   <div class='ocr_carea' id='block_1_85' title="bbox 1960 2228 3543 2303">
    <p class='ocr_par' dir='ltr' id='par_1_85' title="bbox 1960 2228 3543 2303">
     <span class='ocr_line' id='line_1_86' title="bbox 1960 2228 3543 2303; baseline 0.006 -22"><span class='ocrx_word' id='word_1_606' title='bbox 1960 2229 2251 2298; x_wconf 83' lang='lat' dir='ltr'><strong>imaginem</strong></span> <span class='ocrx_word' id='word_1_607' title='bbox 2277 2228 2475 2284; x_wconf 88' lang='lat' dir='ltr'><strong>Christi</strong></span> <span class='ocrx_word' id='word_1_608' title='bbox 2503 2229 2756 2299; x_wconf 77' lang='lat' dir='ltr'><strong>inclytam</strong></span> <span class='ocrx_word' id='word_1_609' title='bbox 2777 2270 2790 2294; x_wconf 87' lang='lat'><strong>,</strong></span> <span class='ocrx_word' id='word_1_610' title='bbox 2819 2240 2875 2284; x_wconf 90' lang='lat' dir='ltr'><strong>et</strong></span> <span class='ocrx_word' id='word_1_611' title='bbox 2897 2230 3104 2287; x_wconf 86' lang='lat' dir='ltr'><strong>inﬁnita</strong></span> <span class='ocrx_word' id='word_1_612' title='bbox 3133 2249 3543 2303; x_wconf 74' lang='lat' dir='ltr'><strong>permanserant</strong></span> 
     </span>
    </p>
   </div>
   <div class='ocr_carea' id='block_1_86' title="bbox 1959 2323 3544 2398">
    <p class='ocr_par' dir='ltr' id='par_1_86' title="bbox 1959 2323 3544 2398">
     <span class='ocr_line' id='line_1_87' title="bbox 1959 2323 3544 2398; baseline 0.006 -22"><span class='ocrx_word' id='word_1_613' title='bbox 1959 2323 2294 2377; x_wconf 74' lang='lat' dir='ltr'><strong>aeternitate?</strong></span> <span class='ocrx_word' id='word_1_614' title='bbox 2322 2323 2461 2377; x_wconf 86' lang='lat' dir='ltr'><strong>Heu!</strong></span> <span class='ocrx_word' id='word_1_615' title='bbox 2496 2324 2631 2380; x_wconf 89' lang='lat' dir='ltr'><strong>heu!</strong></span> <span class='ocrx_word' id='word_1_616' title='bbox 2664 2324 2844 2379; x_wconf 77' lang='lat' dir='ltr'><strong>infelix</strong></span> <span class='ocrx_word' id='word_1_617' title='bbox 2874 2327 3088 2381; x_wconf 86' lang='lat' dir='ltr'><strong>anima!</strong></span> <span class='ocrx_word' id='word_1_618' title='bbox 3121 2343 3186 2382; x_wconf 91' lang='lat' dir='ltr'><strong>ex</strong></span> <span class='ocrx_word' id='word_1_619' title='bbox 3218 2330 3390 2398; x_wconf 89' lang='lat' dir='ltr'><strong>pretio</strong></span> <span class='ocrx_word' id='word_1_620' title='bbox 3417 2345 3544 2386; x_wconf 83' lang='lat' dir='ltr'><strong>san-</strong></span> 
     </span>
    </p>
   </div>
   <div class='ocr_carea' id='block_1_87' title="bbox 1959 2413 3548 2490">
    <p class='ocr_par' dir='ltr' id='par_1_87' title="bbox 1959 2413 3548 2490">
     <span class='ocr_line' id='line_1_88' title="bbox 1959 2413 3548 2490; baseline 0.004 -24"><span class='ocrx_word' id='word_1_621' title='bbox 1959 2414 2135 2483; x_wconf 85' lang='lat' dir='ltr'><strong>guinis</strong></span> <span class='ocrx_word' id='word_1_622' title='bbox 2183 2413 2382 2468; x_wconf 88' lang='lat' dir='ltr'><strong>Christi</strong></span> <span class='ocrx_word' id='word_1_623' title='bbox 2431 2415 2624 2470; x_wconf 91' lang='lat' dir='ltr'><strong>nobilis</strong></span> <span class='ocrx_word' id='word_1_624' title='bbox 2650 2455 2665 2479; x_wconf 90' lang='lat'><strong>,</strong></span> <span class='ocrx_word' id='word_1_625' title='bbox 2716 2416 2809 2470; x_wconf 90' lang='lat' dir='ltr'><strong>sed</strong></span> <span class='ocrx_word' id='word_1_626' title='bbox 2863 2431 2928 2470; x_wconf 87' lang='lat' dir='ltr'><strong>ex</strong></span> <span class='ocrx_word' id='word_1_627' title='bbox 2977 2417 3182 2486; x_wconf 88' lang='lat' dir='ltr'><strong>peccati</strong></span> <span class='ocrx_word' id='word_1_628' title='bbox 3230 2419 3548 2490; x_wconf 82' lang='lat' dir='ltr'><strong>contagione</strong></span> 
     </span>
    </p>
   </div>
   <div class='ocr_carea' id='block_1_88' title="bbox 1961 2503 3548 2577">
    <p class='ocr_par' dir='ltr' id='par_1_88' title="bbox 1961 2503 3548 2577">
     <span class='ocr_line' id='line_1_89' title="bbox 1961 2503 3548 2577; baseline 0.003 -21"><span class='ocrx_word' id='word_1_629' title='bbox 1961 2503 2210 2572; x_wconf 90' lang='lat' dir='ltr'><strong>ignobilis</strong></span> <span class='ocrx_word' id='word_1_630' title='bbox 2249 2521 2260 2555; x_wconf 95' lang='lat'><strong>:</strong></span> <span class='ocrx_word' id='word_1_631' title='bbox 2305 2519 2476 2572; x_wconf 89' lang='lat' dir='ltr'><strong>quare</strong></span> <span class='ocrx_word' id='word_1_632' title='bbox 2524 2503 2846 2574; x_wconf 87' lang='lat' dir='ltr'><strong>dcreliquisti</strong></span> <span class='ocrx_word' id='word_1_633' title='bbox 2892 2505 3083 2574; x_wconf 71' lang='lat' dir='ltr'><strong>[omam</strong></span> <span class='ocrx_word' id='word_1_634' title='bbox 3125 2509 3242 2561; x_wconf 75' lang='lat' dir='ltr'><strong>vita:</strong></span> <span class='ocrx_word' id='word_1_635' title='bbox 3281 2519 3328 2561; x_wconf 85' lang='lat' dir='ltr'><strong>et</strong></span> <span class='ocrx_word' id='word_1_636' title='bbox 3367 2510 3436 2577; x_wconf 78' lang='lat' dir='ltr'><strong>fa;</strong></span> <span class='ocrx_word' id='word_1_637' title='bbox 3460 2510 3548 2562; x_wconf 82' lang='lat' dir='ltr'><strong>isti</strong></span> 
     </span>
    </p>
   </div>
   <div class='ocr_carea' id='block_1_89' title="bbox 1961 2592 3548 2664">
    <p class='ocr_par' dir='ltr' id='par_1_89' title="bbox 1961 2592 3548 2664">
     <span class='ocr_line' id='line_1_90' title="bbox 1961 2592 3548 2664; baseline 0.006 -21"><span class='ocrx_word' id='word_1_638' title='bbox 1961 2592 2052 2644; x_wconf 84' lang='lat' dir='ltr'><strong>tibi</strong></span> <span class='ocrx_word' id='word_1_639' title='bbox 2079 2593 2329 2647; x_wconf 76' lang='lat' dir='ltr'><strong>cisternas</strong></span> <span class='ocrx_word' id='word_1_640' title='bbox 2355 2593 2633 2660; x_wconf 86' lang='lat' dir='ltr'><strong>dissipatas</strong></span> <span class='ocrx_word' id='word_1_641' title='bbox 2657 2593 2872 2657; x_wconf 80' lang='lat' dir='ltr'><strong>(Jercm.</strong></span> <span class='ocrx_word' id='word_1_642' title='bbox 2905 2611 2977 2660; x_wconf 87' lang='grc' dir='ltr'>ιι,</span> <span class='ocrx_word' id='word_1_643' title='bbox 3011 2595 3136 2664; x_wconf 74' lang='lat'><strong>15)?</strong></span> <span class='ocrx_word' id='word_1_644' title='bbox 3163 2596 3458 2661; x_wconf 85' lang='lat' dir='ltr'><strong>Cisternas,</strong></span> <span class='ocrx_word' id='word_1_645' title='bbox 3491 2599 3548 2652; x_wconf 89' lang='lat' dir='ltr'><strong>in</strong></span> 
     </span>
    </p>
   </div>
   <div class='ocr_carea' id='block_1_90' title="bbox 1961 2681 3548 2752">
    <p class='ocr_par' dir='ltr' id='par_1_90' title="bbox 1961 2681 3548 2752">
     <span class='ocr_line' id='line_1_91' title="bbox 1961 2681 3548 2752; baseline 0.003 -19"><span class='ocrx_word' id='word_1_646' title='bbox 1961 2681 2154 2750; x_wconf 89' lang='lat' dir='ltr'><strong>quibus</strong></span> <span class='ocrx_word' id='word_1_647' title='bbox 2178 2696 2283 2735; x_wconf 91' lang='lat' dir='ltr'><strong>non</strong></span> <span class='ocrx_word' id='word_1_648' title='bbox 2312 2690 2395 2735; x_wconf 88' lang='lat' dir='ltr'><strong>est</strong></span> <span class='ocrx_word' id='word_1_649' title='bbox 2421 2697 2561 2750; x_wconf 88' lang='lat' dir='ltr'><strong>aqua</strong></span> <span class='ocrx_word' id='word_1_650' title='bbox 2602 2681 2814 2745; x_wconf 88' lang='lat' dir='ltr'><strong>salutis,</strong></span> <span class='ocrx_word' id='word_1_651' title='bbox 2844 2682 2937 2736; x_wconf 87' lang='lat' dir='ltr'><strong>sed</strong></span> <span class='ocrx_word' id='word_1_652' title='bbox 2977 2682 3316 2739; x_wconf 82' lang='lat' dir='ltr'><strong>volutabrum</strong></span> <span class='ocrx_word' id='word_1_653' title='bbox 3354 2699 3548 2752; x_wconf 87' lang='lat' dir='ltr'><strong>porco-</strong></span> 
     </span>
    </p>
   </div>
   <div class='ocr_carea' id='block_1_91' title="bbox 1963 2771 3548 2844">
    <p class='ocr_par' dir='ltr' id='par_1_91' title="bbox 1963 2771 3548 2844">
     <span class='ocr_line' id='line_1_92' title="bbox 1963 2771 3548 2844; baseline 0.003 -19"><span class='ocrx_word' id='word_1_654' title='bbox 1963 2787 2082 2825; x_wconf 90' lang='lat' dir='ltr'><strong>rum</strong></span> <span class='ocrx_word' id='word_1_655' title='bbox 2107 2771 2300 2842; x_wconf 80' lang='lat' dir='ltr'><strong>[Edit.,</strong></span> <span class='ocrx_word' id='word_1_656' title='bbox 2324 2771 2623 2842; x_wconf 86' lang='lat' dir='ltr'><strong>pecorum].</strong></span> <span class='ocrx_word' id='word_1_657' title='bbox 2650 2772 2828 2838; x_wconf 86' lang='lat' dir='ltr'><strong>Quare</strong></span> <span class='ocrx_word' id='word_1_658' title='bbox 2853 2773 3100 2828; x_wconf 91' lang='lat' dir='ltr'><strong>dimisisti</strong></span> <span class='ocrx_word' id='word_1_659' title='bbox 3124 2782 3356 2843; x_wconf 84' lang='lat' dir='ltr'><strong>patrem,</strong></span> <span class='ocrx_word' id='word_1_660' title='bbox 3379 2776 3469 2844; x_wconf 88' lang='lat' dir='ltr'><strong>qui</strong></span> <span class='ocrx_word' id='word_1_661' title='bbox 3495 2783 3548 2830; x_wconf 88' lang='lat' dir='ltr'><strong>te</strong></span> 
     </span>
    </p>
   </div>
   <div class='ocr_carea' id='block_1_92' title="bbox 1963 2859 3549 2931">
    <p class='ocr_par' dir='ltr' id='par_1_92' title="bbox 1963 2859 3549 2931">
     <span class='ocr_line' id='line_1_93' title="bbox 1963 2859 3549 2931; baseline 0.001 -16"><span class='ocrx_word' id='word_1_662' title='bbox 1963 2861 2032 2915; x_wconf 91' lang='lat' dir='ltr'><strong>ab</strong></span> <span class='ocrx_word' id='word_1_663' title='bbox 2058 2859 2284 2914; x_wconf 83' lang='lat' dir='ltr'><strong>infantia</strong></span> <span class='ocrx_word' id='word_1_664' title='bbox 2312 2861 2565 2925; x_wconf 87' lang='lat' dir='ltr'><strong>erudivit,</strong></span> <span class='ocrx_word' id='word_1_665' title='bbox 2589 2862 2678 2931; x_wconf 93' lang='lat' dir='ltr'><strong>qui</strong></span> <span class='ocrx_word' id='word_1_666' title='bbox 2709 2870 2759 2915; x_wconf 92' lang='lat' dir='ltr'><strong>te</strong></span> <span class='ocrx_word' id='word_1_667' title='bbox 2787 2861 3080 2931; x_wconf 88' lang='lat' dir='ltr'><strong>disciplinis</strong></span> <span class='ocrx_word' id='word_1_668' title='bbox 3106 2863 3416 2917; x_wconf 87' lang='lat' dir='ltr'><strong>liberalibus</strong></span> <span class='ocrx_word' id='word_1_669' title='bbox 3445 2864 3549 2917; x_wconf 89' lang='lat' dir='ltr'><strong>im-</strong></span> 
     </span>
    </p>
   </div>
   <div class='ocr_carea' id='block_1_93' title="bbox 1962 2951 3549 3024">
    <p class='ocr_par' dir='ltr' id='par_1_93' title="bbox 1962 2951 3549 3024">
     <span class='ocr_line' id='line_1_94' title="bbox 1962 2951 3549 3024; baseline 0.002 -18"><span class='ocrx_word' id='word_1_670' title='bbox 1962 2951 2116 3018; x_wconf 87' lang='lat' dir='ltr'><strong>buit,</strong></span> <span class='ocrx_word' id='word_1_671' title='bbox 2162 2952 2400 3007; x_wconf 90' lang='lat' dir='ltr'><strong>moribus</strong></span> <span class='ocrx_word' id='word_1_672' title='bbox 2446 2953 2736 3017; x_wconf 81' lang='lat' dir='ltr'><strong>instruxit,</strong></span> <span class='ocrx_word' id='word_1_673' title='bbox 2783 2962 3053 3022; x_wconf 71' lang='lat' dir='ltr'><strong>perpetuae</strong></span> <span class='ocrx_word' id='word_1_674' title='bbox 3099 2955 3221 3008; x_wconf 64' lang='lat' dir='ltr'><strong>vita:</strong></span> <span class='ocrx_word' id='word_1_675' title='bbox 3266 2954 3549 3024; x_wconf 78' lang='lat' dir='ltr'><strong>przeceptis</strong></span> 
     </span>
    </p>
   </div>
   <div class='ocr_carea' id='block_1_94' title="bbox 1965 3041 3546 3112">
    <p class='ocr_par' dir='ltr' id='par_1_94' title="bbox 1965 3041 3546 3112">
     <span class='ocr_line' id='line_1_95' title="bbox 1965 3041 3546 3112; baseline 0 -16"><span class='ocrx_word' id='word_1_676' title='bbox 1965 3042 2208 3106; x_wconf 89' lang='lat' dir='ltr'><strong>munivit,</strong></span> <span class='ocrx_word' id='word_1_677' title='bbox 2239 3049 2294 3096; x_wconf 88' lang='lat' dir='ltr'><strong>et</strong></span> <span class='ocrx_word' id='word_1_678' title='bbox 2325 3041 2550 3108; x_wconf 85' lang='lat' dir='ltr'><strong>junxisti</strong></span> <span class='ocrx_word' id='word_1_679' title='bbox 2592 3049 2643 3096; x_wconf 89' lang='lat' dir='ltr'><strong>te</strong></span> <span class='ocrx_word' id='word_1_680' title='bbox 2675 3049 2974 3096; x_wconf 78' lang='lat' dir='ltr'><strong>scortorum</strong></span> <span class='ocrx_word' id='word_1_681' title='bbox 3019 3042 3289 3112; x_wconf 89' lang='lat' dir='ltr'><strong>gregibus,</strong></span> <span class='ocrx_word' id='word_1_682' title='bbox 3331 3050 3546 3111; x_wconf 85' lang='lat' dir='ltr'><strong>potato-</strong></span> 
     </span>
    </p>
   </div>
   <div class='ocr_carea' id='block_1_95' title="bbox 1964 3131 3548 3202">
    <p class='ocr_par' dir='ltr' id='par_1_95' title="bbox 1964 3131 3548 3202">
     <span class='ocr_line' id='line_1_96' title="bbox 1964 3131 3548 3202; baseline -0.002 -14"><span class='ocrx_word' id='word_1_683' title='bbox 1964 3149 2081 3188; x_wconf 88' lang='lat' dir='ltr'><strong>rum</strong></span> <span class='ocrx_word' id='word_1_684' title='bbox 2123 3134 2401 3196; x_wconf 83' lang='lat' dir='ltr'><strong>conviviis,</strong></span> <span class='ocrx_word' id='word_1_685' title='bbox 2433 3132 2853 3202; x_wconf 86' lang='lat' dir='ltr'><strong>superbientium</strong></span> <span class='ocrx_word' id='word_1_686' title='bbox 2879 3131 3241 3185; x_wconf 87' lang='lat' dir='ltr'><strong>vanitatibus?</strong></span> <span class='ocrx_word' id='word_1_687' title='bbox 3275 3131 3460 3186; x_wconf 89' lang='lat' dir='ltr'><strong>Nonne</strong></span> <span class='ocrx_word' id='word_1_688' title='bbox 3492 3139 3548 3185; x_wconf 89' lang='lat' dir='ltr'><strong>tu</strong></span> 
     </span>
    </p>
   </div>
   <div class='ocr_carea' id='block_1_96' title="bbox 1962 3223 3549 3290">
    <p class='ocr_par' dir='ltr' id='par_1_96' title="bbox 1962 3223 3549 3290">
     <span class='ocr_line' id='line_1_97' title="bbox 1962 3223 3549 3290; baseline -0.003 -10"><span class='ocrx_word' id='word_1_689' title='bbox 1962 3241 2023 3280; x_wconf 90' lang='lat' dir='ltr'><strong>es</strong></span> <span class='ocrx_word' id='word_1_690' title='bbox 2064 3225 2489 3279; x_wconf 84' lang='lat' dir='ltr'><strong>adolescentulus</strong></span> <span class='ocrx_word' id='word_1_691' title='bbox 2530 3224 2637 3290; x_wconf 79' lang='lat' dir='ltr'><strong>ille,</strong></span> <span class='ocrx_word' id='word_1_692' title='bbox 2679 3225 2919 3279; x_wconf 90' lang='lat' dir='ltr'><strong>omnium</strong></span> <span class='ocrx_word' id='word_1_693' title='bbox 2957 3238 3050 3278; x_wconf 91' lang='lat' dir='ltr'><strong>ore</strong></span> <span class='ocrx_word' id='word_1_694' title='bbox 3089 3223 3392 3288; x_wconf 89' lang='lat' dir='ltr'><strong>laudabilis,</strong></span> <span class='ocrx_word' id='word_1_695' title='bbox 3429 3238 3549 3278; x_wconf 90' lang='lat' dir='ltr'><strong>om-</strong></span> 
     </span>
    </p>
   </div>
   <div class='ocr_carea' id='block_1_97' title="bbox 1963 3312 3553 3379">
    <p class='ocr_par' dir='ltr' id='par_1_97' title="bbox 1963 3312 3553 3379">
     <span class='ocr_line' id='line_1_98' title="bbox 1963 3312 3553 3379; baseline -0.003 -9"><span class='ocrx_word' id='word_1_696' title='bbox 1963 3317 2109 3370; x_wconf 90' lang='lat' dir='ltr'><strong>nium</strong></span> <span class='ocrx_word' id='word_1_697' title='bbox 2139 3314 2308 3370; x_wconf 87' lang='lat' dir='ltr'><strong>oculis</strong></span> <span class='ocrx_word' id='word_1_698' title='bbox 2335 3315 2602 3379; x_wconf 88' lang='lat' dir='ltr'><strong>amabilis,</strong></span> <span class='ocrx_word' id='word_1_699' title='bbox 2631 3315 2872 3368; x_wconf 89' lang='lat' dir='ltr'><strong>omnium</strong></span> <span class='ocrx_word' id='word_1_700' title='bbox 2899 3314 3120 3369; x_wconf 89' lang='lat' dir='ltr'><strong>auribus</strong></span> <span class='ocrx_word' id='word_1_701' title='bbox 3148 3312 3553 3368; x_wconf 85' lang='lat' dir='ltr'><strong>desiderabilis?</strong></span> 
     </span>
    </p>
   </div>
   <div class='ocr_carea' id='block_1_98' title="bbox 1965 3405 3550 3474">
    <p class='ocr_par' dir='ltr' id='par_1_98' title="bbox 1965 3405 3550 3474">
     <span class='ocr_line' id='line_1_99' title="bbox 1965 3405 3550 3474; baseline -0.004 -11"><span class='ocrx_word' id='word_1_702' title='bbox 1965 3408 2105 3463; x_wconf 77' lang='lat' dir='ltr'><strong>lien!</strong></span> <span class='ocrx_word' id='word_1_703' title='bbox 2155 3408 2289 3463; x_wconf 87' lang='lat' dir='ltr'><strong>heu!</strong></span> <span class='ocrx_word' id='word_1_704' title='bbox 2342 3422 2484 3461; x_wconf 90' lang='lat' dir='ltr'><strong>nunc</strong></span> <span class='ocrx_word' id='word_1_705' title='bbox 2511 3407 2749 3461; x_wconf 90' lang='lat' dir='ltr'><strong>omnium</strong></span> <span class='ocrx_word' id='word_1_706' title='bbox 2793 3419 2888 3463; x_wconf 88' lang='lat' dir='ltr'><strong>ore</strong></span> <span class='ocrx_word' id='word_1_707' title='bbox 2930 3405 3386 3474; x_wconf 88' lang='lat' dir='ltr'><strong>reprehensibilis,</strong></span> <span class='ocrx_word' id='word_1_708' title='bbox 3430 3419 3550 3458; x_wconf 86' lang='lat' dir='ltr'><strong>om-</strong></span> 
     </span>
    </p>
   </div>
   <div class='ocr_carea' id='block_1_99' title="bbox 1964 3497 3547 3564">
    <p class='ocr_par' dir='ltr' id='par_1_99' title="bbox 1964 3497 3547 3564">
     <span class='ocr_line' id='line_1_100' title="bbox 1964 3497 3547 3564; baseline -0.003 -9"><span class='ocrx_word' id='word_1_709' title='bbox 1964 3501 2110 3564; x_wconf 82' lang='lat' dir='ltr'><strong>nium</strong></span> <span class='ocrx_word' id='word_1_710' title='bbox 2134 3501 2302 3559; x_wconf 87' lang='lat' dir='ltr'><strong>oculis</strong></span> <span class='ocrx_word' id='word_1_711' title='bbox 2316 3500 2687 3564; x_wconf 88' lang='lat' dir='ltr'><strong>exsecrabilis,</strong></span> <span class='ocrx_word' id='word_1_712' title='bbox 2706 3500 2942 3554; x_wconf 90' lang='lat' dir='ltr'><strong>omnium</strong></span> <span class='ocrx_word' id='word_1_713' title='bbox 2968 3499 3186 3552; x_wconf 90' lang='lat' dir='ltr'><strong>auribus</strong></span> <span class='ocrx_word' id='word_1_714' title='bbox 3199 3497 3547 3557; x_wconf 87' lang='lat' dir='ltr'><strong>detestabilis.</strong></span> 
     </span>
    </p>
   </div>
   <div class='ocr_carea' id='block_1_100' title="bbox 1965 3584 3550 3659">
    <p class='ocr_par' dir='ltr' id='par_1_100' title="bbox 1965 3584 3550 3659">
     <span class='ocr_line' id='line_1_101' title="bbox 1965 3584 3550 3659; baseline -0.005 -13"><span class='ocrx_word' id='word_1_715' title='bbox 1965 3591 2097 3659; x_wconf 82' lang='lat' dir='ltr'><strong>Quis</strong></span> <span class='ocrx_word' id='word_1_716' title='bbox 2123 3601 2174 3648; x_wconf 90' lang='lat' dir='ltr'><strong>te</strong></span> <span class='ocrx_word' id='word_1_717' title='bbox 2197 3593 2275 3647; x_wconf 88' lang='lat' dir='ltr'><strong>sic</strong></span> <span class='ocrx_word' id='word_1_718' title='bbox 2300 3591 2578 3654; x_wconf 87' lang='lat' dir='ltr'><strong>subvertit,</strong></span> <span class='ocrx_word' id='word_1_719' title='bbox 2605 3591 2704 3647; x_wconf 90' lang='lat' dir='ltr'><strong>nisi</strong></span> <span class='ocrx_word' id='word_1_720' title='bbox 2729 3589 2962 3643; x_wconf 91' lang='lat' dir='ltr'><strong>ebrietas</strong></span> <span class='ocrx_word' id='word_1_721' title='bbox 2981 3596 3035 3641; x_wconf 90' lang='lat' dir='ltr'><strong>et</strong></span> <span class='ocrx_word' id='word_1_722' title='bbox 3059 3586 3301 3640; x_wconf 84' lang='lat' dir='ltr'><strong>luxnria?</strong></span> <span class='ocrx_word' id='word_1_723' title='bbox 3325 3584 3454 3650; x_wconf 87' lang='lat' dir='ltr'><strong>Quis</strong></span> <span class='ocrx_word' id='word_1_724' title='bbox 3476 3593 3550 3649; x_wconf 91' lang='lat' dir='ltr'><strong>te,</strong></span> 
     </span>
    </p>
   </div>
   <div class='ocr_carea' id='block_1_101' title="bbox 1965 3674 3554 3752">
    <p class='ocr_par' dir='ltr' id='par_1_101' title="bbox 1965 3674 3554 3752">
     <span class='ocr_line' id='line_1_102' title="bbox 1965 3674 3554 3752; baseline -0.004 -17"><span class='ocrx_word' id='word_1_725' title='bbox 1965 3681 2200 3737; x_wconf 81' lang='lat' dir='ltr'><strong>formose</strong></span> <span class='ocrx_word' id='word_1_726' title='bbox 2226 3697 2379 3752; x_wconf 89' lang='lat' dir='ltr'><strong>puer,</strong></span> <span class='ocrx_word' id='word_1_727' title='bbox 2404 3680 2543 3734; x_wconf 88' lang='lat' dir='ltr'><strong>ﬁlius</strong></span> <span class='ocrx_word' id='word_1_728' title='bbox 2571 3677 2843 3739; x_wconf 65' lang='lat' dir='ltr'><strong>Ecclesiae,</strong></span> <span class='ocrx_word' id='word_1_729' title='bbox 2872 3675 3176 3728; x_wconf 81' lang='lat' dir='ltr'><strong>venerabile</strong></span> <span class='ocrx_word' id='word_1_730' title='bbox 3205 3674 3406 3738; x_wconf 89' lang='lat' dir='ltr'><strong>lumen,</strong></span> <span class='ocrx_word' id='word_1_731' title='bbox 3428 3689 3554 3744; x_wconf 84' lang='lat' dir='ltr'><strong>per-</strong></span> 
     </span>
    </p>
   </div>
   <div class='ocr_carea' id='block_1_102' title="bbox 1967 3766 3552 3842">
    <p class='ocr_par' dir='ltr' id='par_1_102' title="bbox 1967 3766 3552 3842">
     <span class='ocr_line' id='line_1_103' title="bbox 1967 3766 3552 3842; baseline -0.007 -12"><span class='ocrx_word' id='word_1_732' title='bbox 1967 3779 2138 3831; x_wconf 89' lang='lat' dir='ltr'><strong>suasit</strong></span> <span class='ocrx_word' id='word_1_733' title='bbox 2159 3787 2351 3842; x_wconf 89' lang='lat' dir='ltr'><strong>porcos</strong></span> <span class='ocrx_word' id='word_1_734' title='bbox 2371 3784 2613 3840; x_wconf 87' lang='lat' dir='ltr'><strong>pascere,</strong></span> <span class='ocrx_word' id='word_1_735' title='bbox 2629 3769 2695 3822; x_wconf 91' lang='lat' dir='ltr'><strong>de</strong></span> <span class='ocrx_word' id='word_1_736' title='bbox 2716 3767 2924 3837; x_wconf 89' lang='lat' dir='ltr'><strong>siliquis</strong></span> <span class='ocrx_word' id='word_1_737' title='bbox 2943 3782 3130 3822; x_wconf 86' lang='lat' dir='ltr'><strong>eorum</strong></span> <span class='ocrx_word' id='word_1_738' title='bbox 3149 3766 3341 3821; x_wconf 88' lang='lat' dir='ltr'><strong>edere?</strong></span> <span class='ocrx_word' id='word_1_739' title='bbox 3359 3766 3552 3838; x_wconf 85' lang='lat' dir='ltr'><strong>Surge,</strong></span> 
     </span>
    </p>
   </div>
   <div class='ocr_carea' id='block_1_103' title="bbox 1970 3857 3553 3933">
    <p class='ocr_par' dir='ltr' id='par_1_103' title="bbox 1970 3857 3553 3933">
     <span class='ocr_line' id='line_1_104' title="bbox 1970 3857 3553 3933; baseline -0.005 -14"><span class='ocrx_word' id='word_1_740' title='bbox 1970 3865 2076 3929; x_wconf 90' lang='lat' dir='ltr'><strong>ﬁli,</strong></span> <span class='ocrx_word' id='word_1_741' title='bbox 2109 3877 2269 3933; x_wconf 86' lang='lat' dir='ltr'><strong>surge</strong></span> <span class='ocrx_word' id='word_1_742' title='bbox 2297 3870 2351 3918; x_wconf 89' lang='lat' dir='ltr'><strong>et</strong></span> <span class='ocrx_word' id='word_1_743' title='bbox 2387 3867 2660 3915; x_wconf 86' lang='lat' dir='ltr'><strong>revertere</strong></span> <span class='ocrx_word' id='word_1_744' title='bbox 2691 3857 2758 3912; x_wconf 86' lang='lat' dir='ltr'><strong>ad</strong></span> <span class='ocrx_word' id='word_1_745' title='bbox 2793 3866 3005 3926; x_wconf 85' lang='lat' dir='ltr'><strong>patrem</strong></span> <span class='ocrx_word' id='word_1_746' title='bbox 3035 3866 3215 3921; x_wconf 91' lang='lat' dir='ltr'><strong>tuum,</strong></span> <span class='ocrx_word' id='word_1_747' title='bbox 3253 3866 3310 3912; x_wconf 88' lang='lat' dir='ltr'><strong>et</strong></span> <span class='ocrx_word' id='word_1_748' title='bbox 3337 3857 3425 3912; x_wconf 91' lang='lat' dir='ltr'><strong>dic</strong></span> <span class='ocrx_word' id='word_1_749' title='bbox 3450 3872 3553 3912; x_wconf 78' lang='lat' dir='ltr'><strong>sue-</strong></span> 
     </span>
    </p>
   </div>
   <div class='ocr_carea' id='block_1_104' title="bbox 1967 3945 3553 4023">
    <p class='ocr_par' dir='ltr' id='par_1_104' title="bbox 1967 3945 3553 4023">
     <span class='ocr_line' id='line_1_105' title="bbox 1967 3945 3553 4023; baseline -0.008 -15"><span class='ocrx_word' id='word_1_750' title='bbox 1967 3955 2111 4023; x_wconf 88' lang='lat' dir='ltr'><strong>pius,</strong></span> <span class='ocrx_word' id='word_1_751' title='bbox 2137 3967 2242 4006; x_wconf 90' lang='lat' dir='ltr'><strong>non</strong></span> <span class='ocrx_word' id='word_1_752' title='bbox 2269 3948 2434 4008; x_wconf 84' lang='lat' dir='ltr'><strong>semel</strong></span> <span class='ocrx_word' id='word_1_753' title='bbox 2460 3967 2472 4002; x_wconf 89' lang='lat'><strong>:</strong></span> <span class='ocrx_word' id='word_1_754' title='bbox 2501 3947 2660 4004; x_wconf 84' lang='lat' dir='ltr'><strong>Pater</strong></span> <span class='ocrx_word' id='word_1_755' title='bbox 2682 3946 2886 4017; x_wconf 80' lang='lat' dir='ltr'><strong>peccari</strong></span> <span class='ocrx_word' id='word_1_756' title='bbox 2915 3945 2970 3998; x_wconf 85' lang='lat' dir='ltr'><strong>in</strong></span> <span class='ocrx_word' id='word_1_757' title='bbox 2997 3945 3180 4002; x_wconf 70' lang='lat' dir='ltr'><strong>caelum</strong></span> <span class='ocrx_word' id='word_1_758' title='bbox 3208 3955 3256 3998; x_wconf 84' lang='lat' dir='ltr'><strong>et</strong></span> <span class='ocrx_word' id='word_1_759' title='bbox 3282 3962 3457 4003; x_wconf 81' lang='lat' dir='ltr'><strong>coram</strong></span> <span class='ocrx_word' id='word_1_760' title='bbox 3480 3955 3553 4009; x_wconf 83' lang='lat' dir='ltr'><strong>te,</strong></span> 
     </span>
    </p>
   </div>
   <div class='ocr_carea' id='block_1_105' title="bbox 1969 4034 3552 4109">
    <p class='ocr_par' dir='ltr' id='par_1_105' title="bbox 1969 4034 3552 4109">
     <span class='ocr_line' id='line_1_106' title="bbox 1969 4034 3552 4109; baseline -0.008 -10"><span class='ocrx_word' id='word_1_761' title='bbox 1969 4054 2016 4098; x_wconf 84' lang='lat' dir='ltr'><strong>et</strong></span> <span class='ocrx_word' id='word_1_762' title='bbox 2037 4043 2152 4098; x_wconf 88' lang='lat' dir='ltr'><strong>ideo</strong></span> <span class='ocrx_word' id='word_1_763' title='bbox 2175 4059 2278 4096; x_wconf 87' lang='lat' dir='ltr'><strong>non</strong></span> <span class='ocrx_word' id='word_1_764' title='bbox 2299 4057 2413 4095; x_wconf 87' lang='lat' dir='ltr'><strong>sum</strong></span> <span class='ocrx_word' id='word_1_765' title='bbox 2438 4039 2626 4109; x_wconf 80' lang='lat' dir='ltr'><strong>dignus</strong></span> <span class='ocrx_word' id='word_1_766' title='bbox 2649 4037 2822 4092; x_wconf 84' lang='lat' dir='ltr'><strong>vocari</strong></span> <span class='ocrx_word' id='word_1_767' title='bbox 2843 4035 2986 4104; x_wconf 79' lang='lat' dir='ltr'><strong>ﬁlius</strong></span> <span class='ocrx_word' id='word_1_768' title='bbox 3009 4044 3129 4088; x_wconf 82' lang='lat' dir='ltr'><strong>tuus</strong></span> <span class='ocrx_word' id='word_1_769' title='bbox 3153 4034 3302 4105; x_wconf 84' lang='lat' dir='ltr'><strong>(Luc.</strong></span> <span class='ocrx_word' id='word_1_770' title='bbox 3327 4050 3418 4098; x_wconf 87' lang='lat' dir='ltr'><strong>xv,</strong></span> <span class='ocrx_word' id='word_1_771' title='bbox 3439 4034 3552 4104; x_wconf 72' lang='lat'><strong>2|).</strong></span> 
     </span>
    </p>
   </div>
   <div class='ocr_carea' id='block_1_106' title="bbox 1970 4125 3555 4200">
    <p class='ocr_par' dir='ltr' id='par_1_106' title="bbox 1970 4125 3555 4200">
     <span class='ocr_line' id='line_1_107' title="bbox 1970 4125 3555 4200; baseline -0.009 -10"><span class='ocrx_word' id='word_1_772' title='bbox 1970 4137 2154 4190; x_wconf 82' lang='lat' dir='ltr'><strong>Adhuc</strong></span> <span class='ocrx_word' id='word_1_773' title='bbox 2180 4133 2440 4188; x_wconf 65' lang='lat' dir='ltr'><strong>modicum</strong></span> <span class='ocrx_word' id='word_1_774' title='bbox 2486 4129 2650 4200; x_wconf 74' lang='lat'><strong>219</strong></span> <span class='ocrx_word' id='word_1_775' title='bbox 2693 4127 2867 4182; x_wconf 84' lang='lat' dir='ltr'><strong>lumen</strong></span> <span class='ocrx_word' id='word_1_776' title='bbox 2905 4136 2978 4181; x_wconf 86' lang='lat' dir='ltr'><strong>est</strong></span> <span class='ocrx_word' id='word_1_777' title='bbox 3020 4127 3073 4180; x_wconf 84' lang='lat' dir='ltr'><strong>in</strong></span> <span class='ocrx_word' id='word_1_778' title='bbox 3117 4135 3188 4189; x_wconf 84' lang='lat' dir='ltr'><strong>te,</strong></span> <span class='ocrx_word' id='word_1_779' title='bbox 3217 4141 3384 4187; x_wconf 86' lang='lat' dir='ltr'><strong>curre,</strong></span> <span class='ocrx_word' id='word_1_780' title='bbox 3429 4125 3555 4182; x_wconf 84' lang='lat' dir='ltr'><strong>dum</strong></span> 
     </span>
    </p>
   </div>
   <div class='ocr_carea' id='block_1_107' title="bbox 1971 4215 3555 4287">
    <p class='ocr_par' dir='ltr' id='par_1_107' title="bbox 1971 4215 3555 4287">
     <span class='ocr_line' id='line_1_108' title="bbox 1971 4215 3555 4287; baseline -0.006 -9"><span class='ocrx_word' id='word_1_781' title='bbox 1971 4226 2137 4278; x_wconf 86' lang='lat' dir='ltr'><strong>lucem</strong></span> <span class='ocrx_word' id='word_1_782' title='bbox 2175 4222 2348 4284; x_wconf 82' lang='lat' dir='ltr'><strong>habes,</strong></span> <span class='ocrx_word' id='word_1_783' title='bbox 2396 4238 2458 4274; x_wconf 87' lang='lat' dir='ltr'><strong>ne</strong></span> <span class='ocrx_word' id='word_1_784' title='bbox 2483 4220 2634 4273; x_wconf 87' lang='lat' dir='ltr'><strong>modo</strong></span> <span class='ocrx_word' id='word_1_785' title='bbox 2677 4229 2884 4279; x_wconf 74' lang='lat' dir='ltr'><strong>mterna:</strong></span> <span class='ocrx_word' id='word_1_786' title='bbox 2923 4216 3229 4287; x_wconf 81' lang='lat' dir='ltr'><strong>perditionis</strong></span> <span class='ocrx_word' id='word_1_787' title='bbox 3259 4215 3480 4269; x_wconf 81' lang='lat' dir='ltr'><strong>tenebrtv</strong></span> <span class='ocrx_word' id='word_1_788' title='bbox 3505 4225 3555 4268; x_wconf 84' lang='lat' dir='ltr'><strong>te</strong></span> 
     </span>
    </p>
   </div>
   <div class='ocr_carea' id='block_1_108' title="bbox 1973 4305 3555 4386">
    <p class='ocr_par' dir='ltr' id='par_1_108' title="bbox 1973 4305 3555 4386">
     <span class='ocr_line' id='line_1_109' title="bbox 1973 4305 3555 4386; baseline -0.009 -17"><span class='ocrx_word' id='word_1_789' title='bbox 1973 4313 2357 4386; x_wconf 79' lang='lat' dir='ltr'><strong>apprehende</strong></span> <span class='ocrx_word' id='word_1_790' title='bbox 2403 4311 2583 4383; x_wconf 86' lang='lat' dir='ltr'><strong>(Joan.</strong></span> <span class='ocrx_word' id='word_1_791' title='bbox 2624 4325 2721 4371; x_wconf 84' lang='lat' dir='ltr'><strong>xu,</strong></span> <span class='ocrx_word' id='word_1_792' title='bbox 2759 4309 2870 4379; x_wconf 76' lang='grc'><strong>55).</strong></span> <span class='ocrx_word' id='word_1_793' title='bbox 2921 4307 3093 4362; x_wconf 88' lang='lat' dir='ltr'><strong>Crede</strong></span> <span class='ocrx_word' id='word_1_794' title='bbox 3137 4305 3190 4359; x_wconf 90' lang='lat' dir='ltr'><strong>in</strong></span> <span class='ocrx_word' id='word_1_795' title='bbox 3240 4313 3555 4374; x_wconf 86' lang='lat' dir='ltr'><strong>perpetuam</strong></span> 
     </span>
    </p>
   </div>
   <div class='ocr_carea' id='block_1_109' title="bbox 1974 4396 3556 4466">
    <p class='ocr_par' dir='ltr' id='par_1_109' title="bbox 1974 4396 3556 4466">
     <span class='ocr_line' id='line_1_110' title="bbox 1974 4396 3556 4466; baseline -0.007 -5"><span class='ocrx_word' id='word_1_796' title='bbox 1974 4404 2336 4460; x_wconf 84' lang='lat' dir='ltr'><strong>miserationis</strong></span> <span class='ocrx_word' id='word_1_797' title='bbox 2368 4403 2566 4466; x_wconf 88' lang='lat' dir='ltr'><strong>lucem,</strong></span> <span class='ocrx_word' id='word_1_798' title='bbox 2596 4410 2655 4456; x_wconf 91' lang='lat' dir='ltr'><strong>ut</strong></span> <span class='ocrx_word' id='word_1_799' title='bbox 2686 4401 2825 4455; x_wconf 88' lang='lat' dir='ltr'><strong>ﬁlius</strong></span> <span class='ocrx_word' id='word_1_800' title='bbox 2851 4399 2986 4454; x_wconf 89' lang='lat' dir='ltr'><strong>lucis</strong></span> <span class='ocrx_word' id='word_1_801' title='bbox 3016 4398 3132 4452; x_wconf 87' lang='lat' dir='ltr'><strong>ﬁas.</strong></span> <span class='ocrx_word' id='word_1_802' title='bbox 3163 4397 3288 4452; x_wconf 88' lang='lat' dir='ltr'><strong>Pius</strong></span> <span class='ocrx_word' id='word_1_803' title='bbox 3326 4405 3410 4452; x_wconf 89' lang='lat' dir='ltr'><strong>est</strong></span> <span class='ocrx_word' id='word_1_804' title='bbox 3450 4396 3556 4450; x_wconf 86' lang='lat' dir='ltr'><strong>Pa-</strong></span> 
     </span>
    </p>
   </div>
   <div class='ocr_carea' id='block_1_110' title="bbox 1978 4488 3558 4560">
    <p class='ocr_par' dir='ltr' id='par_1_110' title="bbox 1978 4488 3558 4560">
     <span class='ocr_line' id='line_1_111' title="bbox 1978 4488 3558 4560; baseline -0.005 -9"><span class='ocrx_word' id='word_1_805' title='bbox 1978 4505 2077 4560; x_wconf 89' lang='lat' dir='ltr'><strong>ter,</strong></span> <span class='ocrx_word' id='word_1_806' title='bbox 2105 4495 2286 4550; x_wconf 87' lang='lat' dir='ltr'><strong>statim</strong></span> <span class='ocrx_word' id='word_1_807' title='bbox 2314 4501 2565 4548; x_wconf 88' lang='lat' dir='ltr'><strong>occurret</strong></span> <span class='ocrx_word' id='word_1_808' title='bbox 2591 4490 2874 4545; x_wconf 86' lang='lat' dir='ltr'><strong>revertenti</strong></span> <span class='ocrx_word' id='word_1_809' title='bbox 2923 4489 3039 4553; x_wconf 91' lang='lat' dir='ltr'><strong>tibi,</strong></span> <span class='ocrx_word' id='word_1_810' title='bbox 3086 4496 3143 4544; x_wconf 89' lang='lat' dir='ltr'><strong>et</strong></span> <span class='ocrx_word' id='word_1_811' title='bbox 3186 4489 3237 4543; x_wconf 91' lang='lat' dir='ltr'><strong>in</strong></span> <span class='ocrx_word' id='word_1_812' title='bbox 3281 4488 3558 4557; x_wconf 88' lang='lat' dir='ltr'><strong>amplexus</strong></span> 
     </span>
    </p>
   </div>
   <div class='ocr_carea' id='block_1_111' title="bbox 1974 4579 3557 4652">
    <p class='ocr_par' dir='ltr' id='par_1_111' title="bbox 1974 4579 3557 4652">
     <span class='ocr_line' id='line_1_112' title="bbox 1974 4579 3557 4652; baseline -0.004 -11"><span class='ocrx_word' id='word_1_813' title='bbox 1974 4597 2095 4641; x_wconf 91' lang='lat' dir='ltr'><strong>tuos</strong></span> <span class='ocrx_word' id='word_1_814' title='bbox 2122 4594 2260 4640; x_wconf 89' lang='lat' dir='ltr'><strong>ruet.</strong></span> <span class='ocrx_word' id='word_1_815' title='bbox 2293 4583 2497 4638; x_wconf 88' lang='lat' dir='ltr'><strong>Stolam</strong></span> <span class='ocrx_word' id='word_1_816' title='bbox 2527 4583 2757 4652; x_wconf 88' lang='lat' dir='ltr'><strong>primam</strong></span> <span class='ocrx_word' id='word_1_817' title='bbox 2797 4581 2891 4636; x_wconf 91' lang='lat' dir='ltr'><strong>tibi</strong></span> <span class='ocrx_word' id='word_1_818' title='bbox 2913 4579 3351 4648; x_wconf 84' lang='lat' dir='ltr'><strong>aﬁ&#39;errejubebit,</strong></span> <span class='ocrx_word' id='word_1_819' title='bbox 3382 4588 3436 4635; x_wconf 89' lang='lat' dir='ltr'><strong>et</strong></span> <span class='ocrx_word' id='word_1_820' title='bbox 3457 4595 3557 4634; x_wconf 86' lang='lat' dir='ltr'><strong>an—</strong></span> 
     </span>
    </p>
   </div>
   <div class='ocr_carea' id='block_1_112' title="bbox 1973 4670 3560 4746">
    <p class='ocr_par' dir='ltr' id='par_1_112' title="bbox 1973 4670 3560 4746">
     <span class='ocr_line' id='line_1_113' title="bbox 1973 4670 3560 4746; baseline -0.004 -14"><span class='ocrx_word' id='word_1_821' title='bbox 1973 4677 2100 4732; x_wconf 90' lang='lat' dir='ltr'><strong>nulo</strong></span> <span class='ocrx_word' id='word_1_822' title='bbox 2149 4675 2395 4746; x_wconf 83' lang='lat' dir='ltr'><strong>imaginis</strong></span> <span class='ocrx_word' id='word_1_823' title='bbox 2436 4689 2546 4730; x_wconf 69' lang='lat' dir='ltr'><strong>sua:</strong></span> <span class='ocrx_word' id='word_1_824' title='bbox 2586 4673 2864 4730; x_wconf 80' lang='lat' dir='ltr'><strong>dexteram</strong></span> <span class='ocrx_word' id='word_1_825' title='bbox 2906 4673 3181 4728; x_wconf 87' lang='lat' dir='ltr'><strong>decorabit</strong></span> <span class='ocrx_word' id='word_1_826' title='bbox 3227 4679 3390 4725; x_wconf 90' lang='lat' dir='ltr'><strong>tuam.</strong></span> <span class='ocrx_word' id='word_1_827' title='bbox 3441 4670 3560 4726; x_wconf 86' lang='lat' dir='ltr'><strong>Noli</strong></span> 
     </span>
    </p>
   </div>
   <div class='ocr_carea' id='block_1_113' title="bbox 1976 4767 3554 4840">
    <p class='ocr_par' dir='ltr' id='par_1_113' title="bbox 1976 4767 3554 4840">
     <span class='ocr_line' id='line_1_114' title="bbox 1976 4767 3554 4840; baseline -0.004 -14"><span class='ocrx_word' id='word_1_828' title='bbox 1976 4772 2176 4827; x_wconf 87' lang='lat' dir='ltr'><strong>diutius</strong></span> <span class='ocrx_word' id='word_1_829' title='bbox 2201 4785 2300 4840; x_wconf 90' lang='lat' dir='ltr'><strong>per</strong></span> <span class='ocrx_word' id='word_1_830' title='bbox 2327 4784 2516 4840; x_wconf 89' lang='lat' dir='ltr'><strong>vepres</strong></span> <span class='ocrx_word' id='word_1_831' title='bbox 2554 4769 2805 4824; x_wconf 90' lang='lat' dir='ltr'><strong>vitiorum</strong></span> <span class='ocrx_word' id='word_1_832' title='bbox 2845 4767 2992 4823; x_wconf 86' lang='lat' dir='ltr'><strong>velut</strong></span> <span class='ocrx_word' id='word_1_833' title='bbox 3015 4768 3133 4821; x_wconf 90' lang='lat' dir='ltr'><strong>ovis</strong></span> <span class='ocrx_word' id='word_1_834' title='bbox 3160 4767 3370 4836; x_wconf 86' lang='lat' dir='ltr'><strong>perdita</strong></span> <span class='ocrx_word' id='word_1_835' title='bbox 3397 4767 3554 4821; x_wconf 89' lang='lat' dir='ltr'><strong>ober-</strong></span> 
     </span>
    </p>
   </div>
   <div class='ocr_carea' id='block_1_114' title="bbox 1978 4859 3562 4928">
    <p class='ocr_par' dir='ltr' id='par_1_114' title="bbox 1978 4859 3562 4928">
     <span class='ocr_line' id='line_1_115' title="bbox 1978 4859 3562 4928; baseline -0.004 -9"><span class='ocrx_word' id='word_1_836' title='bbox 1978 4877 2124 4928; x_wconf 84' lang='lat' dir='ltr'><strong>rare,</strong></span> <span class='ocrx_word' id='word_1_837' title='bbox 2151 4861 2243 4916; x_wconf 82' lang='lat' dir='ltr'><strong>sed</strong></span> <span class='ocrx_word' id='word_1_838' title='bbox 2268 4869 2541 4918; x_wconf 82' lang='lat' dir='ltr'><strong>revertere</strong></span> <span class='ocrx_word' id='word_1_839' title='bbox 2563 4860 2630 4914; x_wconf 89' lang='lat' dir='ltr'><strong>ad</strong></span> <span class='ocrx_word' id='word_1_840' title='bbox 2649 4873 2770 4913; x_wconf 92' lang='lat' dir='ltr'><strong>eum</strong></span> <span class='ocrx_word' id='word_1_841' title='bbox 2795 4860 2887 4928; x_wconf 86' lang='lat' dir='ltr'><strong>qui</strong></span> <span class='ocrx_word' id='word_1_842' title='bbox 2910 4859 3197 4928; x_wconf 90' lang='lat' dir='ltr'><strong>nonaginta</strong></span> <span class='ocrx_word' id='word_1_843' title='bbox 3219 4873 3409 4913; x_wconf 88' lang='lat' dir='ltr'><strong>novem</strong></span> <span class='ocrx_word' id='word_1_844' title='bbox 3432 4873 3562 4913; x_wconf 90' lang='lat' dir='ltr'><strong>oves</strong></span> 
     </span>
    </p>
   </div>
   <div class='ocr_carea' id='block_1_115' title="bbox 1979 4948 3562 5018">
    <p class='ocr_par' dir='ltr' id='par_1_115' title="bbox 1979 4948 3562 5018">
     <span class='ocr_line' id='line_1_116' title="bbox 1979 4948 3562 5018; baseline -0.004 -10"><span class='ocrx_word' id='word_1_845' title='bbox 1979 4954 2033 5008; x_wconf 89' lang='lat' dir='ltr'><strong>in</strong></span> <span class='ocrx_word' id='word_1_846' title='bbox 2062 4952 2269 5011; x_wconf 72' lang='lat' dir='ltr'><strong>cmlesti</strong></span> <span class='ocrx_word' id='word_1_847' title='bbox 2300 4951 2581 5006; x_wconf 87' lang='lat' dir='ltr'><strong>altitudine</strong></span> <span class='ocrx_word' id='word_1_848' title='bbox 2609 4950 2810 5005; x_wconf 86' lang='lat' dir='ltr'><strong>dimisit</strong></span> <span class='ocrx_word' id='word_1_849' title='bbox 2829 4989 2844 5013; x_wconf 97' lang='lat'><strong>,</strong></span> <span class='ocrx_word' id='word_1_850' title='bbox 2872 4957 2933 5003; x_wconf 91' lang='lat' dir='ltr'><strong>u-t</strong></span> <span class='ocrx_word' id='word_1_851' title='bbox 2959 4964 3144 5012; x_wconf 89' lang='lat' dir='ltr'><strong>unam,</strong></span> <span class='ocrx_word' id='word_1_852' title='bbox 3173 4964 3292 5018; x_wconf 68' lang='lat' dir='ltr'><strong>quae</strong></span> <span class='ocrx_word' id='word_1_853' title='bbox 3316 4949 3370 5002; x_wconf 92' lang='lat' dir='ltr'><strong>in</strong></span> <span class='ocrx_word' id='word_1_854' title='bbox 3400 4948 3562 5003; x_wconf 79' lang='lat' dir='ltr'><strong>terris</strong></span> 
     </span>
    </p>
   </div>
   <div class='ocr_carea' id='block_1_116' title="bbox 1980 5039 3564 5112">
    <p class='ocr_par' dir='ltr' id='par_1_116' title="bbox 1980 5039 3564 5112">
     <span class='ocr_line' id='line_1_117' title="bbox 1980 5039 3564 5112; baseline -0.002 -15"><span class='ocrx_word' id='word_1_855' title='bbox 1980 5044 2204 5107; x_wconf 84' lang='lat' dir='ltr'><strong>erravit,</strong></span> <span class='ocrx_word' id='word_1_856' title='bbox 2247 5044 2534 5106; x_wconf 89' lang='lat' dir='ltr'><strong>inveniret,</strong></span> <span class='ocrx_word' id='word_1_857' title='bbox 2566 5049 2886 5112; x_wconf 87' lang='lat' dir='ltr'><strong>reportaret,</strong></span> <span class='ocrx_word' id='word_1_858' title='bbox 2917 5048 2972 5095; x_wconf 90' lang='lat' dir='ltr'><strong>et</strong></span> <span class='ocrx_word' id='word_1_859' title='bbox 2997 5039 3430 5095; x_wconf 74' lang='lat' dir='ltr'><strong>collocaret-cum</strong></span> <span class='ocrx_word' id='word_1_860' title='bbox 3461 5054 3564 5094; x_wconf 75' lang='lat' dir='ltr'><strong>cte-</strong></span> 
     </span>
    </p>
   </div>
   <div class='ocr_carea' id='block_1_117' title="bbox 1983 5129 3558 5201">
    <p class='ocr_par' dir='ltr' id='par_1_117' title="bbox 1983 5129 3558 5201">
     <span class='ocr_line' id='line_1_118' title="bbox 1983 5129 3558 5201; baseline -0.003 -15"><span class='ocrx_word' id='word_1_861' title='bbox 1983 5134 2113 5186; x_wconf 88' lang='lat' dir='ltr'><strong>teris</strong></span> <span class='ocrx_word' id='word_1_862' title='bbox 2137 5132 2202 5184; x_wconf 90' lang='lat' dir='ltr'><strong>ad</strong></span> <span class='ocrx_word' id='word_1_863' title='bbox 2225 5133 2478 5200; x_wconf 89' lang='lat' dir='ltr'><strong>gaudium</strong></span> <span class='ocrx_word' id='word_1_864' title='bbox 2495 5131 2820 5201; x_wconf 83' lang='lat' dir='ltr'><strong>angelorum</strong></span> <span class='ocrx_word' id='word_1_865' title='bbox 2844 5132 2897 5186; x_wconf 93' lang='lat' dir='ltr'><strong>in</strong></span> <span class='ocrx_word' id='word_1_866' title='bbox 2919 5129 3121 5185; x_wconf 75' lang='lat' dir='ltr'><strong>cmlesti</strong></span> <span class='ocrx_word' id='word_1_867' title='bbox 3148 5130 3322 5199; x_wconf 85' lang='lat' dir='ltr'><strong>patria</strong></span> <span class='ocrx_word' id='word_1_868' title='bbox 3343 5129 3558 5199; x_wconf 73' lang='lat' dir='ltr'><strong>(Matth.</strong></span> 
     </span>
    </p>
   </div>
   <div class='ocr_carea' id='block_1_118' title="bbox 1982 5217 3565 5290">
    <p class='ocr_par' dir='ltr' id='par_1_118' title="bbox 1982 5217 3565 5290">
     <span class='ocr_line' id='line_1_119' title="bbox 1982 5217 3565 5290; baseline -0.003 -13"><span class='ocrx_word' id='word_1_869' title='bbox 1982 5237 2139 5284; x_wconf 87' lang='lat' dir='ltr'><strong>xvm,</strong></span> <span class='ocrx_word' id='word_1_870' title='bbox 2171 5220 2268 5284; x_wconf 71' lang='lat'><strong>12;</strong></span> <span class='ocrx_word' id='word_1_871' title='bbox 2296 5220 2424 5274; x_wconf 87' lang='lat' dir='ltr'><strong>Luc.</strong></span> <span class='ocrx_word' id='word_1_872' title='bbox 2455 5236 2545 5285; x_wconf 87' lang='lat' dir='ltr'><strong>xv,</strong></span> <span class='ocrx_word' id='word_1_873' title='bbox 2567 5220 2623 5285; x_wconf 75' lang='grc'><strong>4,</strong></span> <span class='ocrx_word' id='word_1_874' title='bbox 2645 5220 2720 5290; x_wconf 73' lang='lat'><strong>7).</strong></span> <span class='ocrx_word' id='word_1_875' title='bbox 2751 5219 3006 5290; x_wconf 88' lang='lat' dir='ltr'><strong>Cogitans</strong></span> <span class='ocrx_word' id='word_1_876' title='bbox 3035 5219 3236 5288; x_wconf 90' lang='lat' dir='ltr'><strong>cogita,</strong></span> <span class='ocrx_word' id='word_1_877' title='bbox 3261 5225 3464 5288; x_wconf 86' lang='lat' dir='ltr'><strong>quanta</strong></span> <span class='ocrx_word' id='word_1_878' title='bbox 3495 5217 3565 5272; x_wconf 88' lang='lat' dir='ltr'><strong>sit</strong></span> 
     </span>
    </p>
   </div>
   <div class='ocr_carea' id='block_1_119' title="bbox 1983 5331 3566 5400">
    <p class='ocr_par' dir='ltr' id='par_1_119' title="bbox 1983 5331 3566 5400">
     <span class='ocr_line' id='line_1_120' title="bbox 1983 5331 3566 5400; baseline -0.003 -11"><span class='ocrx_word' id='word_1_879' title='bbox 1983 5335 2072 5389; x_wconf 89' lang='lat' dir='ltr'><strong>nia</strong></span> <span class='ocrx_word' id='word_1_880' title='bbox 2104 5339 2344 5386; x_wconf 89' lang='lat' dir='ltr'><strong>vocatur.</strong></span> <span class='ocrx_word' id='word_1_881' title='bbox 2378 5332 2457 5384; x_wconf 84' lang='lat' dir='ltr'><strong>Ad</strong></span> <span class='ocrx_word' id='word_1_882' title='bbox 2500 5331 2746 5385; x_wconf 85' lang='lat' dir='ltr'><strong>eumdem</strong></span> <span class='ocrx_word' id='word_1_883' title='bbox 2785 5338 2936 5400; x_wconf 90' lang='lat' dir='ltr'><strong>puto,</strong></span> <span class='ocrx_word' id='word_1_884' title='bbox 2967 5331 3238 5400; x_wconf 87' lang='lat' dir='ltr'><strong>pertinent</strong></span> <span class='ocrx_word' id='word_1_885' title='bbox 3279 5337 3566 5400; x_wconf 84' lang='lat' dir='ltr'><strong>sequentes</strong></span> 
     </span>
    </p>
   </div>
   <div class='ocr_carea' id='block_1_120' title="bbox 1985 5400 3294 5470">
    <p class='ocr_par' dir='ltr' id='par_1_120' title="bbox 1985 5400 3294 5470">
     <span class='ocr_line' id='line_1_121' title="bbox 1985 5400 3294 5470; baseline -0.001 -12"><span class='ocrx_word' id='word_1_886' title='bbox 1985 5405 2103 5459; x_wconf 74' lang='lat' dir='ltr'><strong>dum</strong></span> <span class='ocrx_word' id='word_1_887' title='bbox 2129 5401 2387 5470; x_wconf 70' lang='lat' dir='ltr'><strong>epistolae,</strong></span> <span class='ocrx_word' id='word_1_888' title='bbox 2419 5409 2474 5455; x_wconf 89' lang='lat' dir='ltr'><strong>et</strong></span> <span class='ocrx_word' id='word_1_889' title='bbox 2500 5415 2717 5470; x_wconf 85' lang='lat' dir='ltr'><strong>carmen</strong></span> <span class='ocrx_word' id='word_1_890' title='bbox 2746 5401 2823 5455; x_wconf 89' lang='lat' dir='ltr'><strong>De</strong></span> <span class='ocrx_word' id='word_1_891' title='bbox 2850 5400 3068 5456; x_wconf 85' lang='lat' dir='ltr'><strong>Cuculo.</strong></span> <span class='ocrx_word' id='word_1_892' title='bbox 3291 5453 3294 5457; x_wconf 87' lang='lat'><strong>.</strong></span> 
     </span>
    </p>
   </div>
   <div class='ocr_carea' id='block_1_121' title="bbox 2059 5469 3566 5537">
    <p class='ocr_par' dir='ltr' id='par_1_121' title="bbox 2059 5469 3566 5537">
     <span class='ocr_line' id='line_1_122' title="bbox 2059 5469 3566 5537; baseline 0.002 -13"><span class='ocrx_word' id='word_1_893' title='bbox 2059 5483 2080 5511; x_wconf 78' lang='grc' dir='ltr'><strong>ο</strong></span> <span class='ocrx_word' id='word_1_894' title='bbox 2123 5469 2370 5537; x_wconf 26' lang='grc' dir='ltr'><strong>Οίυοιδερι.</strong></span> <span class='ocrx_word' id='word_1_895' title='bbox 2416 5471 2543 5533; x_wconf 80' lang='lat' dir='ltr'><strong>l05;</strong></span> <span class='ocrx_word' id='word_1_896' title='bbox 2595 5469 2786 5524; x_wconf 86' lang='lat' dir='ltr'><strong>collata</strong></span> <span class='ocrx_word' id='word_1_897' title='bbox 2830 5485 2952 5525; x_wconf 92' lang='lat' dir='ltr'><strong>cum</strong></span> <span class='ocrx_word' id='word_1_898' title='bbox 2999 5471 3154 5526; x_wconf 80' lang='lat' dir='ltr'><strong>codd.</strong></span> <span class='ocrx_word' id='word_1_899' title='bbox 3205 5487 3333 5527; x_wconf 86' lang='lat' dir='ltr'><strong>mss.</strong></span> <span class='ocrx_word' id='word_1_900' title='bbox 3394 5469 3566 5528; x_wconf 51' lang='lat' dir='ltr'><strong>Salis‘</strong></span> 
     </span>
    </p>
   </div>
   <div class='ocr_carea' id='block_1_122' title="bbox 1986 5539 3566 5668">
    <p class='ocr_par' dir='ltr' id='par_1_122' title="bbox 1986 5539 3566 5668">
     <span class='ocr_line' id='line_1_123' title="bbox 1986 5539 3566 5668; baseline 0.001 -73"><span class='ocrx_word' id='word_1_901' title='bbox 1986 5541 2239 5668; x_wconf 47' lang='lat' dir='ltr'><strong>liigggensi</strong></span> <span class='ocrx_word' id='word_1_902' title='bbox 2283 5550 2338 5595; x_wconf 91' lang='lat' dir='ltr'><strong>et</strong></span> <span class='ocrx_word' id='word_1_903' title='bbox 2395 5541 2453 5595; x_wconf 82' lang='lat' dir='ltr'><strong>s.</strong></span> <span class='ocrx_word' id='word_1_904' title='bbox 2523 5541 2870 5594; x_wconf 85' lang='lat' dir='ltr'><strong>Emmerami.</strong></span> <span class='ocrx_word' id='word_1_905' title='bbox 2933 5539 3109 5612; x_wconf 74' lang='lat' dir='ltr'><strong>(Apud</strong></span> <span class='ocrx_word' id='word_1_906' title='bbox 3148 5541 3378 5598; x_wconf 83' lang='lat' dir='ltr'><strong>Froben.</strong></span> <span class='ocrx_word' id='word_1_907' title='bbox 3402 5545 3566 5612; x_wconf 83' lang='lat' dir='ltr'><strong>epist.</strong></span> 
     </span>
    </p>
   </div>
   <div class='ocr_carea' id='block_1_123' title="bbox 2026 5634 2112 5665">
    <p class='ocr_par' dir='ltr' id='par_1_123' title="bbox 2026 5634 2112 5665">
     <span class='ocr_line' id='line_1_124' title="bbox 2026 5634 2112 5665; baseline -0.012 0"><span class='ocrx_word' id='word_1_908' title='bbox 2026 5634 2092 5665; x_wconf 75' lang='grc' dir='ltr'>ὒδ</span> <span class='ocrx_word' id='word_1_909' title='bbox 2100 5653 2112 5664; x_wconf 88' lang='grc'><strong>.</strong></span> 
     </span>
    </p>
   </div>
   <div class='ocr_carea' id='block_1_124' title="bbox 2061 5677 3562 5752">
    <p class='ocr_par' dir='ltr' id='par_1_124' title="bbox 2061 5677 3562 5752">
     <span class='ocr_line' id='line_1_125' title="bbox 2061 5677 3562 5752; baseline 0 -18"><span class='ocrx_word' id='word_1_910' title='bbox 2061 5683 2086 5722; x_wconf 76' lang='lat' dir='ltr'><strong>d</strong></span> <span class='ocrx_word' id='word_1_911' title='bbox 2129 5680 2267 5734; x_wconf 79' lang='lat' dir='ltr'><strong>Filio</strong></span> <span class='ocrx_word' id='word_1_912' title='bbox 2297 5681 2532 5752; x_wconf 85' lang='lat' dir='ltr'><strong>prodigo.</strong></span> <span class='ocrx_word' id='word_1_913' title='bbox 2557 5679 2670 5736; x_wconf 81' lang='lat' dir='ltr'><strong>Hoc</strong></span> <span class='ocrx_word' id='word_1_914' title='bbox 2684 5677 2912 5752; x_wconf 73' lang='lat' dir='ltr'><strong>nomine</strong></span> <span class='ocrx_word' id='word_1_915' title='bbox 2929 5677 3171 5752; x_wconf 82' lang='lat' dir='ltr'><strong>Osnlfum</strong></span> <span class='ocrx_word' id='word_1_916' title='bbox 3200 5681 3374 5742; x_wconf 86' lang='lat' dir='ltr'><strong>notari</strong></span> <span class='ocrx_word' id='word_1_917' title='bbox 3401 5680 3562 5742; x_wconf 87' lang='lat' dir='ltr'><strong>etiam</strong></span> 
     </span>
    </p>
   </div>
   <div class='ocr_carea' id='block_1_125' title="bbox 1995 5750 3197 5821">
    <p class='ocr_par' dir='ltr' id='par_1_125' title="bbox 1995 5750 3197 5821">
     <span class='ocr_line' id='line_1_126' title="bbox 1995 5750 3197 5821; baseline -0.001 -14"><span class='ocrx_word' id='word_1_918' title='bbox 1995 5750 2304 5807; x_wconf 78' lang='lat' dir='ltr'><strong>M-abillonio</strong></span> <span class='ocrx_word' id='word_1_919' title='bbox 2330 5751 2576 5806; x_wconf 90' lang='lat' dir='ltr'><strong>videtur.-</strong></span> <span class='ocrx_word' id='word_1_920' title='bbox 2600 5750 2718 5807; x_wconf 67' lang='grc' dir='ltr'><strong>για.</strong></span> <span class='ocrx_word' id='word_1_921' title='bbox 2746 5750 2902 5821; x_wconf 88' lang='lat' dir='ltr'><strong>epist.</strong></span> <span class='ocrx_word' id='word_1_922' title='bbox 2938 5751 3197 5820; x_wconf 85' lang='lat' dir='ltr'><strong>priorem.</strong></span> 
     </span>
    </p>
   </div>
  </div>
