4012 6188
443 317 549 374 483

1300 305 1360 359 Β.
1401 305 1462 358 F.
1503 301 1729 357 ALBiNl
1755 300 1885 356 δίει]
1916 295 2194 352 Διειτικι
2233 293 2516 350 OPERUM
2558 292 2733 349 PARS
2773 292 2814 346 l.

3602 291 3712 350 μη

442 435 629 490 laetitia
669 427 976 501 angelorum
1002 439 1163 494 super
1195 435 1360 476 unum
1387 427 1726 490 peccatorem
1765 415 2030 485 pmniten-
2057 417 2106 474 Α
2132 416 2184 464 et
2214 417 2409 501 pater:
2438 405 2532 501 ﬁat
2561 404 2711 460 vobis
2755 418 2900 501 nunc
2935 418 3152 474 quoque
3183 409 3625 501 unaconeordia,
3652 421 3711 466 es

443 527 575 582 tiam
603 527 872 593 agentem,
908 525 963 571 et
1001 529 1164 585 quam
1206 512 1327 583 pius
1368 519 1425 564 et
1461 508 1770 564 misericors
1809 505 1878 559 sit
1917 503 2023 565 ille,

443 616 534 686 qui
561 615 673 667 ait:
702 606 842 663 Nolo
868 615 1082 659 mortem
1103 601 1410 674 peccatoris,
1436 599 1525 652 sed
1548 607 1603 651 ut
1625 604 1953 650 convertatur
1979 599 2026 644 et

442 706 598 758 vivat.
621 701 688 753 Et
714 699 909 753 iterum
934 710 1030 768 per
1050 694 1368 764 prophetam
1395 689 1568 758 inquit
1592 705 1604 740 :
1639 686 1704 740 In
1725 699 2029 756 quacunque

443 793 528 846 die
557 804 830 847 conversus
863 786 1020 856 fuerit
1048 791 1307 855 peccator,
1338 781 1441 835 vita
1468 780 1592 834 vivet
1627 787 1675 831 ct
1713 792 1814 830 non
1839 775 2030 829 morie-v

440 893 529 938 tur
556 879 772 953 (Exerit.
798 893 995 941 χχχιιι,
1028 875 1114 939 ll,
1143 873 1254 944 l2).

514 974 634 1030 Noli
664 973 760 1036 ﬁli,
792 970 902 1024 noli
928 975 1213 1023 vocantem
1238 976 1517 1034 spernere,
1543 976 1644 1016 nec
1673 960 2025 1014 miserantem

445 1065 602 1140 (Cod.
629 1062 744 1119 Sal.
793 1071 841 1115 et
895 1060 956 1115 S.
998 1056 1337 1119 Emmerami,
1371 1050 1700 1124 miserantis]
1758 1051 2028 1119 negligere

444 1157 722 1228 pietatem.
761 1150 1070 1207 Recordare
1094 1156 1420 1202 mtez'norum
1444 1143 1687 1198 ﬂammas
1729 1149 2027 1196 tormento-

448 1263 592 1312 rum,
646 1246 909 1301 vermium
959 1237 1488 1297 venenatosdentes.
1533 1236 1746 1305 frigoris
1796 1235 2027 1288 immen-

447 1339 685 1398 sitatem,
736 1330 1105 1402 plangentium
1156 1327 1352 1388 luctus,
1405 1324 1800 1380 immitissimas
1854 1331 2025 1376 torto-

447 1441 568 1481 rnm
599 1424 764 1478 facies
791 1420 943 1494 [ϐοά.
975 1418 1092 1474 Sal.
1117 1417 1241 1473 etS.
1272 1416 1610 1480 Emmerami,
1635 1421 2024 1470 tormentorum

448 1514 640 1589 faces],
697 1513 905 1570 inﬁnita
937 1512 1169 1567 miseria:
1195 1509 1389 1579 spatia.
1414 1507 1708 1563 Considera
1744 1508 1872 1561 item
1899 1507 2027 1561 bea-

449 1608 692 1662 tissimas
722 1605 1037 1675 angelorum
1079 1601 1351 1662 cohortes,
1390 1598 1653 1667 gloriosas
1712 1604 2023 1651 sanctorum

449 1709 676 1761 turmas,
705 1706 762 1751 et
790 1695 956 1766 ipsius
986 1692 1369 1762 omnipotentis
1415 1689 1508 1743 Dei
1531 1686 1854 1743 ineffabilem
1891 1687 2020 1741 bea-

448 1799 558 1845 tam
599 1790 882 1852 visionem,
915 1801 1019 1855 qua
1049 1784 1221 1839 sancti
1263 1780 1479 1835 fruituri
1510 1788 1635 1835 sunt
1668 1780 1720 1834 in
1743 1787 2024 1833 aeternum.

448 1879 640 1933 Adhuc
667 1876 870 1947 poteris
915 1875 1006 1929 illa
1045 1873 1286 1927 devitarc
1316 1871 1434 1935 tibi,
1473 1879 1529 1926 et
1557 1871 1658 1926 ista
1688 1871 1908 1941 eligere.
1951 1870 2031 1926 Ad

447 1971 600 2024 illum
638 1969 796 2023 ﬁnem
829 1967 1116 2035 impiorum
1138 1963 1350 2017 luxuria
1379 1973 1436 2016 et
1471 1962 1728 2031 iniquitas
1756 1960 2032 2031 perveniet

450 2067 542 2112 tua
575 2074 589 2109 :
640 2056 706 2110 ad
761 2057 920 2110 istam
954 2054 1136 2122 itaque
1156 2060 1469 2107 sanctorum
1504 2051 1733 2121 gloriam
1767 2058 1822 2105 et
1849 2049 2034 2104 lauda-

455 2149 620 2204 bilem
645 2146 1032 2201 beatitudinem
1059 2142 1342 2198 conversio
1381 2139 1535 2213 [ϐοά.
1585 2139 1700 2196 Sal.
1729 2151 1774 2194 et
1814 2138 1874 2195 S.
1904 2139 2034 2194 Em-

451 2237 691 2300 merami,
719 2232 1080 2304 conversatio]
1132 2239 1222 2286 tua
1242 2238 1296 2285 ct
1315 2231 1630 2299 pmnitentia
1658 2230 1875 2299 poterit,
1923 2230 2033 2284 Deo

452 2329 766 2392 miserante,
821 2325 1124 2396 pervenire.
1177 2322 1386 2378 Suﬁicit
1417 2323 1512 2378 tibi
1535 2322 1868 2392 praeteritum
1899 2330 2033 2377 tem-

452 2435 552 2489 pus
579 2419 633 2473 in
663 2417 889 2472 luxuriis
913 2424 970 2472 et
993 2414 1202 2470 deliciis
1224 2421 1574 2468 transactum.
1632 2412 1911 2483 Resipisco
1929 2413 2030 2468 ali-

453 2508 668 2579 quando
714 2507 782 2562 ab
811 2507 914 2562 hac
939 2506 1239 2576 perditione
1281 2513 1391 2569 tua,
1423 2512 1478 2556 et
1503 2502 1784 2558 diabolica:
1838 2517 2032 2573 sugge-

455 2599 616 2655 stioni
648 2597 759 2654 noli
795 2595 997 2652 diutius
1035 2596 1423 2664 obtemperare.
1457 2591 1563 2648 Sed
1593 2591 1852 2648 conﬁtere
1907 2607 2034 2662 pec-

458 2697 580 2746 cata
605 2697 716 2754 tua,
745 2696 801 2743 et
828 2688 882 2741 in
907 2701 1002 2758 spe
1023 2687 1191 2741 venue
1217 2684 1585 2755 pmnitentiam
1615 2699 1730 2753 age.
1762 2683 1890 2749 Quis
1916 2685 2032 2748 scit,

455 2778 502 2834 si
529 2787 860 2833 convertatur
881 2786 928 2830 et
961 2778 1193 2846 ignoscat
1243 2774 1383 2829 Deus
1407 2773 1565 2845 (Joel.
1611 2791 1674 2840 ll,
1705 2774 1829 2846 id)?
1857 2774 2035 2832 Multa:

458 2877 587 2924 sunt
634 2867 780 2922 enim
845 2865 1224 2920 miserationes
1289 2864 1454 2930 illius,
1508 2872 1564 2920 et
1611 2864 1818 2919 inﬁnita
1861 2866 2036 2935 pietas

457 2973 622 3027 super
649 2972 742 3012 eos
782 2956 876 3025 qui
920 2962 1137 3024 peccata
1163 2969 1259 3008 sua
1283 2954 1538 3024 plangere
1566 2965 1776 3020 curant.
1809 2971 1915 3010 non
1940 2955 2036 3010 ad-

457 3047 616 3111 dere;
643 3043 876 3112 abjicere
907 3043 1106 3098 fascem
1133 3043 1450 3111 iniquitatis,
1482 3059 1588 3100 non
1619 3057 1817 3114 augere
1845 3044 2031 3099 crimi-

456 3148 826 3190 ηοευηιοηυε.

528 3223 795 3278 Memento
841 3222 1102 3279 latronem
1133 3225 1186 3279 in
1219 3239 1380 3280 cruce
1405 3227 1748 3294 pendentem,
1798 3235 1852 3281 et
1878 3225 2031 3282 Nix!!-

454 3314 596 3369 vitas
649 3314 703 3368 in
732 3313 914 3368 cinere
963 3315 1237 3380 sedentes,
1288 3325 1341 3368 et
1369 3315 1590 3385 impium
1631 3316 1910 3372 Manassen
1941 3333 2028 3373 re-

461 3419 582 3476 gem
637 3404 704 3461 de
752 3406 1048 3476 Babylonia
1096 3415 1452 3460 revertentem
1501 3409 1832 3479 captivitate.
1877 3410 2030 3466 Sicut

459 3497 566 3552 illis
587 3497 759 3567 pietas
785 3497 966 3551 divina
1001 3505 1126 3566 post
1171 3497 1543 3566 paenitentiam
1599 3500 1851 3554 miserata
1908 3501 2028 3567 fuit,

458 3589 533 3643 ita
557 3597 612 3643 et
645 3588 738 3644 tibi
765 3587 871 3642 erit
894 3587 1215 3650 certissime,
1266 3587 1386 3642 siin
1419 3588 1568 3643 illum
1598 3599 1708 3644 tota
1738 3591 2032 3647 intentione

459 3680 660 3745 cordis,
684 3688 740 3734 et
768 3679 1119 3734 conversione
1149 3679 1290 3744 vitm,
1319 3690 1376 3735 et
1400 3682 1736 3750 pmnitentizc
1778 3682 2032 3754 lacrymis

459 3777 730 3824 revertere
753 3770 855 3822 vis.
911 3769 1044 3825 Vide
1083 3771 1508 3842 condiscipulum
1535 3786 1706 3838 tuum,
1762 3775 1854 3847 qui
1885 3775 2031 3830 omni

458 3859 740 3914 devotione
764 3859 944 3916 cordis
971 3860 1078 3914 Deo
1117 3875 1330 3934 semper
1357 3861 1603 3930 adhaesit,
1639 3871 1694 3918 et
1737 3865 1896 3919 modo
1917 3865 2032 3936 epi-

461 3962 683 4023 scopatu
712 3953 961 4024 praesidet
988 3953 1324 4009 nobilissimo
1353 3967 1404 4020 ι,
1456 3956 1709 4011 omnibus
1760 3958 2030 4023 amabilis,

465 4043 752 4102 laudabilis
775 4053 831 4101 et
863 4045 1257 4102 desiderabilis.
1280 4046 1359 4101 Tu
1389 4060 1540 4113 vero,
1596 4048 1918 4114 miserrime,
1950 4064 2035 4103 er-

461 4137 732 4192 rabundus
758 4151 856 4208 per
881 4137 1135 4192 vitiorum
1160 4134 1380 4202 frutcta,
1430 4139 1632 4193 nemini
1679 4140 2030 4203 honorabilis,

461 4227 555 4283 sed
583 4227 834 4282 omnibus
864 4227 1321 4296 reprehensibilis.
1356 4226 1621 4282 Memento
1661 4239 1864 4300 quanto
1888 4229 2034 4287 fuisti

459 4315 725 4373 clariorin
739 4316 915 4381 donis,
935 4315 1122 4370 melior
1137 4316 1188 4370 in
1203 4315 1522 4382 eruditione,
1548 4319 1755 4373 acutior
1775 4320 1826 4374 in
1850 4335 2032 4386 sensu,

2129 514 2295 552 unum
2313 496 2501 551 salutis
2533 505 2636 550 tuae
2658 493 2965 557 consilium,
2993 504 3045 549 et
3063 511 3168 550 una
3193 497 3575 554 ecclesiastica:
3600 503 3716 572 pie-

2129 589 2258 643 tatis
2269 587 2545 642 habitatio.
2563 585 2686 640 Seio
2699 585 2846 639 illum
2859 585 2966 639 tuis
2977 585 3201 640 multum
3215 588 3447 655 gaudere
3459 588 3716 659 profecti-

2130 678 2247 731 bus.
2282 675 2396 729 Noli
2421 690 2608 746 preces
2634 682 2886 745 paternas
2910 685 3276 742 contemnere,
3309 678 3416 732 noli
3443 679 3715 751 lacrymss

2129 765 2423 836 magisterii
2449 764 2553 823 mei
2575 764 2863 835 negligere.
2893 764 3185 821 Consolare
3207 782 3293 825 nte
3314 769 3382 826 de
3401 778 3489 824 tua
3513 771 3711 836 salute,

2128 872 2196 911 ne
2235 857 2478 912 diabolus
2519 856 2779 927 glorietur
2814 864 3002 910 contra
3031 871 3119 911 me
3174 857 3228 911 in
3272 859 3573 926 perditione
3597 871 3712 916 tua.

2128 947 2241 1018 Ego
2277 955 2326 1002 te
2367 946 2534 1002 ﬁlium
2586 945 2964 1004 charissimum
3015 947 3236 1012 nutrivi,
3290 948 3421 1013 alui,
3481 952 3711 1006 erudivi.

2128 1037 2243 1092 Non
2270 1037 2346 1092 sis
2376 1037 2507 1091 mihi
2535 1037 2588 1090 in
2609 1035 2982 1095 confusionem
3010 1045 3065 1091 et
3094 1038 3410 1109 tibimetipsi
3431 1042 3485 1096 in
3514 1051 3711 1097 contu-

2123 1130 2363 1192 meliam,
2388 1137 2446 1182 ct
2489 1127 2778 1183 comtaneis
2801 1128 2905 1182 tuis
2931 1128 2988 1181 in
3020 1130 3367 1198 opprobrium
3393 1147 3408 1184 :
3435 1131 3518 1188 fac
3545 1134 3717 1188 virili-

2128 1229 2209 1274 ter
2229 1226 2284 1273 et
2309 1217 2616 1275 confortare
2651 1217 2707 1272 in
2740 1218 2986 1282 Domino,
3014 1227 3069 1273 et
3105 1219 3258 1275 vince
3297 1237 3485 1278 omnes
3513 1224 3718 1280 adver-

2127 1309 2301 1366 sarios
2349 1319 2470 1363 tuos
2525 1322 2622 1377 per
2658 1321 2781 1362 eum
2827 1308 2922 1377 qui
2970 1309 3048 1362 ait
3089 1324 3103 1362 :
3153 1309 3437 1381 Conﬁdits,
3493 1329 3586 1384 ego
3614 1314 3717 1369 vici

2125 1400 2379 1454 mundum
2405 1399 2588 1468 (Joan.
2632 1414 2745 1464 xvr,
2779 1399 2900 1472 35);
2930 1407 2990 1454 ut
3017 1401 3269 1470 gaudium
3297 1418 3474 1458 meum
3497 1405 3717 1476 plenum

2125 1491 2197 1546 sit
2244 1491 2298 1546 in
2331 1500 2404 1556 te,
2451 1499 2507 1545 et
2531 1492 2785 1561 gaudium
2823 1501 2973 1547 tuum
3011 1507 3172 1549 nemo
3202 1495 3354 1552 tollat
3382 1512 3413 1550 a
3442 1506 3516 1552 te.
3545 1497 3716 1554 Filius

2123 1585 2338 1656 sapiens
2375 1583 2547 1653 gloria
2572 1593 2657 1638 est
2703 1584 2894 1657 patris.
2948 1584 3064 1644 Non
3098 1594 3304 1644 tantum
3343 1589 3496 1653 mihi.
3542 1590 3636 1659 qui
3664 1600 3718 1646 te

2124 1677 2305 1746 genui,
2362 1676 2614 1745 gaudium
2677 1675 2845 1732 facies
2893 1676 3182 1743 inell’abile,
3234 1681 3328 1734 sed
3371 1681 3534 1734 etiam
3552 1683 3714 1750 juxta

2060 1770 2104 1828 Β
2133 1765 2296 1834 220
2325 1764 2688 1835 evangelicam
2716 1767 3050 1837 parabolam,
3089 1784 3250 1838 quam
3301 1771 3460 1841 paulo
3504 1784 3630 1827 ante
3659 1773 3717 1826 in

2129 1857 2233 1911 hac
2253 1858 2444 1913 eadem
2466 1857 2692 1929 epistola
2715 1860 2995 1931 proposui,
3035 1863 3285 1918 omnibus
3305 1863 3558 1933 angelicis
3587 1879 3719 1935 gau-

2131 1947 2279 2002 dium
2331 1945 2501 2003 facies
2544 1947 2912 2018 dignitatibus.
2968 1949 3086 2005 Noli
3133 1952 3449 2008 subtrahere
3502 1952 3718 2008 illorum

2132 2037 2334 2093 lietitite
2355 2047 2410 2093 et
2434 2047 2538 2092 tum
2585 2037 2926 2094 beatitudini.
2957 2039 3016 2094 Si
3046 2040 3204 2096 modo
3248 2041 3302 2094 in
3331 2042 3584 2110 prmsenti
3629 2041 3718 2096 fa-

2133 2132 2247 2189 cias
2274 2133 2396 2188 illos
2412 2132 2582 2188 lzetari
2609 2134 2664 2188 in
2703 2141 2792 2187 tua
2822 2134 3160 2202 pmnitentia,
3186 2149 3308 2189 cum
3333 2134 3440 2190 illis
3468 2135 3522 2189 in
3545 2135 3720 2205 gloria

2134 2225 2337 2280 tribuet
2356 2233 2410 2280 te
2438 2225 2582 2283 Deus
2619 2224 2790 2282 lzetari
2823 2227 2876 2280 in
2904 2235 3186 2280 aeternum.

2203 2315 2328 2374 Haec
2367 2324 2546 2372 tecum
2598 2325 2814 2371 maneat
2856 2316 3120 2382 chartula,
3147 2325 3202 2372 et
3242 2317 3438 2394 sacpius
3482 2318 3716 2390 legatur,

2135 2407 2306 2462 donec
2328 2406 2643 2477 perﬁciatur
2691 2406 2844 2478 [Cod.
2903 2407 3046 2473 Sal.,
3099 2408 3367 2482 perﬁciat]
3395 2411 3538 2481 quod
3564 2420 3721 2480 optat

2132 2499 2226 2571 qui
2255 2498 2474 2554 dictavit
2518 2499 2684 2553 illam.
2727 2498 2901 2554 Credo
2939 2499 3143 2556 faciens
3188 2501 3351 2557 faciet
3404 2503 3548 2557 Deus
3571 2503 3718 2572 quod

2131 2601 2357 2666 paterna
2381 2594 2620 2648 charitas
2658 2595 2851 2662 qumrit
2880 2595 2934 2651 in
2973 2594 3102 2652 ﬁlio.
3129 2594 3236 2650 Sed
3273 2603 3330 2654 tu
3361 2594 3471 2649 noli
3493 2595 3718 2653 tardare

2134 2684 2378 2739 converti
2427 2683 2496 2737 ad
2531 2684 2724 2746 Deum,
2752 2683 2876 2752 quia
2924 2685 3196 2740 nescimus
3229 2685 3356 2755 quid
3384 2694 3596 2740 ventura
3620 2700 3720 2756 pa-

2138 2775 2239 2830 riat
2263 2776 2373 2830 dies
2401 2774 2580 2845 (Prov.
2619 2791 2792 2840 xxvn,
2851 2774 2926 2848 l).
2983 2776 3124 2831 Deus
3156 2777 3468 2831 hodiernam
3521 2775 3720 2846 recipit

2133 2869 2435 2925 certissime
2457 2868 2850 2938 pmnitentiam,
2880 2869 2973 2924 sed
2997 2867 3393 2940 long-.evitatem
3433 2867 3719 2937 praesentis

2137 2961 2263 3016 vitae
2304 2975 2409 3015 non
2429 2960 2697 3032 promisit.
2742 2959 2801 3014 ln
2822 2959 2987 3016 dubio
3033 2961 3207 3015 ultimi
3235 2960 3342 3016 diei
3379 2975 3479 3016 nos
3514 2961 3717 3016 dereli-

2139 3052 2257 3122 quit
2285 3060 2344 3106 ut
2369 3065 2581 3123 semper
2615 3059 2836 3120 paratos
2865 3051 3129 3106 inveniret
3146 3066 3268 3108 cuin
3291 3052 3553 3107 bonorum
3581 3050 3722 3110 lam.

2137 3143 2362 3220 padibus
2383 3142 2700 3198 meritorum
2727 3143 2946 3198 obviare
2961 3142 3083 3201 sibi.

2605 3255 2633 3297 δ
2659 3253 2993 3314 EPISTOLA
3031 3252 3252 3309 CCVIII.

2756 3362 2823 3401 AD
2860 3360 3098 3399 EUIDEI.

2133 3439 2382 3512 Deplorat
2409 3438 2653 3510 discipuli
2675 3454 2938 3509 perversos
2959 3452 3149 3512 mores,
3172 3444 3220 3488 et
3237 3434 3386 3512 illum
3411 3443 3478 3488 ad
3500 3433 3717 3489 meliora

2433 3508 2682 3564 revocare
2701 3517 2920 3566 conatur
2948 3509 3130 3560 timore
3165 3508 3430 3576 gehenme.

2207 3612 2230 3641 ε
2271 3599 2602 3656 Charissimo
2632 3599 2759 3654 lilio.

2204 3694 2374 3762 Quem
2422 3708 2544 3748 sero
2572 3693 2751 3763 genui,
2799 3699 2853 3746 et
2883 3692 2991 3746 cito
3029 3689 3226 3744 dimisi.
3276 3686 3382 3742 Nec
3428 3688 3566 3742 bene
3613 3687 3718 3742 ab.

2133 3785 2365 3841 iactatus
2391 3793 2577 3856 raptus
2607 3792 2688 3839 est
2714 3785 2781 3838 ab
2805 3784 3063 3838 uberibus
3080 3783 3232 3837 meis.
3255 3780 3526 3836 inimicior
3551 3795 3716 3850 quam

2139 3893 2397 3943 noverca,
2449 3886 2634 3933 tenera
2675 3877 2740 3932 de
2781 3884 3006 3947 paterno
3060 3876 3260 3946 gremio
3311 3890 3408 3946 per
3430 3873 3717 3930 libidinum

2136 3972 2372 4027 vortices
2400 3986 2527 4027 caro
2559 3971 2756 4042 rapuit.
2786 3970 2924 4036 Heu,
2959 3971 3093 4040 proh
3119 3968 3298 4024 dolor!
3347 3967 3476 4038 quid
3501 3965 3715 4030 faciam,

2135 4065 2240 4123 nisi
2279 4065 2531 4135 plangam
2577 4073 2914 4135 pereuntem,
2979 4063 3024 4117 si
3065 4061 3201 4117 forte
3237 4060 3426 4116 calidis
3451 4059 3720 4130 lacryma-

2140 4171 2258 4210 rum
2281 4154 2533 4211 fomentis
2562 4155 2872 4210 resuscitari
2911 4154 3101 4225 possit.
3142 4153 3234 4207 Vm
3260 4151 3434 4215 carni,
3463 4165 3584 4220 qua
3608 4164 3717 4205 non

2141 4247 2292 4301 timet
2321 4246 2638 4316 sulphureos
2692 4247 2930 4316 quinque
2961 4245 3174 4299 urbium
3203 4243 3372 4313 ignes,
3431 4241 3516 4298 vel
3542 4257 3716 4313 paenae

2139 4337 2480 4394 infernalium
2506 4345 2897 4393 tormentorum
2932 4336 3198 4392 ﬂammas.
3228 4335 3444 4406 Stringe
3464 4335 3715 4404 teipsum,

460 4415 514 4462 0'-
542 4407 689 4462 οηιηί
740 4405 1107 4510 εξεξθδίίλεξίοθ
1155 4405 1402 4510 ξίυοξτίητδ
1441 4407 1874 4510 ,ΡΓῖιξςθιίθηῑίοτς
1916 4408 2034 4510 “53"
2065 4451 2114 4510 ι)
2139 4429 2387 4493 obsecro,
2447 4427 2608 4496 hujus
2639 4429 2849 4483 timoris
2893 4427 3118 4492 catenis,
3149 4435 3204 4481 et
3257 4405 3402 4482 tenta
3443 4422 3718 4494 quomodo

461 4515 604 4556 nunc
629 4498 784 4568 quasi
840 4498 1110 4568 tugurium
1153 4497 1208 4552 in
1239 4498 1393 4553 vinea
1425 4498 1761 4566 derelictum,
1784 4500 2034 4571 vulpibus

458 4601 516 4649 et
542 4591 670 4646 feris
699 4590 978 4654 habitatio,
1014 4589 1106 4660 qui
1129 4589 1418 4660 depascere
1444 4591 1618 4647 solent
1643 4592 1854 4646 vincam
1873 4591 2034 4647 Chri-

464 4681 557 4736 sti.
604 4680 700 4734 llle
721 4695 850 4735 vero
873 4689 996 4735 tuus
1043 4682 1315 4748 quondam
1367 4697 1588 4753 compar
1624 4691 1680 4735 et
1715 4683 2036 4740 eruditionis

462 4770 752 4845 particeps,
791 4770 1046 4843 templum
1076 4770 1170 4824 Dei
1198 4771 1325 4834 vivi,
1371 4782 1428 4825 et
1451 4771 1625 4826 sancti
1669 4771 1906 4844 Spiritus
1942 4773 2035 4826 ha—

462 4859 672 4926 bitatio,
702 4860 812 4916 Deo
837 4862 1066 4916 dilectus
1086 4869 1142 4914 et
1185 4860 1518 4926 hominibus,
1574 4871 1806 4917 aeternas
1849 4863 1951 4918 sibi
1981 4864 2033 4918 in

461 4953 604 5010 calo
633 4952 871 5022 quotidie
889 4961 1158 5022 praeparat
1189 4953 1518 5018 mansiones,
1563 4953 1688 5008 dum
1715 4962 1770 5008 tu
1793 4962 2036 5010 terrenas

462 5045 704 5118 sequeris
732 5044 1002 5102 fceditates
1029 5053 1084 5098 et
1107 5044 1330 5116 lugubre
1352 5046 1670 5116 perditionis
1705 5048 1809 5104 iter
1835 5063 1934 5120 per
1960 5052 2037 5107 vi-

464 5135 663 5191 tiorum
683 5135 976 5205 praecipitia
997 5135 1237 5192 ruiturus
1255 5139 1507 5193 recurris.

532 5225 724 5299 Surge,
748 5229 993 5294 obsecro,
1024 5227 1097 5282 ﬁli
1131 5228 1202 5284 mi
1256 5231 1592 5297 cbarissime,
1644 5247 1805 5307 surge
1825 5243 1881 5291 et
1904 5237 2037 5291 vade

462 5315 532 5373 ad
559 5316 785 5374 fratrem
815 5317 990 5392 [tuum
1019 5318 1061 5392 ].
1087 5318 1155 5376 de
1196 5336 1304 5392 quo
1330 5331 1457 5378 ante
1484 5324 1616 5389 dixi,
1648 5327 1772 5396 quia
1799 5344 1898 5384 vos
1931 5344 2037 5385 una

465 5411 649 5476 genuit
667 5411 931 5478 Ecclesia,
947 5427 1054 5466 una
1077 5413 1310 5469 erudivit
1332 5415 1635 5486 disciplina,
1661 5435 1799 5476 unus
1817 5419 2038 5478 instruit

535 5567 658 5652 fSi
709 5567 799 5623 hic
829 5568 997 5652 Oﬁlius
1045 5571 1399 5652 prodigus-in
1455 5573 1644 5652 Anglia
1697 5578 2034 5652 quaerendus,

465 5645 628 5766 mut
665 5653 733 5691 ex
760 5640 980 5719 epistola
1009 5640 1170 5710 priori
1202 5640 1467 5712 conjicere
1499 5640 1642 5710 licet,
1675 5640 1801 5702 tunc
1839 5648 1941 5702 ista
1973 5640 2037 5704 de

487 5706 508 5740 “
583 5705 742 5762 hamo
761 5723 1011 5768 citracopo
1036 5710 1376 5768 Eboracensi.
1400 5716 1490 5768 aui
1516 5717 1806 5768 discipulus
1826 5733 2036 5768 aneane

795 5717 1011 5780 piscopo
1036 5717 1376 5780 Eboracensi,
1400 5717 1490 5784 qui
1516 5717 1806 5784 discipulus
1826 5733 2036 5787 quoque

2138 4519 2220 4573 vel
2261 4534 2422 4572 unam
2450 4517 2661 4573 ardoris
2689 4517 2979 4572 scintillam
3027 4514 3256 4572 sull‘erre
3292 4514 3464 4586 possis
3493 4527 3507 4566 :
3540 4521 3594 4567 et
3621 4527 3718 4567 co—

2139 4609 2249 4678 gita
2275 4607 2402 4678 quid
2456 4608 2545 4669 sit,
2579 4607 2624 4662 si
2652 4615 2822 4662 totum
2859 4621 3054 4676 corpus
3091 4614 3295 4660 :eterno
3339 4602 3608 4659 crucietur
3628 4601 3717 4656 in-

2137 4703 2346 4757 cendio.
2401 4701 2628 4772 Respice
2656 4702 2890 4764 tandem,
2923 4708 2978 4754 et
3019 4699 3129 4757 noli
3189 4698 3494 4756 consentire
3533 4695 3582 4750 ei
3622 4695 3713 4765 qui

2138 4794 2233 4849 tibi
2271 4794 2396 4848 talia
2427 4802 2583 4864 parat
2605 4792 2850 4849 incendia
2879 4807 2894 4845 :
2919 4792 3011 4847 sed
3037 4791 3210 4862 magis
3233 4789 3436 4860 castiga
3461 4787 3714 4857 teipsum,

2137 4892 2192 4939 et
2236 4885 2474 4953 paternis
2505 4883 2786 4954 acquiesco
2831 4881 3293 4937 obsecrationibus
3328 4894 3342 4932 :
3373 4887 3426 4933 et
3461 4877 3554 4932 Dei
3588 4891 3716 4932 ocu-

2138 4973 2206 5028 lis
2254 4981 2305 5028 te
2364 4988 2574 5043 semper
2617 4980 2936 5044 praesentem
2978 4987 3099 5028 esse
3149 4983 3431 5042 cognosce,
3475 4977 3532 5023 et
3589 4976 3716 5022 ante

2137 5071 2445 5119 sanctorum
2476 5063 2785 5135 angelorum
2807 5070 3074 5134 aspectus.
3102 5063 3375 5118 Erubesce
3402 5062 3456 5115 in
3489 5071 3717 5129 conpe-

2137 5163 2228 5211 ctu
2269 5154 2479 5211 illorum
2507 5153 2684 5209 facere
2722 5170 2843 5226 qua:
2879 5154 3150 5209 horrescis
3201 5153 3255 5210 in
3302 5159 3598 5222 conspectu
3625 5165 3718 5204 cu-

2131 5243 2353 5312 juslibet
2394 5245 2624 5299 hominis
2682 5253 3014 5314 perpetrare.
3085 5242 3210 5298 Scio
3253 5242 3397 5313 quod
3451 5239 3714 5309 judicium

2137 5334 2313 5391 credis
2336 5334 2589 5390 omnibus
2614 5348 2733 5388 esse
2770 5333 3033 5399 futurum,
3065 5343 3121 5390 et
3150 5342 3202 5389 te
3226 5333 3404 5391 credis
3424 5333 3566 5389 inter
3595 5333 3716 5389 illos

2138 5439 2256 5482 esse
2297 5427 2389 5496 qui
2412 5425 2541 5480 talia
2571 5435 2800 5495 egerunt
2848 5428 3028 5498 qualia
3057 5428 3153 5484 tibi
3183 5426 3423 5499 quotidie
3464 5425 3716 5483 diabolus

2136 5581 2347 5654 Alcuini
2381 5578 2499 5645 fuit,
2542 5589 2664 5654 apte
2685 5583 2908 5654 intelligi
2936 5595 3177 5654 possunt.

2209 5652 2238 5736 ξ
2275 5651 2526 5736 Quercet.
2556 5651 2700 5736 lli,”
2721 5651 3296 5736 (Iapié.jﬂ_(_Frobcn.
3330 5655 3474 5728 159)-

2210 5733 2231 5760 ο
2275 5723 2752 5795 Charissimoﬁtio.
2784 5723 2988 5803 Osulfo.
3021 5727 3246 5786 Mam-1..
