4006 6186
309 304 311 306 -
398 271 502 328 ιιι-ι

1265 265 1324 319 Β.
1363 264 1424 317 F.
1465 260 1690 316 ALBl-Nl
1730 259 1861 315 SEU
1903 255 2178 313 ALCUlNl
2215 254 2501 311 OPERCM
2543 252 2720 308 PARS
2759 253 2799 309 l.

3561 250 3668 311 ιδε

395 388 629 444 statibus
653 387 971 459 dignitatum
994 390 1052 438 et
1073 389 1274 436 sancte
1302 377 1584 433 eharitatis
1611 375 1737 430 filiis
1766 372 1985 430 humilis
2012 380 2063 437 Α
2089 370 2228 442 quid»
2247 369 2476 426 ecclesia
2503 369 2779 439 peccavit?
2823 367 3002 435 Quare
3019 382 3124 423 non
3146 375 3450 423 memorant
3478 368 3554 424 tui
3587 369 3680 440 ju-

398 477 560 535 levita
585 476 845 532 Alcuinus
870 472 1214 539 sempiternae
1237 467 1587 524 beatitudinis
1612 464 1858 520 sahttem.

472 568 688 623 Scimus
713 566 894 632 itaque
921 571 1118 616 vestrae
1149 558 1406 615 bonitatis
1428 558 1680 628 pietatem
1710 569 1808 623 pro
1837 551 1993 607 Chri-

398 659 468 715 sti
491 671 676 712 amore
704 664 758 710 et
783 653 978 709 futurae
1017 653 1199 724 gloriae
1225 649 1579 708 retributione
1606 645 1918 717 peregrinos
1939 650 1993 696 et

399 748 640 817 hospites
665 755 722 800 et
761 747 994 800 maxime
1025 759 1120 799 eos
1149 743 1240 812 qui
1287 756 1385 812 pro
1414 737 1779 794 ecclesiastica
1807 747 1992 790 neces-

397 842 559 895 sitate
601 839 686 894 vel
714 854 813 909 pro
857 837 1027 892 salute
1058 837 1362 890 animarum
1392 846 1635 895 suarum,
1672 843 1823 883 saera
1869 841 1992 881 san-

397 947 609 993 ctorum
638 934 1003 1005 apostolorum
1053 933 1237 988 limina
1266 931 1489 984 visitare
1538 925 1728 986 solent,
1762 922 1992 990 benigne

398 1028 696 1098 suscipere.
727 1025 828 1092 Qui
869 1025 970 1078 hos
999 1023 1268 1093 receperit
1308 1021 1361 1074 in
1388 1021 1548 1074 domo
1589 1031 1710 1080 sua,
1744 1013 1994 1068 Christus

397 1136 524 1177 eum
563 1129 880 1189 recepturus
909 1118 1014 1172 erit
1044 1117 1096 1170 in
1131 1116 1299 1187 gloria
1327 1129 1422 1169 sua
1451 1130 1465 1177 ;
1516 1111 1640 1180 quia
1674 1107 1792 1180 [ita]
1833 1107 1888 1160 in
1915 1113 1994 1158 ta-

396 1212 543 1266 libus
596 1210 845 1266 Christus
899 1215 1145 1278 receptus
1194 1205 1337 1269 erit;
1394 1211 1455 1256 ut
1504 1202 1618 1270 ipsa
1672 1198 1887 1253 Veritas
1937 1196 1990 1249 in

397 1302 688 1373 Evangelio
733 1301 839 1354 ait:
888 1297 1090 1368 Hospes
1118 1296 1196 1366 fui
1241 1305 1287 1349 et
1313 1292 1609 1362 suscepistis
1654 1306 1735 1343 me
1773 1287 1987 1356 (Matth.

396 1410 526 1456 xxv,
559 1391 670 1461 35).
701 1391 902 1445 Tamen
932 1403 1031 1458 pro
1055 1385 1408 1457 portitoribus
1430 1383 1689 1439 chartuhe
1715 1379 1873 1448 hujus
1895 1393 1992 1449 ego

394 1483 654 1539 Alcuinus
694 1479 866 1534 ﬁdelis
910 1486 1091 1534 vester
1132 1476 1358 1537 amicus,
1399 1491 1432 1529 ο
1478 1473 1668 1528 Patres
1698 1470 1889 1542 Optimi
1937 1477 1993 1523 et

397 1570 595 1626 fratres
616 1567 963 1631 sanctissimi,
989 1575 1044 1622 et
1071 1565 1165 1620 ﬁlii
1189 1564 1519 1620 dilectissimi
1547 1563 1560 1615 !
1592 1569 1824 1615 vestram
1848 1574 1994 1613 sum-

398 1679 623 1738 mopere
650 1663 912 1731 deprecor
939 1659 1281 1721 charitatem,
1315 1665 1372 1708 ut
1413 1654 1647 1723 benigne
1688 1666 1782 1706 eos
1820 1649 1990 1704 susci-

2092 465 2272 518 niores
2300 477 2462 533 quam
2485 463 2802 519 terribiliter
2826 461 3016 518 beatus
3042 462 3238 518 Petrus
3266 463 3520 533 princeps
3547 477 3680 536 apo-

2091 560 2354 616 stolarum
2377 560 2682 615 venditores
2701 559 2890 630 gratia:
2912 560 2964 613 in
2985 558 3160 629 primo
3179 557 3336 626 hujus
3359 558 3683 614 haeresisin-

2091 657 2314 704 ventore
2335 649 2598 720 percellit,
2628 649 2843 704 dicens:
2897 647 3132 701 Pecunia
3181 658 3273 700 tua
3326 657 3496 701 tecum
3523 648 3592 701 sit
3624 649 3684 703 in

2091 741 2377 810 perditione
2417 741 2553 813 (Act.
2585 757 2705 804 vm,
2741 737 2854 810 20).
2923 739 3216 808 Deprecor,
3263 737 3684 794 clementissime

2092 828 2276 892 Pater,
2299 829 2352 882 in
2391 843 2454 883 ea
2481 828 2749 883 charitatc
2769 843 2873 895 qua
2897 827 3038 881 Deus
3061 841 3159 880 nos
3183 827 3492 896 conjunxit;
3541 835 3596 884 et
3622 827 3682 882 in

2092 932 2157 971 ea
2181 916 2284 971 fide
2313 932 2420 987 qua
2449 917 2807 982 condiximus,
2836 932 2903 970 ne
2925 916 3052 986 quid
3083 917 3204 970 novi
3225 917 3476 978 mittasin
3507 916 3685 973 eccle-

2093 1010 2204 1071 sias
2225 1009 2399 1065 sancti
2420 1009 2632 1066 Martini
2662 1017 2717 1062 et
2740 1008 2792 1062 in
2822 1023 2912 1062 res
2937 1008 3098 1063 illius.
3129 1006 3327 1061 Potens
3358 1016 3442 1062 est
3461 1016 3683 1064 sanctus

2095 1100 2358 1154 Martinus
2381 1100 2522 1170 apud
2553 1099 2722 1154 Deum
2746 1097 3038 1153 defendere
3066 1113 3154 1152 res
3193 1112 3342 1161 suas,
3383 1099 3425 1151 si
3457 1113 3682 1154 necesse

2093 1202 2177 1248 est
2203 1193 2274 1248 illi
2297 1192 2535 1248 clamare
2565 1191 2632 1245 ad
2655 1192 2841 1245 Deum.
2891 1190 3130 1253 Dimitte,
3177 1190 3220 1244 si
3271 1189 3500 1259 placeat,
3550 1197 3608 1250 et
3634 1191 3684 1245 si

2094 1283 2211 1338 ﬁeri
2237 1284 2432 1354 possit,
2489 1283 2570 1337 sic
2595 1297 2714 1337 esse
2760 1281 3004 1336 ecclesiis
3033 1279 3256 1345 Christi,
3310 1295 3430 1349 qua:
3468 1289 3597 1335 sunt
3624 1281 3680 1335 in

2094 1374 2435 1428 immunitate
2455 1374 2625 1428 sancti
2645 1372 2891 1436 Martini;
2916 1379 2972 1426 et
2993 1372 3047 1424 in
3078 1371 3333 1440 parochia
3350 1379 3552 1435 vestra,
3585 1371 3686 1424 do—

2093 1479 2196 1520 nec
2221 1464 2610 1535 colloquamur.
2669 1461 2937 1532 Quidquid
2982 1461 3123 1516 enim
3171 1458 3376 1529 justum
3420 1469 3504 1515 est
3531 1469 3683 1520 tuam

2094 1556 2338 1625 recipere
2364 1555 2434 1614 ab
2454 1556 2534 1610 eis
2558 1555 2954 1619 auctoritatem,
2976 1569 3082 1607 non
3106 1568 3296 1616 renuo,
3311 1552 3406 1606 sed
3434 1554 3678 1618 omnino,

2096 1645 2141 1699 si
2173 1645 2266 1701 tibi
2295 1646 2609 1700 obedientes
2637 1660 2742 1704 non
2764 1653 2944 1707 erunt,
2997 1658 3097 1712 ego
3143 1652 3319 1698 tecum
3365 1644 3684 1716 constringe

396 1723 578 1824 piails,
610 1754 663 1806 in
688 1723 1008 1822 quocunque
1037 1747 1266 1817 negotio'
1284 1744 1366 1799 vel
1395 1743 1718 1805 necessitate
1755 1741 1829 1795 illi
1857 1755 1991 1809 opus
2022 1723 2064 1782 Β
2093 1750 2216 1802 eos;
2242 1737 2308 1791 ad
2339 1745 2488 1790 tuam
2514 1737 2657 1791 enim
2683 1737 2947 1807 synodum
2976 1736 3159 1794 venire
3185 1736 3401 1799 debent,
3432 1745 3487 1790 et
3512 1737 3686 1794 ratio-

399 1847 653 1901 habeant.
686 1842 908 1897 Habetis
933 1841 1100 1894 Deum
1128 1843 1605 1896 remuneratorem,
1632 1847 1824 1901 meque
1843 1831 1993 1887 dehi-

398 1944 570 1990 torem
615 1932 910 1988 secundum
957 1927 1417 2001 opportunitatem
1466 1924 1744 1994 temporis,
1800 1931 1859 1976 ut
1903 1937 1992 1976 ve-

398 2013 526 2079 strre
551 2021 814 2077 voluntati
844 2019 1172 2075 satisfaciam
1206 2019 1258 2070 in
1287 2015 1523 2071 Christo.

858 2148 883 2174 α
911 2130 1241 2188 EPISTOLA
1281 2129 1503 2184 CCXIII.

752 2221 819 2258 an
848 2206 876 2243 ιι
913 2217 1300 2256 nxcsxnsnreu
1337 2213 1646 2253 errscorur.

976 2293 1154 2365 (Anno
1169 2290 1419 2361 incerto.)

397 2390 745 2462 Conqueritur
786 2388 850 2441 de
897 2387 1040 2462 noris
1087 2384 1484 2462 exact_ionibus_,
1531 2379 1990 2462 quiblusnministri

467 2450 783 2584 egiseopales
826 2455 1080 2510 vexabant
1109 2454 1429 2525 presbyteros
1455 2453 1510 2506 in
1543 2450 1779 2505 ecclesiis
1823 2451 1988 2504 sancti

531 2530 690 2584 artini
712 2529 1006 2582 servientes.

401 2558 408 2564 -
469 2529 690 2584 Martini
712 2529 1006 2582 servientes.

405 2649 408 2652 ~
467 2618 694 2675 Domino
707 2613 1032 2679 venerando,
1055 2613 1317 2682 nob'sque
1342 2611 1542 2666 Christi
1563 2626 1748 2666 amore
1764 2607 1988 2667 colendo

303 2712 308 2715 ’
398 2711 732 2781 ltagerberto
753 2706 1027 2776 episcopo,
1060 2703 1319 2758 Alcuinus
1345 2702 1504 2756 levita
1532 2701 1780 2756 salutem.

473 2804 679 2859 Memor
701 2801 965 2856 condictaa
994 2796 1247 2850 amicitia:
1275 2796 1416 2849 inter
1446 2809 1543 2848 nos
1568 2799 1826 2862 quantam
1856 2791 1988 2846 mihi

399 2895 652 2952 fiduciam
681 2898 902 2961 praestat
935 2886 1137 2955 aliquid
1171 2884 1438 2941 scribendi
1463 2883 1529 2938 ad
1573 2899 1686 2946 vos,
1735 2882 1878 2951 quod
1899 2897 1993 2936 no-

396 2985 483 3040 bis
507 3000 574 3038 ex
612 2991 845 3050 utraque
899 2985 1052 3048 parte
1081 2977 1445 3032 necessarium
1477 2975 1708 3030 videtur.
1775 2973 1986 3027 Dictum

397 3083 481 3130 est
530 3074 680 3136 mihi,
721 3070 863 3139 quod
891 3067 1052 3122 vestri
1103 3067 1347 3136 juniorcs
1376 3067 1608 3135 aliquam
1641 3080 1834 3119 novant
1859 3079 1988 3118 con-
2017 3066 2062 3128 ο

397 3165 736 3220 suetudinem
767 3162 1040 3215 misissent
1069 3175 1228 3229 super
1261 3159 1518 3214 ecclesias
1563 3166 1617 3210 et
1647 3158 1990 3227 presbyteros

397 3254 571 3310 sancti
606 3252 849 3314 Martini:
908 3252 1020 3306 lrno
1046 3260 1101 3306 et
1148 3252 1213 3304 tle
1250 3249 1651 3316 vobismetipsis
1703 3247 1984 3310 dixerunt;

399 3354 582 3399 tamen
614 3343 678 3397 de
702 3350 882 3396 vestra
909 3341 1196 3394 sanctitate
1227 3339 1332 3393 hoc
1359 3352 1464 3391 non
1487 3337 1796 3400 credebam,
1849 3337 1992 3389 resti-

397 3449 556 3489 mans
584 3449 679 3488 vos
708 3445 947 3486 canones
966 3429 1168 3499 optime
1193 3442 1429 3491 servare,
1453 3436 1507 3480 et
1527 3427 1759 3480 maxime
1779 3427 1990 3480 Domim

398 3524 569 3580 nostri
593 3521 718 3578 Jesu
746 3521 947 3576 Christi
978 3519 1341 3589 evangelicam
1365 3517 1708 3580 sententiam,
1752 3514 1844 3573 ubi
1875 3516 1987 3568 ait:

399 3612 577 3668 Gratis
602 3612 890 3682 accepistis,
939 3609 1103 3680 gratis
1129 3593 1267 3662 Idate
1311 3605 1526 3678 (Matth.
1559 3622 1614 3670 x,
1648 3605 1724 3676 8).
1797 3604 1992 3660 Dicunt

398 3706 578 3758 enim:
612 3702 778 3756 vestri
816 3703 965 3756 missi
997 3700 1344 3754 mandassent
1385 3697 1729 3771 presbyteros
1777 3707 1992 3752 nostros

397 3795 465 3849 de
502 3807 640 3863 pane
662 3792 842 3846 modio
879 3799 934 3845 et
965 3791 1216 3847 dimidio:
1279 3791 1344 3845 de
1374 3791 1498 3845 vino
1522 3791 1740 3856 modio;
1797 3790 1865 3845 de
1896 3806 1992 3845 an-

397 3898 542 3940 nona
571 3886 638 3938 ad
662 3883 898 3938 caballos
925 3884 1104 3940 modia
1143 3892 1392 3953 quatuor,
1446 3884 1626 3938 casios
1653 3884 1704 3949 6,
1735 3899 1835 3938 ova
1867 3883 1987 3949 iOO,

404 3974 582 4046 pisces
605 3983 657 4029 et
680 3981 799 4028 orto
825 3982 878 4027 et
918 3973 1164 4046 legumen
1191 3972 1588 4029 adsuiiicienter
1628 3974 1694 4028 ab
1747 3990 1992 4044 unoquo—

401 4079 507 4135 que
537 4065 887 4135 presbytero;
941 4064 1060 4118 etsi
1101 4064 1203 4118 boc
1231 4079 1337 4118 non
1368 4063 1741 4129 reddidissent,
1793 4079 1860 4119 ex
1900 4079 1992 4119 ve-

299 4175 303 4177 ·
397 4165 510 4212 stra
562 4157 886 4211 auctoritate
923 4155 1267 4209 interdictum
1311 4155 1596 4218 haberent,
1652 4157 1846 4210 missas
1881 4173 1989 4212 non

395 4255 616 4302 cantare
645 4247 697 4301 in
719 4246 964 4301 ecclesiis
1007 4245 1234 4308 nostris;
1277 4261 1378 4299 nec
1404 4246 1565 4299 etiam
1593 4245 1728 4300 alios
1761 4248 1989 4317 presby-

396 4347 545 4393 teros
579 4339 632 4392 in
662 4336 906 4392 ecclesiis
950 4335 1122 4390 sancti
1163 4334 1379 4389 Martini
1410 4343 1630 4389 cantare
1656 4334 1860 4390 licitum
1892 4337 1990 4391 ha-

398 4429 547 4485 bere.

470 4520 663 4574 Mirum
678 4519 808 4574 mihi
830 4519 1060 4581 videtur,
1080 4532 1185 4588 qua
1202 4520 1493 4574 autoritatc
1510 4517 1769 4573 ecclesias
1780 4517 1983 4574 Christi

396 4612 874 4672 excommunicare
893 4610 1140 4675 voluisti;
1201 4610 1246 4664 si
1278 4610 1576 4681 presbyteri
1603 4619 1981 4686 peccaverunt,

468 4775 496 4804 ι
536 4759 748 4832 Froben
777 4763 936 4832 epist.
962 4762 1086 4816 199.

465 4833 498 4874 δ
564 4831 925 4901 Conqueritur
985 4832 1244 4886 Alcuinus
1310 4831 1363 4885 in
1431 4833 1534 4886 hac.
1607 4831 1836 4902 epistola
1918 4834 1984 4888 de

395 4918 537 4984 ηομ
561 4902 969 4984 atqueinsolita
997 4903 1282 4984 exactione
1327 4917 1492 4984 quam
1523 4902 1753 4983 ministri
1776 4902 1985 4984 episco-

390 4974 546 5044 pales
560 4971 915 5044 intentabant
941 4973 1272 5044 presbyteris
1299 4980 1352 5026 et
1379 4971 1625 5044 ecclesiis
1647 4971 1820 5027 sancti
1843 4973 1984 5027 Mar-

393 5041 514 5104 tini.
555 5041 872 5110 ilujusmodi
899 5041 1228 5104 exactiones,
1261 5057 1380 5112 quae
1408 5041 1625 5096 nomine
1645 5045 1983 5111 procuratio-

393 5129 526 5176 ,num
556 5121 650 5175 aut
675 5112 981 5182 synodatici
1022 5112 1260 5174 veniunt,
1323 5112 1451 5166 olim
1508 5112 1752 5178 minime,
1797 5115 1899 5170 nisi
1927 5116 1981 5170 in

396 5197 527 5249 casu
555 5181 916 5246 necessitatis,
958 5181 1073 5236 fieri
1117 5183 1502 5252 permittebant
1547 5198 1786 5239 canones
1811 5195 1866 5244 et
1889 5186 1981 5240 de-

398 5261 548 5325 creta
590 5253 962 5325 conciliorum,
1008 5263 1167 5325 prout
1209 5253 1397 5325 videre
1432 5261 1515 5308 est
1543 5255 1682 5325 apud
1720 5254 1981 5310 Thomas-

397 5321 575 5396 sinum
603 5323 721 5378 νει.
766 5322 982 5396 et.Nov.
1008 5321 1332 5396 Disciplina:
1369 5323 1516 5378 Part.
1549 5321 1632 5389 iit,
1656 5324 1747 5379 lib.
1774 5342 1836 5390 ιι,
1859 5341 1977 5396 cap.

397 5391 467 5444 3‘3.
489 5401 542 5466 et
568 5408 683 5462 seq.
715 5423 786 5433 —
813 5391 975 5466 Cujus
999 5395 1153 5466 sedis
1169 5391 1544 5466 Raganbcrtus
1566 5410 1659 5449 seu
1684 5391 1982 5466 Ragerbe'r-

400 5467 492 5543 tus
518 5460 850 5543 {utrumque
886 5460 1050 5543 enim,
1072 5460 1410 5543 habet'ms.)
1449 5466 1745 5543 gpisropus
1768 5460 1978 5543 'fuerit,

398 5530 538 5610 inihi.
559 5530 950 5610 incompertum
973 5542 1095 5610 est;
1129 5534 1241 5588 sedi
1273 5530 1416 5588 enim
1449 5530 1748 5610 'l‘iu'onénsi
1776 5534 1978 5588 nullum

397 5600 843 5672 hujusnominis,
873 5601 1080 5656 Alcuini
1107 5612 1288 5666 relate,
1338 5603 1618 5672 prmfttisse
1643 5604 1978 5672 episcopum

397 5669 610 5751 reperio
634 5685 648 5738 ;
690 5669 940 5724 existimo
968 5685 1096 5724 vero
1119 5669 1462 5742 presbyteros
1484 5673 1600 5727 illos
1626 5669 1792 5728 fuisse
1818 5669 1978 5752 paro-

2093 1846 2218 1886 nem
2240 1831 2466 1886 reddere
2496 1830 2561 1886 de
2580 1828 2769 1884 oiiiciis
2797 1829 3149 1899 spiritalibus,
3173 1837 3228 1884 et
3255 1837 3308 1882 tu
3337 1831 3504 1900 gratis
3542 1830 3684 1885 dare

2091 1923 2195 1979 illis
2220 1937 2341 1992 qua:
2368 1922 2462 1976 Dei
2500 1929 2646 1984 sunt,
2678 1921 2817 1975 sicut
2841 1927 2966 1976 ante
2993 1919 3239 1988 praedixi,
3293 1919 3516 1975 Domino
3543 1917 3682 1974 Jesu

2092 2015 2449 2070 demandante
2477 2021 2536 2066 ut
2556 2013 2722 2083 gratis
2762 2010 3024 2081 spiritalia
3076 2016 3215 2064 dona
3247 2010 3439 2064 dentur
3465 2009 3532 2063 ab
3557 2025 3682 2064 orn-

2091 2105 2279 2165 nibus;
2337 2111 2394 2158 et
2418 2101 2678 2171 majorem
2708 2101 2800 2156 tibi
2827 2100 3241 2170 prosperitatcm
3272 2107 3488 2169 prmstat
3508 2098 3685 2153 inter-.-

2091 2198 2266 2252 cessio
2291 2197 2463 2250 sancti
2493 2194 2706 2249 Martini
2748 2204 2804 2248 et
2831 2193 3003 2248 sancti
3029 2192 3212 2256 Aredii
3230 2233 3245 2257 ,
3275 2207 3436 2262 quam
3462 2192 3680 2251 illorum

2090 2289 2372 2344 concilium
2400 2287 2491 2358 qui
2518 2288 2659 2342 hanc
2686 2287 2975 2341 hortantur
3008 2287 3346 2341 exactionem
3391 2295 3444 2342 et
3475 2287 3680 2351 tributa

2090 2378 2332 2434 solvere:
2359 2386 2416 2433 et
2441 2379 2485 2432 si
2510 2377 2630 2432 aliis
2661 2375 2837 2432 facere
2855 2376 3139 2440 voluisses,
3194 2391 3466 2445 nunquam
3493 2385 3679 2432 tamen

2091 2469 2292 2524 nostris
2315 2470 2457 2523 hanc
2475 2468 2853 2522 necessitatem
2899 2467 3172 2537 imponere
3203 2476 3253 2519 te
3285 2464 3420 2526 velle
3466 2467 3678 2536 putavi,

2090 2567 2310 2630 propter
2336 2557 2628 2613 amicitiam
2649 2558 2789 2612 inter
2809 2571 2908 2611 nos
2935 2555 3356 2620 condictam,vel
3383 2556 3552 2626 magis
3579 2557 3684 2610 ho-

2093 2665 2280 2710 norem
2316 2650 2490 2705 sancti
2522 2648 2758 2714 Martini,
2789 2663 2950 2718 quem
3000 2647 3142 2702 Deus
3195 2653 3342 2700 tanta
3391 2647 3685 2703 honoravit

2092 2740 2433 2806 auctoritate,
2464 2747 2524 2793 ut
2540 2737 2791 2793 omnibus
2817 2737 3076 2791 auxilium
3124 2736 3326 2791 sanctis
3353 2735 3465 2790 suis
3508 2735 3682 2789 inter-

2092 2830 2424 2886 cessionibus
2452 2836 2714 2900 praestare
2751 2829 2968 2898 poterit.
3017 2827 3344 2883 Incolumem
3369 2836 3425 2882 et
3465 2826 3678 2882 felicem

2089 2923 2478 2978 beatitudinem
2534 2929 2705 2985 tuam,
2760 2927 3014 2988 recteque
3068 2919 3448 2989 prredicantem
3493 2918 3680 2982 divina

2092 3011 2379 3067 clementia
2407 3019 2692 3081 protegere
2741 3016 2796 3065 et
2850 3009 3092 3064 exaltare
3147 3009 3416 3080 dignetur,
3458 3008 3678 3064 domine

2093 3100 2449 3157 sanctissime.

2550 3244 2576 3273 θ
2607 3234 2941 3290 EPISTOLA
2984 3234 3208 3294 CCXIV.

2515 3361 2582 3404 Δι)
2621 3363 2900 3405 NIFBIDIUM
2939 3361 3244 3404 εριεςοιτωι.

2661 3461 2836 3532 (Anno
2852 3461 3102 3532 incerto.)

2094 3569 2403 3624 Memoriam
2421 3571 2503 3624 sui
2525 3572 2579 3624 in
2603 3573 2923 3626 orationibus
2942 3583 3156 3635 exorat;
3209 3573 3542 3628 Benedictum
3564 3591 3596 3628 a
3617 3592 3680 3630 se

2511 3641 2885 3712 digredientem
2909 3643 3258 3698 commendat.
3641 3675 3660 3682 --

2086 3780 2091 3787 '
2164 3772 2370 3827 Dilecto
2405 3771 2552 3826 Patri
2583 3770 2609 3810 ἀ
2647 3771 2875 3829 Nifridio
2934 3775 3186 3855 episcopo
3225 3775 3482 3833 Alcuinus
3531 3779 3685 3834 salu—

2093 3873 2201 3919 tem
2210 3904 2223 3918 .

2164 3977 2248 4032 Sit
2294 3993 2500 4033 memor
2529 3978 2656 4045 mei,
2709 3979 2955 4046 obsecro,
3003 3982 3241 4046 charitas
3271 3991 3360 4041 tua
3398 3985 3448 4040 in
3489 4002 3680 4048 sacro-

2091 4073 2294 4133 sanctis
2317 4072 2653 4127 orationibus
2692 4074 2796 4128 tuis
2821 4089 2941 4128 cum
2969 4073 3228 4131 fratribus
3263 4078 3475 4132 nostris.
3509 4078 3680 4133 Tem-

2088 4178 2220 4234 pora
2250 4163 2394 4217 enim
2419 4169 2544 4217 sunt
2566 4163 2889 4236 periculosa,
2915 4173 2970 4218 et
2991 4166 3137 4225 solus
3161 4166 3248 4221 ille
3273 4166 3494 4224 feliciter
3517 4169 3676 4234 vivit,

2089 4253 2179 4323 qui
2199 4253 2307 4307 Deo
2342 4251 2545 4306 serviet
2570 4252 2622 4304 in
2650 4251 2914 4306 charitatc
2939 4252 3199 4323 perfecta,
3221 4265 3277 4311 et
3302 4255 3406 4310 fide
3426 4265 3592 4327 recta,
3616 4269 3681 4312 et

2090 4358 2183 4412 spe
2203 4343 2363 4406 bona,
2380 4358 2500 4411 qua:
2521 4349 2881 4396 suntsumma:
2902 4345 3161 4400 veritates
3181 4346 3522 4401 servientium
3537 4347 3671 4402 Deo.

2015 4411 2066 4474 Ῑ)
2087 4411 2145 4486 In
2169 4433 2254 4486 his
2271 4441 2359 4486 tua
2391 4447 2448 4487 se
2473 4441 2726 4492 exerceat
2752 4434 3030 4500 sanctitas,
3054 4443 3116 4489 ut
3142 4435 3253 4490 Deo
3283 4436 3568 4490 auxiliante
3596 4437 3676 4492 de

2087 4523 2248 4591 hujus
2290 4523 2415 4578 vitm
2441 4523 2626 4580 labore
2654 4525 2721 4580 ad
2746 4534 3019 4597 perpetuae
3047 4529 3244 4598 quietis
3283 4529 3673 4585 beatitudinem

2083 4629 2366 4686 pervenire
2380 4630 2664 4672 merearis.

2084 4773 2216 4828 chos
2240 4773 2295 4834 in
2318 4772 2565 4828 ecclesiis
2589 4781 2743 4828 extra
2771 4773 3031 4829 dioecesin
3057 4775 3429 4831 Turonensem
3457 4775 3592 4840 sitis,
3608 4784 3674 4830 et

2085 4847 2154 4897 ad
2182 4845 2578 4915 monasterium
2627 4844 2801 4915 sancti
2831 4844 3043 4915 Martini
3102 4847 3532 4915 pertinentibus;
3572 4847 3672 4914 qui

2085 4921 2264 4987 tamen
2289 4913 2582 4968 visitationi
2611 4913 2846 4987 episcopi
2884 4913 3118 4984 subjecti
3159 4917 3394 4983 fuerant,
3421 4925 3477 4970 et
3502 4917 3553 4970 in
3577 4913 3678 4987 sy-

2084 4983 2580 5054 nodisicomparcrc
2603 4983 2891 5054 debebant.

2157 5065 2179 5124 9
2221 5052 2453 5124 Froben.
2486 5054 2645 5124 epist.
2671 5052 2796 5107 202.

2070 5123 2461 5206 '“dLNifridio
2519 5123 2777 5206 episcogo.
2843 5123 2940 5178 Est
2984 5124 3337 5206 isﬁefﬁdius
3383 5127 3675 5206 episcopus

2082 5194 2493 5275 Marbonensis,‘
2518 5193 2609 5275 qui
2640 5193 2782 5275 alibi.
2799 5209 3011 5275 quoque
3046 5193 3470 5275 Ni_mfridius_é_t_
3488 5193 3677 5275 liii—ni-

2082 5264 2288 5334 bridius
2322 5263 2666 5334 appellatur,”
2695 5263 2784 5334 qui
2812 5263 2863 5334 in
2894 5279 3057 5319 causa
3107 5269 3328 5322 hmresis
3361 5268 3554 5324 Felicis
3609 5279 3676 5323 et

2083 5333 2371 5409 Elipandi,’
2392 5333 2525 5409 cum
2541 5333 2702 5409 sociis
2721 5333 3002 5409 _Laidrado
3027 5336 3368 5409 Lugalunensi
3392 5339 3674 5409 episcopo

2083 5349 2349 5456 uirginal,
2392 5349 2514 5389 cum
2541 5349 2702 5394 socns
2737 5349 3002 5389 Lararaao
3027 5349 3368 5408 Lugttunensi
3413 5349 3668 5409 episcopo

2071 5412 2136 5457 et
2237 5403 2448 5480 nedic_to
2478 5402 2681 5480 abbate.
2707 5402 3001 5480 Ania_ne_nsi
3031 5407 3228 5480 missus
3273 5416 3358 5463 est
3389 5408 3668 5480 Urgellas:

2080 5487 2187 5542 qua
2221 5472 2508 5542 occasione
2532 5470 2789 5542 Alcuinus
2811 5473 3014 5530 eisdem
3040 5476 3208 5534 libros
3230 5470 3492 5534 adversus
3518 5478 3674 5534 illam

2081 5541 3102 5630 iteret-1“ireszrrsﬁxsevieua.
3154 5549 3444 5621 inscripsit.
3473 5549 3538 5603 de
3558 5562 3676 5630 «re

2082 5626 2179 5668 suo
2207 5612 2344 5666 loco.
2409 5612 2541 5667 Vide
2570 5620 2681 5665 not.
2715 5623 2760 5680 ι’,
2804 5612 2907 5668 coll
2938 5616 3061 5674 489.
