4012 6188
256 263 386 355 iss

1725 288 2101 350 EPISTOL/E.

3449 309 3552 370 490

350 410 547 466 Frater
574 422 705 465 vero
734 422 758 447 ³
790 384 1109 462 Benedictus
1146 419 1265 461 mea
1294 408 1475 462 omnia
1510 410 1603 462 tibi
1658 409 1868 464 innote-
1896 413 1943 472 Α
1969 416 2032 461 ιιι
2081 409 2285 478 optimo
2325 412 2438 482 regi
2474 413 2675 481 optime
2718 414 3007 468 serviatur.
3059 413 3160 482 Qui
3189 416 3329 475 bona
3376 421 3556 496 cingat

279 516 435 560 scere
467 501 729 573 potuerit,
763 514 923 567 quem
951 514 1074 553 cum
1101 498 1356 571 lacrymis
1392 499 1592 554 dimisi.
1636 500 1717 555 'l‘u
1742 516 1871 557 vero

278 611 404 652 cum
452 592 650 665 gaudio
694 591 925 661 recipias
948 606 1101 656 eunt;
1150 606 1245 646 vos
1285 606 1415 646 vero
1444 592 1603 646 ambo
1630 592 1873 647 laborate

280 684 436 754 quasi
479 682 607 737 boni
654 689 904 752 pastores
937 681 992 735 in
1019 696 1179 752 grege
1204 680 1436 748 Christi;
1461 682 1594 737 nihil
1619 683 1873 739 haesitan-

281 784 364 830 tes
394 776 462 829 de
481 772 734 828 mercede
753 780 1038 843 perpetua,
1089 787 1210 843 quae
1238 772 1455 828 dabitur
1478 772 1709 829 fideliter
1751 789 1872 846 gre-

278 880 401 937 gem
448 863 653 919 Christi
681 863 1047 934 pascentibus.
1101 863 1302 920 Omnes
1330 879 1461 922 vero
1500 866 1782 937 episcopos
1816 875 1873 921 et

278 952 477 1011 Patres
513 954 743 1011 fratrum
771 962 1081 1011 nostrorum
1109 971 1175 1011 ex
1203 958 1376 1013 nostri
1434 958 1668 1014 nominis
1695 957 1871 1016 officio

278 1051 336 1105 iu
364 1050 633 1105 charitate
683 1056 739 1104 et
782 1049 1143 1119 prosperitate
1191 1050 1441 1116 salutate,
1482 1060 1733 1122 rogantes
1777 1067 1872 1107 eos

278 1141 455 1199 nostri
476 1156 597 1197 esse
609 1154 880 1196 memores
906 1139 1124 1195 assidua
1144 1140 1545 1206 intercessione,
1574 1150 1636 1196 ut
1660 1142 1727 1197 de
1750 1156 1872 1197 mea

278 1233 455 1290 salute
480 1232 556 1289 illi
583 1231 890 1288 mercedem
923 1231 1159 1287 habeant
1188 1233 1591 1302 sempiternam.

350 1329 517 1399 268
543 1327 688 1380 Deus
713 1338 902 1382 omnes
941 1323 1061 1378 illos
1080 1332 1339 1395 perpetua
1393 1325 1731 1395 protectione
1772 1339 1871 1378 eu-

281 1421 482 1476 stodiat
502 1426 560 1474 et
579 1417 747 1472 faciat
766 1430 861 1472 eos
886 1416 940 1470 in
974 1415 1121 1472 omni
1148 1430 1312 1486 opere
1337 1414 1481 1470 bono
1502 1416 1788 1486 proficere,
1812 1424 1875 1471 ut

281 1510 635 1581 multiplicato
664 1507 987 1563 talentorum
1037 1519 1264 1562 numero
1305 1506 1584 1578 multiplici
1621 1522 1873 1562 remune-

283 1601 490 1655 ratione
515 1598 662 1671 digni
675 1596 979 1653 efficiantur
1003 1597 1145 1667 apud
1165 1596 1356 1651 Deum.
1391 1597 1590 1652 Vivant
1608 1611 1798 1653 omnes
1817 1604 1875 1652 et

280 1690 508 1749 ﬂoreant
532 1689 761 1750 feliciter
788 1689 843 1743 in
880 1687 1097 1744 Christo
1117 1688 1345 1743 Domino
1372 1688 1485 1743 Deo
1521 1696 1724 1743 nostro.

761 1802 790 1843 ι)
813 1799 1145 1857 EPISTOLA
1168 1800 1371 1858 CCXV.

692 1888 759 1926 ΑΙ)
798 1887 1196 1928 υιιεοτιεειιιοε
1233 1887 1453 1928 PATRES.

840 1961 1018 2032 (Anno
1053 1961 1306 2030 incerto.)

285 2056 547 2112 Hortatur
579 2053 699 2110 illos
725 2054 795 2110 ad
820 2054 1129 2108 charitatem
1153 2063 1202 2108 et
1249 2053 1318 2108 ad
1347 2053 1551 2109 labores
1602 2055 1721 2111 vita:
1753 2072 1865 2110 mo-

959 2146 1192 2200 nasticw.

353 2239 729 2296 Dilectissimis
782 2237 835 2292 in
874 2236 1089 2292 Christo
1116 2237 1360 2308 patribus
1400 2245 1717 2309 perpetuam
1772 2255 1862 2296 sa-

282 2332 472 2388 intem.

353 2421 501 2489 Quos
522 2420 630 2476 fida
645 2432 860 2491 semper
883 2419 1127 2491 sequitur
1150 2419 1414 2485 Charitas,
1440 2420 1635 2490 saepius
1659 2421 1864 2478 littera-

284 2528 400 2568 rum
423 2519 686 2581 sequatur
696 2518 753 2565 et
764 2510 953 2575 series,
979 2510 1384 2580 quiaquoddam
1409 2520 1496 2566 est
1521 2513 1753 2568 amantis
1779 2527 1864 2568 re-

278 2602 580 2678 frigerium,
606 2605 887 2661 aestuantis
918 2604 1084 2659 animi
1112 2603 1382 2661 fervorem
1407 2603 1586 2660 verbis
1610 2602 1696 2658 vel
1722 2603 1865 2657 litte-

280 2698 357 2753 ris
373 2697 665 2768 explicare,
707 2696 834 2766 quia
862 2693 1028 2749 verba
1055 2694 1180 2750 data
1227 2702 1354 2750 sunt
1398 2694 1467 2748 ad
1492 2692 1738 2748 veritatis
1771 2692 1864 2747 de—

279 2788 747 2852 monstrationem,
805 2786 884 2840 uti
908 2785 1051 2856 quod
1078 2800 1172 2840 cor
1197 2784 1465 2840 veraciter
1488 2783 1741 2853 concipit,
1764 2782 1864 2836 lin-

276 2894 384 2951 gua
405 2894 513 2936 non
536 2878 801 2934 fallaciter
814 2876 1078 2948 proferat,
1123 2884 1180 2932 et
1226 2892 1383 2932 suum
1410 2891 1504 2931 cor
1537 2874 1706 2930 frater
1731 2874 1865 2929 alte-

278 2975 394 3029 rius
413 2972 664 3028 infundat
684 2970 850 3035 wrdi,
895 2977 952 3024 et
979 2968 1075 3023 fiat
1096 2967 1425 3024 unanimitas
1460 2969 1785 3034 animorum,
1806 2968 1862 3023 in

278 3064 477 3136 quibus
493 3062 892 3119 estcommunio
911 3060 1226 3126 charitatis;
1251 3075 1378 3114 nam
1400 3060 1580 3114 anima
1601 3059 1719 3115 sine
1729 3059 1863 3116 cha-

278 3154 440 3208 ritate
472 3159 685 3207 mortua
706 3160 810 3218 est,
847 3165 952 3206 non
973 3150 1180 3206 habens
1217 3149 1411 3206 divina:
1433 3148 1700 3205 Bouitatis
1728 3150 1864 3205 ima-

276 3244 481 3315 ginem,
514 3241 583 3296 ad
601 3256 763 3312 quam
788 3242 955 3298 creati
982 3256 1207 3308 sumus;
1239 3240 1401 3297 etiam
1427 3249 1483 3296 et
1502 3241 1745 3299 renovati
1768 3256 1865 3314 per

277 3334 578 3390 bonitatem
602 3332 900 3389 Salvatoris
927 3333 1123 3399 nostri,
1171 3333 1265 3404 qui
1294 3332 1372 3389 ait
1401 3350 1413 3386 :
1458 3332 1525 3387 In
1553 3333 1649 3387 hoc
1675 3350 1864 3404 cogno-

276 3435 418 3480 scent
436 3441 638 3490 omnes,
687 3426 811 3495 quia
856 3424 959 3479 mei
998 3408 1412 3495 discipuli'estis,
1464 3425 1509 3479 si
1535 3423 1864 3480 dilectionem

278 3514 569 3568 habueritis
589 3513 658 3568 ad
696 3514 913 3568 invicem
952 3513 1134 3585 (Joan.
1165 3528 1286 3581 xm,
1312 3514 1424 3585 55).
1464 3513 1541 3570 De
1569 3514 1721 3584 cujus
1747 3515 1865 3571 dul-

278 3602 468 3658 cedine
504 3619 612 3658 non
645 3602 779 3658 mihi
804 3618 939 3675 opus
959 3617 1081 3659 esse
1103 3603 1340 3659 arbitror
1371 3604 1602 3676 plurima
1627 3606 1865 3663 scribere

279 3705 475 3752 vestra:
495 3697 790 3765 sanctitati,
818 3714 979 3769 quam
1002 3699 1131 3755 olim
1151 3700 1437 3768 didicistis,
1465 3710 1523 3757 et
1552 3703 1754 3760 habere
1782 3704 1865 3762 in-

279 3788 549 3843 notuistis.
622 3787 883 3860 Superest
901 3798 962 3844 ut
979 3805 1151 3861 usque
1202 3792 1271 3847 ad
1290 3793 1455 3847 tinem
1481 3791 1698 3849 firmum
1732 3795 1865 3851 reti-

278 3876 477 3944 neatis,
503 3879 761 3948 quoniam
787 3881 877 3951 qui
898 3882 1296 3952 perseveraverit
1317 3899 1478 3954 usque
1507 3882 1563 3939 iu
1589 3885 1749 3956 ﬁnem
1778 3885 1864 3940 hic

278 3967 455 4023 salvus
476 3970 577 4023 erit
602 3968 815 4042 (Matth.
844 3986 900 4038 x,
927 3970 1039 4043 ξε).

349 4059 543 4116 Saluta
593 4077 831 4134 quoque,
885 4074 908 4102 ο
949 4066 1288 4124 sanctissime
1329 4066 1491 4123 Pater
1523 4067 1728 4124 lnfridii
1756 4066 1866 4122 fra-

281 4162 392 4210 tres
413 4162 631 4210 nostros
653 4155 951 4212 servientes
960 4158 1228 4228 siquidem
1252 4166 1453 4214 sanctae
1472 4158 1687 4216 Manta.
1716 4159 1867 4231 Opti-

283 4261 429 4301 mam
446 4261 579 4301 vere
604 4245 881 4318 elegerunt
907 4249 1201 4315 dominam,
1250 4258 1307 4305 et
1329 4250 1591 4320 Optimum
1609 4267 1864 4322 sponsum

281 4336 527 4408 ejusdem
557 4339 786 4395 domina:
813 4347 869 4396 et
891 4342 1091 4412 reginis
1133 4341 1421 4408 calorum;
1454 4348 1512 4397 et
1539 4342 1757 4413 dignum
1782 4351 1867 4398 est

1976 498 2185 570 [Forte,
2225 503 2394 575 eligit,
2426 505 2509 559 vel
2534 506 2749 579 elegit],
2789 507 2927 563 bona
2952 511 3241 577 custodiat,
3269 513 3411 570 bona
3447 535 3553 576 non

1972 590 2334 662 derelinquat,
2364 595 2458 649 sed
2482 597 2869 666 perpetualiter
2889 588 3030 654 bona
3054 602 3305 657 retineat.
3353 606 3553 666 Parum

1972 689 2060 734 est
2093 681 2356 753 incepisse
2391 683 2552 751 bona,
2592 686 2694 740 nisi
2722 695 2782 740 ut
2806 700 3114 757 perseveret
3150 694 3207 747 in
3238 694 3416 763 bonis,
3460 700 3554 769 qui

1971 770 2112 825 bona
2141 772 2306 843 eligit.
2361 773 2500 842 Quid
2546 785 2630 830 est
2676 776 2914 833 laborem
2942 780 3280 838 fructuosum
3321 787 3553 844 derelin-

1972 873 2161 928 quere,
2210 870 2267 917 et
2291 863 2464 919 labori
2512 865 2842 923 infructuose
2879 871 3209 940 mancipari?
3246 875 3426 932 Labor
3452 878 3556 934 ita-

1971 965 2077 1020 que
2104 954 2434 1008 monachicaa
2469 955 2593 1009 vitae
2614 955 2919 1011 fructuosus
2946 967 3061 1025 est;
3103 960 3257 1017 labor
3281 980 3412 1021 vero
3457 982 3557 1024 sa:-

1972 1041 2076 1096 culi
2129 1041 2494 1099 infructuosus
2545 1056 2649 1101 est.
2717 1047 2845 1102 Sine
2895 1048 3079 1105 labore
3133 1068 3294 1109 nemo
3343 1056 3476 1112 vivit
3501 1060 3557 1114 in

1971 1132 2199 1199 mundo;
2238 1143 2294 1188 et
2318 1131 2447 1188 felix
2466 1135 2715 1202 nimium,
2739 1137 2831 1205 qui
2861 1136 2928 1191 de
2955 1137 3139 1195 labore
3166 1143 3312 1197 venit
3368 1146 3424 1200 in
3469 1161 3557 1202 re—

1972 1224 2176 1293 quiem,
2233 1233 2290 1279 et
2319 1224 2504 1280 infelix
2530 1227 2623 1297 qui
2674 1226 2741 1282 de
2761 1226 2946 1284 labore
2971 1230 3120 1284 venit
3166 1232 3221 1285 in
3250 1241 3514 1293 tormenta
3538 1255 3554 1303 ;

1973 1313 2183 1369 laborat
2209 1315 2354 1370 enim
2397 1324 2460 1370 ut
2492 1316 2633 1372 male
2661 1318 2880 1384 habeat,
2915 1327 2969 1373 et
2991 1334 3101 1376 non
3148 1321 3396 1395 intelligit
3427 1327 3559 1396 quid

1970 1402 2120 1456 facit.
2172 1403 2524 1476 intelligentia
2569 1406 2715 1461 enim
2739 1420 2875 1476 opus
2900 1415 2986 1462 est
3021 1408 3079 1462 in
3123 1408 3256 1475 vita,
3314 1421 3375 1467 ut
3420 1414 3560 1471 sciat

1972 1495 2136 1549 homo
2158 1494 2225 1549 ad
2255 1510 2414 1564 quem
2458 1494 2621 1551 finem
2662 1498 2850 1551 tendat
2879 1497 3164 1555 retributio
3196 1500 3399 1558 laboris
3447 1505 3554 1561 sui.

1973 1584 2182 1641 Parvus
2209 1585 2364 1640 labor
2385 1586 2440 1642 in
2460 1586 2602 1642 bono
2625 1587 2843 1642 homine
2883 1597 3143 1661 perpetua
3183 1595 3556 1650 remunerabia

1972 1683 2063 1729 tur
2094 1676 2295 1746 quiete.
2380 1675 2730 1746 Omnipotens
2757 1677 2899 1734 Deus
2944 1679 3013 1734 ad
3067 1681 3361 1738 multorum
3411 1684 3556 1740 salua

1890 1765 1940 1825 B
1969 1774 2074 1820 tem
2094 1781 2192 1822 vos
2206 1765 2446 1837 longaeva
2464 1766 2821 1837 prosperitate
2831 1767 3096 1838 proficere
3114 1773 3394 1842 concedat,
3421 1775 3555 1832 cha-

1968 1856 2167 1912 rissimi
2197 1856 2406 1915 Patres.

2321 1971 2347 2011 ει
2370 1972 2537 2044 269
2560 1971 2896 2032 EPISTOLA
2929 1974 3158 2033 ccxvr.

2347 2088 2415 2126 AD
2452 2087 2825 2130 CUNIBERCTUM
2859 2091 3168 2133 EPISCOPUN.

1966 2162 2307 2220 Commendat
2348 2167 2654 2222 memoriam
2699 2177 2982 2223 contractae
3010 2171 3133 2225 olim
3164 2173 3428 2230 amicitiar.
3468 2176 3549 2232 Ad

2036 2251 2165 2317 opus
2194 2235 2879 2317 praedicationisﬁortatur,
2919 2238 3067 2294 nulla
3094 2242 3276 2296 σανδαιὶ
3303 2254 3554 2317 potestate

2035 2316 2128 2360 aut
2154 2305 2382 2360 vanitate
2416 2306 2825 2378 impediendum.

2036 2417 2370 2475 Veneranda:
2398 2419 2676 2490 dignitatis
2695 2420 2841 2477 Patri
2878 2433 2902 2462 θ
2928 2422 3255 2483 Cunibcrcto
3276 2427 3555 2501 episcopo,

1964 2509 2185 2565 humilis
2213 2509 2399 2564 Levita
2424 2509 2688 2566 Alcuinus
2711 2512 2960 2568 salutem.

2035 2597 2175 2653 Olim
2209 2598 2229 2638 τ
2271 2598 2327 2653 in
2363 2597 2610 2669 synodali
2656 2610 2966 2656 sanctorum
3012 2601 3238 2659 Palmm
3287 2618 3556 2666 conventu

1964 2698 2142 2746 vestra
2195 2691 2413 2747 bonitas
2456 2690 2739 2746 nobiscum
2786 2694 2991 2764 pepigit
3037 2704 3194 2765 pacta
3247 2700 3552 2770 charitatis,

1965 2795 2086 2850 quae
2116 2788 2341 2850 propter
2368 2779 2829 2850 opportunitatem
2871 2780 3030 2850 hujus
3054 2785 3335 2853 portitoris
3360 2788 3445 2844 his
3467 2789 3555 2845 lit-

1965 2871 2157 2927 terulis
2188 2873 2513 2929 humilitatis
2540 2884 2741 2930 nostra:
2766 2890 3028 2931 renovare
3058 2879 3295 2947 studeat,
3324 2895 3393 2937 ne
3414 2883 3556 2940 forte

1962 2964 2123 3033 longa
2160 2966 2404 3021 absentia
2439 2967 2767 3023 oblivionem
2796 2970 2971 3025 nostri
3017 2973 3250 3031 nominis
3274 2977 3553 3034 vobiscum

1965 3053 2210 3113 fecisses.
2258 3055 2508 3114 Charitas
2537 3058 2865 3117 oblivionem
2893 3074 3002 3116 non
3027 3063 3247 3130 patitur,
3277 3074 3334 3120 et
3352 3068 3555 3126 veritas

1968 3151 2113 3206 nulla
2144 3151 2402 3220 temporis
2437 3151 2771 3222 longitudine
2794 3154 3187 3224 maculabitur,
3232 3159 3469 3216 maxime
3496 3161 3553 3216 in

1967 3244 2060 3300 tali
2092 3258 2323 3314 persona
2353 3251 2411 3299 et
2446 3251 2556 3298 tam
2594 3244 2854 3317 praeclaro
2881 3246 3189 3303 sanctitatis
3225 3249 3363 3316 viro,
3401 3250 3557 3322 cujus

1965 3340 2261 3396 latissimus
2300 3338 2541 3396 melliflui
2581 3341 2817 3412 pectoris
2842 3340 2994 3397 sinus
3023 3341 3420 3401 multitudinem
3444 3350 3555 3418 spi-

1964 3433 2202 3489 ritalium
2225 3447 2553 3509 congregare
2575 3433 2873 3490 amicorum
2896 3432 3032 3490 solet
3055 3450 3070 3503 ;
3102 3434 3248 3491 inter
3271 3452 3409 3508 quos
3435 3454 3558 3509 par-

1964 3524 2145 3581 vitatis
2175 3539 2309 3582 mea:
2336 3539 2533 3580 nomen
2567 3525 2822 3595 aliquem,
2870 3526 3151 3595 deprecor,
3197 3526 3435 3583 inveniat
3474 3528 3557 3585 lo-

1965 3634 2087 3675 cum
2111 3660 2126 3687 ,
2174 3628 2231 3676 et
2273 3627 2453 3675 vestra
2489 3611 2823 3673 nobilissima
2857 3618 3090 3674 fidelitas
3136 3622 3405 3688 quondam
3429 3662 3444 3687 ,
3495 3634 3557 3685 ut

1962 3710 2310 3779 prazdiximus
2333 3750 2348 3774 ,
2396 3707 2715 3779 promittere
2765 3720 2872 3761 non
2918 3707 3250 3763 abhorruit:
3298 3724 3400 3765 nec
3444 3727 3555 3768 non

1964 3799 2190 3870 supplici
2212 3796 2603 3865 obsecratione,
2634 3796 2798 3851 Pater
2816 3795 2893 3851 mi
2919 3796 2933 3850 ι
2963 3796 3216 3869 deposco,
3243 3807 3305 3855 ut
3326 3801 3556 3858 sanctis.

1963 3891 2115 3947 simis
2132 3889 2298 3944 vestri
2326 3887 2604 3959 regiminis
2622 3886 2881 3943 fratribus
2903 3890 3150 3947 eamdem
3177 3890 3245 3948 de
3268 3894 3427 3950 nobis
3450 3896 3560 3967 spi-

1964 3979 2176 4035 ritalem
2204 3993 2388 4034 curam
2428 3977 2898 4047 haberejubeatis.

2033 4068 2231 4125 Fateor
2255 4068 2377 4135 tibi,
2403 4068 2741 4125 sanctissime
2767 4068 3002 4139 praesul!
3048 4073 3194 4141 quod
3215 4077 3560 4134 venerabiles

1963 4160 2191 4216 fratrum
2235 4159 2679 4231 congregationes
2708 4160 2949 4219 studiose
2972 4162 3169 4230 amavi,
3205 4178 3341 4234 quas
3367 4165 3423 4220 in
3449 4166 3560 4224 illis

1965 4252 2275 4326 regionibus
2301 4253 2414 4308 Deo
2450 4252 2725 4309 deservire
2765 4253 2944 4326 dignis
2970 4254 3248 4322 moribus,
3295 4267 3557 4316 narrante

1965 4343 2130 4413 fama,
2163 4343 2467 4401 audivimus
2495 4359 2549 4422 ;/
2543 4344 2668 4399 licet
2695 4345 2853 4402 nobis
2888 4345 3074 4402 datum
3101 4361 3211 4403 non
3236 4355 3381 4404 esset
3431 4364 3554 4407 cor-

354 4484 381 4553 s
420 4470 758 4553 Fratervero
779 4474 1126 4553 Benedictus;
1159 4475 1707 4553 Abba_s_Anianen_sis,
1745 4493 1871 4553 san-
1896 4484 1950 4545 D
1972 4480 2149 4539 Ionius
2175 4475 2523 4553 An_nal._libr.
2546 4490 2697 4541 xxiv,
2754 4490 2901 4553 num.
2925 4475 3015 4553 8_6,
3045 4476 3350 4553 pag._2.tli.)
3386 4480 3555 4553 Igitur

283 4544 471 4619 gtitate
497 4542 746 4619 celebris,
784 4544 878 4615 qui
937 4547 1041 4602 sub
1087 4545 1281 4619 Carolo
1303 4547 1496 4617 Magno
1519 4555 1575 4602 et
1594 4542 1865 4619 Ludovico
1900 4542 1931 4545 ί
1970 4553 2039 4610 ad
2062 4549 2357 4619 monachos
2383 4545 2545 4619 huius
2586 4545 2902 4600 monasterii
2939 4542 3081 4601 han'c
3108 4542 3302 4619 cpistol

282 4611 378 4671 Pio
395 4611 871 4690 monasteriorum,
922 4617 1222 4690 praesertim
1255 4611 1579 4690 Aquiianiae,
1629 4618 1866 4690 discipli-

285 4702 410 4768 nam
433 4685 769 4773 reformavit,
825 4705 889 4746 ac
913 4685 1110 4773 sepius
1154 4685 1436 4773 pqipterea
1479 4685 1867 4773 aulamhatQue

284 4756 462 4881 initum
490 4756 774 4840 Alcinoum
825 4756 1074 4826 accessit,
1128 4756 1402 4830 multaque
1468 4756 1868 4842 necessitudine

286 4827 360 4908 im
378 4827 607 4908 adiurant
620 4837 637 4885 ;
650 4830 953 4908 gusjitant
973 4829 1192 4886 consule
1206 4831 1347 4900 apud
1360 4830 1724 4908 Mabrllpptum
1744 4829 1862 4886 Act.

288 4895 386 4950 SS.
416 4895 638 4952 Ordinis
663 4896 721 4952 S.
753 4899 884 4954 Ben.
920 4915 1045 4956 sazc.
1072 4916 1147 4965 tv,

284 4975 341 5021 ει
355 4966 1162 5095 rassae

637 5078 650 5091 .
743 5055 789 5093 IS
818 5078 831 5091 .
972 5079 986 5092 .

356 5054 385 5075 υ
418 5054 447 5089 ι·
464 5054 650 5092 ruben.
673 5054 831 5108 epISt.
860 5054 986 5095 sua.

356 5103 951 5180 °___Sanctissime_Pater
979 5108 1218 5180 Infridii.
1250 5109 1560 5180 Lugendum
1586 5120 1736 5166 certe
1775 5112 1871 5166 N5-

285 5175 459 5243 fridii,
482 5178 826 5260 commutatis
844 5179 898 5233 in
909 5175 1099 5304 .Brinia
1112 5180 1314 5263 syllaba
1331 5175 1560 5234 litterisi
1585 5188 1641 5234 et
1656 5197 1711 5247 rt,
1727 5183 1871 5252 quod

285 5243 547 5304 frequens
570 5255 656 5302 est
675 5264 729 5301 in
754 5256 922 5304 veteri
963 5265 1027 5304 us
1048 5252 1349 5304 scrmturis.
1415 5269 1433 5299 ι
1464 5249 1512 5304 ls
1532 5249 1694 5304 paulo
1747 5260 1871 5304 ante

284 5243 656 5321 frequens_gst
675 5243 1027 5321 inAveteribus
1048 5243 1349 5321 scripturis.
1415 5269 1433 5299 ι
1464 5249 1519 5321 lsi
1532 5243 1706 5319 paulo
1740 5243 1871 5321 ante

284 5327 511 5397 annum.
535 5315 639 5398 77.8
663 5317 870 5386 primus
914 5328 1121 5401 auctor,
1156 5315 1652 5443 "idemquedpriinus
1704 5320 1872 5375 abbas

284 5381 388 5454 fuit
411 5400 640 5454 msugnts
664 5397 978 5442 monasterii
1000 5388 1178 5445 Beata:
1204 5390 1386 5446 Mariae
1457 5404 1487 5444 e
1512 5387 1747 5444 Orbtone
1776 5405 1872 5445 seu

288 5451 637 5530 yrbione:sic
658 5456 787 5530 dicti
803 5473 844 5530 ἓ
865 5456 1027 5530 fluvio
1071 5461 1339 5530 proximo,
1387 5459 1533 5530 quod
1582 5458 1873 5530 aliquando

286 5522 473 5604 licata:
498 5524 681 5604 Maria:
704 5526 772 5582 de
801 5522 1423 5604 Novaljis,’ab_amoen_a-
1450 5529 1610 5604 valle,
1653 5522 1708 5585 in
1763 5545 1871 5599 qua

286 5598 455 5647 situm
484 5602 598 5665 est;
660 5606 935 5665 postremo
954 5598 1132 5653 Beate
1148 5598 1330 5654 Mariae
1348 5601 1415 5655 de
1440 5599 1639 5655 Cressa
1668 5598 1874 5656 nuncu-

286 5671 483 5739 patur;
514 5664 1084 5739 deincepsfactusfuit
1102 5669 1536 5739 archiepiscopus
1558 5670 1873 5727 Narbonen-

292 5733 393 5800 Sis,
433 5744 493 5788 ut
517 5749 583 5789 ex
619 5733 786 5809 veteri
829 5736 932 5792 loci
958 5733 1565 5809 Necrologiolliscintus.
1602 5761 1621 5794 ι
1667 5740 1875 5811 (Mabil-

780 5830 1052 5890 Ps'rnor.
1104 5829 1171 5890 C.

1330 4917 1370 5024 ι’,
1383 4914 1507 4971 pag.
1530 4900 1625 4954 191
1647 4910 1703 4956 et
1724 4915 1864 4972 seq.,

1970 4556 2039 4610 ad
2062 4556 2357 4605 monachos
2385 4556 2545 4615 hujus
2586 4556 2902 4600 monasterii
2939 4556 3081 4601 hanc
3108 4556 3393 4619 epistolam
3416 4556 3553 4610 scii-

1966 4634 2134 4696 paue.
2148 4616 2316 4696 fuisse
2334 4616 2606 4696 existimet.-
2625 4685 2639 4696 .

2037 4691 2065 4732 ἀ
2094 4687 2326 4744 Froben.
2357 4686 2513 4756 epist.
2541 4685 2667 4740 201.

2043 4773 2066 4802 θ
2096 4755 2404 4827 Cunibercto
2423 4757 2701 4827 episcopo.
2725 4756 2783 4810 ln
2810 4755 3110 4827 Britannia,
3136 4767 3196 4814 ut
3232 4777 3299 4818 ex
3333 4767 3549 4824 verbis;

1968 4834 2038 4889 Et
2080 4837 2271 4885 nostra!
2306 4825 2652 4880 celeberrimae
2686 4825 2874 4881 insula:
2912 4827 3206 4885 Britannice
3242 4833 3554 4891 habitatori-

1970 4906 2084 4966 bus.
2107 4911 2212 4957 etc.
2224 4938 2239 4963 ,
2265 4896 2476 4967 colligo.
2504 4896 2601 4951 Est
2623 4896 2670 4967 is
2681 4897 2777 4952 abs
2791 4897 2952 4954 dubio
2965 4898 3287 4958 Kinebertus
3298 4904 3555 4963 Veutanre

1969 4972 2207 5031 civitatis
2252 4966 2493 5037 pontifex
2540 4966 2721 5022 socius
2764 4967 3070 5037 Aedilhardi
3114 4969 3171 5024 in
3202 4972 3399 5029 itinere
3437 4976 3549 5032 Ro-

1970 5059 2151 5100 mano.
2185 5036 2468 5116 Vide-not.
2511 5037 2684 5116 Epist.
2716 5036 3155 5116 l_i§.__Ct_miberti
3178 5042 3339 5116 etiam
3372 5045 3552 5116 cujus-

1969 5116 2093 5169 dam
2122 5109 2367 5165 meminit
2393 5105 2709 5164 Anastasius
2732 5107 3180 5165 Bibliothecarius
3200 5112 3255 5165 in
3276 5113 3393 5168 Vita
3416 5105 3552 5172 Leo-

1970 5185 2055 5238 nis
2097 5180 2163 5236 lll
2213 5180 2355 5247 inter
2400 5177 2596 5233 missos
2645 5177 2987 5232 fidelissimos
3038 5179 3106 5234 ad
3154 5180 3551 5247 dijudicandam

1970 5266 2191 5308 causam
2215 5246 2455 5315 ejusdem
2488 5247 2686 5301 summi
2712 5246 2982 5315 pontificis
3009 5264 3151 5302 anno
3195 5246 3299 5306 799
3322 5253 3548 5312 Romam

1970 5322 2194 5393 legatos.
2222 5317 2305 5371 An
2333 5316 2421 5370 hic
2448 5316 2588 5371 idem
2612 5332 2735 5371 cum
2762 5324 2948 5372 nostro
2972 5317 3064 5380 sit,
3087 5318 3370 5375 incertum.

2041 5386 2253 5449 ποί
2303 5384 2372 5439 In
2398 5384 2636 5449 synodali
2670 5395 2972 5439 sanctorum
3012 5386 3230 5444 Patrum
3277 5403 3490 5449 convent

2041 5402 2207 5471 τις)
2235 5402 2250 5425 ι
2303 5402 2372 5439 ιη
2398 5402 2635 5453 rynoaau
2670 5402 2972 5467 sanctorum
3012 5402 3257 5472 Patrum.
3277 5403 3550 5452 conventu.

1972 5462 2103 5535 Quis
2127 5461 2545 5535 bleeonventus
2563 5453 2752 5535 fuerit,
2789 5463 2846 5535 et
2870 5471 2924 5508 ιιι
2950 5470 3056 5535 quo
3078 5455 3215 5524 loco,
3242 5476 3299 5515 ιιι
3334 5462 3555 5535 Anglia.

1972 5523 2040 5585 a'n
2067 5529 2123 5585 in
2148 5525 2319 5584 Gallia
2344 5523 2665 5596 celebratus,
2704 5525 2911 5596 pariter
2951 5523 3205 5596 ignotum,
3237 5540 3340 5587 est.
3393 5523 3558 5592 Knnc;

1974 5599 2078 5678 28$
2101 5598 2317 5678 ειυίςιδιη
2338 5593 2752 5678 βδυπξδθτςιιιὲξ
2777 5593 3061 5678 crisas?“
3081 5599 3315 5678 decretis
3340 5607 3553 5678 ορειοίιη

1973 5664 2384 5747 Calcliuthensis
2423 5664 2762 5747 subscripsit.
2812 5664 3059 5722 ’Wilkins
3101 5667 3304 5726 Concil.
3373 5664 3553 5747 Magn.

1975 5739 2264 5795 Britannize
2287 5735 2392 5790 vol.
2423 5734 2463 5802 l,
2487 5749 2608 5807 pag.
2643 5735 2762 5791 151.

3037 5834 3114 5898 16
