4006 6186
456 265 551 321 ξω

1319 257 1376 312 Β.
1418 259 1480 312 F.
1515 257 1739 312 ALBINI
1780 255 1911 312 SEU
1950 251 2224 311 ALCUINI
2279 252 2565 311 OPERUM
2603 253 2782 310 PARS
2815 254 2856 310 I.

3615 257 3720 313 192

454 377 626 450 βοηιί
657 377 860 432 visione
904 375 1022 429 illos
1053 368 1303 444 aggredi;
1349 386 1510 442 quem
1549 371 1736 443 [Forte
1774 372 1916 443 quas]
1944 385 2032 426 ve-
2062 375 2108 434 Α
2134 371 2289 435 vivae,
2329 372 2382 426 id
2408 382 2510 438 est,
2536 373 2794 428 doctrinm
2821 385 3011 435 sacra),
3043 369 3184 423 sicut
3206 369 3261 422 in
3289 369 3578 439 Evangelia
3607 374 3723 440 ipsa

455 480 569 529 stra
593 477 770 540 potest
791 468 964 536 pietas
987 479 1086 534 pro
1123 477 1304 520 amore
1331 463 1532 519 Christi
1561 479 1660 534 pro
1684 463 1840 518 nobis
1863 462 2030 531 loqui,

455 576 556 616 nec
596 558 863 613 ullatenus
884 554 1032 609 Deus
1063 553 1238 608 deerit
1279 555 1334 608 in
1365 554 1798 608 remuneratione
1838 560 2034 606 vestra:

453 647 763 712 devotioni,
809 646 896 700 vir
945 645 1179 715 optime!
1243 645 1408 700 Decet
1453 644 1599 697 enim
1645 641 2034 698 sacerdotalem

452 739 766 810 dignitatem
807 739 1059 794 omnibus
1103 752 1166 794 se
1201 734 1616 808 deprecantibus
1640 734 1861 805 pietatis
1889 747 2032 802 pra:-

450 839 597 887 stare
623 828 895 896 allectum,
926 829 1179 886 absentes
1201 828 1371 884 sacris
1397 825 1731 882 orationibus
1757 824 2031 894 adjuvare,

448 928 747 990 prasentes
776 918 1096 991 evangelica:
1122 917 1519 989 praedicationis
1555 913 1810 970 instantia
1839 911 2036 967 contir-

449 1025 621 1065 mare.
648 1008 769 1066 Scis
791 1009 994 1080 optime
1011 1014 1212 1078 quanta
1236 1005 1533 1061 necessitas
1553 1012 1639 1059 est
1664 1001 1860 1073 populo
1884 999 2036 1056 Chri-

449 1103 644 1167 stiano,
677 1110 738 1157 ut
760 1101 1086 1172 praedicator
1111 1098 1263 1155 verbi
1277 1098 1372 1153 Dei
1396 1112 1506 1152 non
1530 1102 1726 1160 taceat,
1756 1101 1811 1147 et
1834 1099 2033 1147 nostrae

449 1192 816 1248 celeberrima:
869 1190 1059 1246 insulae
1112 1189 1404 1244 Britannize
1454 1184 1851 1242 habitatoribus
1873 1224 1891 1250 ,
1941 1184 2034 1238 ubi

447 1284 720 1353 quondam
759 1281 1046 1337 multitudo
1073 1282 1356 1335 doctorum
1396 1278 1559 1332 verba
1593 1277 1718 1332 vita:
1759 1282 2033 1344 perpetua:

445 1375 702 1429 continua
729 1371 1164 1442 przedicaverunt
1187 1369 1473 1433 instantia;
1508 1367 1603 1422 sed
1628 1380 1794 1430 nunc,
1841 1377 2034 1433 pecca-

447 1459 518 1520 tis
543 1464 904 1527 facientibus,
927 1462 1038 1516 rari
1065 1468 1192 1516 sunt
1213 1458 1448 1530 operarii
1491 1458 1548 1512 in
1573 1471 1748 1512 messe
1774 1452 1986 1508 Domini
2011 1467 2028 1507 :

445 1555 540 1611 sed
567 1569 674 1624 quo
699 1554 936 1609 rariores
975 1552 1350 1614 inveniuntur,
1394 1564 1463 1604 eo
1485 1547 1657 1618 magis
1681 1559 1906 1601 necesse
1946 1550 2032 1598 est

445 1654 506 1700 ut
532 1644 608 1699 illi
643 1645 734 1716 qui
763 1649 889 1700 sunt
913 1641 1240 1698 omnimodis
1258 1639 1372 1709 iugi
1402 1645 1606 1694 sanctae
1631 1630 2034 1706 praedicationis

2137 463 2350 518 Veritas
2377 463 2454 516 ait
2482 463 2662 534 (Joan.
2704 477 2800 525 vn,
2824 458 2937 529 58),
2971 457 3297 512 sullicienter
3319 456 3485 512 ﬂuere
3509 459 3726 514 videan-

2135 564 2243 610 tur.

2204 648 2364 717 271
2413 646 2664 702 Vestrum
2714 654 2799 699 est
2841 643 3095 698 omnibus
3141 643 3440 712 praedicare
3500 643 3726 699 verbum

2136 740 2254 808 Dei,
2283 737 2537 793 omnibus
2559 736 2742 790 lucere
2765 735 2821 789 in
2857 733 3019 788 domo
3046 732 3166 797 Dei,
3207 739 3270 785 ut
3295 746 3484 785 omnes
3507 747 3604 801 per
3630 748 3730 788 vos

2133 829 2379 886 veritatis
2405 829 2586 882 lumen
2635 833 2948 896 agnoscant,
2989 833 3044 879 et
3087 839 3185 893 per
3215 837 3415 892 pascua
3453 833 3728 893 perpetuat

2131 918 2481 974 beatitudinis
2507 918 2861 972 deducantur.
2891 913 2965 970 0s
2987 923 3227 968 vestrum
3257 914 3382 967 tuba
3414 912 3572 968 debet
3602 927 3728 969 esse

2132 1007 2228 1064 Dei
2265 1007 2490 1072 Christi,
2537 1007 2666 1076 quia
2691 1006 2887 1076 linguze
2929 1005 3274 1060 auctoritatis
3312 1014 3506 1060 vestra:
3543 1005 3732 1062 claves

2133 1106 2258 1154 sunt
2297 1098 2421 1154 cmli
2446 1098 2712 1152 habentes
2739 1103 3061 1167 potestatem
3091 1095 3303 1164 aperire
3345 1101 3401 1149 et
3429 1093 3680 1150 claudere
3706 1111 3729 1160 ;

2131 1190 2518 1260 pmnitentibus
2548 1190 2777 1258 aperire,
2804 1186 3182 1242 resistentibus
3207 1186 3421 1240 veritati
3451 1184 3723 1240 claudere.

2133 1280 2471 1349 Quapropter
2499 1288 2661 1334 tantm
2681 1277 3015 1334 excellentia:
3039 1278 3392 1346 vosmetipsos
3421 1277 3611 1346 dignos
3635 1277 3731 1330 bo-

2133 1372 2219 1426 nis
2248 1371 2488 1426 moribus
2513 1370 2726 1435 ellicite,
2742 1371 2978 1425 scientes
2997 1369 3210 1423 Iaudem
3234 1383 3353 1423 esse
3382 1368 3727 1424 sacerdotum

2132 1460 2535 1530 przedicationis
2580 1461 2972 1516 assiduitatem.
3007 1457 3140 1514 'Non
3171 1469 3255 1515 est
3299 1460 3458 1515 ludus
3501 1459 3726 1520 szecula-

2132 1551 2212 1607 ris
2231 1551 2582 1607 sacerdotalis
2601 1553 2812 1617 honor;
2841 1551 2936 1605 sed
2960 1565 3154 1622 magna
3183 1550 3458 1621 diligentia
3485 1550 3538 1604 in
3566 1565 3725 1603 man-

2132 1639 2274 1695 datis
2309 1641 2405 1694 Dei
2434 1641 2669 1711 seipsum
2708 1654 2965 1696 exercere
3011 1640 3170 1695 debet
3209 1639 3464 1694 sacerdos
3498 1638 3727 1703 Christi,

443 1737 622 1793 studio
653 1736 721 1792 ab
746 1749 937 1791 errore
960 1733 1089 1788 vita:
1106 1741 1162 1788 et
1187 1729 1455 1800 superﬂua
1479 1727 1774 1783 multarum
1804 1736 2032 1779 consue-

2136 1741 2194 1789 ut
2219 1733 2481 1806 exemplis
2519 1733 2682 1790 simul
2711 1741 2766 1791 et
2793 1735 2976 1791 verbis
3015 1735 3271 1806 populum
3311 1734 3521 1790 erudiat
3559 1732 3727 1789 Chri~

445 1825 628 1882 tudine
655 1826 956 1880 vanitatum
976 1823 1047 1878 ad
1068 1822 1388 1878 modestiam
1421 1817 1734 1875 sobrietatis
1778 1823 1834 1872 et
1868 1815 2032 1870 casti-

443 1918 572 1972 tatis
593 1916 914 1972 exercitium
943 1929 1203 1970 revocare
1225 1913 1458 1968 studeat.

513 2011 633 2067 Non
657 2017 834 2066 taceat
871 2023 937 2064 os
963 2007 1266 2062 sanctitatis
1300 2014 1405 2060 tua:
1429 2001 1754 2072 evangelica:
1788 1997 2034 2053 veritatis

441 2104 630 2166 verba,
667 2115 770 2156 nec
796 2098 1105 2168 apostolica:
1147 2096 1408 2152 doctrinae
1441 2093 1659 2158 seriem,
1692 2105 1792 2145 nec
1817 2096 2032 2144 sancto-

439 2207 562 2246 rum
589 2191 812 2245 Patrum
838 2202 1018 2243 mores
1040 2185 1404 2242 nobilissimos
1421 2225 1436 2248 ,
1483 2190 1546 2238 ut
1581 2178 1734 2237 multi
1759 2194 1857 2249 per
1883 2186 2032 2233 tuam

437 2278 836 2335 sanctissimam
871 2276 1214 2331 devotionem
1241 2274 1592 2337 erudiantur,
1639 2279 1694 2324 et
1723 2271 1822 2325 tibi
1850 2268 2032 2324 multi-

436 2369 584 2439 plex,
631 2367 742 2422 Deo
771 2365 988 2422 Christo
1013 2365 1267 2428 donante,
1298 2377 1509 2418 merces
1540 2369 1756 2416 maneat
1794 2360 1848 2414 in
1874 2367 2033 2414 aeter-

437 2473 588 2516 num.
625 2456 742 2513 Non
767 2463 1006 2526 potestas
1032 2454 1245 2526 regalis,
1281 2468 1383 2508 nec
1407 2452 1719 2524 arrogantia
1747 2448 2033 2518 cujuslibet

436 2549 714 2609 saecularis
749 2546 1104 2605 sublimitatis
1132 2555 1278 2601 tuam
1305 2544 1588 2614 prohibeat
1628 2558 1657 2596 a
1687 2541 1913 2596 veritate
1939 2555 2032 2595 vo—

437 2657 594 2707 cem;
640 2653 748 2695 non
788 2637 1028 2694 adulatio
1071 2635 1512 2704 subsequentium
1536 2674 1551 2699 ,
1599 2649 1706 2690 non
1753 2631 2033 2688 saecularis

435 2730 666 2787 luxuriat
699 2742 915 2799 pompa,
965 2741 1075 2783 non
1117 2725 1455 2796 deceptibilis
1488 2725 1607 2780 auri
1649 2724 1879 2795 species,
1930 2738 2033 2779 nec

435 2823 548 2878 ulla
601 2828 832 2877 terrena:
880 2818 1255 2875 delectationis
1297 2818 1546 2888 voluptas
1588 2833 1684 2874 cor
1729 2816 2035 2873 sanctitatis

439 2924 546 2971 tua!
567 2930 600 2970 a
627 2913 825 2970 ﬁducia
868 2911 1096 2967 studiosi
1131 2910 1335 2966 laboris
1361 2911 1684 2976 subtrahat;
1736 2910 1829 2965 sed
1855 2908 2026 2964 omni-

434 3009 539 3064 bus
563 3007 618 3060 in
657 3013 712 3061 te
736 3003 828 3060 lux
869 3001 1113 3056 veritatis
1142 3001 1349 3068 luceat,
1386 3011 1441 3057 et
1483 3002 1568 3056 via
1598 3002 1788 3058 salutis
1812 3008 2029 3057 mterna:

2133 1823 2390 1878 stianum.

2203 1914 2484 1970 Laudabat
2513 1927 2722 1970 mecum
2766 1925 3005 1971 vestram
3029 1913 3229 1970 bonam
3255 1912 3724 1969 conversationem

2132 2005 2460 2061 venerabilis
2505 2005 2674 2061 frater
2705 2017 2727 2044 ο
2764 2005 2916 2062 Lullo
2957 2005 3149 2060 abbas.
3204 2006 3327 2061 Ideo
3373 2005 3593 2075 supplex
3621 2018 3728 2074 ego

2134 2103 2326 2150 vestra:
2359 2095 2632 2150 sanctitati
2673 2095 2938 2164 meipsum
2979 2097 3356 2150 commendare
3381 2095 3598 2160 curavi,
3630 2094 3726 2148 de-

2133 2203 2364 2258 precans
2390 2196 2451 2242 ut
2467 2187 2706 2256 jubeatis
2730 2188 2902 2243 nostri
2941 2188 3177 2244 nominis
3198 2204 3293 2259 per
3317 2197 3528 2243 vestras
3551 2185 3727 2241 eccle-

2133 2279 2242 2332 sias
2291 2278 2681 2347 aliquantulam
2728 2277 2842 2333 ﬁeri
2891 2279 3227 2333 memoriam.
3281 2277 3395 2332 Non
3439 2293 3536 2348 pro
3585 2276 3729 2330 meis

2133 2370 2358 2433 meritis,
2409 2371 2503 2425 sed
2528 2385 2628 2441 pro
2651 2369 2852 2426 Christi
2884 2371 3150 2426 charitate
3191 2372 3307 2426 hmc
3337 2372 3448 2441 ipsa
3479 2369 3728 2440 ﬂagitare

2132 2463 2468 2533 praesumpsi.
2500 2463 2686 2518 Facite
2714 2463 2930 2530 exinde,
2963 2465 3105 2519 sicut
3140 2464 3206 2519 de
3235 2472 3413 2518 vestra
3437 2464 3576 2518 bona
3606 2463 3724 2532 pic-

2134 2561 2244 2608 tate
2279 2552 2512 2608 conﬁdo.
2560 2553 2704 2609 Deus
2730 2555 2994 2609 Dominus
3033 2563 3227 2626 augeat
3271 2571 3367 2609 vos
3403 2554 3724 2608 meritorum

2131 2645 2328 2716 gratia,
2359 2652 2416 2700 et
2440 2643 2702 2714 prolicere
2729 2644 2896 2700 faciat
2931 2645 2985 2699 in
3009 2646 3155 2699 omni
3185 2645 3468 2700 sanctitate
3497 2651 3551 2696 et
3581 2657 3722 2712 pra:-

2134 2735 2402 2791 dicatione
2424 2735 2576 2791 verbi
2621 2734 2740 2802 Dei,
2772 2735 3076 2790 charissimi
3121 2744 3177 2790 et
3205 2732 3586 2790 desiderabiles
3610 2731 3722 2786 Pa-

2132 2834 2268 2882 tres.

2581 2917 2607 2956 δ
2639 2914 2976 2973 EPISTOLA
3012 2915 3282 2971 CCXVIII.

2703 3027 2771 3066 Αι)
2810 3025 3151 3064 ARDBER'I‘L'M.

435 3099 771 3154 oswndawr-
823 3095 988 3149 Ρδιιοί
1034 3103 1159 3150 sum
1197 3096 1357 3166 huius
1401 3097 1524 3150 νῖιίΒ
1559 3097 1674 3151 dies
1708 3096 1926 3160 laboris:
1973 3102 2101 3167 01C
2135 3102 2396 3158 Hortatur
2426 3104 2495 3157 ad
2531 3119 2686 3173 opera
2717 3102 2944 3173 justitia:
2982 3110 3030 3154 et
3070 3098 3487 3173 misericordite;
3532 3095 3720 3173 [cadat

435 3187 529 3258 qui
551 3184 671 3255 plus
687 3184 918 3251 laborat,
941 3185 1062 3254 plus
1089 3187 1358 3241 mercedis
1379 3187 1607 3256 accipiet
1632 3203 1646 3253 ;
1679 3187 1775 3242 sed
1795 3186 2031 3242 caalestis

433 3273 786 3332 beatitudinis
809 3277 1174 3331 remuneratio
1213 3277 1545 3347 temporibus
1569 3286 1848 3346 permanet
1871 3286 2030 3333 aeter-

435 3365 540 3420 nis.
586 3362 939 3436 Omnipotens
969 3365 1112 3420 Deus
1141 3373 1286 3419 tuam
1316 3373 1560 3421 sanctam
1583 3374 1640 3420 et
1664 3367 2029 3422 venerabilem

433 3454 819 3526 paternitatem
860 3453 930 3510 ad
965 3454 1347 3510 exaltationem
1389 3464 1588 3511 sancta:
1634 3471 1747 3513 sute
1773 3457 2030 3514 Ecclesia:

434 3545 621 3601 multis
653 3544 884 3602 feliciter
928 3545 1085 3600 annis
1127 3544 1309 3602 vivere
1348 3553 1405 3602 et
1445 3547 1710 3618 prolicere
1743 3550 2025 3617 concedat,

434 3637 755 3694 charissime
782 3635 980 3694 Pater!

899 3760 924 3789 α
949 3747 1286 3805 EPISTOLA
1313 3749 1560 3807 CCXVII.

662 3848 729 3890 AD
758 3851 1074 3891 ALCIIAIIDUI
1101 3851 1172 3892 ΕΤ
1210 3855 1480 3894 TIFREDUI
1507 3856 1804 3897 EPISCOPOS.

477 3925 734 3980 Hortatur
761 3925 880 3980 illos
900 3926 970 3981 ad
992 3929 1215 3999 amcium
1234 3930 1625 4000 pradicationis
1647 3932 1986 4003 implendum.

504 4040 873 4098 Sanctissimis
899 4050 956 4098 et
987 4044 1386 4100 venerabilibus
1431 4045 1677 4115 patribus
1698 4046 1725 4086 δ
1752 4045 2024 4103 Alchardo

437 4139 492 4187 et
520 4131 740 4188 Til‘redo
766 4133 1035 4202 episcopis
1057 4133 1316 4188 Alcuinus
1335 4135 1500 4190 levita
1526 4136 1775 4191 salutem.

503 4223 786 4291 Deprecor
811 4223 1110 4291 piissimam
1137 4223 1431 4280 bonitatem
1460 4234 1719 4292 vestram,
1749 4242 1819 4282 ne
1845 4231 2022 4299 parvi-

438 4312 563 4367 tatis
599 4326 734 4367 meat
767 4311 974 4368 litteras
1002 4315 1443 4384 prmsumptiosas
1467 4317 1765 4374 aestimetis.
1817 4321 2022 4376 Vestra:

433 4401 598 4473 igitur
623 4402 907 4458 charitatis
945 4403 1140 4460 ﬁducia
1169 4405 1386 4462 easdem
1415 4408 1657 4465 scribere
1684 4425 1848 4468 ausus
1875 4428 1993 4468 sum

433 4492 560 4562 quia
583 4493 860 4550 humilitas
879 4493 1183 4552 Christiana
1197 4497 1402 4554 nullum
1430 4515 1685 4570 spernere
1709 4503 1887 4570 debet,
1924 4507 2019 4561 sed

431 4599 622 4640 omnes
666 4587 896 4658 benigne
947 4589 1221 4659 suscipere
1269 4592 1359 4662 pio
1409 4593 1713 4650 dilectionis
1765 4598 2012 4665 gremio;

432 4687 598 4744 quam
644 4675 701 4730 in
741 4677 895 4734 vobis
936 4687 1063 4749 opto
1092 4682 1428 4737 abundanter
1454 4700 1554 4754 per
1599 4684 1858 4756 Spiritum
1894 4704 2020 4744 san-

431 4773 578 4824 ctum
601 4767 994 4838 splendescere,
1027 4778 1086 4826 ut
1111 4771 1329 4828 ﬂumina
1356 4775 1423 4831 de
1450 4784 1639 4832 ventre
1657 4786 1838 4834 vestro
1867 4793 2018 4848 aqua:

503 4931 531 4993 9
562 4919 794 4993 Froben,
824 4924 992 4993 epist:
1016 4924 1136 4979 206.

505 4989 939 5084 iii-(cymaei
953 4991 1178 5084 Iliaeae
1199 5001 1476 5084 fpircopi‘r.
1528 5005 1637 5084 llos
1673 5010 1878 5078 pariter
1901 5018 2017 5084 epi-

433 5073 626 5142 μορίῳ
663 5060 718 5115 in
755 5060 946 5142 Anglia
967 5060 1286 5142 quzerendos
1314 5060 1496 5127 credo.
1544 5060 2019 5141 st'réiéii'iné'ii-

432 5128 1184 5227 ξίξῖῑιξξεξεξεξξέξὲςιςέεξςιειο
1209 5153 1223 5203 ς
1251 5128 2016 5227 insuevisse;£516?”qu

433 5200 660 5284 concilio
700 5198 1139 5284 Clovesboviensi
1186 5198 1314 5284 anni
1345 5198 1467 5267 803‘
1494 5198 2018 5282 zié'aééréiii'iitii;

433 5267 568 5352 lardi
617 5271 1007 5352 archiepiscopi
1053 5267 1555 5352 subscripserunt:
1573 5267 2018 5351 naiﬁiﬁiiu‘ﬂiii

433 5339 700 5428 eripique
711 5339 1199 5428 seuialigmptnine
1220 5339 2019 5428 Ealehardr'Elm-haiiii'suecclc-

434 5412 838 5532 ἵξῇιᾟεοοριιε
854 5429 873 5494 5
906 5412 1136 5472 Tidt‘rith
1161 5420 1410 5480 Damacae
1450 5412 2012 5511 civia'ii'é‘éiiicbiii;

471 5543 482 5555 Ι
531 5543 616 5555 ΛΜ
639 5479 786 5535 sloc.
819 5490 912 5537 ett.
943 5498 1065 5555 pag.
1099 5487 1201 5543 167
1222 5499 1278 5545 et
1304 5494 1421 5555 168,
1448 5498 1539 5552 ιώι
1570 5502 1734 5555 etiam
1761 5520 1881 5555 nae.
1913 5507 2012 5555 159

450 5507 786 5535 vvunlualuc.
819 5507 912 5537 cu.
945 5507 1065 5555 pag.
1099 5507 1278 5572 xoret
1304 5507 1421 5558 ιϋδ,
1448 5507 1539 5552 ubi
1570 5507 1734 5557 etiam
1761 5520 1881 5574 pag.
1913 5507 2017 5562 152

435 5543 514 5638 ab
522 5543 668 5638 91ξὲ-
675 5564 813 5638 rege
819 5564 1180 5638 recensentpr
1199 5570 1339 5638 inter
1361 5567 1642 5638 episcopos
1663 5573 2014 5630 Orientalium

433 5612 771 5714 91:93:93]:
781 5623 1178 5714 quoiecclesize
1200 5612 1642 5714 L'igﬁgiét'iéﬁgi'

435 5692 713 5755 scopatum
744 5702 775 5741 a
802 5704 860 5745 se
885 5692 1170 5765 erigendae,
1201 5704 1356 5758 subdi
1381 5692 1566 5760 voluit.

2202 3173 2346 3228 illius
2390 3164 2898 3240 bonitatemfeique
2944 3169 3268 3225 commendat
3314 3182 3526 3221 causam
3574 3164 3722 3218 Lnlli

2202 3244 2428 3297 abbatis.

2198 3356 2458 3412 Alcuinus
2498 3355 2671 3410 sancti
2715 3354 2929 3408 Martini
2970 3353 3201 3407 famulus
3233 3363 3257 3391 ο
3286 3352 3552 3407 Ardberto
3598 3351 3721 3403 viro

2129 3443 2323 3500 illustri
2351 3453 2625 3516 perpetua:
2650 3443 2999 3499 beatitudinis
3021 3442 3267 3496 salutem.

2196 3537 2434 3593 Audiens
2460 3546 2697 3593 vestram
2719 3537 3038 3592 laudabilem
3066 3537 3554 3600 conversationem,
3575 3535 3717 3589 sicut

2127 3629 2282 3682 decet
2309 3635 2501 3682 vestra:
2520 3640 2784 3697 personae,
2813 3627 2970 3682 valde
2994 3641 3080 3681 me
3105 3627 3352 3697 gavisum
3371 3643 3490 3681 esse
3519 3624 3713 3680 fateor.

2127 3717 2208 3772 Tu
2235 3733 2382 3783 vero,
2413 3717 2496 3771 vir
2532 3719 2756 3786 optime,
2807 3732 3019 3787 semper
3045 3732 3162 3787 qua:
3191 3718 3299 3772 Deo
3335 3717 3583 3788 placeant
3628 3717 3717 3771 fac

2127 3809 2348 3878 aliisque
2375 3808 2599 3864 suadeas
2623 3817 2681 3862 ut
2701 3809 3004 3863 benedictio
3036 3809 3129 3863 Dei
3177 3818 3231 3862 te
3256 3809 3458 3879 ubique
3495 3807 3719 3861 comitet

2128 3902 2482 3975 [comitetur],
2515 3912 2571 3957 et
2592 3902 2846 3972 proﬁcias
2875 3904 2928 3956 in
2958 3903 3181 3959 consilio
3212 3904 3403 3958 salutis
3429 3911 3554 3966 tuze,
3577 3901 3717 3956 mul-

2129 4002 2412 4062 torumque
2425 3992 2667 4062 profectu
2684 3991 3125 4063 populojustitias
3143 3992 3366 4058 faciens,
3383 3992 3715 4062 pauperibus

2125 4080 2577 4145 misericordiam,
2621 4080 2865 4135 ecclesiis
2896 4079 3095 4136 Christi
3121 4082 3404 4145 honorem,
3442 4089 3503 4134 ut
3527 4095 3714 4135 servo-

2123 4185 2246 4224 rum
2274 4170 2369 4224 Dci
2415 4170 2731 4225 intercessio
2760 4171 2968 4226 Domini
2997 4171 3124 4227 Iesu
3171 4172 3470 4238 clementia;
3495 4181 3545 4226 te
3578 4187 3716 4240 quo-

2124 4260 2256 4315 tidie
2284 4262 2644 4326 commendet,
2670 4262 2794 4332 quia
2821 4261 3045 4315 multum
3083 4261 3215 4317 valet
3252 4262 3550 4333 deprecatio
3571 4262 3712 4332 justi

2125 4350 2266 4422 (Jac.
2291 4366 2346 4417 v,
2387 4351 2494 4423 16),
2528 4359 2730 4422 quanto
2752 4353 2923 4420 magis
2947 4353 3320 4423 plurimorum.

2002 4457 2016 4512 τ
2044 4449 2098 4510 ι)
2195 4439 2404 4495 Habeto
2429 4454 2725 4510 pauperum
2751 4457 2937 4497 curam
2973 4443 3066 4512 qui
3100 4450 3225 4496 ante
3248 4442 3442 4497 ostium
3469 4441 3713 4497 convivii

2120 4529 2200 4583 tui
2229 4537 2374 4584 stare
2409 4531 2601 4597 solent,
2649 4531 2774 4600 quia
2820 4532 2874 4585 in
2906 4534 3232 4604 pauperibus
3262 4531 3506 4588 Christus
3530 4532 3713 4585 susci-

2118 4619 2284 4688 pitur,
2316 4619 2409 4690 qui
2439 4620 2684 4677 dicturus
2711 4630 2793 4677 est
2819 4623 2873 4676 in
2896 4624 2982 4678 die
3003 4622 3192 4692 judicii
3218 4623 3325 4678 illis
3351 4622 3440 4692 qui
3472 4620 3716 4676 eleemo—

2119 4725 2310 4782 synam
2337 4713 2665 4783 pauperibus
2715 4714 3001 4786 diligenter
3040 4715 3244 4771 faciunt
3273 4735 3286 4769 :
3335 4715 3585 4781 Quandiu
3613 4718 3713 4769 uni

2119 4816 2184 4856 ex
2225 4801 2456 4856 minimis
2494 4802 2709 4873 fecistis,
2752 4804 2884 4859 mihi
2921 4805 3116 4875 fecistis
3155 4806 3372 4877 (Matth.
3415 4821 3544 4872 xxv,
3589 4805 3710 4878 40).

2122 5029 2133 5040 _
2185 4971 2212 5040 _c
2245 4959 2399 5040 Lutto
2440 4962 2619 5040 abbas_.
2642 4965 2898 5040 _Decreto
2935 4967 3210 5024 Athelardi
3251 4985 3376 5025 mox
3407 4981 3714 5026 memorato

2119 5032 2262 5084 inter
2287 5032 2508 5087 abbates
2543 5035 2611 5088 ad
2642 5036 3058 5092 Dammacanam
3086 5040 3344 5095 dioecesin
3372 5041 3714 5098 pertinentes

2117 5106 2240 5170 post
2267 5099 2553 5156 Tidl‘ritum
2583 5106 2916 5176 episcopum,
2941 5109 3260 5178 subscripsit
3284 5099 3436 5164 Lulla
3461 5111 3549 5164 ab.

2188 5167 2215 5208 ἀ
2247 5169 2480 5243 Froben.
2505 5175 2662 5243 epist.
2685 5175 2810 5229 207.

2190 5251 2215 5278 ο
2243 5240 2496 5322 Ardbertg
2538 5240 2664 5322 :vir_0_
2690 5244 2906 5322 illum}.
2956 5247 3016 5302 In
3041 5247 3235 5322 Anglia
3255 5291 3269 5315 ,
3293 5249 3445 5322 quod
3475 5250 3712 5322 coniicio

2117 5321 2184 5391 ex
2207 5311 2424 5391 nomine
2453 5311 2554 5365 Lul
2572 5315 2812 5391 abbatis,
2840 5317 3032 5391 deun
3054 5320 3106 5372 in
3127 5311 3589 5391 priori'epistola;
3645 5311 3709 5374 In

2116 5377 2244 5431 bino
2263 5379 2554 5460 diplomate
2572 5383 2774 5460 ngridi
2800 5377 2959 5460 regis
2975 5377 3297 5460 Merciorum
3327 5377 3452 5444 anni
3483 5390 3584 5448 796
3603 5405 3712 5460 pro

2118 5401 2244 5431 mnu
2263 5401 2554 5460 Ulptqlnate
2573 5401 2774 5508 Lg’mm
2804 5402 2948 5457 rchS
2976 5401 3297 5445 meretorum
3327 5401 3452 5444 anni
3483 5401 3584 5448 730'
3603 5405 3709 5460 pro

2116 5458 2454 5534 monasterio,
2473 5450 2529 5503 S.
2559 5452 2770 5534 ataui,
2801 5457 2939 5534 apud
2959 5456 3229 5534 Alfortum
3257 5460 3589 5534 Annal.‘to_m
3637 5459 3709 5534 Il,

2117 5515 2184 5598 ad
2208 5530 2406 5598 annum
2430 5515 2766 5598 p‘raadictum,
2793 5515 2851 5598 ni
2890 5526 2942 5598 5,
2969 5542 3090 5598 pag.
3119 5528 3242 5592 678,
3272 5529 3560 5584 subscribit
3581 5515 3716 5598 qui;

2116 5583 2627 5665 damnﬂeardbertus
2653 5583 2780 5665 dar.
2813 5595 2896 5649 An
2927 5583 3069 5651 idem
3097 5599 3168 5653 sit
3195 5583 3258 5655 ac
3282 5583 3568 5653 Ardbertus
3595 5583 3718 5656 iste

2114 5653 2469 5741 virillustris,
2499 5661 2687 5741 majpri
2717 5665 2918 5741 indiget
2945 5670 3215 5738 examine,
3241 5653 3387 5740 quod
3415 5684 3446 5724 a
3477 5685 3563 5726 me
3579 5653 3720 5727 aliis

2115 5727 2248 5778 viris
2274 5727 2498 5785 eruditis
2522 5727 2930 5802 relinquendum
2956 5748 3060 5795 est.
