4012 6188
303 259 416 349 ιῡεξ

1762 257 2135 315 Εριετοιίε.

3471 272 3577 328 ιθι

303 371 454 439 Quos
478 366 728 437 sequitur
755 365 843 421 illa
874 364 1185 422 felicissima
1227 365 1494 420 sententia
1525 380 1686 436 quam
1716 367 1900 422 Domi-
1925 375 1974 430 Α
2001 368 2224 426 lantiunt
2253 372 2419 426 armis
2446 373 2711 430 ullatenus
2743 373 3048 432 immiscere
3068 379 3389 436 consentias.
3433 381 3580 449 Fuge

305 478 410 519 nus
432 461 680 517 dicturus
705 458 811 514 erit
843 457 950 512 illis
977 458 1069 527 qui
1097 458 1150 512 in
1185 458 1289 511 hoc
1310 456 1504 511 szeculo
1530 455 1716 528 [Forte
1753 458 1894 512 deest

305 550 772 625 erga].pauperes,
817 550 1149 618 peregrinos,
1197 548 1425 603 miseros
1451 556 1503 602 et
1533 547 1776 603 inﬁrmos
1803 550 1897 604 be-

307 645 466 714 nigne
491 642 758 706 fecerunt,
787 641 1051 696 dicentis:
1090 637 1284 706 Venite,
1308 640 1558 694 benedicti
1573 639 1750 696 Patris
1772 642 1892 706 mei,

307 734 552 804 percipite
600 748 816 803 regnum
855 730 996 801 quod
1034 731 1175 789 nobis
1200 741 1447 802 paratum
1490 742 1565 792 est
1601 732 1668 787 ab
1695 733 1895 804 origine

307 823 491 876 mundi
518 821 734 893 (Hattlt.
767 836 896 886 xxv,

377 911 560 966 Nostri
600 910 832 968 nominis
875 909 1192 969 memoriam
1237 925 1336 980 per
1379 911 1636 967 ecclesias
1674 913 1894 969 ditionis
1969 973 1972 975 _

306 1010 519 1064 vestrae,
548 1001 826 1070 deprecor,
855 999 961 1054 illis
982 1007 1041 1054 ut
1057 998 1294 1068 jubeatis
1321 999 1458 1055 fieri.
1488 1001 1707 1057 Gaudeo
1732 1002 1895 1073 siqui-

305 1091 430 1146 dem
459 1090 528 1146 de
571 1091 724 1146 vobis
749 1102 964 1157 semper
996 1089 1219 1143 meliora
1252 1089 1461 1157 audire,
1493 1090 1670 1146 sciens
1696 1091 1892 1146 multo-

305 1198 430 1237 rum
462 1196 584 1236 esse
629 1179 1044 1250 prosperitatem
1090 1186 1194 1233 tuae
1237 1179 1494 1234 bonitatis
1535 1180 1788 1250 pietatem
1836 1181 1890 1235 in

307 1274 535 1332 servitio
564 1271 794 1328 Christi.

372 1364 534 1419 Plura
563 1363 828 1433 siquidem
867 1361 1204 1432 scripsissem
1249 1361 1497 1431 dignitati
1535 1370 1658 1426 tute,
1687 1362 1734 1417 si
1769 1362 1891 1416 talis

302 1453 542 1523 cognitio
572 1454 714 1508 inter
738 1466 837 1508 nos
883 1459 1048 1516 esset,
1076 1459 1137 1506 ut
1172 1450 1642 1521 praesumptiosum
1676 1465 1782 1505 non
1811 1449 1891 1504 vi-

302 1546 544 1609 deretur,
585 1558 673 1598 me
701 1542 878 1598 subito
901 1550 1097 1597 vestra:
1130 1541 1461 1597 excellentiae
1483 1543 1748 1612 ingerere.
1784 1541 1891 1599 Sed

301 1636 444 1704 quod
471 1650 594 1690 cum
630 1633 834 1689 Christi
860 1633 1128 1688 charitate
1173 1633 1389 1702 scripsi,
1431 1633 1658 1688 obsecro
1691 1640 1754 1687 ut
1788 1632 1890 1686 hu-

1999 461 2066 515 ad
2094 460 2389 527 Christum,
2428 463 2614 531 jacens
2641 473 2766 519 ante
2794 481 2918 521 eum
2955 465 3160 522 clama:
3211 467 3576 526 Misericordia

1998 565 2116 603 mea
2140 557 2196 605 et
2216 551 2478 620 refugium
2510 569 2689 608 meum
2715 571 2729 618 ;
2761 564 3041 625 susceptor
3064 571 3218 614 meus
3239 566 3293 614 et
3321 558 3577 615 liberatur

1997 651 2150 691 meus
2171 677 2187 702 ,
2237 639 2290 692 in
2341 639 2456 707 ipso
2483 642 2720 710 speravit
2745 656 2842 696 cor
2885 657 3086 699 meum.
3137 645 3323 703 Valeto
3350 647 3404 703 in
3428 649 3576 703 omni

1994 727 2373 795 prosperitate.

2453 850 2474 878 ³
2497 839 2831 896 EPISTOLA
2876 842 3080 900 CCXX.

2515 930 2538 970 ί
2568 948 2634 985 an
2668 948 3024 988 BENBDICTUI.

1995 1042 2285 1120 Quemdam
2324 1049 2563 1120 fratrem,
2611 1066 2764 1120 quem
2802 1049 2973 1120 ﬁlium
2994 1067 3147 1120 suum
3175 1062 3355 1119 vocat,
3401 1057 3574 1110 chari-

2063 1118 2192 1193 tati;
2241 1135 2296 1172 se
2319 1118 2437 1172 vero
2475 1119 2529 1193 in
2557 1118 2740 1193 δαέραιί
2763 1119 3009 1193 [luctibus
3037 1119 3300 1193 jactatttm
3340 1118 3576 1193 precibus

2059 1185 2201 1262 illius
2238 1188 2584 1242 commendat.
2631 1188 2738 1241 Pro
2763 1185 2935 1242 herbis
2953 1185 3354 1250 medicinalibus
3375 1197 3574 1262 gratias

2060 1255 2237 1325 refert,
2278 1267 2386 1312 etc.

2057 1367 2349 1424 Benedicto
2371 1368 2539 1435 Patri,
2573 1369 2779 1424 utinam
2818 1369 2873 1428 in
2893 1368 3112 1427 Christo
3138 1370 3425 1429 benedicta
3451 1387 3576 1443 per-

1989 1465 2205 1525 petuam
2227 1459 2478 1514 salutem.

2060 1548 2226 1603 Valde
2252 1549 2383 1603 mihi
2428 1550 2602 1620 placet
2629 1551 2763 1607 fides
2789 1559 2983 1608 vestrae
3023 1551 3327 1609 devotionis
3352 1562 3408 1609 et
3443 1555 3574 1611 cha-

1989 1638 2167 1693 ritatis
2196 1639 2250 1692 in
2294 1637 2512 1693 fratrem
2555 1648 2792 1696 vestrum
2835 1649 2890 1695 et
2920 1641 3092 1697 filium
3135 1650 3400 1709 nostrum,
3445 1644 3572 1713 quia

302 1725 500 1779 militer
523 1723 702 1794 legere
721 1723 994 1794 digneris;
1023 1737 1146 1777 nam
1174 1723 1336 1793 272
1363 1737 1600 1792 praesens
1621 1721 1780 1791 hujus
1808 1723 1892 1778 in-
1923 1711 1966 1771 Β
1991 1729 2199 1784 amicus
2220 1729 2273 1783 in
2300 1731 2622 1785 necessitate
2643 1732 3048 1800 comprobatur,
3089 1747 3197 1801 quo
3229 1711 3481 1790 maxime
3504 1735 3574 1794 de

300 1814 461 1869 diculi
498 1814 732 1883 portitor
752 1825 777 1853 ι
810 1813 928 1879 Lul,
973 1813 1294 1868 venerabilis
1319 1813 1509 1881 abbas,
1537 1821 1772 1867 vestram
1799 1827 1887 1868 so-

300 1906 443 1960 lebat
480 1903 622 1974 apud
665 1919 752 1958 me
785 1903 1006 1958 laudare
1039 1903 1378 1968 bonitatem;
1425 1918 1490 1958 ea
1535 1902 1730 1958 fiducia
1781 1903 1884 1958 has

298 1997 460 2052 etiam
490 1995 700 2050 litteras
725 1993 1058 2062 scripsimus,
1083 2007 1242 2063 quem
1266 1992 1498 2063 benigne
1523 1991 1578 2046 in
1604 1992 1717 2047 suis
1757 2006 1885 2046 cau-

297 2088 370 2142 sis
405 2093 466 2140 ut
491 2084 796 2154 suscipiatis
818 2085 1170 2152 deprecamur
1193 2083 1286 2138 tali
1313 2083 1512 2152 pietate
1533 2080 1685 2154 [Ms.,
1713 2081 1884 2151 pieta-

296 2178 410 2250 tis],
440 2178 657 2248 qualem
684 2177 839 2232 nobis
864 2176 930 2230 de
952 2175 1103 2230 vobis
1132 2174 1335 2229 referre
1361 2175 1585 2229 solebat.

364 2270 504 2340 Opto
541 2277 600 2324 ut
639 2267 867 2323 feliciter
900 2267 1139 2336 longaeva
1167 2267 1528 2336 prosperitate
1573 2267 1628 2320 in
1655 2267 1759 2322 hoc
1783 2281 1884 2322 ste-

295 2361 416 2418 culo
441 2361 610 2425 vivas,
656 2367 712 2414 et
737 2367 860 2428 post
909 2355 1068 2425 hujus
1107 2357 1233 2411 vitm
1276 2356 1590 2423 terminum,
1633 2356 1745 2418 Deo
1787 2358 1882 2413 do—

295 2458 478 2516 nante,
515 2449 584 2504 ad
630 2455 903 2519 perpetuae
942 2446 1292 2504 beatitudinis
1337 2461 1564 2518 regnum
1600 2449 1883 2517 pervenire

295 2540 574 2606 mercaris,
604 2539 690 2593 vir
719 2537 1047 2593 nobilissime
1077 2537 1341 2606 nobisque
1361 2537 1773 2592 amantissime!

763 2627 792 2667 δ
820 2626 1154 2682 EPISTOLA
1192 2625 1421 2681 CCXIX.

688 2737 758 2776 AU
784 2735 1135 2775 LEUTI‘REDUI
1165 2735 1474 2775 EPISCOPUI.

643 2811 862 2868 Solatur
889 2811 1038 2864 illum
1076 2813 1132 2865 in
1167 2811 1523 2866 tribulatione.

361 2903 717 2959 Sanctissimo
744 2902 894 2956 Patri
921 2910 975 2956 et
1000 2903 1372 2958 amantissimo
1396 2903 1504 2959 lilio
1534 2913 1557 2943 ο
1590 2903 1882 2972 Leutfredo

292 2997 543 3066 episcopo
564 2993 790 3046 Albinus
818 2992 1069 3047 salutem.

1987 1821 2092 1875 hac
2129 1821 2240 1874 vita
2269 1821 2497 1890 quisque
2541 1823 2810 1878 transiens
2838 1822 3074 1893 indiget,
3119 1829 3180 1876 ut
3224 1823 3460 1880 fraterna
3489 1825 3571 1878 in-

1985 1911 2314 1966 tercessione
2335 1912 2532 1981 judicis
2568 1913 2651 1966 sui
2679 1911 2870 1968 faciem
2904 1913 3083 1969 videat
3109 1913 3445 1971 clementem.
3487 1915 3569 1970 Tu

1985 2000 2158 2067 illum,
2181 2011 2442 2070 quantum
2469 2003 2671 2067 valeas,
2686 2003 2868 2058 verbis
2889 2003 3169 2060 consolare
3191 2011 3246 2058 et
3274 2003 3448 2070 factis,
3473 2005 3568 2062 do.-

1983 2107 2086 2148 nec
2106 2092 2290 2148 videas
2312 2092 2441 2162 quid
2467 2093 2533 2147 de
2555 2093 2647 2147 illo
2669 2091 2833 2147 faciat
2869 2093 3031 2148 Deus.

2054 2184 2214 2254 273
2247 2183 2330 2238 Me
2365 2198 2496 2239 vero
2531 2185 2711 2240 saeculi
2751 2185 2946 2240 ﬂuctus
2977 2185 3204 2242 diversis
3237 2185 3406 2256 agitat
3444 2199 3564 2244 nio-,-

1981 2278 2157 2342 tthus;
2204 2286 2261 2330 tu
2289 2292 2418 2333 vero
2446 2293 2568 2332 eum
2599 2277 2858 2332 fratribus
2885 2277 3013 2342 tuis,
3050 2277 3192 2334 sicut
3231 2276 3524 2346 promisisti
3547 2316 3563 2339 ,

1981 2367 2319 2422 orationibus
2345 2365 2603 2434 adjuvare
2630 2381 2738 2420 non
2767 2379 2938 2429 cessa,
2962 2379 3032 2420 ne
3051 2364 3339 2432 cujuslibet
3359 2364 3568 2434 cupidi-

1981 2456 2111 2514 tatis
2134 2454 2217 2509 vel
2242 2454 2451 2522 peccati
2488 2467 2575 2506 me
2607 2468 2808 2522 vorago
2836 2453 3180 2519 submergat;
3212 2466 3404 2510 causas
3436 2466 3566 2516 vero

1979 2553 2037 2599 et
2062 2545 2299 2599 rationes
2325 2543 2485 2611 hujus
2509 2543 2615 2598 mei
2641 2549 2867 2598 eventus
2894 2541 2992 2596 tibi
3016 2542 3138 2596 viva
3165 2556 3322 2606 voce,
3349 2541 3566 2602 volente

1980 2633 2112 2698 Deo,
2142 2634 2393 2702 pandam,
2425 2632 2645 2701 etquod
2675 2631 2855 2700 petisti
2882 2630 3080 2686 faciam
3112 2631 3449 2700 temporibus
3468 2647 3566 2700 op-

1977 2724 2244 2792 portunis.
2298 2721 2523 2792 Semper
2567 2736 2704 2777 mea:
2743 2720 3024 2790 parvitatis
3057 2720 3328 2780 litterulas
3366 2729 3563 2776 vestra:

1979 2815 2212 2883 dirigere
2246 2813 2502 2869 charitati
2545 2813 2820 2877 recordor,
2863 2818 3182 2881 vestrasque
3220 2819 3408 2870 mutua
3444 2813 3563 2867 vice

1978 2906 2222 2974 accipere
2249 2905 2540 2973 deprecor;
2573 2903 2799 2958 obsecro
2827 2911 2888 2960 nt
2911 2900 3232 2957 ﬁducialiter
3275 2901 3410 2960 mihi
3448 2911 3563 2959 stu-

1979 2998 2108 3052 deas
2134 2997 2201 3052 de
2243 2997 2439 3051 vestris
2478 2993 2810 3066 profectibus
2833 2993 2918 3048 vel
2949 2993 3396 3063 prosperitatibus
3435 2995 3562 3053 inti-

365 3088 506 3142 Vere
536 3084 707 3140 fateor
749 3084 891 3154 quod
923 3085 1196 3140 tribulatio
1246 3093 1338 3141 tua
1385 3096 1598 3157 torquet
1640 3090 1880 3144 animum
1907 3078 1955 3141 C
1986 3103 2152 3143 mare.

294 3191 470 3232 meum
497 3217 512 3241 ,
545 3176 669 3230 dum
695 3176 854 3230 audio
878 3183 930 3227 te
955 3175 1009 3228 in
1050 3175 1287 3244 periculo
1312 3192 1431 3231 esse
1457 3186 1741 3245 statutum,
1778 3196 1878 3236 nec

291 3265 451 3322 ollicii
480 3266 557 3320 tui
579 3265 798 3335 implere
821 3280 977 3336 posse
1000 3265 1380 3332 ministerium,
1405 3268 1500 3322 sed
1523 3268 1750 3324 bellator
1777 3271 1882 3340 spi—

294 3355 486 3420 ritalis,
528 3355 755 3410 bellator
787 3355 996 3425 cogitur
1031 3370 1152 3409 esse
1193 3355 1444 3410 carnalis.
1498 3357 1699 3411 Tamen
1727 3375 1876 3430 spem

292 3445 489 3501 habeto
518 3446 573 3500 in
602 3447 729 3510 Deo,
780 3455 834 3500 et
864 3447 1143 3500 consolare
1189 3447 1418 3519 teipsum
1450 3447 1504 3502 in
1546 3447 1642 3504 Dei
1667 3450 1878 3506 miseri-

290 3538 496 3601 cordia,
546 3550 770 3607 sperans
797 3536 851 3590 in
881 3537 1019 3591 illius
1057 3546 1370 3607 perpetuam
1398 3535 1713 3604 bonitatem,
1756 3555 1876 3609 quae

291 3642 571 3696 nunquam
600 3625 800 3680 deserit
842 3635 1119 3694 sperantes
1165 3627 1220 3679 in
1257 3642 1336 3682 sc.
1384 3627 1684 3683 Tribulatio
1715 3644 1879 3700 super

291 3717 698 3772 tribulationem
727 3715 1006 3782 incumbit,
1046 3717 1170 3786 quia
1199 3726 1481 3787 peccatum
1505 3735 1666 3790 super
1686 3735 1877 3790 pecca-

294 3819 408 3864 tum
437 3809 718 3863 accrescit.
770 3807 908 3874 Quid
949 3821 1074 3862 vero
1117 3805 1216 3878 [in]
1248 3821 1311 3860 ea
1339 3809 1683 3864 tribulatione
1713 3825 1875 3879 quam

290 3903 497 3972 pateris
527 3901 792 3972 agendum
837 3901 926 3968 sit,
969 3899 995 3939 ἀ
1028 3901 1317 3956 Benedicto
1348 3901 1500 3957 fratri
1548 3904 1698 3966 dixi;
1747 3904 1876 3973 quid

291 4009 420 4049 vero
439 3993 508 4046 de
537 4007 623 4046 me
653 3999 830 4046 actum
860 3991 949 4058 sit,
980 3977 1160 4046 omnia
1187 3991 1442 4046 charitati
1473 3993 1676 4048 tuteille
1697 4001 1878 4052 osten-

292 4083 420 4137 dere
447 4081 668 4152 poterit.

361 4173 735 4243 Deprecemini
767 4173 860 4228 Dei
889 4174 1229 4229 clementiam
1256 4190 1416 4244 super
1445 4189 1562 4241 nos,
1595 4182 1655 4228 ut
1681 4175 1878 4245 dirigat

291 4265 406 4318 vias
451 4272 704 4330 nostras,
748 4264 889 4332 quod
917 4279 1026 4319 sua:
1053 4265 1204 4320 bona:
1246 4263 1509 4326 voluntati
1546 4262 1784 4334 placeat,
1823 4269 1878 4315 et

294 4357 448 4412 nobis
484 4357 553 4412 ad
581 4366 892 4426 perpetuam
936 4356 1182 4425 proficiat
1227 4356 1474 4415 salutem.
1524 4353 1632 4409 Nec
1672 4361 1723 4408 te
1766 4353 1876 4408 bel-

381 4490 510 4616 lLul
534 4492 835 4546 venerabilis
859 4492 1037 4545 abbas.
1059 4491 1178 4546 Vid.
1203 4497 1360 4545 notas
1389 4488 1738 4558 prteredentis
1761 4491 1874 4557 epi—

396 4579 466 4616 ae.

295 4573 466 4617 stolae.

368 4634 394 4672 ι»
425 4632 657 4686 Froben.
683 4632 840 4700 epist.
871 4630 996 4686 208.

367 4713 389 4739 ο
422 4696 997 4770 Leutfredo'episcopo.
1016 4697 1298 4762 Leidrado,
1322 4699 1418 4752 abs
1441 4698 1602 4754 dubio
1612 4696 1874 4770 episcopo

296 4766 636 4840 Lugdunensi
665 4787 680 4833 ;
726 4766 876 4824 varie
908 4766 1191 4840 'enimghoc
1235 4782 1428 4840 nomen
1458 4782 1487 4820 a
1519 4766 1874 4840 scriptoribus

296 4834 572 4894 vetErihus
622 4841 800 4894 minus
851 4838 1118 4893 accuratis
1163 4837 1519 4904 exprimitur;
1572 4834 1872 4890 Loedredus

296 4917 522 4980 vocatur
551 4910 605 4980 in
628 4909 880 4980 cpist.r2,
912 4907 1204 4962 Liobradus
1231 4913 1286 4959 et
1315 4904 1609 4959 Liodradus
1639 4904 1693 4960 in
1713 4905 1870 4975 epist.

294 4980 384 5044 89,
413 4979 546 5033 alibi
577 4978 893 5032 Laidradus.

361 5042 388 5088 ἀ
421 5047 704 5103 Benedicto
749 5048 924 5116 fratri.
973 5045 1165 5101 Abbati
1209 5043 1534 5116 Anianepsi,
1573 5043 1640 5116 de
1683 5057 1790 5116 quo
1820 5042 1872 5110 in

294 5119 643 5189 sequentibus
671 5111 910 5186 epistolis
936 5132 951 5180 ;
1006 5132 1035 5168 a
1077 5132 1184 5189 quo
1208 5114 1504 5189 Laidradus
1538 5111 1725 5189 viginti
1754 5127 1872 5166 mo-

295 5182 502 5246 nachos
529 5182 736 5257 accepit
760 5202 859 5256 pro
899 5182 1225 5257 monasterio
1252 5184 1443 5257 Insulae
1471 5182 1720 5257 Barbarae
1742 5195 1873 5257 a__se

295 5259 552 5322 fundato,
598 5249 674 5312 ιη’
697 5249 927 5311 testatur
964 5253 1108 5310 Ardo
1144 5271 1238 5312 seu
1279 5253 1616 5324 Smaragdus
1642 5250 1703 5324 in
1753 5249 1873 5324 Yita

295 5318 546 5393 ejusdem
567 5326 738 5382 sancti
763 5324 994 5390 abbatis,
1030 5341 1178 5394 num.
1214 5324 1282 5390 56
1331 5318 1499 5394 ίῳιιιΓ
1519 5318 1716 5378 Mabill.
1749 5319 1868 5375 Act.

296 5397 397 5453 SS.
589 5413 663 5460 tv,
695 5404 838 5466 part.
861 5410 910 5466 ιι
927 5409 1048 5465 pag.
1076 5393 1200 5454 205.

369 5478 395 5507 ο
423 5465 640 5521 Froben
666 5464 823 5521 epist.
853 5464 980 5519 209.

369 5536 389 5576 ί
424 5536 508 5592 Ad
533 5530 889 5592 Benedictum.
914 5534 1173 5592 Abbatem
1194 5531 1571 5592 Anianensem.
1590 5530 1730 5588 fama
1751 5539 1873 5583 sarr-

295 5605 506 5662 ctitatis
526 5620 592 5660 ac
619 5605 880 5660 doctrinae
902 5612 1062 5674 atque
1088 5602 1347 5674 restitutae
1373 5601 1871 5674 disciplinaemona-

296 5675 822 5732 stico-Benedictina:
867 5669 1295 5737 celeberrimum,
1341 5669 1571 5742 quocum
1616 5669 1872 5724 Alcuinus

1902 4420 1956 4484 ι)

2054 3179 2261 3233 Herhas
2293 3177 2642 3234 medicinales
2663 3192 2800 3247 quas
2827 3176 3092 3242 direxisti,
3117 3177 3351 3246 gratanti
3381 3177 3562 3236 animo

1979 3271 2184 3340 accepi,
2221 3279 2278 3325 et
2302 3271 2442 3325 sicut
2470 3270 2736 3339 corporali
2765 3284 2852 3324 me
2884 3269 3116 3325 sanitate
3141 3270 3427 3339 providere
3467 3285 3560 3325 cu-

1978 3360 2128 3423 rasti,
2169 3361 2246 3414 ita
2273 3368 2377 3415 tuae
2417 3361 2644 3430 spiritali
2691 3359 2853 3417 saluti
2883 3359 3148 3428 provideri
3179 3375 3392 3430 semper
3419 3359 3561 3416 desi-

1979 3451 2129 3514 dero,
2158 3459 2354 3520 optans
2397 3458 2449 3505 te
2489 3451 2543 3504 in
2569 3465 2634 3504 eo
2672 3457 2890 3506 strenue
2932 3447 3193 3517 perlicere
3231 3463 3392 3516 opere
3416 3448 3560 3516 quod

1977 3542 2210 3611 cmpisti,
2238 3550 2294 3596 et
2349 3545 2374 3582 ε
2398 3557 2616 3611 gregem
2643 3542 2945 3608 gubernare
2971 3539 3200 3594 fideliter
3223 3553 3384 3605 quem
3423 3553 3557 3591 con-

1978 3633 2234 3703 gregasti.
2273 3631 2587 3686 Nullatenus
2615 3628 2854 3697 fatigeris
2886 3625 2969 3680 vel
2993 3625 3378 3695 cogitationum
3416 3627 3559 3683 desi-

1975 3723 2082 3785 dia,
2115 3722 2200 3776 vel
2226 3722 2294 3775 ab
2316 3721 2619 3788 aliquorum
2646 3715 2990 3786 negligentia.
3020 3714 3120 3782 Qui
3151 3715 3272 3786 plus
3306 3716 3551 3784 laborat,

1975 3811 2095 3881 plus
2122 3808 2386 3868 mercedis
2411 3807 2659 3876 accipiat.
2691 3805 2912 3858 Multum
2941 3813 2993 3859 te
3019 3805 3120 3859 isto
3143 3821 3284 3860 anno
3305 3809 3553 3876 praesenti

1975 3901 2159 3955 videre
2187 3897 2453 3962 desidero,
2482 3898 2527 3951 si
2557 3896 2673 3951 fieri
2700 3902 2895 3965 potest,
2927 3895 3052 3967 quia
3081 3894 3422 3952 familiaritas
3449 3899 3551 3952 bu-

1975 3990 2220 4046 militatis
2267 3997 2463 4044 vestras
2508 3987 2735 4042 multum
2805 3987 2986 4040 animo
3037 4001 3158 4040 meo
3203 3988 3550 4056 complacuit.

1977 4082 2280 4152 Aiqualitas
2305 4082 2604 4136 animorum
2634 4079 2968 4136 dulcedinem
2993 4091 3252 4148 generare
3269 4078 3405 4133 solet
3425 4079 3554 4134 dile-

1977 4174 2189 4240 ctionis,
2219 4182 2274 4230 et
2299 4173 2342 4230 si
2372 4173 2604 4243 disparia
2628 4173 2735 4228 sint
2762 4184 2986 4241 operum
3013 4169 3228 4232 merita,
3254 4176 3434 4223 tamen
3456 4183 3554 4238 par

1975 4274 2155 4334 potest
2181 4281 2300 4322 esse
2327 4265 2652 4321 desiderium
2679 4263 2896 4327 salutis;
2944 4277 3070 4322 nam
3117 4260 3360 4314 infirmus
3398 4273 3549 4316 suam

1977 4355 2248 4411 desiderat
2273 4356 2578 4420 sanitatem,
2609 4354 2748 4417 sicut
2772 4363 2826 4410 et
2849 4352 3109 4416 medicus,
3135 4350 3258 4404 licet
3282 4347 3369 4406 ille
3383 4363 3552 4418 aegro-

1979 4489 2143 4542 multa
2172 4497 2226 4543 et
2253 4487 2502 4542 familiari
2529 4501 2661 4540 usus
2683 4492 2765 4538 est
2791 4484 3044 4538 amicitia.
3077 4501 3094 4533 ι
3121 4482 3170 4536 Is
3195 4483 3337 4536 enim
3367 4483 3547 4536 audita

1973 4567 2303 4628 expertaque
2331 4557 2431 4610 viri
2471 4555 2564 4628 Dei
2611 4554 2912 4628 sanctitatis
2959 4553 3123 4628 fama,
3172 4551 3460 4628 inviolabili
3491 4568 3550 4628 se

1975 4620 2342 4682 illi'chari'tate
2389 4624 2688 4693 conjunxit,
2720 4624 2796 4676 ita
2841 4632 2900 4676 ut
2944 4637 3010 4675 ex
3039 4622 3151 4676 suis
3202 4620 3444 4693 epistolis
3494 4623 3544 4674 ei

1973 4713 2115 4768 smpe
2149 4696 2388 4768 directis,
2439 4689 2739 4766 aggregatis
2769 4694 2820 4768 in
2850 4707 3035 4768 unum,
3076 4705 3219 4768 unus
3255 4689 3548 4768 conficere-

1975 4757 2067 4821 tur
2090 4765 2321 4828 libellus,
2357 4757 2384 4818 ι’
2410 4757 2724 4819 ιιιίἓειιῐιιιι·
2770 4761 2914 4816 Ardo
2948 4775 3042 4814 seu
3075 4757 3403 4828 Smaragdus
3441 4758 3544 4812 loc.

1974 4837 2066 4890 cit.
2099 4835 2395 4890 Dolendum
2429 4849 2559 4890 vero
2603 4832 2891 4887 maximam
2915 4828 3262 4898 epistolarum
3309 4828 3397 4898 hic
3435 4843 3548 4881 me-

1974 4913 2306 4963 moratarum
2335 4913 2545 4973 partem
2577 4897 3068 4964 intercidisse,’nec
3095 4897 3197 4952 nisi
3224 4897 3358 4952 duas
3385 4897 3548 4951 hasce

1975 4975 2030 5029 in
2057 4976 2178 5028 cod.
2213 4974 2500 5028 Harleiano
2532 4979 2775 5041 repertas
2803 4983 3111 5041 superesse.

2047 5044 2076 5113 ε
2102 5041 2318 5113 Gregem
2350 5059 2500 5113 quem
2527 5033 2961 5113 congregastifln
2985 5035 3313 5113 monasterio
3341 5033 3545 5113 scilicet

1974 5104 2290 5175 Anianen'si,
2337 5104 2480 5175 quod
2513 5104 2734 5166 sanctus
2769 5107 3086 5161 Benedictus
3112 5104 3544 5175 suisimpendiis

1975 5127 2290 5175 AntanenSI,
2377 5127 2480 5165 uoa
2513 5127 2730 5166 sanetus
2769 5127 3086 5161 bencmcms
3112 5127 3223 5159 sum
3260 5127 3542 5172 llllpCllUllS

1975 5181 2258 5235 excitavit:
2297 5198 2315 5229 ι
2337 5127 2392 5234 (ὲ
2424 5178 2752 5234 monasterio
2777 5175 3038 5245 siquidem
3079 5173 3249 5245 sancti
3267 5171 3542 5245 Sequani,

1974 5250 2062 5303 ubi
2086 5249 2270 5318 capitis
2316 5265 2518 5302 comam
2545 5247 2797 5316 deposuit,
2830 5241 2878 5298 ἐι
2906 5245 3010 5297 veri
3038 5242 3276 5318 monachi
3305 5241 3542 5318 _Itabit_um

1973 5311 2214 5388 sumpsit,
2250 5332 2520 5388 egressus,
2552 5311 2833 5388 postquam
2863 5327 3033 5388 annos
3058 5311 3262 5388 aliquot
3295 5312 3356 5388 _i_n
3387 5311 3539 5388 cella,

1972 5379 2138 5457 prope
2161 5379 2426 5457 Anianttm
2453 5379 2747 5457 exstructa,
2777 5383 3058 5457 vixit__cum
3088 5379 3362 5457 discipulis
3399 5382 3540 5457 suis,

2012 5447 2174 5511 rando
2216 5455 2543 5517 cmnobium,
2594 5447 2854 5507 Attianum
2899 5451 3115 5518 dictum,
3159 5447 3460 5511 aediﬁcavit,
3490 5461 3546 5508 et

2012 5474 2174 5511 ranuc
2216 5474 2543 5517 cmnomum,
2594 5474 2854 5507 limanam
2899 5474 3115 5518 umtutu,
3159 5474 3460 5511 ωυιιιυδνιι,
3490 5474 3544 5508 ει

1971 5474 2251 5582 basilicam
2278 5524 2570 5580 Salvatoris
2596 5537 2661 5578 ac
2687 5524 2857 5577 beata:
2888 5517 3068 5575 Maria
3107 5519 3403 5590 nuncupari
3415 5517 3544 5590 jus-

1974 5533 2251 5582 basilicam
2278 5533 2570 5580 Salvatoris
2596 5537 2661 5578 ac
2688 5533 2857 5577 beata:
2889 5533 3068 5575 manas
3107 5533 3538 5643 nuncupanéus-

1974 5597 2061 5649 sit.
2096 5615 2114 5646 ι
2165 5594 2501 5652 Mabillonius
2530 5593 2813 5652 Observat.
2863 5606 3028 5662 praev.
3061 5590 3117 5658 in
3156 5586 3257 5642 Vit.
3301 5586 3360 5644 S.
3455 5607 3538 5645 en.

1972 5663 2164 5718 Animi.
2192 5679 2339 5720 num.
2369 5664 2422 5718 ι.
