4012 6188
420 362 524 421 495

1274 343 1334 395 Β.
1381 337 1445 394 F.
1486 332 1711 391 ALBINI
1748 328 1880 386 SEU
1919 318 2194 382 ALCUINI
2228 314 2515 377 OPERUM
2552 311 2731 367 PARS
2765 306 2803 364 Ι.

424 476 718 544 tusiaceat,
746 475 799 519 et
820 464 920 519 iste
946 474 1075 514 sano
1102 428 1271 525 vigeat
1297 464 1539 520 corpore.
1564 445 1733 502 Tuam
1756 440 1993 512 paterui—
2028 440 2068 498 Α
2100 431 2302 487 idcirco
2348 422 2641 482 studiosius
2694 433 2869 473 meam
2906 412 3072 485 279
3099 410 3415 482 parvitatem
3473 411 3684 467 sanctis

1459 540 1468 544 -
1588 538 1621 544 -_
1766 534 1779 544 .
1981 530 1993 541 .
2104 519 2430 544 -_-.:....:s.....
2457 514 2651 544 ..ΜΩ-υἷι»
2679 508 3058 544 ηΛηιιηοηΑανη
3079 518 3346 544 parvamne,
3380 502 3684 544 (Imma-nn-

425 540 590 624 tatem
628 573 724 631 pro
751 554 905 610 nobis
955 546 1372 604 intercedentem
1419 540 1541 612 pius

426 659 569 715 bono
589 647 853 722 proﬁcere
881 640 1062 696 faciat.

892 768 918 797 ⁸
942 748 1276 809 EPISTOLA
1312 742 1541 802 CCXXI.

1048 881 1115 920 AD
1155 874 1391 917 EUIDEII.

436 984 701 1060 ι’ρίειοιαε
723 981 881 1037 mm“
912 977 1018 1060 τεςί
1060 970 1274 1060 est???
1299 985 1355 1060 ,εξ
1378 955 2003 1060 ἔὶἶνξεὲἓὲἱῗηεζῗάθπάα⁸ί

646 1029 1012 1125 stipiti;
1032 1042 1266 1112 accipere
1292 1038 1355 1091 ab
1384 1036 1497 1106 ipso
1526 1029 1791 1103 epistolas.

506 1166 826 1225 Benedictus
872 1161 1015 1217 Deus
1046 1152 1351 1211 Benedicto
1393 1145 1544 1204 Patri
1580 1141 2008 1201 benedictionem

439 1263 527 1318 det
554 1266 834 1314 aeternam.

512 1349 545 1391 ιτ
570 1342 773 1414 Scripsi
819 1334 1201 1409 epistiunculas
1251 1331 1481 1401 aliquas,
1531 1326 1672 1382 sicut
1701 1320 2012 1391 intelligere

443 1452 631 1496 earum
670 1412 911 1490 lectione
936 1426 1187 1500 poteris;
1236 1423 1288 1479 si
1310 1422 1423 1477 tibi
1469 1418 1689 1488 dignum
1746 1412 2010 1468 videatur.

444 1527 629 1585 Redde
656 1521 880 1595 singulis
905 1498 1170 1589 singulas;
1209 1511 1324 1583 regi
1348 1523 1477 1565 vero
1504 1521 1658 1563 suam
1682 1517 1804 1559 cum
1833 1498 2016 1595 multis

444 1590 784 1675 salumtionis
798 1608 992 1666 verbis
1023 1622 1039 1661 :
1066 1613 1120 1661 et
1144 1603 1339 1660 melius
1376 1598 1510 1655 mihi
1545 1597 1721 1652 visum
1746 1601 1831 1649 est
1856 1598 1910 1646 te
1928 1590 2019 1646 di-

448 1721 577 1766 cere
604 1703 718 1774 eius
744 1697 1182 1773 pietatidenobis
1203 1700 1492 1761 nostraque
1502 1688 1871 1753 voluntate,et
1907 1681 2019 1738 ﬁlio

2103 701 2245 758 sicut
2268 700 2440 755 beata:
2460 690 2736 750 memoria:
2759 700 2783 728 ε
2807 689 2967 743 Pater
2988 692 3168 740 vester
3187 683 3524 738 venerandus
3548 680 3682 736 olim

2102 790 2235 848 mihi
2265 788 2622 860 perdomatum
2649 781 2851 836 habere
2879 775 3146 833 credimus
3172 814 3188 840 ,
3223 773 3369 843 quod
3419 772 3506 827 his
3535 772 3689 826 litte-

2104 886 2182 941 ris
2211 884 2510 950 horumque
2544 874 2704 933 simul
2740 872 2969 926 fratrum
3016 865 3363 938 suggestione
3414 878 3687 918 renovare

2105 975 2423 1038 studemus;
2468 968 2596 1040 quia
2650 977 2900 1035 magnam
2926 1002 2941 1026 ,
2978 968 3038 1015 ut
3086 958 3279 1023 fateor,
3335 955 3583 1011 ﬁduciam
3616 956 3688 1010 de

2110 1069 2220 1124 Deo
2267 1060 2619 1122 servientium
2667 1052 3055 1112 intercessione
3103 1051 3157 1106 iu
3188 1048 3371 1105 cordis
3404 1047 3688 1103 dulcedine

2110 1156 2398 1218 habemus;
2432 1149 2558 1221 quia
2586 1146 2730 1217 quod
2758 1143 2889 1199 mihi
2915 1143 3069 1197 deest
3085 1140 3143 1195 in
3169 1138 3380 1194 meritis
3403 1178 3419 1205 ,
3472 1137 3695 1193 illorum

2110 1246 2378 1318 precibus,
2405 1241 2669 1311 largiente
2693 1236 2873 1292 divina
2894 1233 3065 1306 gratia
3083 1272 3099 1300 ,
3125 1231 3403 1303 possidere
3418 1239 3697 1299 optamus.-

2112 1317 2252 1404 Quid
2275 1340 2359 1390 est
2385 1330 2530 1402 quod
2554 1329 2645 1400 pia
2666 1325 2994 1382 unanimitas
3032 1330 3234 1377 sanctae
3261 1317 3700 1389 congregationis

2114 1442 2224 1482 non
2249 1423 2427 1478 valeat
2472 1420 2768 1490 impetrare
2809 1414 2950 1487 apud
2999 1428 3124 1469 eum
3171 1411 3265 1481 qui
3308 1410 3426 1465 ait:
3454 1407 3556 1463 Ubi
3584 1408 3694 1463 duo

2114 1515 2195 1572 cel
2220 1524 2325 1570 tres
2353 1509 2647 1582 congregati
2674 1508 2731 1562 in
2764 1507 2971 1562 nomine
2992 1520 3106 1558 meo
3128 1544 3144 1569 ,
3173 1501 3245 1555 ibi
3272 1517 3389 1556 sum
3424 1501 3481 1554 in
3523 1498 3702 1553 medio

2117 1622 2297 1662 eorum
2327 1602 2543 1677 (Matth.
2574 1614 2730 1665 xvtu,
2773 1597 2912 1671 20)?
2964 1595 3103 1663 Quid
3148 1602 3232 1650 est
3282 1592 3492 1649 dulcius
3532 1605 3699 1660 quam

2122 1698 2399 1754 Christum
2427 1705 2640 1762 semper
2665 1690 2866 1744 habere
2897 1694 3249 1757 praesentem;
3278 1696 3438 1754 quam
3480 1680 3575 1735 ﬁlii
3602 1680 3701 1735 Dei

451 1773 660 1863 “05m,
689 1809 852 1866 quam
877 1791 1002 1847 inde
1041 1785 1245 1857 aliquid
1271 1781 1634 1852 κτίνθίδδθων
1665 1776 1793 1847 quia
1830 1776 2025 1866 “nam
2052 1774 2098 1837 Π
2124 1788 2338 1853 vocari,
2394 1787 2509 1856 ipsa
2562 1781 2807 1839 \‘eritate
2834 1779 3045 1835 dicente
3077 1793 3091 1830 :
3123 1775 3273 1831 Beati
3307 1773 3537 1845 paciﬁci,
3562 1787 3701 1842 quo-

450 1906 546 1962 per
574 1865 767 1943 manus
808 1888 1035 1938 currunt
1054 1877 1379 1941 multorum;
1408 1872 1574 1927 verba
1601 1884 1732 1925 vero
1768 1868 1826 1923 in
1862 1865 2025 1922 corde

450 1960 769 2054 permanent
797 1973 961 2030 ﬁdeli.
986 1969 1280 2042 Epistulam
1315 1980 1444 2021 vero
1483 1963 1552 2054 ad
1811 1966 2028 2015 nostros

450 2049 818 2129 communiter,
838 2062 1059 2135 scripsi;
1081 2061 1135 2117 si
1163 2059 1378 2128 dignum
1408 2053 1538 2126 quid
1582 2052 1638 2106 in
1665 2066 1729 2105 ea
1761 2049 2027 2113 invenies,

446 2163 668 2233 iubeam
715 2157 923 2231 [Forte,
964 2149 1178 2223 iubeas]
1233 2146 1425 2203 melius
1470 2141 1824 2233 perscribere,
1876 2147 1934 2194 et
1983 2140 2030 2195 si

456 2230 587 2323 quid
613 2230 918 2305 addendum
945 2243 1201 2306 atatimas,
1234 2237 1320 2294 fac
1363 2232 1661 2292 secundum
1694 2230 1993 2287 consilium
2014 2268 2029 2294 ,

455 2344 582 2415 quia
611 2340 713 2396 sub
747 2335 1094 2393 festinatione
1113 2331 1315 2387 dictata
1340 2326 1536 2382 fuit-ad
1564 2323 2033 2381 rememorandum

458 2413 711 2486 amicitia:
733 2425 1145 2498 iucunditatem,
1177 2428 1232 2476 et
1255 2418 1561 2475 orationum
1580 2431 1680 2486 pro
1704 2413 1860 2469 nobis
1880 2413 2035 2468 sedu-

456 2523 663 2577 litatem
681 2560 696 2584 ,
733 2517 883 2572 sicut
900 2514 1009 2570 scis
1032 2525 1286 2581 magnum
1324 2522 1431 2562 nos
1455 2506 1654 2561 habere
1678 2502 2032 2567 desiderium,

456 2625 708 2684 magnam
733 2608 897 2662 etiam
923 2602 1320 2663 necessitatem,
1359 2610 1615 2667 spemque
1639 2596 1837 2650 bonam
1864 2592 1932 2647 de
1968 2591 2037 2645 il-

457 2679 634 2758 lorum
677 2698 877 2752 habere
902 2688 1288 2749 sacratissimis
1312 2686 1671 2743 orationibus.
1702 2681 1807 2739 Ubi
1851 2689 1932 2748 tu,
1964 2679 2038 2736 ibi

456 2800 515 2850 et
535 2805 658 2862 ego,
685 2796 740 2844 et
767 2787 910 2841 Deus
929 2782 1210 2839 uobiscum
1240 2780 1295 2835 in
1319 2785 1603 2834 aeternum.

531 2879 841 2937 Secundum
852 2872 1313 2945 opportunitatem
1331 2867 1611 2939 portitoris
1629 2865 1826 2936 saepius
1848 2863 2042 2920 littera:

462 2971 702 3035 veniant,
744 2981 845 3022 nec
889 2962 1193 3026 rusticitas,
1222 2960 1289 3015 de
1329 2973 1436 3029 qua
1465 2964 1520 3012 te
1558 2970 1821 3012 excusare
1866 2952 2041 3018 soles,

463 3060 782 3119 charitatem
827 3063 1009 3109 tacere
1031 3051 1216 3115 faciat,
1242 3063 1312 3104 ne
1348 3048 1531 3103 minus
1550 3046 1764 3101 ﬂamma
1805 3045 2045 3099 lucescat

465 3154 630 3217 illius,
657 3148 752 3204 sed
786 3146 988 3217 fulgeat
1010 3144 1085 3213 lin
1115 3140 1397 3207 chartulis,
1423 3154 1545 3210 qua:
1573 3138 1630 3192 in
1661 3136 1825 3192 corde
1846 3148 2042 3206 perpe—
2069 3130 2116 3190 ο

465 3241 685 3299 tualiter
704 3239 923 3294 incensa
953 3235 1128 3291 ardet.
1163 3232 1378 3290 Vadens
1406 3231 1564 3295 vade,
1592 3229 1705 3284 Deo
1730 3228 2044 3291 miserante,

466 3347 594 3389 cum
619 3329 769 3386 omni
794 3326 1169 3400 proSperitate.
1189 3321 1385 3379 Videat
1407 3329 1462 3376 te
1486 3318 1674 3374 oculus
1696 3331 1866 3383 meus,
1897 3324 2051 3371 ante-

466 3441 629 3497 quam
669 3422 895 3487 moriar,
925 3433 1031 3474 non
1057 3415 1244 3482 semel,
1289 3414 1385 3471 sed
1427 3412 1647 3485 saepius,
1675 3412 1911 3468 donante
1938 3409 2051 3467 Dee

469 3531 685 3589 semper
713 3515 769 3573 in
797 3519 1060 3569 aeternum
1085 3508 1288 3564 valeas.

889 3624 1000 3702 78
1037 3634 1059 3663 ε
1100 3619 1435 3679 EPISTOLA
1472 3617 1721 3675 CCXXII.

869 3715 897 3756 ά
934 3732 1001 3772 ω
1037 3727 1400 3774 uttttntsusss
1435 3724 1693 3768 rnunss.

474 3839 858 3900 Commemorat
909 3812 1105 3904 famam
1141 3831 1289 3886 bona:
1330 3828 1564 3904 illorum_
1602 3822 2006 3904 conversationis
2036 3837 2055 3876 :

547 3893 785 3985 precibus
811 3893 989 3985 eorum
1019 3920 1073 3958 se
1101 3899 1427 3957 commendat
1462 3913 1482 3953 :
1541 3896 1784 3952 hortatur
1822 3893 1893 3948 ad
1941 3907 2057 3946 mu-

550 3976 698 4034 tuam
732 3976 1040 4031 charitatem
1066 3983 1115 4027 et
1145 3985 1344 4043 pacem.

549 4086 837 4158 Religiosae
887 4078 1291 4157 congregationi
1330 4074 1685 4135 "sanctissimi
1734 4073 1908 4128 Patris
1952 4070 2060 4128 llo-

480 4178 684 4243 norati,
713 4174 972 4232 Alcuinus
996 4172 1253 4226 diaconus
1282 4167 1529 4222 salutem.

559 4263 881 4340 Congaudeo
904 4259 1131 4315 multum
1147 4258 1213 4313 de
1235 4256 1439 4327 optima
1461 4253 1611 4309 fama
1636 4252 2062 4311 conversationis

492 4367 706 4422 vestrae,
745 4363 801 4410 et
830 4350 1094 4424 regularis
1120 4348 1248 4405 vitae
1272 4347 1669 4413 observatione,
1704 4353 1761 4401 et
1784 4345 1888 4416 pia:
1916 4344 2063 4414 pacis

490 4447 863 4511 unanimitate,
879 4455 1043 4514 quam
1064 4438 1372 4496 testimonio
1391 4444 1703 4492 nostrorum
1725 4435 1812 4490 vel
1838 4435 2065 4490 aliorum

487 4541 809 4603 audivimus.
864 4535 973 4592 Sed
1020 4533 1228 4590 certius
1282 4531 1478 4587 horum
1528 4528 1754 4584 fratrum
1805 4527 2066 4583 relatione

496 4652 657 4692 omne
681 4635 905 4697 bonum,
922 4628 1064 4686 sicut
1088 4624 1477 4689 desideramus,
1498 4621 1563 4678 de
1581 4620 1735 4679 vobis
1761 4621 2059 4685 audientes,

561 4808 586 4837 ο
612 4791 845 4847 Froben.
873 4787 1030 4859 epist.
1058 4784 1183 4859 Sili.

560 4860 725 4937 274
750 4862 783 4937 ὶξ
815 4847 1409 4937 Scripsiepistiuncuias
1433 4851 1709 4937 quasdam.
1744 4848 1828 4937 Ei
1864 4847 1950 4937 [lis
1975 4862 2064 4930 ξο-

491 4916 869 4990 ιιιιῖἦῇηἱυὶι
897 4916 1135 4997 epistola
1156 4916 1752 4997 cuiusdam'adrcgem,
1778 4925 1831 4997 et
1850 4916 2069 4997 alterius

491 4987 799 5058 adﬁatres.
835 4987 971 5052 Tres
1016 4987 1305 5064 supersunt
1353 4987 1706 5064 epi_stol:_e_'ad_
1722 4988 1970 5064 _abltates
2015 4994 2071 5040 et

493 5054 788 5130 monachos
810 5067 1042 5131 Gothiae,
1071 5054 1325 5120 nimirum
1358 5054 1478 5125 159,
1511 5059 1640 5131 1ῒῆ2
1686 5054 2071 5131 iiiis-Insuper

494 5125 642 5201 eiad
668 5139 788 5195 illos
811 5153 903 5210 per
930 5125 1134 5210 beatum
1158 5131 1493 5210 Benedictum
1522 5125 1942 5210 misit.libellum
1977 5125 2069 5210 ad-

495 5196 683 5267 versus
711 5196 943 5265 literesin
969 5203 1164 5263 Felicis
1181 5242 1197 5267 ,
1226 5202 1282 5255 in
1300 5198 1512 5253 illorum
1540 5196 1787 5251 solatium
1808 5205 1854 5251 ct
1876 5196 2074 5267 conﬁr-

493 5264 771 5337 adeo..."
793 5264 1216 5349 βάείρᾳυιοιίειρ,
1230 5277 1391 5349 prout
1409 5268 1608 5349 legitur
1623 5268 1678 5349 in
1697 5264 2069 5349 epistola‘i32.

498 5335 580 5405 An
607 5335 672 5405 de
695 5335 804 5403 una
827 5362 893 5401 ex
918 5343 1023 5409 his,
1046 5358 1114 5396 an
1145 5335 1211 5396 de
1233 5335 1347 5395 'alia
1377 5335 1554 5410 aliqua
1585 5336 1812 5410 epistola
1834 5376 1852 5410 ,_
1872 5335 2075 5389 adhuc-

498 5421 625 5476 dum
653 5418 873 5481 latente,
903 5407 1174 5484 loquatur,
1199 5426 1266 5466 ex
1297 5411 1400 5484 hoc
1424 5407 1685 5484 locoerui
1711 5407 2072 5484 htmdpolcst:

501 5472 770 5544 Fortassis
813 5472 918 5539 hac
959 5472 1242 5538 occasione
1282 5481 1446 5534 etiam
1493 5478 1640 5535 misit
1684 5472 1969 5545 epistolam
2010 5472 2077 5526 ad

500 5542 849 5614 Leutfredum
901 5568 1025 5623 mox
1068 5559 1225 5623 antea
1261 5548 1586 5623 exhibitam;
1610 5555 1673 5623 _et
1719 5542 2077 5623 ad_a_‘micu_m

504 5612 647 5686 nunc
689 5622 1067 5686 exhibendam,
1108 5612 1242 5690 quas
1268 5627 1548 5689 propterea
1571 5617 1721 5671 hisce
1760 5615 1827 5668 ad
1858 5612 2080 5669 Benedi-

504 5704 652 5755 ctum
676 5693 898 5762 iungere
919 5690 1143 5762 placuit.

577 5776 596 5807 ί
635 5757 1038 5836 Λιιιιίῖιττοικιι.
1072 5759 1226 5829 epist.
1259 5757 1377 5810 illi.

2125 1882 2269 1936 niam
2296 1876 2396 1948 ﬁlii
2433 1874 2532 1929 Dei
2569 1871 2894 1928 vocabuntur
2926 1866 3142 1940 (Matth.
3164 1880 3217 1933 v,
3242 1864 3338 1936 9)?
3355 1864 3480 1918 Ideo
3504 1876 3706 1932 perne-

2126 1966 2425 2026 cessarium
2450 1971 2535 2019 est
2558 1960 2837 2024 omnibus,
2880 1956 2976 2012 sed
3025 1956 3197 2026 magis
3240 1955 3295 2009 in
3329 1967 3486 2009 sacro
3510 1951 3709 2006 ordine

2128 2060 2393 2133 regularis
2428 2056 2553 2111 vitae
2599 2050 2916 2121 degentibus
2943 2088 2959 2115 ,
2998 2046 3302 2103 concordia!
3328 2046 3529 2100 bonum
3553 2042 3710 2096 omni

2130 2131 2309 2207 studio
2357 2148 2665 2208 observare,
2699 2150 2756 2197 et
2795 2140 2944 2212 pacis
2967 2138 3418 2201 unanimitatem;
3454 2134 3585 2204 quia
3612 2131 3709 2203 qui

2131 2240 2413 2296 veritatem
2439 2241 2641 2291 sanctae
2681 2231 2834 2302 pacis
2876 2245 2985 2285 non
3018 2226 3350 2290 custodiunt,
3390 2223 3713 2294 dignitatern

2132 2329 2228 2387 ﬁlii
2275 2327 2506 2399 perdere
2532 2330 2740 2380 certum
2767 2327 2853 2375 est
2885 2336 2901 2372 :
2930 2317 3129 2383 videte,
3154 2315 3290 2372 dixit
3313 2314 3564 2385 egregius
3614 2310 3714 2366 do-

2133 2427 2268 2480 ctor.
2296 2419 2342 2472 si
2365 2416 2585 2471 invicem
2609 2410 2877 2474 mordetis,
2926 2407 3234 2468 nezinvicem
3270 2402 3715 2459 consummantini

2136 2508 2284 2583 (Gal.
2312 2523 2365 2573 v,
2395 2505 2506 2578 l5).
2539 2503 2657 2559 Non
2683 2508 2861 2573 potest
2884 2507 3032 2555 recte
3058 2498 3201 2553 ﬁlius
3226 2496 3322 2551 Dei
3348 2495 3473 2560 dici,
3500 2494 3590 2563 qui
3615 2509 3715 2563 pa-

2137 2618 2257 2661 cem
2290 2617 2396 2658 non
2443 2600 2556 2655 vult
2589 2594 2861 2668 amplecti.
2892 2593 3000 2648 Pax
3041 2590 3386 2648 concordiam
3406 2588 3634 2642 fratrum
3662 2594 3719 2639 et

2139 2694 2461 2752 charitatem
2484 2688 2700 2760 copulat
2726 2684 3114 2757 proximorum.
3146 2681 3335 2735 Pacem
3356 2695 3545 2743 meam,
3582 2677 3720 2733 dixit

2140 2788 2421 2854 Dominus,
2448 2786 2516 2839 do
2536 2783 2698 2847 vobis,
2723 2795 2903 2851 pacem
2926 2791 3094 2832 meum
3113 2774 3345 2845 relinquo
3368 2764 3511 2827 vobis
3535 2770 3718 2843 (low.

2141 2895 2252 2945 xiv,
2275 2878 2393 2949 27),
2413 2876 2468 2931 id
2495 2880 2598 2938 est,
2623 2873 2678 2928 in
2707 2885 2841 2942 pace
2869 2867 3049 2925 dimisi
3069 2880 3182 2930 vos,
3211 2864 3267 2918 in
3291 2877 3425 2934 pace
3452 2859 3722 2915 inveniam

2139 2987 2257 3029 vos.
2300 2968 2659 3024 Proﬁciscens
2684 2963 2854 3018 voluit
2887 2962 3017 3017 dare
3041 3000 3055 3025 ,
3101 2972 3223 3029 qua:
3264 2953 3609 3013 desiderabat
3640 2967 3727 3007 ro-

2145 3064 2300 3121 diens
2325 3061 2380 3116 in
2400 3058 2652 3115 omnibus
2672 3054 2938 3111 invenire.

2216 3174 2296 3231 De
2320 3176 2424 3231 hac
2440 3173 2543 3245 piae
2568 3172 2716 3244 pacis
2735 3168 2974 3226 bonitate
3003 3167 3123 3223 ideo
3165 3164 3473 3236 diligentius
3496 3176 3731 3233 suggero

2150 3267 2323 3333 vobis,
2352 3264 2657 3321 charissimi
2700 3261 2919 3325 fratres,
2947 3259 3073 3331 quia
3102 3258 3339 3312 maxime
3369 3254 3513 3310 fraus
3539 3254 3731 3309 diabo—

2152 3357 2254 3413 lica
2278 3353 2723 3412 murmurationis
2770 3352 3021 3423 sagittam
3050 3349 3195 3404 inter
3214 3345 3410 3401 fratres
3440 3345 3734 3399 immittere

2154 3447 2312 3513 solet,
2338 3447 2516 3503 sciens
2550 3443 2846 3516 perfectam
2888 3441 2964 3496 ibi
2994 3456 3101 3495 non
3127 3454 3249 3495 esse
3272 3438 3617 3500 charitatem,
3642 3435 3733 3488 ubi

2154 3533 2597 3592 murmurationis
2616 3532 2722 3588 telo
2744 3529 3024 3586 cbaritatis
3043 3528 3372 3583 unanimitas
3396 3525 3732 3579 vulneratur.

2155 3624 2407 3682 Charitas
2426 3632 2510 3680 est
2528 3621 2781 3694 quoniam
2802 3619 3047 3691 cooperit
3069 3617 3460 3673 multitudinem
3483 3624 3739 3686 peccato-

2159 3732 2281 3772 rum
2331 3712 2385 3787 (Ι
2419 3713 2564 3769 Petr.
2598 3729 2675 3780 tv,
2721 3711 2804 3785 8),
2856 3711 2972 3766 sine
3022 3724 3128 3779 qua
3173 3707 3331 3762 etiam
3377 3712 3599 3775 peccata
3628 3718 3741 3757 non

2160 3805 2504 3861 dimittuntur
2533 3820 2547 3858 :
2576 3818 2738 3873 quam
2760 3802 2954 3857 beatus
2976 3796 3259 3870 Apostolus
3282 3797 3336 3851 in
3361 3803 3571 3849 tantum
3618 3794 3742 3848 lau-

2160 3898 2327 3965 davit,
2356 3905 2417 3952 ut
2442 3911 2543 3952 nec
2569 3894 2922 3966 martyrium,
2974 3906 3076 3947 nec
3121 3888 3298 3945 saeculi
3347 3893 3743 3957 contemptum,

2163 4004 2266 4045 nec
2287 3988 2625 4043 ﬂammarum
2649 3982 2897 4039 incendia
2921 3981 3038 4037 sine
3059 3980 3200 4035 illius
3224 3978 3464 4033 bonitate
3482 3976 3745 4047 prodesse

2163 4084 2422 4141 testetur;
2450 4073 2517 4128 In
2561 4073 2657 4127 hoc
2682 4073 2842 4137 enim,
2869 4070 3068 4141 inquit,
3114 4069 3249 4123 dixit
3274 4066 3534 4121 Dominus
3560 4063 3743 4129 Jesus,

2166 4176 2470 4241 cognoscent
2488 4181 2684 4231 omnes,
2706 4164 2831 4235 quia
2858 4164 2961 4217 mei
2989 4160 3232 4231 discipuli
3264 4161 3409 4225 estis,
3438 4158 3485 4213 si
3510 4157 3746 4210 dilectio-

2168 4276 2285 4316 nem
2313 4256 2600 4314 habueritis
2625 4255 2695 4309 ad
2739 4254 2957 4308 invicem
3005 4252 3188 4325 (Joan.
3238 4266 3362 4315 xm,
3413 4248 3527 4320 55).
3554 4246 3748 4303 Omnis

2168 4348 2508 4415 obedientite,
2538 4344 2624 4402 vel
2648 4342 2964 4401 humilitatis
3007 4340 3270 4411 subiectio
3298 4341 3352 4395 in
3399 4336 3750 4395 monasteriis

2170 4437 2451 4496 charitatis
2476 4434 2772 4491 munimine
2806 4431 3055 4488 roborari
3080 4430 3260 4497 debet,
3293 4444 3413 4501 qua:
3436 4428 3554 4482 sine
3579 4428 3753 4481 simu-

2170 4529 2367 4584 latione
2413 4525 2564 4582 falste
2599 4522 2934 4580 extrinsecus
2976 4521 3354 4579 ostentationis
3388 4519 3442 4574 in
3495 4531 3750 4587 corpore,

2170 4622 2289 4677 ﬁeri
2319 4632 2543 4675 necesse
2561 4626 2674 4684 est;
2697 4617 2792 4673 sed
2818 4632 2884 4673 ex
2911 4615 3075 4672 corde
3101 4614 3324 4687 diligere
3349 4626 3445 4667 nos
3462 4608 3752 4672 debemus,

2237 4775 2263 4815 δ
2310 4775 2391 4830 Ad
2444 4772 2776 4828 Hillirienscs
2822 4770 3032 4842 fratres.
3091 4769 3171 4824 Ita
3198 4764 3413 4842 quidem
3454 4763 3544 4819 hic
3570 4760 3758 4817 titulus

2166 4846 2361 4911 legitur
2385 4845 2442 4900 in
2474 4843 2593 4899 md.
2623 4858 2749 4907 ms.,
2778 4837 2872 4897 sed
2890 4855 2957 4895 ex
2977 4840 3222 4911 sequenti
3245 4837 3596 4911 inscriptione
3636 4845 3755 4911 ma-

2169 4898 2552 4983 n—i‘fesrtumiest,
2576 4898 2861 4983 legendum
2888 4925 3032 4983 esse,
3054 4898 3127 4962 ad
3153 4898 3467 4983 Lirinensis.
3496 4904 3554 4957 in
3580 4898 3758 4983 insula

2169 4969 2433 5054 siquidem
2467 4969 2748 5054 Lirin‘énsi
2781 4980 2919 5054 illud
2970 4969 3360 5054 monasterium
3404 4980 3511 5054 est,
3541 4985 3638 5026 seu
3671 4969 3760 5023 illa

2169 5042 2536 5124 congregatio,
2567 5067 2729 5124 quam
2779 5051 2932 5124 initio
2956 5064 3079 5104 sate.
3111 5063 3144 5100 v
3172 5046 3253 5124 ibi
3291 5042 3557 5124 fundavit,
3599 5048 3765 5122 atque

2169 5112 2307 5179 vita?
2322 5112 2610 5176 sanctitate
2642 5120 2932 5175 illustravit
2958 5127 3179 5173 sanctus
3206 5114 3517 5169 Honoratus
3545 5112 3761 5181 episco-

2170 5177 2624 5264 pusArelatensis
2652 5210 2665 5245 :
2695 5184 3317 5264 Lirinensesunonachi
3351 5177 3643 5251 aliquoties
3673 5177 3768 5231 de-

2172 5253 2403 5318 votionis
2454 5275 2620 5315 causa
2674 5267 2941 5315 venerunt
2977 5256 3044 5312 ad
3073 5255 3132 5311 S.
3160 5253 3476 5316 Martinum,
3505 5256 3670 5322 prout
3699 5262 3764 5301 ex

2174 5331 2401 5403 epistola
2424 5331 2524 5386 l90
2541 5337 2598 5384 et
2626 5343 2705 5403 ex
2735 5328 2980 5403 sequenti
3018 5333 3248 5403 con_stat_.
3299 5321 3510 5403 Smpius
3548 5332 3769 5403 quoque

2175 5394 2432 5457 A'lcuinus
2478 5415 2600 5470 cum
2625 5399 2733 5470 illis
2766 5394 3009 5470 egitper
3044 5394 3332 5467 epistolas;
3387 5399 3443 5470 et
3485 5394 3773 5470 exemplar

2175 5486 2389 5598 quoque
2412 5469 2652 5539 epistola:
2677 5469 2767 5552 90.
2785 5457 2852 5525 de
2883 5457 3255 5549 Hispanorum
3282 5457 3453 5517 variis
3483 5457 3774 5516 erroribus

2217 5558 2336 5598 Irim
2365 5558 2396 5595 a
2422 5540 2874 5598 Lugdunensmus
2896 5538 3084 5593 voluit.
3719 5592 3733 5598 _

2217 5538 2336 5611 irigi
2365 5558 2396 5595 a
2422 5538 2877 5611 Lugdunensibus
2896 5538 3084 5611 voluit.

2255 5592 3185 5679 fatae?{ista};ﬁrmam,
3232 5603 3300 5679 ad
3346 5614 3510 5679 quem
3540 5592 3780 5679 epistola

2181 5694 2434 5807 sequens,
2465 5696 2533 5735 an
2563 5678 2720 5748 huius
2769 5673 3081 5736 antecessor
3111 5676 3328 5744 aliquis,
3380 5673 3783 5743 incompertum

2205 5768 2254 5807 n
2296 5765 2379 5806 eo.

2205 5765 2379 5807 lIlDCO.
