4012 6188
302 364 405 421 497

1761 358 2136 418 ΕΡΙΞΤΟΜΕ.

3474 380 3585 438 898

299 488 576 549 opemque
604 473 917 537 ostendere,
949 472 1089 543 quod
1117 472 1170 527 in
1200 472 1379 529 cordis
1420 473 1679 528 thesauro
1706 489 1897 530 recon-
1926 478 1972 535 A
2002 492 2099 545 pro
2132 476 2257 543 illis,
2289 486 2348 532 ut
2370 480 2697 551 recipiantur
2718 483 2772 537 in
2794 482 2969 540 locum
2999 500 3183 556 suum;
3217 498 3273 545 et
3298 504 3400 563 ego
3428 508 3586 551 man-

298 568 473 623 ditum
504 565 787 620 habemus.
813 562 1125 634 Angelicam
1149 564 1317 618 vitam
1343 562 1476 618 vivit
1496 564 1550 618 in
1574 565 1757 629 terris,
1804 565 1897 634 qui

297 656 526 729 pacifica
554 655 850 719 charitate,
895 662 953 708 et
976 660 1165 708 sancta
1195 652 1482 708 dilectione
1534 653 1717 709 vivere
1755 654 1899 708 inter

298 745 551 803 homines
576 743 786 808 studet;
818 742 1034 811 etquod
1060 742 1152 797 hic
1175 755 1242 796 ex
1262 749 1421 811 parte
1448 741 1653 797 habere
1685 742 1892 813 incipit,

300 837 361 890 in
405 833 744 889 beatitudine
789 830 1000 889 cmlesti
1029 831 1259 902 pleniter
1286 832 1565 902 possidere
1617 832 1889 902 gaudebit.

298 926 431 981 Haec
457 934 547 982 est
568 925 770 995 optima
800 938 952 994 pars,
973 937 1095 994 qua:
1132 937 1240 979 non
1266 921 1543 979 auferetur
1569 923 1638 978 ab
1664 937 1752 988 eo,
1800 924 1893 994 qui

296 1018 527 1089 vestigia
553 1015 756 1071 Christi
786 1015 842 1069 in
885 1014 1170 1070 cbaritatis
1218 1012 1394 1069 ofﬁcio
1438 1015 1494 1069 in
1539 1015 1643 1071 hoc
1696 1015 1907 1079 smulo,

294 1106 449 1162 omni
492 1106 675 1162 studio
727 1104 978 1175 amplecti
1021 1105 1273 1161 intendit.
1327 1105 1758 1161 Intercedentem
1791 1120 1892 1175 pro

295 1199 498 1269 populo
522 1198 838 1255 Christiano
870 1199 1218 1254 sanctitatem
1266 1206 1507 1255 vestram
1553 1200 1734 1256 divina
1780 1201 1891 1257 ele-

293 1290 501 1345 mentia
531 1288 793 1345 exaudire
820 1288 1098 1359 dignetur,
1126 1288 1465 1347 dilectissimi
1494 1288 1710 1346 fratres.

657 1419 824 1491 280
838 1432 864 1460 α
895 1416 1232 1475 EPISTOLA
1253 1418 1525 1476 CCXXIII.

299 1532 327 1571 ι’
360 1548 427 1587 ,ω
475 1547 826 1589 τεοτοιιιιιιιιί
855 1548 1101 1588 Αιιιιλτειι
1122 1550 1192 1588 nr
1215 1549 1479 1599 sanans,
1508 1548 1695 1598 cunnus
1736 1551 1798 1590 pa
1813 1552 1883 1591 ε-

886 1617 1008 1657 ssss
1026 1606 1287 1660 vtncrua.

300 1710 529 1766 Remittit
560 1712 753 1782 fratres
778 1712 847 1766 ad
893 1711 955 1767 S.
1003 1711 1295 1795 Martinam
1311 1715 1717 1837 (feregrinantes
1763 1733 1881 1799 cum

363 1782 624 1837 epistola:
654 1783 857 1836 veniam
892 1781 1000 1836 illis
1053 1782 1116 1836 ob
1159 1784 1309 1837 tnobe
1348 1785 1560 1837 ienttam
1619 1794 1668 1837 et
1715 1786 1880 1837 neult-

363 1781 624 1856 epistola:
654 1783 857 1836 reniam
892 1781 1000 1856 illis
1053 1782 1116 1836 ob
1159 1781 1560 1838 inobedientiam
1619 1794 1668 1839 et
1715 1786 1880 1856 negli-

364 1851 593 1923 gentiam
643 1860 847 1906 exorat.
912 1851 1167 1906 Errantes
1234 1861 1378 1920 optat
1442 1856 1705 1914 revocari.
1775 1851 1880 1911 non

368 1922 557 1992 abjici.

367 2032 726 2089 Sanctissimo
772 2034 922 2091 Patri
951 2034 1240 2107 Teotgario
1285 2042 1342 2097 et
1378 2037 1525 2092 omni
1555 2037 1668 2094 Deo
1694 2038 1881 2095 electae

293 2127 455 2182 etiam
480 2137 537 2182 et
565 2126 863 2182 benedictae
890 2127 1128 2194 familiae,
1158 2128 1415 2186 Alcuinus
1441 2129 1675 2188 famulus
1706 2134 1882 2190 sancti

296 2217 510 2272 Martini
537 2231 662 2272 cum
685 2215 947 2274 fratribus
968 2218 1022 2273 in
1045 2218 1164 2290 ejus
1191 2221 1526 2277 monasterio
1559 2222 1672 2278 Deo
1697 2223 1883 2279 deser-

292 2309 580 2375 vieutibus,
603 2317 879 2380 perpetuae
899 2309 1250 2366 beatitudinis
1271 2310 1520 2367 salutem.

360 2401 484 2456 Misi
526 2408 726 2456 vestra:
763 2400 950 2471 pietati
998 2416 1098 2471 per
1126 2399 1473 2457 Sizimarium
1519 2400 1742 2459 fratrem
1786 2417 1878 2459 ve-

289 2504 462 2551 strum
507 2495 675 2551 verba
715 2495 1080 2562 salutationis,
1121 2504 1178 2553 et
1218 2512 1365 2553 nunc
1391 2498 1588 2553 iterum
1638 2501 1885 2556 secundo

289 2588 477 2643 eadem
499 2596 749 2659 repetere
771 2598 996 2660 propter
1020 2591 1483 2660 opportunitatem
1523 2590 1718 2647 horum
1761 2592 1876 2648 fra-

289 2688 457 2743 trum,
488 2678 581 2748 qui
626 2688 892 2735 venerunt
936 2680 1005 2736 ad
1048 2696 1170 2746 nos,
1223 2688 1286 2736 ut
1330 2697 1390 2738 se
1436 2684 1881 2741 commendarent

287 2769 464 2824 sancti
489 2768 704 2824 Martini
732 2769 1234 2837 intercessionibus,
1268 2771 1410 2827 idem
1436 2780 1686 2843 repetere
1714 2772 1799 2831 fas
1823 2783 1881 2831 et

289 2858 659 2913 necessarium
708 2872 833 2915 esse
881 2861 1061 2915 visum
1100 2869 1215 2928 est;
1241 2862 1383 2917 unde
1430 2870 1486 2917 et
1513 2863 1613 2919 has
1666 2863 1878 2922 litteras

290 2946 443 3002 vobis
478 2947 712 3019 dirigere
739 2948 943 3016 studui,
982 2950 1109 3021 quia
1153 2951 1378 3022 prrefato
1428 2951 1599 3009 fratre
1646 2953 1878 3011 abeunte

294 3052 491 3108 magna
539 3054 628 3093 me
654 3036 888 3094 febrium
915 3039 1166 3095 molestia
1213 3038 1442 3113 fatigare
1488 3043 1670 3114 cepit.
1722 3043 1877 3101 Unde

289 3128 546 3183 obnixius
570 3127 833 3200 deprecor
855 3129 1200 3186 clementiam
1222 3139 1462 3188 vestram
1476 3171 1495 3197 ,
1518 3139 1582 3187 ut
1606 3147 1697 3189 me
1723 3132 1876 3205 adju-

1998 567 2118 621 davi
2166 568 2271 623 illis
2310 569 2560 635 firmiter,
2607 580 2790 628 tacere
2831 577 2970 646 apud
3011 592 3200 635 omnes
3242 581 3489 639 homines
3520 586 3593 643 de

1996 672 2161 712 causa
2189 659 2526 731 negligentia:
2554 676 2688 728 suae,
2732 664 2927 720 nolens
2975 668 3177 739 aliquid
3226 670 3373 727 foras
3399 674 3589 732 venire

1996 761 2028 801 a
2049 749 2395 803 sanctissima
2416 753 2833 823 congregatione
2852 763 3057 824 vestra,
3083 759 3188 814 nisi
3216 761 3419 832 Optima
3439 776 3588 836 quat-

1994 850 2128 905 que;
2149 837 2275 905 quia
2298 837 2451 893 multi
2480 848 2608 895 sunt
2636 844 3057 913 reprehensores
3079 849 3205 904 vita:
3224 860 3426 909 nostra:
3462 870 3582 910 ma-

1993 927 2074 997 gis
2092 941 2255 997 quam
2301 937 2619 996 sectatores,
2672 934 3043 1004 cupientessua
3066 940 3345 998 criminosa
3366 957 3581 1015 peccata

1993 1017 2442 1072 monasterialium
2463 1022 2861 1090 reprehensione
2886 1025 3157 1083 abscondi.
3185 1030 3293 1086 Sed
3319 1034 3585 1106 quidquid

1993 1118 2149 1161 secus
2170 1120 2415 1177 agamus,
2428 1122 2593 1178 quam
2612 1111 2880 1182 regularis
2904 1116 3016 1171 vita
3035 1118 3276 1185 definiat,
3296 1136 3582 1184 remaneat

1993 1195 2135 1264 apud
2159 1210 2261 1252 nos
2288 1204 2522 1262 tantum,
2550 1207 2607 1255 et
2625 1204 3020 1273 reconcilietur,
3048 1216 3105 1263 et
3132 1210 3187 1264 in
3229 1214 3583 1273 concordiam

1990 1293 2278 1379 revocetur
2305 1303 2437 1359 grex
2465 1289 2692 1358 Christi,
2720 1309 2789 1349 ne
2832 1298 3105 1366 gaudeant
3154 1302 3356 1361 inimici
3414 1320 3581 1379 super

1991 1387 2109 1428 nos.
2141 1372 2259 1431 Non
2287 1383 2375 1431 est
2412 1378 2575 1434 homo
2617 1382 2710 1449 qui
2739 1398 2846 1439 non
2887 1396 3106 1457 peccet;
3147 1399 3204 1447 et
3247 1392 3452 1452 bonum
3480 1372 3589 1455 est

1990 1472 2262 1520 errantem
2280 1481 2436 1522 ovem
2459 1484 2717 1527 revocare
2736 1473 2791 1528 in
2818 1474 2960 1532 ovile
2987 1477 3216 1549 Christi,
3245 1483 3363 1555 ejus
3388 1501 3579 1544 exem-

1986 1554 2076 1623 plo
2099 1556 2190 1647 qui
2211 1556 2278 1611 de
2306 1557 2446 1647 cmlo
2472 1559 2754 1617 descendit
2778 1572 2840 1619 ut
2862 1579 3018 1622 ovem
3042 1554 3317 1640 perditam
3336 1577 3582 1647 require-

1988 1651 2071 1698 ret
2097 1644 2152 1698 in
2184 1646 2366 1701 terris.

2053 1731 2318 1789 Patientia
2332 1736 2681 1806 palatorum
2705 1743 2852 1801 salus
2871 1745 3163 1805 debetesse
3181 1750 3571 1821 subjectorum.

1918 1817 1961 1877 Β
1986 1824 2176 1881 Melius
2215 1834 2302 1883 est
2337 1828 2618 1899 ignoscere
2640 1833 3080 1905 delinquentibus
3107 1817 3573 1917 quam'expellere

1874 1992 1877 1995 _
1983 1924 2302 1985 peccantes;
2347 1919 2476 1988 quia
2497 1921 2545 1975 si
2574 1928 2784 1979 tantum
2823 1925 2961 1995 justi
3004 1940 3291 1988 remanent
3321 1943 3376 1990 et
3418 1938 3562 2002 sani,

1984 2002 2166 2097 forsan
2189 2005 2337 2063 solus
2353 2017 2543 2079 pastor
2566 2011 2715 2068 solus
2735 2024 2980 2073 remanet
2999 2019 3203 2090 absque
3227 2039 3407 2097 grege.
3431 2025 3571 2094 Quid

1983 2096 2029 2151 si
2053 2097 2170 2167 ipse
2189 2106 2380 2167 pastor
2406 2109 2627 2170 peccat,
2647 2104 2772 2173 quis
2793 2117 3038 2163 remanet
3060 2110 3115 2165 in
3144 2110 3263 2168 loco
3293 2113 3405 2171 Deo
3440 2131 3572 2172 con-

1980 2190 2230 2245 secrato?
2259 2189 2526 2248 Memores
2546 2194 2807 2253 debemus
2828 2212 2951 2255 esse
2982 2203 3284 2272 apostolum
3305 2204 3571 2268 Joannem

1979 2281 2247 2338 dicentem
2272 2302 2285 2339 :
2314 2282 2455 2351 Quia
2473 2286 2519 2341 si
2545 2287 2855 2358 dixerimus,
2879 2302 3149 2363 peccatum
3171 2312 3275 2351 non
3295 2296 3568 2365 habemus,

1980 2374 2320 2444 nosmetipsos
2355 2375 2676 2445 seducimus,
2713 2389 2763 2435 et
2814 2383 3004 2438 veritas
3044 2385 3103 2439 in
3142 2387 3291 2442 nobis
3342 2405 3449 2443 non
3492 2399 3569 2447 est

1978 2460 2032 2532 (Ι
2052 2462 2219 2517 Joan.
2236 2479 2279 2528 ι,
2301 2462 2379 2535 8).
2407 2463 2514 2521 Sed
2532 2467 2580 2520 si
2600 2469 2942 2538 agnoscimus
2966 2481 3282 2542 peccatores
3305 2491 3404 2532 nos
3422 2492 3569 2546 esse,

1976 2561 2033 2608 et
2053 2553 2375 2610 conﬁtemur
2404 2556 2716 2626 iniquitates
2745 2569 2984 2629 nostras,
3014 2578 3137 2618 cum
3166 2564 3458 2623 Publicano
3486 2570 3572 2625 diu

1978 2652 2163 2700 centes
2190 2645 2653 2719 :Deus,propitius
2672 2658 2783 2704 esto
2804 2652 2934 2706 mihi
2950 2656 3212 2723 peccaturi
3233 2654 3386 2710 (Luc.
3409 2674 3567 2722 xvm,

1978 2735 2093 2806 1'5),
2116 2735 2380 2792 habemus
2404 2738 2747 2804 advocatum,
2779 2741 2835 2797 id
2861 2750 2965 2809 est,
3004 2745 3414 2816 propitiatorem
3460 2749 3569 2806 Do—

1978 2825 2181 2880 minum
2202 2823 2389 2882 Iesum
2418 2829 2558 2899 apud
2585 2828 2826 2897 Patrem,
2854 2832 2947 2902 qui
2967 2834 3317 2906 semetipsum
3342 2838 3568 2894 tradidit

1977 2935 2076 2991 pro
2102 2922 2341 2992 peccatis
2368 2924 2570 2979 nostris
2612 2922 2741 2997 (Tit.
2770 2942 2835 2992 ιι,
2881 2925 2994 3000 14),
3023 2936 3084 2983 ut
3130 2945 3230 2985 nos
3274 2931 3566 2990 redimeret

1979 3013 2031 3066 in
2073 3013 2334 3085 sanguine
2363 3026 2486 3079 suo,
2532 3021 2589 3069 et
2632 3016 2942 3087 acquireret
2986 3016 3097 3074 Deo
3124 3019 3380 3093 populum
3411 3038 3565 3080 nece

1976 3103 2256 3174 ptabilem.

290 3173 544 3183 """""""
573 3173 638 3183 ""
678 3173 823 3185 "'w'
857 3173 1200 3186 """"""""“'
1234 3173 1495 3197 """‘“‘"
1521 3173 1582 3187 “““’
1606 3173 1695 3189 ⁸⁴¹¹ν
1723 3173 1789 3188 ⁸³⁸³
1816 3173 1874 3188 ⁸³-
1985 3173 1990 3174 ⁷
2339 3196 2352 3209 .
3046 3203 3059 3217 .
3125 3204 3138 3217 .
3201 3204 3213 3217 ,
3439 3206 3452 3219 ,
3494 3206 3507 3220 ,

288 3231 419 3272 vare
472 3173 765 3288 dignemini
795 3218 851 3272 in
887 3218 1249 3274 sanctissimis
1274 3227 1473 3275 vestrm
1498 3173 1870 3277 unanimita’tis
1902 3173 1948 3242 α
2201 3196 2633 3265 ⁰⁰¹¹⁸¹άθ¹⁸³ηιθδι
2661 3197 2865 3256 fratres
2910 3201 3240 3272 charlss'm':
3270 3204 3567 3278 τοοουιειιε

284 3304 646 3371 orationibus,
666 3307 795 3376 quia
817 3308 930 3364 scio
947 3314 1188 3364 vestram
1211 3308 1544 3380 religiosam,
1570 3309 1683 3366 Deo
1708 3311 1872 3367 devo-

286 3404 396 3451 tam
453 3397 799 3453 sanctitatem
846 3397 1075 3455 multum
1128 3398 1309 3455 valere
1334 3400 1390 3455 in
1436 3401 1691 3471 precibus
1729 3402 1871 3473 apud

284 3487 506 3556 superni
545 3487 756 3559 regis...
788 3488 1002 3546 dicente
1045 3490 1165 3562 ipsa
1192 3490 1436 3547 Vcritate
1467 3508 1480 3545 :
1514 3490 1871 3564 Quodcunque

284 3577 539 3646 petieritis
564 3578 832 3635 credentes
862 3582 1126 3653 accipietis
1174 3580 1391 3654 (Matth.
1424 3599 1540 3650 xxx,
1565 3583 1691 3656 2'2);
1738 3582 1871 3641 Cre-

286 3664 476 3720 dentes
497 3666 655 3733 dixit,
681 3668 809 3739 quia
831 3670 1149 3742 impossibile
1175 3681 1251 3726 est
1269 3672 1383 3728 sine
1400 3673 1507 3744 ﬁde
1527 3672 1732 3745 placere
1759 3674 1869 3730 Deo

288 3751 475 3824 (Hebr.
498 3769 579 3821 xi,
599 3755 675 3828 6).
705 3758 886 3825 Quare
907 3760 1171 3817 catholica
1199 3761 1481 3832 integritas
1512 3765 1711 3820 vestris
1755 3779 1872 3819 ma-

288 3854 412 3902 neat
438 3848 497 3902 in
516 3848 790 3917 cordibus,
817 3858 1087 3921 quatenus
1108 3852 1368 3924 quidquid
1387 3853 1655 3924 petieritis
1684 3855 1740 3909 in
1768 3868 1869 3910 no—

286 3937 429 3993 mine
452 3935 610 4006 Jesu,
639 3940 887 4012 accipere
909 3944 1250 4010 mereamini,
1290 3958 1389 4001 seu
1431 3959 1532 4016 pro
1578 3945 1871 4008 stabilitate

287 4027 405 4082 vitae
432 4037 632 4085 vestra:
676 4039 733 4086 et
759 4035 1163 4102 perseverantia
1209 4035 1337 4091 boni
1386 4036 1569 4106 operis
1597 4050 1771 4107 usque
1816 4037 1868 4092 in

287 4119 477 4185 ﬁnem;
512 4121 627 4176 sive
653 4137 753 4192 pro
773 4125 963 4179 amicis
992 4126 1212 4191 vestris,
1241 4125 1333 4196 qui
1356 4124 1517 4181 fidem
1537 4126 1775 4182 habeant
1802 4127 1870 4182 de

286 4216 469 4265 vestra
495 4209 734 4287 bonitate
758 4220 816 4268 et
837 4212 1119 4269 charitate.
1169 4213 1413 4270 Charitas
1465 4216 1605 4270 enim
1642 4217 1872 4287 cooperit

287 4297 676 4353 multitudinem
724 4310 1056 4371 peccatorum
1102 4302 1155 4373 (Ι
1189 4302 1335 4358 Petr.
1383 4319 1459 4371 Iv,
1487 4304 1576 4375 8);
1604 4314 1654 4360 et
1677 4306 1768 4376 qui
1813 4306 1870 4359 in

286 4390 542 4444 charitate
559 4400 757 4459 manet,
791 4394 848 4448 in
873 4392 982 4448 Deo
1005 4404 1203 4463 manet,
1223 4396 1348 4466 quia
1368 4396 1508 4452 Deus
1533 4398 1763 4454 charitas
1792 4409 1869 4455 est

288 4479 339 4550 (l
358 4480 524 4537 Joan.
554 4498 631 4549 1v,
662 4483 774 4557 16).

353 4571 412 4627 lu
449 4571 612 4642 hujus
635 4589 766 4631 vero
795 4577 1077 4633 charitatis
1106 4580 1396 4637 sanctitate
1418 4581 1520 4638 hos
1550 4582 1746 4639 fratres
1769 4599 1868 4641 ve-

285 4668 450 4727 stros,
491 4663 655 4718 etiam
696 4672 936 4732 nostros,
966 4667 1035 4723 ad
1076 4676 1313 4724 vestram
1337 4670 1591 4741 pietatem
1637 4673 1870 4744 dirigere

285 4750 493 4816 curavi,
522 4751 615 4822 qui
639 4754 901 4810 orationis
937 4757 1111 4827 gratia
1139 4758 1313 4813 sancti
1359 4758 1571 4815 Martini
1614 4761 1868 4832 reliquias

287 4838 511 4896 visitare
534 4841 850 4911 voluerunt;
879 4845 977 4900 sed
1015 4854 1073 4901 et
1108 4846 1241 4901 mihi
1274 4848 1640 4903 secretissime
1667 4849 1867 4919 aliquid

287 4929 353 4984 de
373 4944 473 4986 sua
498 4933 862 4990 inobedientia
884 4936 969 4991 vel
994 4937 1319 5009 negligentia
1340 4938 1616 5006 dixerunt,
1641 4956 1871 5011 precan-

287 5026 368 5076 tes
393 5037 493 5078 nos
521 5037 647 5080 cum
667 5027 843 5082 sancti
865 5027 1078 5084 Martini
1106 5030 1305 5101 pietate
1333 5030 1720 5089 intercessores
1744 5049 1869 5091 esse

356 5165 382 5230 ξ
413 5152 584 5230 Apud
597 5156 831 5213 Froben.
858 5161 1014 5230 epist.
1045 5160 1170 5216 217.
1827 5217 1833 5224 .

354 5223 383 5264 δ
542 5223 1175 5305 Teotgarium'abbatem.
1214 5231 1412 5305 Cujus
1437 5231 1668 5305 coenobii
1692 5223 1869 5305 abbas

285 5290 451 5372 fuerit
477 5290 799 5372 Teotgafrius
822 5314 888 5355 ex
915 5300 1016 5356 hac
1036 5303 1263 5372 epistola
1293 5290 1537 5372 equidem
1565 5303 1708 5358 haud
1736 5290 1869 5360 satis

283 5361 492 5444 liquet;
524 5361 781 5444 quoniam
796 5383 933 5444 gero
957 5361 1159 5425 mentio
1189 5373 1275 5428 hic
1306 5361 1366 5426 fit
1387 5373 1453 5444 de
1479 5370 1736 5444 fratribus
1776 5375 1869 5444 qui

283 5379 492 5486 nquet;
524 5380 781 5435 quoniam
803 5383 933 5424 vero
957 5379 1159 5425 mentio
1189 5379 1275 5428 hic
1306 5379 1366 5426 fit
1387 5379 1453 5427 de
1479 5379 1736 5427 fratribus
1776 5379 1869 5444 qui

282 5446 333 5514 at
379 5437 775 5514 monasterium
795 5438 1113 5514 Turonense
1134 5442 1718 5514 veneruntdevotionis
1745 5459 1870 5514 gra-

283 5507 382 5566 tia,
411 5510 468 5558 et
502 5512 564 5558 ut
588 5519 648 5561 se
689 5511 1127 5565 commendarent
1154 5512 1325 5566 sancti
1368 5510 1581 5567 Martini
1610 5507 1871 5568 interces-

284 5572 553 5649 sionibus,
581 5576 710 5649 hinc
752 5579 1021 5649 conjicere
1042 5595 1272 5649 pronum
1315 5588 1422 5645 est,
1449 5588 1504 5636 et
1532 5581 1725 5637 fratres
1751 5583 1867 5636 illos

286 5640 457 5719 fuisse
494 5648 797 5719 monachos
845 5640 1177 5714 Lirinenses,
1231 5640 1451 5719 quosi}:
1497 5651 1723 5719 cpistola
1765 5654 1871 5707 2l2

286 5666 457 5697 uusse
501 5666 797 5703 nlonacnos
845 5666 1177 5714 Ln'lnenses,
1231 5666 1367 5702 tuos
1399 5666 1451 5702 ιιι
1497 5666 1723 5719 cpistola
1765 5666 1871 5707 212

285 5709 457 5788 ριιιιιο
490 5714 612 5788 Ilio)
636 5715 792 5788 diuit,
841 5726 963 5772 ante
992 5735 1192 5788 paucos
1233 5666 1346 5771 dies
1371 5717 1494 5771 illuc
1522 5721 1758 5783 venisse;
1817 5731 1872 5777 et

288 5780 643 5855 Tcotgariuiu
684 5780 849 5844 fuisse
878 5780 1238 5845 Lirinensium
1286 5788 1553 5842 abbatum.
1606 5780 1870 5845 Caeterum

1972 3285 2212 3342 oviculas
2262 3296 2514 3346 errantes
2569 3305 2692 3346 cum
2748 3293 2949 3363 gaudio
2971 3334 2988 3361 ,
3046 3297 3397 3354 recordantes
3450 3300 3566 3371 ejus

1971 3378 2247 3448 pietatem,
2277 3380 2371 3450 qui
2396 3382 2689 3454 nonaginta
2716 3398 2910 3440 novem
2931 3400 3062 3443 oves
3091 3387 3300 3444 dimisit
3325 3390 3380 3445 in
3406 3406 3564 3446 mon-

1974 3469 2139 3535 tibus,
2184 3477 2246 3525 ut
2271 3486 2439 3527 unam
2465 3481 2745 3530 errantem
2772 3474 3066 3544 inveniret;
3092 3486 3148 3534 et
3182 3479 3424 3534 humeris
3449 3478 3565 3535 suis

1972 3561 2358 3632 imposuisset,
2396 3572 2807 3635 reportaretque
2842 3567 2913 3621 ad
2955 3568 3173 3624 domum
3203 3569 3387 3640 gloriae
3422 3585 3560 3639 sine,

1969 3660 2031 3708 ut
2057 3654 2231 3725 angeli
2267 3656 2666 3726 congauderent
2691 3655 2758 3711 de
2790 3672 2892 3713 ove
2918 3658 3136 3715 inventa
3164 3659 3377 3732 (Matth.
3404 3677 3561 3729 xvut,

1973 3742 2070 3810 12;
2125 3742 2255 3798 Luc.
2302 3759 2407 3810 xv,
2456 3743 2535 3816 4).
2598 3744 2723 3802 Haec
2774 3748 2953 3804 omnia
3005 3749 3059 3805 in
3112 3760 3295 3809 mente
3348 3754 3561 3810 haben-

1973 3840 2054 3887 tes
2077 3832 2361 3902 ignoscite,
2388 3841 2451 3888 ut
2490 3834 2733 3905 ignoscat
2755 3836 2908 3893 vobis
2937 3838 3109 3907 Deus;
3161 3842 3289 3913 quia
3316 3844 3433 3900 hmo
3479 3854 3562 3901 est

1970 3925 2058 3980 via
2077 3932 2134 3980 et
2158 3925 2397 3983 cmlestis
2422 3930 2576 4000 regni
2618 3928 2864 3999 cuhnen;
2917 3941 3011 3988 aut
3037 3949 3145 3991 non
3174 3952 3435 4007 peccare,
3468 3947 3562 3993 aut

1970 4016 2315 4086 peccantibus
2363 4018 2660 4089 ignoscere.
2716 4019 3027 4091 Considera,
3077 4025 3209 4080 dicit
3234 4026 3549 4097 Apostolus,

1970 4108 2211 4178 teipsum,
2242 4125 2306 4164 ne
2325 4119 2373 4165 et
2402 4120 2459 4164 tu
2479 4112 2688 4168 tenteris
2703 4130 2722 4180 ;
2749 4113 2883 4170 alter
2910 4114 3130 4173 alterius
3158 4134 3320 4173 onera
3338 4119 3558 4174 invicem

1969 4210 2194 4270 portate,
2231 4212 2280 4257 et
2317 4203 2391 4259 sic
2416 4203 2693 4276 implebitis
2719 4206 2881 4279 legem
2903 4206 3097 4264 Christi
3120 4208 3265 4283 (Gal.
3300 4226 3377 4277 vr,
3402 4210 3554 4284 ιβ).

1971 4288 2162 4347 Divina
2209 4307 2306 4348 vos
2334 4294 2507 4364 gratia
2537 4294 2593 4350 in
2620 4296 2883 4353 charitate
2929 4298 3248 4354 obedientize
3297 4307 3353 4355 et
3380 4299 3559 4356 humi—

1970 4377 2122 4437 litate
2150 4396 2366 4452 semper
2403 4396 2729 4440 conservare
2756 4385 3037 4456 dignetur,
3084 4387 3296 4444 Domini
3341 4389 3556 4457 Patres,

1971 4466 2167 4524 fratres
2191 4477 2247 4526 et
2270 4468 2385 4524 lilii.

2217 4558 2571 4630 281-283
2604 4570 2627 4599 ο
2657 4558 2991 4619 EPISTOLA
3019 4562 3296 4623 CCXXIV.

2557 4644 2624 4685 AD
2652 4646 2966 4689 FRIDUINUI.

1970 4714 2282 4771 Gratulatur
2301 4717 2541 4783 adeptam
2567 4735 2748 4774 curam
2769 4724 3206 4778 monasteriorum
3233 4724 3339 4782 SS.
3376 4727 3551 4783 Bene-

2039 4717 2282 4771 'atulatur
2301 4734 2332 4771 a
2435 4727 2541 4771 tam
2567 4735 2748 4774 curam
2769 4724 3206 4778 monasteriorum
3233 4724 3339 4782 SS.
3376 4727 3549 4783 Bene-

2039 4785 2165 4840 dicti
2189 4796 2239 4865 ες
2265 4717 2518 4865 0εὲῗῖνὶέὶ
2545 4788 2787 4845 hortatur
2814 4800 2869 4847 ut
2894 4794 3073 4865 prwsit
3102 4797 3247 4865 gregi
3280 4813 3376 4852 suo
3415 4798 3549 4853 bono

2038 4855 2289 4927 exemplo.
2321 4855 2571 4913 Precibus
2586 4873 2640 4912 se
2668 4855 3018 4916 commendat.

2042 4946 2395 5005 Sanctissimo
2423 4947 2569 5004 Patri
2595 4947 2621 4989 ἀ
2651 4948 2934 5019 Friduino,
2964 4952 3091 5008 olim
3119 4962 3279 5011 notus
3324 4965 3381 5013 et
3401 4972 3550 5017 sem-

1968 5052 2067 5106 per
2084 5038 2289 5093 amicus
2308 5037 2566 5094 Alcuinus
2585 5039 2834 5097 salutem.

1970 5169 2240 5252 Τερμεεῷ
2257 5170 2554 5252 cujusdam
2566 5172 3349 5252 abbatigmemoriamquoque
3367 5191 3547 5252 exstat
3564 5214 3569 5217 -

1970 5240 2024 5312 ιιι
2053 5236 2174 5312 Vita
2199 5236 2257 5293 s.
2283 5236 2467 5310 Eigilis
2506 5241 2717 5298 abbatis
2759 5243 3063 5312 Fuldensis,
3098 5236 3220 5303 Act.
3258 5236 3357 5305 Ss.
3384 5236 3387 5237 ⁷
3411 5236 3539 5307 ora;

1971 5307 2755 5395 §.ngiempaart:.t,
2803 5307 3085 5395 pag._2_55,
3135 5318 3228 5395 qui
3257 5334 3398 5395 anno
3438 5322 3543 5378 819

1969 5376 2863 5473 dedicationibec‘eles‘iteidjgl‘dens'ils
2874 5376 2959 5457 'et
2984 5376 3323 5473 translationi

1970 5446 2046 5527 ris
2072 5444 2129 5499 S.
2158 5444 2427 5530 bonifacii
2448 5445 2722 5530 interfuit;
2749 5451 2846 5530 sed
2870 5447 2970 5507 nec
2995 5454 3194 5530 ibidem
3217 5457 3360 5530 aliud
3380 5444 3539 5530 quid-

1968 5516 2113 5587 piam
2157 5516 2231 5587 d_e_
2278 5514 2369 5571 illo
2412 5515 2688 5587 habetur,
2711 5527 2907 5587 praeter
2954 5523 3127 5578 solum
3172 5514 3538 5587 nomen.'Vid.

1970 5585 2474 5683 etiamml‘ibbtrx‘i‘n
2519 5585 2914 5683 fgnaléolll‘enq
2940 5606 3058 5674 pag.
3093 5593 3220 5663 454,
3245 5613 3297 5652 ιι.
3328 5598 3413 5655 13.

2044 5665 2064 5693 ε
2093 5654 2244 5740 Apud
2266 5653 2497 5740 Froben
2518 5655 2676 5725 epist.
2704 5655 2829 5711 220.
3009 5653 3053 5674 ”“
3206 5653 3219 5663 ’
3369 5653 3381 5655 ἡ
3406 5653 3409 5654 ν

2040 5724 2065 5764 ἀ
2097 5722 2375 5778 I‘rtdumo.
2417 5725 2731 5781 (:ratulatur
2773 5727 3035 5784 Alcutnus
3069 5733 3331 5790 huicvsuo
3366 5736 3531 5789 veteri

1973 5794 2145 5851 amico
2175 5794 2242 5850 de
2270 5793 2457 5865 adepta
2488 5804 2707 5865 paterna
2736 5813 2867 5856 cura
2893 5800 3046 5858 ovilis
3091 5803 3318 5868 Christi,
3343 5816 3549 5859 mons.»
