4012 6188
442 383 548 440 499

1284 375 1343 428 Β.
1386 374 1447 428 F.
1488 371 1713 428 ALBlNl
1754 371 1884 428 SEU
1920 371 2196 428 ALCUINI
2246 369 2531 428 OPERUM
2568 369 2744 424 PARS
2782 371 2821 426 Ι.

3601 370 3716 430 5ου

511 497 747 551 Audiens
773 498 1053 561 paternam
1073 500 1260 540 curam
1282 485 1437 539 ovilis
1466 483 1670 540 Christi
1696 483 1848 538 vobis
1879 481 2024 574 dele-
2049 487 2097 545 Α
2126 505 2178 559 in
2205 519 2313 574 quo
2336 505 2496 558 modo
2521 503 2633 558 Deo
2651 503 2914 568 dem-vis,
2943 506 3196 559 vivebam
3218 505 3272 559 in
3302 508 3717 564 εοηνεηειεοηθ

441 600 642 661 gatam,
674 581 899 643 multum
927 595 1015 634 me
1041 577 1284 648 gavisum
1309 591 1432 632 esse
1452 574 1651 641 fateor,
1668 575 1754 630 vel
1782 575 1847 631 de
1871 573 2020 628 exal-

442 679 645 735 tatione
691 679 854 728 tante
899 667 1202 740 dignitatis,
1241 665 1327 721 vel
1371 666 1438 720 de
1475 666 1853 720 commoditate
1896 663 2022 718 boni

440 765 644 836 operis,
672 761 799 832 quia
825 758 1020 823 habes,
1047 757 1190 812 unde
1213 763 1264 811 te
1293 755 1499 810 sanctis
1525 753 1777 809 Patribus
1807 754 2025 809 nomine

441 865 496 910 et
516 853 724 909 meritis
743 864 1024 920 co:equare
1051 847 1252 903 valeas.
1282 846 1431 912 Ideo,
1458 845 1800 900 sanctissime
1838 845 2021 908 Pater,

441 945 748 1020 diligentius
798 942 1101 1015 regularem
1147 940 1313 995 vitam
1338 939 1394 993 in
1426 938 1544 993 loco
1569 938 1770 1007 optimo
1813 937 2025 1008 erigere

442 1039 697 1102 studeas;
730 1049 830 1090 nec
856 1048 997 1090 nova
1028 1040 1079 1087 te
1125 1030 1324 1086 cudere
1349 1029 1660 1092 suademus,
1700 1027 1795 1082 sed
1838 1036 2024 1082 vetera

441 1124 763 1182 omnimodis
809 1135 1070 1178 renovare
1094 1160 1110 1185 ,
1163 1120 1293 1188 quia
1337 1118 1591 1172 fundator
1637 1125 1693 1171 et
1738 1125 2026 1171 renovatur

443 1213 684 1282 eiusdem
708 1211 972 1267 mercedis
1001 1226 1122 1267 esse
1142 1218 1372 1279 possunt
1396 1209 1538 1277 apud
1567 1207 1757 1260 Deum.
1789 1204 1906 1258 Non
1927 1205 2025 1259 tibi

443 1319 544 1374 per
573 1305 762 1358 inanes
791 1301 1127 1356 adulationes
1156 1313 1351 1353 nomen
1373 1312 1609 1367 quteras,
1637 1297 1734 1352 sed
1773 1296 1904 1359 Deo,
1929 1310 2027 1365 per

445 1404 664 1451 sanctas
690 1391 1106 1454 admonitiones,
1137 1389 1370 1444 laudem.
1411 1388 1683 1458 Exemplis
1714 1394 2026 1442 sanctorum

445 1487 668 1542 Patrum
711 1484 986 1540 Benedicti
1016 1491 1071 1538 et
1095 1481 1348 1538 Ceolfridi
1379 1482 1552 1547 vivas,
1597 1487 1862 1548 quatenus
1911 1478 2028 1531 illo-

445 1594 571 1636 rum
595 1577 788 1632 merita
817 1589 1077 1645 sequens,
1130 1573 1346 1629 illorum
1385 1572 1636 1627 mercede
1661 1571 1852 1641 dignus
1879 1570 2029 1622 inve-

447 1667 639 1722 iii-aris.

512 1754 629 1809 Non
648 1756 929 1825 permittas
957 1754 1224 1809 ullatenus
1252 1753 1519 1807 vanitates
1553 1751 2025 1816 vestimentorum,

2124 603 2345 660 saneta;
2373 602 2431 649 et
2451 610 2616 665 quam
2644 595 2752 649 cito
2781 595 2922 664 rapti
2944 602 3071 648 sunt
3090 595 3158 650 de
3188 596 3292 650 hac
3313 597 3448 662 vita,
3479 597 3572 667 qui
3595 600 3716 668 pri-

2123 700 2336 740 morum
2373 693 2658 755 parentum
2711 685 3101 755 aliquantulum
3128 687 3449 742 scindebant
3487 696 3710 745 statuta.

2124 777 2434 832 Recordare
2477 791 2640 845 quam
2669 774 2855 830 felices
2901 783 3029 829 sunt
3070 775 3169 840 illi,
3220 777 3314 847 qui
3371 779 3512 848 apud
3540 779 3716 834 Deum

2123 867 2358 938 gaudent
2383 867 2436 921 in
2473 867 2627 921 caelis
2663 884 2675 920 :
2723 868 2826 921 hoc
2853 881 2960 920 non
2990 866 3203 922 luxuria
3231 869 3377 935 vitae,
3411 884 3516 924 non
3547 872 3720 928 vesti-

2123 966 2428 1012 mentorum
2449 958 2686 1022 vanitas,
2719 973 2825 1012 non
2846 957 3030 1012 saeculi
3055 972 3252 1028 pompa
3277 961 3597 1029 promeruit,
3619 961 3716 1017 sed

2125 1049 2274 1104 zelus
2318 1049 2554 1114 Domini,
2583 1057 2638 1104 et
2665 1048 2932 1118 regularis
2971 1048 3095 1102 vitae
3123 1049 3392 1115 custodia,
3437 1059 3491 1104 et
3541 1053 3721 1122 major

2126 1141 2318 1194 animae
2368 1154 2500 1193 cura
2543 1154 2706 1209 quam
2759 1140 3030 1209 corporis,
3059 1147 3115 1194 et
3162 1138 3388 1196 fraterni
3437 1143 3718 1212 profectus

2125 1227 2427 1284 sollicitudo
2457 1230 2510 1284 in
2537 1231 2824 1286 charitate.
2859 1229 2970 1284 Fac
2989 1232 3130 1299 quod
3154 1230 3274 1303 [Ρη
3314 1231 3396 1304 ιιι]
3425 1233 3520 1287 tibi
3549 1233 3720 1304 proﬁ-

2126 1321 2235 1375 ciat
2248 1323 2423 1376 honor
2435 1323 2719 1391 praesentis
2741 1323 2890 1377 horae
2903 1322 2970 1377 ad
2984 1321 3154 1377 futuri
3172 1324 3432 1394 temporis
3455 1324 3714 1396 gloriam;

2127 1414 2362 1482 meique,
2393 1414 2642 1479 obsecro,
2673 1430 2799 1469 cum
2847 1413 3109 1488 fratribus
3154 1429 3372 1486 semper
3398 1418 3722 1473 memoriam

2128 1503 2356 1569 habeas,
2379 1503 2494 1558 sive
2515 1504 2568 1558 in
2597 1504 2818 1574 speciali
2844 1505 3092 1560 oratione
3121 1505 3429 1560 sanctitatis
3447 1515 3574 1572 tute,
3604 1508 3723 1562 sive

2127 1593 2181 1647 in
2205 1592 2440 1664 generali
2464 1591 2714 1649 fraternze
2733 1595 3138 1650 intercessionis
3159 1596 3561 1661 communione,
3586 1613 3723 1666 qua-

2128 1697 2285 1743 tenus
2314 1689 2458 1743 Deus
2481 1689 2680 1759 dirigat
2717 1705 2935 1743 cursum
2987 1690 3112 1742 vita:
3154 1703 3288 1743 mete
3336 1689 3407 1742 ad
3453 1689 3721 1756 salutem;

2130 1795 2236 1834 non
2269 1778 2444 1834 solum
2472 1780 2578 1834 mei
2607 1778 2797 1843 solius,
2827 1779 2944 1844 sed,
2972 1778 3190 1836 Christo
3217 1779 3326 1834 Deo
3346 1780 3602 1846 donante,
3635 1797 3724 1836 sa-

447 1852 503 1898 et
548 1843 885 1897 luxuriantes
939 1843 1251 1906 ebrietates,
1303 1849 1359 1896 et
1382 1841 1696 1895 libidinosas
1725 1840 2028 1910 voluptates
2057 1833 2103 1894 Β
2131 1833 2298 1928 iugem
2694 1833 2824 1926 νγίςε
2867 1833 3222 1926 έεὶόίδίνίηδ
3267 1833 3724 1925 οίοῶθηιίθίῌιῷ

447 1933 500 1986 in
528 1940 602 1997 te,
628 1932 715 1986 vel
740 1932 794 1985 in
822 1931 929 1986 tuis
958 1931 1237 1985 dominare
1265 1929 1525 1984 fratribus
1544 1971 1558 1994 ,
1590 1930 1686 1986 sed
1716 1931 1898 1984 omnia
1936 1945 2030 1984 ve-

446 2028 561 2074 stra
585 2019 819 2091 regulari
849 2020 1214 2074 moderamine
1244 2018 1376 2073 fiant
1421 2019 1474 2073 in
1510 2019 1656 2084 cibo,
1686 2027 1838 2089 potu,
1866 2020 2033 2074 vesti-

449 2122 631 2167 mento
657 2121 712 2167 et
735 2115 1006 2168 castitate.
1039 2112 1105 2166 Et
1132 2112 1275 2166 sicut
1301 2119 1357 2165 tu
1402 2112 1608 2182 primus
1635 2112 1689 2165 in
1740 2112 2031 2182 dignitate,

449 2203 523 2256 ita
567 2203 778 2272 primus
821 2212 940 2257 esto
988 2202 1041 2256 in
1089 2203 1255 2256 totius
1297 2201 1554 2257 bonitatis
1602 2203 2032 2258 conversatione.

450 2293 590 2360 Quid
611 2294 717 2348 erit
734 2293 800 2348 de
827 2308 1012 2364 grege,
1039 2294 1086 2347 si
1113 2301 1302 2364 pastor
1339 2293 1589 2348 oberrat?
1617 2292 1836 2350 Sanitas
1858 2295 2036 2367 gregis

449 2393 505 2439 et
531 2384 926 2455 multiplicatio,
975 2384 1144 2455 gloria
1167 2393 1224 2440 et
1248 2400 1458 2440 merces
1502 2393 1591 2440 est
1631 2387 1887 2456 pastoris.
1919 2386 2038 2441 Non

451 2484 505 2529 te
541 2475 780 2530 carnalia
818 2476 1110 2546 decipiant,
1141 2477 1236 2531 sed
1281 2477 1544 2546 spiritalia
1589 2477 1847 2532 exaltent.
1905 2479 2038 2533 Esto

451 2565 674 2620 lucerna
700 2567 756 2620 in
785 2567 945 2621 domo
973 2566 1092 2633 Dei,
1121 2576 1178 2622 et
1201 2569 1256 2623 in
1289 2569 1437 2623 omni
1463 2569 1582 2624 loco
1608 2568 1782 2624 forma
1823 2571 2036 2626 salutis.

452 2654 640 2726 Angeli
670 2671 799 2711 vero
837 2656 1121 2711 visitantes
1147 2655 1322 2712 olIicia
1350 2658 1722 2714 ecclesiastica
1769 2668 1826 2714 et
1870 2675 2038 2731 opera

451 2743 710 2800 fraterna:
750 2746 1146 2812 unanimitatis,
1199 2754 1251 2801 te
1291 2761 1422 2802 vero
1448 2750 1504 2802 in
1551 2749 1742 2818 primis
1782 2757 2040 2817 stantem,

453 2832 620 2906 284
638 2835 692 2888 in
720 2835 910 2904 primis
935 2844 1253 2906 operantem
1273 2876 1288 2903 ,
1320 2838 1374 2891 in
1400 2839 1591 2906 primis
1618 2840 2040 2895 intercedentem

454 2940 555 2994 pro
588 2924 783 2994 populo
814 2925 1124 2981 Christiano
1166 2927 1490 2982 omnimodis
1516 2929 1809 2983 inveniant.
1840 2928 1958 2984 Non
1990 2939 2042 2986 te

455 3015 712 3085 specialia
757 3016 876 3069 auri
929 3017 1014 3070 vel
1062 3019 1273 3088 argenti
1316 3019 1556 3088 pondera
1603 3020 1898 3091 decipiant,
1947 3023 2042 3078 sed

456 3104 725 3175 generalis
779 3113 835 3158 et
861 3114 1050 3161 sancta
1095 3110 1436 3164 conversatio
1466 3109 1576 3165 Deo
1605 3112 1892 3168 amabilem
1929 3113 2044 3169 elli-

454 3197 619 3250 eiant.
647 3195 728 3250 Sit
749 3198 1033 3254 thesaurus
1055 3207 1176 3254 tuus
1197 3201 1441 3256 Ecclesia
1455 3211 1510 3256 et
1529 3213 1850 3260 ornamenta
1876 3206 2040 3273 illius,
2067 3177 2117 3240 α

460 3302 566 3341 non
597 3303 724 3342 arca
771 3290 1082 3362 singularis.
1124 3291 1206 3347 Ne
1232 3293 1449 3348 damnet
1478 3303 1530 3348 te
1573 3303 1661 3350 tua
1707 3299 2042 3352 conscientia

457 3376 769 3445 habentem,
799 3381 942 3450 quod
969 3381 1167 3436 habere
1197 3397 1302 3436 non
1327 3383 1548 3449 debeas,
1575 3400 1643 3439 ne
1664 3385 1874 3440 dicatur
1903 3387 1996 3442 tibi
2026 3407 2038 3442 :

461 3464 685 3534 Hediae,
711 3484 839 3522 cura
871 3470 1196 3540 temetipsum
1218 3469 1369 3540 (Luc.
1402 3486 1478 3536 ιν,
1515 3472 1630 3542 23).
1654 3473 1750 3528 Vel
1775 3476 2043 3542 quomodo

459 3554 595 3611 alios
619 3555 840 3623 doceas,
864 3572 983 3628 quae
1009 3565 1065 3611 tu
1096 3559 1210 3628 ipse
1230 3573 1338 3613 non
1363 3557 1535 3614 facis?
1559 3561 1729 3616 Error
1750 3563 1872 3618 vitae
1897 3563 2046 3619 clau-

458 3647 541 3703 dit
563 3662 626 3703 os
650 3649 913 3721 magistri.
962 3648 1150 3704 Melius
1179 3658 1265 3706 est
1306 3659 1360 3705 te
1388 3652 1556 3707 Deum
1585 3653 1784 3710 habere
1812 3656 1865 3710 in
1911 3672 2042 3712 area

459 3739 668 3806 cordis,
690 3758 852 3811 quam
904 3757 1097 3797 aurum
1143 3743 1198 3796 in
1226 3759 1355 3798 area
1404 3745 1616 3800 cubilis.
1653 3745 1911 3802 Confusio
1961 3757 2046 3803 est

459 3831 585 3885 vitae
635 3838 740 3885 tua:
781 3831 979 3901 digitos
1031 3847 1164 3886 auro
1204 3827 1440 3900 radiare,
1464 3835 1661 3890 collum
1689 3837 1870 3892 sirieis
1913 3836 2043 3909 [ἔθη

458 3918 674 3992 sericis]
695 3935 891 3975 ornare
917 3921 1282 3988 vestimentis;
1311 3931 1469 3978 ornet
1490 3933 1678 3994 pectus
1706 3934 1856 3981 tuum
1881 3939 1906 3967 ⁸
1927 3943 2046 3982 ora-

459 4012 608 4066 rium
631 4011 955 4078 sanctitatis,
1001 4027 1106 4067 non
1149 4013 1326 4068 inanis
1351 4016 1797 4072 vestimentorum
1843 4018 2040 4074 cultus.

461 4103 648 4158 Melius
684 4111 770 4158 est
803 4104 1038 4159 animam
1059 4106 1346 4160 virtutibus
1371 4107 1642 4174 decorari,
1662 4124 1827 4179 quam
1848 4125 2044 4181 corpus

461 4192 714 4247 coloratis
732 4193 972 4247 vestibus
992 4194 1195 4248 ornari.

532 4282 722 4354 Cogita
750 4297 913 4352 quam
938 4283 1095 4352 pauci
1126 4283 1222 4338 tibi
1272 4287 1548 4354 supersint
1596 4288 1733 4355 dies,
1766 4291 1851 4346 vel
1877 4309 2042 4363 quam

457 4373 697 4444 longaeva
723 4373 1083 4443 prosperitate
1131 4376 1294 4446 primi
1341 4376 1656 4436 fundatores
1703 4388 2042 4454 monasterii,

457 4489 750 4565 steriornln
780 4488 985 4565 scilicet
1004 4489 1316 4565 Cirovensis
1344 4501 1400 4565 et
1427 4494 1871 4565 Wirmuthensis,
1914 4517 2039 4555 san-

457 4566 668 4638 ctorum
690 4557 966 4638 Benedicti
992 4568 1048 4614 et
1066 4559 1340 4638 Ceolfridi.
1366 4562 1595 4638 Scripsit
1618 4584 1832 4638 quoque
1857 4557 2033 4625 Meui-

458 4627 748 4712 nusaliam
767 4629 1048 4712 epistolam
1088 4632 1178 4712 adt
1202 4627 1533 4712 Eadbalduin
1584 4627 1833 4712 abbatem
1868 4639 2042 4712 Cyro-

459 4699 889 4778 vensem,‘cnjnns
919 4698 1274 4778 fragmentum
1299 4703 1353 4757 in
1379 4707 1520 4778 notis
1545 4708 1612 4778 ad
1645 4698 1932 4778 epistolam
1972 4711 2038 4766 15

460 4765 737 4850 (ηιιηε
757 4765 1083 4850 criminere
1126 4771 1388 4828 dedimus.
1417 4775 1646 4830 Credam
1671 4765 1800 4850 ergo
1825 4765 2038 4835 Fridui—

457 4852 585 4891 num
606 4835 862 4893 Eadbaldi
901 4837 1065 4893 fuisse
1092 4855 1480 4897 successorem.

529 4919 559 4947 ι
585 4905 851 4961 Orarium.
897 4907 955 4961 ld
983 4917 1086 4972 est,
1123 4911 1279 4964 stola.
1318 4929 1336 4961 ‹
1374 4914 1580 4968 Dicitur
1623 4932 1752 4972 vero
1795 4919 2035 4974 orarium

455 4989 526 5032 eo
549 4977 692 5051 quod
718 4977 1048 5051 oratoribus,
1095 4980 1146 5033 id
1175 4988 1269 5051 est
1286 4983 1748 5051 praedicatoribus,
1775 4991 2038 5043 conceda-

457 5046 876 5119 tur._Adm9net
903 5046 1072 5119 illum,
1116 5049 1205 5117 qni
1239 5046 1327 5103 illo
1361 5053 1622 5119 induitur,
1651 5062 1710 5109 ut
1735 5046 1942 5113 memor
1968 5061 2039 5115 sit

458 5115 706 5187 sub‘jugo
730 5117 954 5187 Christi,
983 5115 1269 5186 quod'leve
1295 5129 1350 5174 et
1369 5137 1532 5177 suave
1551 5115 1656 5187 est,
1685 5142 1741 5181 se
1764 5143 1883 5183 esse
1904 5146 2035 5184 eon-

457 5185 754 5271 stitutuinn
785 5185 1020 5271 (Auctor;
1038 5187 1159 5271 libri
1185 5188 1250 5270 tte
1270 5191 1461 5271 divinis
1490 5185 1704 5271 Qﬁiciis,
1741 5199 1882 5253 inter
1902 5217 2039 5271 opu-

458 5255 970 5334 sculansupposititia
993 5257 1227 5334 Aleuini,
1248 5276 1364 5330 cap.
1397 5262 1510 5334 59.)

528 5325 558 5366 δ
587 5325 912 5399 Beatissimis
940 5328 1184 5399 apostolis
1211 5325 1664 5390 inte—rcedenribns.
1698 5338 1918 5394 Scilicet
1935 5338 2038 5394 Pe-

457 5399 544 5448 tro
567 5403 624 5449 et
669 5395 858 5469 Paulo,
906 5395 1136 5469 quorum
1188 5401 1482 5457 honoribus
1509 5409 1833 5462 monasteria
1875 5408 2034 5464 Giro-

457 5475 624 5549 vense
648 5475 709 5549 et_
729 5467 1150 5549 Wirmutbense,
1195 5486 1314 5540 quae
1357 5472 1642 5549 Fridninus
1670 5477 1903 5549 regenda
1943 5493 2036 5549 su-

461 5533 923 5617 scepitndedica’ta
943 5547 1088 5605 sunt,
1114 5533 1275 5610 prout
1302 5546 1484 5598 notavi
1505 5545 1570 5600 ad
1596 5533 1762 5617 epist?
1775 5549 1796 5601 i
1808 5550 1840 5603 5
1856 5556 1912 5601 et
1929 5548 2033 5604 219

460 5598 628 5675 (nu—ne
650 5603 716 5655 Η
736 5607 937 5675 petiti).

533 5681 555 5746 ς
592 5671 753 5746 Apud
779 5671 1010 5746 Froben.
1043 5677 1199 5746 epist.
1223 5679 1348 5734 221.

526 5739 565 5828 id,
591 5739 964 5828 Epistula
992 5739 1198 5828 illustre
1213 5754 1723 5828 sanentestimoninm
1745 5766 1848 5828 est,
1864 5775 2034 5828 quan-

462 5813 572 5865 tum
602 5810 658 5866 in
677 5810 944 5868 Hibernia:
967 5819 1306 5873 monasteriis
1345 5820 1623 5878 ﬂoruerint
1651 5810 2033 5899 regulai'i‘sﬂob-

2135 1964 2385 2018 omnibus
2413 1961 2699 2029 fratribus,
2738 1962 2766 2001 ιι
2796 1961 3127 2016 beatissimis
3180 1961 3438 2030 apostolis
3486 1961 3726 2016 interce—

2134 2055 2405 2119 dentibus,
2435 2068 2650 2123 semper
2671 2053 2726 2108 in
2749 2053 2897 2108 omni
2923 2052 3064 2107 bono
3083 2051 3346 2128 proﬁcere
3372 2051 3562 2118 faciat,
3593 2061 3650 2107 et
3671 2053 3726 2107 in

2135 2145 2281 2200 omni
2304 2143 2594 2199 sanctitate
2641 2143 2888 2198 ultimum
2932 2151 3252 2213 exspectare
3297 2142 3465 2208 diem,
3491 2153 3549 2197 ut
3577 2144 3732 2215 digni

2136 2231 2442 2288 eﬂieiamini
2487 2241 2635 2288 stare
2686 2240 2813 2286 ante
2865 2231 3100 2287 tribunal
3153 2232 3390 2297 Christi,
3435 2240 3494 2286 et
3538 2233 3730 2289 audire

2136 2325 2350 2380 beatam
2400 2339 2587 2379 vocem
2615 2339 2630 2378 :
2669 2322 2867 2388 Venite,
2895 2323 3148 2378 benedicti
3178 2323 3355 2378 Patris
3397 2325 3521 2390 mei,
3549 2326 3724 2394 perci-

2137 2416 2242 2487 pite
2266 2431 2501 2486 regnum,
2531 2413 2670 2484 quod
2696 2413 2838 2468 vobis
2861 2424 3105 2484 paratum
3126 2424 3201 2468 est
3227 2413 3293 2467 ab
3313 2414 3517 2484 origine
3539 2414 3728 2468 mundi

2141 2505 2355 2577 (Matth.
2381 2521 2510 2570 xxv,
2528 2504 2640 2577 54).

2581 2627 2613 2668 ο
2643 2614 2978 2671 EPISTOLA
3003 2615 3235 2670 CCXXV

2141 2707 2260 2762 dan
2291 2723 2531 2763 FRA‘I'M-IS
2567 2722 2654 2770 om
2705 2723 2758 2761 tu
2811 2723 3061 2761 ntasnms
3117 2722 3304 2762 INSULA
3353 2723 3452 2762 pen
3504 2723 3729 2764 nivenss

2477 2793 2607 2833 LOCA
2648 2793 2748 2832 Ι)Εο
2779 2791 3071 2832 ΒΕΒΕΒῊΒΕ
3107 2794 3395 2833 γωεατυκ.

2147 2866 2223 2922 0b
2239 2867 2437 2935 famam
2458 2868 2666 2937 Optima:
2689 2867 3094 2937 conversationis
3124 2867 3192 2920 ad
3224 2883 3278 2921 se
3317 2867 3551 2922 delatam
3577 2869 3731 2924 laeta-

2215 2946 2302 3006 tur
2327 2954 2343 2990 :
2371 2935 2651 3006 quartana
2678 2937 2908 3006 ipsorum
2950 2935 3137 2990 Patres
3169 2937 3293 2990 olim
3316 2939 3371 2992 in
3407 2938 3724 3006 Britannia,

2216 3004 2393 3060 Gallia
2416 3014 2462 3058 et
2495 3004 2655 3076 Italia
2687 3005 2953 3076 gesserint,
2978 3006 3314 3076 depnrdicat.
3368 3005 3629 3062 Hortatur
3657 3009 3731 3063 ad

2215 3077 2373 3150 vitam
2396 3075 2724 3150 regularem;
2751 3075 2900 3128 docet
2925 3075 3268 3150 quite-debeat
3299 3094 3410 3130 esse
3431 3079 3556 3150 reita
3582 3080 3732 3150 prin-

2215 3147 2409 3226 ripam,
2442 3147 2840 3210 monachorum,
2867 3145 3178 3200 monia-lium
3211 3156 3262 3202 et
3295 3149 3529 3202 omnium
3581 3145 3733 3205 Chri-

2215 3225 2526 3269 sttanorum.

2213 3306 2567 3362 Nobilissimis
2595 3314 2794 3362 sancte
2815 3307 3070 3362 Ecclesia:
3099 3309 3246 3374 ﬁliis,
3263 3311 3354 3378 qui
3375 3326 3469 3380 per
3483 3308 3730 3366 latitudi—

2143 3412 2267 3452 nem
2315 3395 2686 3452 Hiberniensis
2716 3396 2903 3451 insulze
2934 3397 3044 3451 Deo
3071 3395 3293 3454 Christo
3320 3400 3572 3470 religiosa
3592 3413 3732 3456 con-

2142 3487 2450 3542 versatione
2477 3495 2533 3541 et
2551 3487 2829 3557 sapientiae
2848 3489 3042 3542 studiis
3071 3490 3280 3544 servire
3319 3491 3595 3556 videntur,
3624 3492 3730 3546 hu-

2143 3579 2284 3634 milis
2294 3579 2455 3634 levita
2467 3578 2724 3635 Alcuinus
2743 3587 3019 3650 perpetua:
3032 3582 3408 3652 prosperitatis
3421 3583 3476 3637 in
3499 3581 3736 3638 Domino

2143 3671 2390 3726 salutem.

2212 3763 2451 3818 Audiens
2485 3779 2582 3834 per
2608 3763 2831 3820 fratrem
2871 3767 3254 3831 venerabilem,
3297 3773 3494 3821 vestra:
3539 3765 3733 3822 erudi-

2143 3856 2306 3910 tionis
2356 3856 2635 3912 doctorem
2659 3896 2673 3922 ,
2725 3869 2748 3896 ο
2805 3856 3015 3928 Dungal
3063 3859 3369 3929 episcopum
3417 3857 3734 3928 religiosam

2142 3947 2361 4018 Deoqne
2395 3947 2697 4018 placentem
2745 3949 3010 4020 regularis
3038 3951 3161 4005 vita:
3186 3950 3464 4005 vobiscum
3502 3963 3734 4004 conver.

2143 4039 2407 4093 sationem
2428 4039 2631 4108 vigere,
2657 4039 2813 4095 valde
2843 4056 2929 4095 me
2951 4043 3195 4112 gavisam
3224 4041 3422 4106 fateor,
3449 4042 3592 4111 quod
3623 4041 3730 4096 Do-

2142 4131 2323 4184 minus
2346 4128 2505 4185 Jesus
2535 4131 2589 4185 in
2613 4131 2715 4186 hoc
2735 4132 2958 4187 ruinoso
2987 4133 3231 4188 cadentis
3257 4132 3436 4188 szeculi
3476 4131 3581 4186 line
3605 4140 3727 4187 tan-

2143 4227 2228 4275 tos
2281 4220 2365 4274 sui
2409 4220 2739 4275 sanctissimi
2792 4221 3025 4275 nominis
3078 4222 3416 4286 laudatores,
3465 4221 3630 4292 335
3673 4230 3733 4276 et

2143 4311 2384 4367 veritatis
2407 4311 2810 4381 prtedicatores,
2846 4321 2902 4367 et
2938 4322 3139 4368 sanctae
3180 4314 3458 4383 sapientiae
3499 4321 3732 4369 sectato-

2146 4418 2236 4458 res
2263 4403 2524 4473 probatur
2552 4403 2775 4469 habere,
2793 4412 3025 4473 quantos
3053 4405 3215 4459 audio
3243 4403 3496 4475 inclytam
3528 4403 3726 4458 Hiber—

2069 4537 2120 4596 ι)
2143 4516 2457 4596 servantia,
2503 4516 2783 4596 sapientiae
2833 4517 3108 4596 studium,
3155 4519 3412 4596 doctrinae
3451 4516 3734 4596 gidiolica:

2141 4586 2351 4656 paritas
2379 4593 2437 4639 et
2478 4585 2783 4656 ap05toliae
2817 4587 3216 4656 praedicationis
3250 4589 3415 4642 zelus.
3452 4585 3642 4640 Fidem
3665 4600 3733 4642 ae

2140 4657 2308 4710 vitam
2350 4657 2702 4711 monasticam
2749 4657 2803 4711 in
2845 4657 2935 4711 illa
2961 4657 3136 4712 insula
3173 4667 3416 4712 sanetum
3443 4656 3735 4712 Patritinm

2181 4741 2499 4796 ropagasse,
2546 4727 2688 4780 circa
2719 4743 2919 4781 annum
2936 4727 3041 4782 450
3070 4728 3262 4783 scribit
3284 4728 3493 4782 Probus
3523 4727 3574 4780 in
3614 4727 3732 4796 ejus

2189 4798 2283 4868 ita.
2318 4796 2652 4850 Mabillonius
2697 4813 2764 4851 ex
2799 4797 3107 4852 testimonio
3143 4800 3278 4853 Ven.
3320 4797 3478 4852 Bedie
3514 4797 3731 4868 probat,

2140 4865 2413 4938 Hibernos
2431 4868 2658 4938 posthac
2687 4868 2932 4922 eamdem
2961 4883 3085 4922 cum
3110 4869 3300 4938 Anglis
3323 4865 3612 4938 monachis
3640 4883 3728 4921 re-

2138 4935 2510 5007 gulamiuisse
2534 4936 2828 5007 professos,
2855 4938 2906 4991 id
2929 4946 3014 4992 est
3041 4935 3222 4993 sancti
3235 4938 3528 4993 Benedicti.
3559 4935 3732 5007 (Prm-

2141 5007 2242 5088 fat.
2268 5005 2338 5088 ait
2353 5005 2555 5088 strenui
2578 5007 2733 5088 pem,
2758 5025 2813 5062 n.
2843 5007 2931 5088 lt},
2952 5019 2999 5088 et
3026 5007 3094 5062 ad
3119 5026 3241 5088 δαίς.
3269 5025 3320 5073 v,
3346 5007 3494 5088 n._82
3516 5005 3728 5088 etseq.)

2212 5087 2236 5114 θ
2276 5075 2825 5149 Dungatepisropam.
2885 5078 3143 5143 Quisnam
3174 5078 3380 5149 Dungal
3415 5075 3727 5149 istefuerit,

2137 5152 2193 5199 et
2211 5144 2370 5216 cujus
2391 5144 2861 5216 Sedis'epis'copus,
2895 5149 3024 5202 mihi
3048 5144 3322 5216 ignotum,
3354 5148 3456 5202 nisi
3487 5147 3560 5201 sit
3587 5147 3731 5201 Dun-

2138 5215 2223 5288 gal
2247 5215 2333 5288 ille
2359 5215 2604 5288 reclusus
2632 5233 2724 5288 seu
2743 5215 3132 5288 monachusS.
3166 5218 3428 5288 Dionysii,
3461 5218 3554 5288 qui
3591 5218 3732 5272 inter

2138 5287 2241 5339 alia
2262 5285 2462 5356 librum
2489 5287 2708 5356 scripsit
2743 5287 3003 5342 adversus
3030 5285 3321 5343 Claudium
3340 5285 3729 5342 Taurinensem

2136 5370 2236 5427 pro
2263 5355 2710 5410 eultnsacrarum
2739 5358 3051 5427 imaginum.
3094 5357 3143 5413 Is
3181 5359 3325 5412 enim
3377 5358 3732 5427 semetipsum

2139 5423 2479 5493 Peregrinum
2522 5441 2717 5480 vocare
2769 5423 3012 5491 solebat,
3053 5436 3110 5482 et
3147 5429 3300 5482 initio
3341 5423 3589 5493 ejusdem
3609 5425 3730 5480 libri

2138 5503 2391 5569 testatur,
2417 5512 2470 5549 se
2495 5496 2694 5569 dn‘a’nm
2722 5499 2777 5551 in
2818 5498 2955 5551 lianc
2988 5507 3183 5569 terram
3235 5496 3543 5569 (Calliam)
3575 5496 3732 5569 adee-

2137 5566 2292 5619 m‘sse.
2337 5563 2491 5620 Hune
2537 5565 2831 5621 Hibernum
2872 5582 2968 5621 seu
3008 5563 3253 5622 Scottuni
3294 5567 3461 5622 fuisse
3487 5565 3732 5621 Mabillo—

2135 5634 2258 5707 nius
2285 5635 2320 5689 l.
2347 5635 2438 5707 cit.
2464 5635 2700 5707 coniicit,
2736 5645 2791 5691 et
2819 5653 2884 5690 ex
2916 5639 3032 5707 ipso
3060 5639 3275 5693 nomine
3308 5640 3367 5692 ﬁt
3395 5635 3727 5707 verosimile.

2163 5703 2320 5767 Mab.,
2379 5704 2569 5760 Annal.
2619 5705 2741 5761 libr.
2796 5703 3024 5772 Μαίη.
3075 5709 3126 5764 5.
3156 5740 3223 5750 ——
3254 5708 3393 5764 Hist.
3441 5707 3520 5762 Iit.
3569 5707 3633 5762 de
3676 5705 3731 5759 la

2192 5791 2364 5841 mare,
2395 5784 2523 5832 tom.
2557 5776 2645 5843 IV,
2677 5793 2798 5848 pag.
2834 5776 2984 5848 495.)
