4012 6188
269 424 463 484 ὗθὶ”

1727 411 2101 471 EPISTOLAS.

3432 407 3556 464 502’:

272 537 376 593 nia
428 529 660 590 insulam
711 541 882 598 usque
932 525 1092 581 hodie
1138 521 1432 595 possidere.
1481 520 1852 593 Quapropter,
1881 531 1930 588 Α
1957 527 2253 580 humanum
2278 522 2605 579 fundendum
2627 517 2991 591 sanguinem,
3039 516 3165 586 quia
3196 515 3292 571 viri
3326 519 3545 590 sangui-

268 619 710 681 excellentissimi
725 617 916 672 Patres
941 624 996 670 et
1015 613 1407 684 religiosissimi
1431 609 1652 676 fratres,
1680 619 1736 667 et
1759 628 1855 666 no-

271 711 519 772 bilissimi
542 711 659 775 ﬁlii,
682 714 920 763 vestram
942 706 1088 777 piam
1116 703 1522 758 unanimitatem
1546 708 1658 758 tota
1676 702 1855 758 cordis

273 807 380 863 mei
400 803 691 859 affectione
714 801 999 869 deprecor,
1021 805 1082 852 ut
1104 796 1380 866 antiquam
1410 801 1612 849 sancta
1641 794 1858 865 religio-

274 896 362 950 nis
408 890 896 955 consuetudinem,
947 896 1003 944 ct
1047 895 1248 943 sancta
1296 887 1572 956 sapientia
1620 885 1859 942 studium

273 983 512 1040 assiduis
549 978 1028 1042 admonitionibus,
1070 976 1566 1042 exhortationibus,
1607 975 1857 1045 increpa-

274 1071 512 1127 tionibus
535 1082 800 1124 renovare
827 1066 1111 1130 studeatis,
1132 1072 1191 1119 ut
1209 1064 1300 1118 lux
1326 1064 1570 1119 veritatis
1599 1070 1655 1118 ct
1680 1063 1858 1118 scien-

274 1167 367 1222 tia
392 1178 492 1235 per
519 1161 963 1233 congregationes
980 1158 1348 1214 Eeclesiarum
1369 1155 1572 1212 Christi
1602 1161 1858 1211 consueto

275 1270 430 1311 more
456 1268 555 1325 per
573 1267 671 1307 vos
698 1259 754 1306 et
774 1266 804 1305 a
823 1249 978 1305 vobis
1003 1247 1185 1303 multis
1211 1246 1392 1302 mundi
1423 1247 1668 1317 partibus
1695 1246 1859 1301 uber-

277 1347 418 1402 rime
443 1344 660 1416 fulgeat.

348 1454 516 1525 Igitur
530 1452 753 1520 antiquo
773 1458 1015 1518 tempore
1041 1449 1336 1504 doctissimi
1358 1447 1598 1504 solebant
1619 1445 1862 1517 magistri

275 1554 334 1600 et
361 1541 618 1597 lliberni'a
659 1541 1023 1603 Britanniam,
1077 1539 1325 1604 Galliam,
1374 1538 1581 1592 Italiam
1601 1537 1783 1591 venire
1811 1543 1867 1590 et

279 1635 475 1690 multos
484 1647 582 1703 per
597 1631 862 1687 Ecclesias
876 1631 1075 1687 Clu-isti
1098 1631 1290 1686 fecisse
1304 1631 1575 1702 profectus
1591 1648 1604 1697 ;
1631 1628 1867 1698 et'quan-

278 1735 332 1778 to
355 1722 528 1792 magis
555 1720 853 1792 periculosa
878 1735 1022 1775 nunc
1048 1735 1168 1776 esse
1191 1730 1432 1790 tempora
1468 1727 1782 1784 noscuntur,
1811 1725 1869 1773 et

276 1815 558 1885 plurimos,
600 1811 893 1866 secundum
923 1811 1270 1881 apostolicam
1297 1811 1634 1881 prophetiam
1658 1850 1674 1875 ,
1720 1825 1750 1863 a
1776 1809 1861 1863 via

278 1905 528 1960 veritatis
551 1909 887 1968 avertentes,
916 1911 1066 1958 tanto
1104 1903 1392 1958 instantius
1429 1903 1543 1972 ipsa
1587 1900 1864 1956 catholica

281 1997 405 2052 ﬁdei
433 1996 638 2050 veritas
665 1995 861 2066 ubique
885 1995 1028 2050 inter
1057 2009 1156 2050 vos
1182 1994 1437 2050 discenda
1464 2003 1550 2050 est
1582 2002 1639 2048 et
1663 1994 1863 2048 docen-

280 2086 372 2151 da,
418 2093 481 2140 ut
528 2083 765 2139 habeant
789 2083 1100 2139 orthodoxa
1144 2083 1267 2139 ﬁdei
1315 2083 1716 2154 pradicatores,
1758 2097 1867 2152 quo

282 2177 494 2248 possint
520 2175 1009 2232 contradicentibus
1033 2176 1247 2230 veritati
1278 2175 1551 2242 resistere,
1587 2183 1644 2232 et
1686 2175 1866 2246 palam

284 2269 506 2322 vincere
529 2267 866 2322 adversarios
897 2267 1202 2336 apostolica
1239 2266 1515 2322 doctrina.
1566 2267 1870 2337 Erumpunt

283 2359 462 2413 subito
491 2357 792 2428 apostatica
819 2356 1024 2412 seducti
1049 2356 1340 2411 calliditate
1366 2355 1570 2427 pseudo
1595 2356 1867 2422 doctores,

283 2463 454 2503 novas
493 2456 549 2502 et
592 2446 863 2502 inauditas
913 2447 1310 2501 introducentes
1338 2454 1554 2512 sectas,
1607 2447 1699 2516 qui
1741 2447 1868 2501 dum

288 2539 446 2592 novis
475 2536 815 2608 dogmatibus
842 2535 942 2590 sibi
967 2534 1180 2591 laudem
1210 2536 1417 2606 acquiri
1462 2543 1673 2606 putant,
1719 2536 1868 2590 inve-

287 2629 510 2682 niuntur
538 2626 1020 2697 reprehensibilcs,
1059 2627 1414 2696 omnibusque
1455 2626 1680 2684 odibiles
1724 2641 1867 2693 esse,

286 2719 432 2772 sicut
455 2718 509 2771 in
535 2715 806 2786 Hispania
830 2715 1072 2786 partibus
1096 2716 1330 2772 vidimus
1355 2715 1579 2770 factum.

361 2827 516 2886 Unde
540 2869 556 2896 ,
603 2828 928 2886 sanctissimi
975 2827 1165 2886 Patres
1192 2869 1208 2894 ,
1248 2828 1608 2884 exhortamini
1646 2828 1873 2898 juvenes

285 2927 504 2975 vestros
527 2959 543 2985 ,
593 2927 655 2974 ut
699 2918 1108 2989 diligentissime
1158 2918 1544 2976 catholicorum
1591 2919 1871 2975 doctorum

286 3010 503 3066 discant
533 3009 866 3076 traditiones,
911 3019 967 3066 et
1011 3012 1286 3067 catholica
1314 3011 1438 3066 ﬁdei
1463 3012 1698 3067 rationes
1724 3013 1870 3067 omni

290 3101 590 3156 intentione
612 3101 1009 3170 apprehendere
1033 3102 1304 3168 studeant,
1326 3102 1450 3172 quia
1478 3103 1590 3156 sine
1621 3102 1726 3170 ﬁde
1762 3102 1871 3157 Deo

1958 632 2103 681 num,
2146 615 2287 669 sicut
2326 628 2482 669 sacer
2505 612 2746 684 psalmus
2794 619 2998 678 cantat,
3046 627 3149 664 non
3191 609 3560 665 dimidiabunt-r

1957 706 2066 760 dies
2086 723 2207 760 suos
2261 703 2434 777 (Psal.
2477 720 2587 770 LIV,
2632 703 2746 774 94).
2804 701 2862 757 Si
2909 701 3219 756 felicitatem
3259 701 3562 772 prasentisu

1959 796 2179 866 cupiant
2205 796 2406 850 habere
2441 793 2593 865 regni
2621 801 2678 848 et
2714 792 3033 863 potestatis,
3083 789 3258 845 sciant
3305 803 3363 844 se
3388 789 3546 844 aliter

1958 888 2161 944 habere
2191 903 2298 943 non
2330 902 2518 958 posse,
2565 887 2672 941 nisi
2712 887 2823 940 Deo
2852 891 3175 955 praestante;
3225 899 3326 939 nec
3352 882 3545 939 futura

1959 981 2306 1036 beatitudinis
2344 980 2571 1050 gloriam
2613 979 2934 1048 possidere,.
2963 977 3068 1032 nisi
3115 965 3327 1031 Domini
3374 976 3544 1031 nostri

1959 1069 2087 1125 Jesu
2127 1069 2327 1125 Christi
2384 1066 2762 1122 misericordia
2808 1066 3084 1120 donante..
3137 1065 3343 1120 Idcirco
3396 1065 3545 1120 omni

1961 1161 2258 1216 intentione
2283 1157 2606 1229 evangelicis
2632 1157 2932 1212 inhaereant
2962 1155 3269 1225 praceptis,
3301 1161 3362 1207 ut
3379 1153 3546 1209 bene-

1963 1253 2197 1308 dictione
2227 1251 2409 1306 divina
2452 1249 2842 1304 confirmentur
2888 1248 2942 1304 in
2974 1261 3140 1318 regno
3167 1245 3443 1318 praesenti,
3496 1252 3553 1300 et

1962 1352 2280 1415 perpetuum
2337 1357 2460 1396 eum
2517 1340 2719 1396 sanctis
2763 1339 2861 1394 Dei
2914 1339 3156 1408 recipere
3207 1338 3354 1409 digni
3400 1337 3552 1393 inve-

1965 1438 2205 1492 niantur.

2035 1547 2350 1615 Quicunque
2399 1560 2531 1599 vero
2582 1543 2909 1600 monachica
2975 1542 3099 1598 vita
3141 1539 3552 1598 conversatione

1971 1640 2077 1693 Deo
2107 1635 2386 1710 [servire]
2418 1634 2788 1705 promiserint,
2814 1634 2989 1689 sciant
3031 1648 3092 1687 se
3128 1632 3397 1687 debitores
3430 1647 3554 1686 esse

1968 1727 2212 1798 implere,
2253 1725 2394 1795 quod
2422 1724 2813 1794 promiserunt,
2843 1723 3056 1778 dicente
3077 1721 3358 1792 Scriptura
3385 1736 3400 1774 :
3443 1717 3554 1774 Vo-

1969 1829 2076 1873 vete
2116 1826 2163 1872 et
2211 1815 2410 1870 reddite
2458 1814 2684 1868 Domino
2715 1812 2824 1866 Deo
2854 1822 3019 1867 vestro
3042 1810 3238 1884 (Eccle.
3281 1827 3337 1878 v,
3366 1809 3443 1885 5).
3485 1809 3554 1864 Ει

1968 1910 2205 1964 iterum:
2240 1904 2429 1960 Melius
2457 1914 2529 1958 est
2569 1920 2674 1957 non
2713 1891 2889 1958 vove-re
2927 1918 3086 1974 quam
3127 1911 3300 1956 votum
3327 1918 3429 1955 non
3457 1901 3556 1954 im-

1964 1999 2124 2071 plere.
2178 1996 2300 2052 Fiat
2342 1997 2557 2052 illorum
2604 1994 2940 2050 conversatio
2993 2002 3147 2048 casta
3201 2001 3258 2047 et
3299 1991 3552 2056 honesta,

1967 2092 2172 2160 absque
2201 2089 2348 2146 omni
2379 2087 2822 2158 reprehensione,
2852 2085 2962 2140 Deo
2981 2083 3290 2155 placabilis,
3321 2083 3556 2137 homini-

1966 2182 2174 2251 busque
2203 2177 2556 2244 honorabilis,
2604 2193 2707 2230 non
2745 2177 2801 2228 in
2835 2173 3296 2229 comessationibus
3320 2172 3487 2242 286
3507 2178 3554 2224 et

1966 2271 2321 2336 ebrietatibus,
2354 2285 2458 2323 non
2487 2269 2543 2321 in
2572 2264 2826 2322 cubilibus
2849 2274 2896 2319 et
2917 2266 2972 2318 in
2999 2264 3340 2334 impudicitiis
3377 2261 3552 2334 (Rom.

1967 2381 2089 2428 xui,
2120 2362 2230 2433 15),
2261 2361 2356 2417 sed
2385 2359 2612 2415 induant
2638 2356 2844 2426 seipsos
2867 2354 3128 2425 exemplis
3149 2353 3360 2409 Domini
3385 2353 3559 2407 nostri

1967 2456 2094 2512 Jesu
2124 2453 2365 2519 Christi,
2411 2451 2653 2507 lucentes
2702 2449 2846 2503 inter
2883 2446 3190 2514 saeculares,
3227 2445 3368 2502 sicut
3392 2444 3559 2500 stella

1969 2546 2024 2600 in
2054 2543 2190 2599 coelo
2219 2542 2502 2612 fulgentes,
2534 2546 2593 2592 ut
2617 2537 2829 2592 illorum
2863 2537 3064 2590 lumine
3109 2535 3364 2589 illustrati
3402 2525 3556 2589 multi

1969 2633 2321 2690 exhortentur
2342 2628 2530 2683 mundi
2551 2626 2712 2698 hujus
2737 2626 2922 2696 fugere
2943 2625 3268 2696 voluptates,
3295 2632 3351 2680 et
3371 2639 3560 2679 nume—

1971 2738 2032 2778 ro
2060 2721 2271 2776 illorum
2294 2719 2500 2789 seipsos
2534 2729 2862 2787 congregare
2888 2715 3164 2770 studeant.

2041 2832 2387 2887 Feminarum
2417 2827 2682 2898 siquidem
2709 2823 3037 2880 monasteria
3065 2823 3172 2878 sint
3213 2822 3269 2876 in
3306 2820 3559 2877 castitate

1969 2920 2219 2995 virginali
2249 2920 2380 2985 Deo,
2421 2925 2572 2973 casto
2599 2928 2858 2985 corpore,
2899 2913 2953 2968 in
2979 2912 3234 2984 pudicitia
3263 2918 3318 2966 et
3337 2909 3558 2965 humili-

1972 3021 2084 3070 tate
2116 3012 2433 3068 servientes.
2473 3006 2532 3063 Si
2560 3005 2836 3062 calestem
2863 3004 3064 3075 Regem
3084 3002 3365 3074 elegerunt
3399 2999 3555 3073 [Ms.,

1972 3099 2252 3172 eligerent]
2279 3099 2380 3154 sibi
2409 3110 2687 3169 sponsum,
2718 3093 2924 3149 caelesti
2954 3107 3150 3163 sponso
3175 3090 3409 3145 debitam
3438 3096 3555 3144 stu-

288 3188 610 3259 impossibile
631 3198 706 3244 est
743 3189 948 3260 placere
976 3189 1162 3262 (Hebr.
1187 3207 1266 3256 XI,
1301 3190 1377 3262 6).
1418 3191 1530 3246 Nec
1566 3199 1743 3248 tamen
1769 3208 1872 3247 sa-
1897 3207 1944 3272 c
1973 3196 2137 3251 deant
2171 3191 2441 3249 custodire
2467 3188 2794 3251 castitatem,
2816 3191 3078 3255 quatenus
3099 3197 3219 3236 cum
3244 3179 3557 3272 beatissima

288 3279 558 3335 cularium
588 3277 890 3333 litterarum
916 3281 1306 3336 contemnenda
1345 3289 1429 3336 est
1466 3282 1687 3336 scientia
1712 3323 1727 3348 ,
1781 3284 1877 3339 sed

291 3372 454 3440 quasi
480 3370 887 3426 fundamentum
933 3377 1130 3426 tenera
1172 3371 1456 3437 infantium
1483 3374 1626 3427 atati
1656 3374 1873 3429 traden-

291 3462 364 3515 da
389 3469 475 3516 cst
502 3460 885 3532 grammatica,
937 3460 1160 3532 aliaque
1201 3461 1584 3532 philosophica
1612 3463 1878 3519 subtilita-

298 3552 370 3606 tis
389 3549 686 3621 disciplina
705 3590 720 3616 ,
757 3559 1024 3622 quatenus
1055 3551 1375 3621 quibusdam
1402 3553 1678 3623 sapientia
1700 3554 1880 3625 gradi-

301 3640 402 3694 bus
440 3640 508 3694 ad
563 3639 883 3696 altissimqu
929 3641 1249 3712 evangeliea
1285 3642 1626 3712 perfectionis
1669 3645 1880 3701 culmen

300 3732 599 3787 ascendere
649 3730 894 3799 valeant,
938 3740 996 3787 et
1035 3729 1192 3800 juxta
1236 3749 1498 3788 annorum
1536 3743 1883 3806 augmentum

299 3821 584 3892 sapientia
611 3835 825 3891 quoque
846 3830 1163 3876 accrescant
1189 3823 1408 3878 divitia.
1447 3823 1557 3879 Nec
1582 3823 1881 3880 ferventem

299 3911 676 3967 adolescentia
703 3909 976 3964 flammam
1002 3911 1164 3968 sinite
1185 3926 1284 3982 per
1308 3912 1603 3982 pracipitia
1628 3912 1880 3969 vitiorum

296 4017 558 4058 corruere
574 4041 591 4068 ,
633 4001 760 4071 quia
785 4001 1017 4072 Spiritus
1044 4013 1262 4059 sanctus
1278 4043 1295 4070 ,
1327 4004 1466 4059 sicut
1489 4005 1748 4074 scriptum
1775 4012 1880 4070 est,

304 4109 408 4146 non
426 4091 630 4146 habitat
651 4091 707 4144 in
727 4107 941 4162 corpore
975 4093 1203 4162 peccatis
1231 4093 1438 4147 subdito
1469 4092 1622 4165 (Sap.
1648 4110 1689 4159 ι,
1719 4093 1774 4160 4,
1803 4093 1879 4167 5);

302 4185 420 4240 sine
462 4180 620 4251 cujus
662 4183 834 4254 gratia
863 4183 995 4237 nihil
1026 4183 1317 4238 humanum
1339 4184 1605 4254 proﬁcere
1634 4185 1777 4240 valet
1803 4186 1886 4240 in-

301 4273 553 4343 genium;
593 4271 688 4326 sed
713 4273 758 4328 si
784 4272 912 4342 quid
936 4273 1062 4328 doni
1087 4273 1400 4330 adolescens
1427 4275 1626 4330 habere
1649 4275 1883 4343 videtur,

305 4362 588 4417 auferetur
620 4361 689 4417 ab
713 4377 799 4429 eo,
848 4363 894 4418 si
937 4379 996 4419 se
1025 4364 1079 4418 in
1117 4364 1368 4420 castitate
1413 4379 1734 4421 conservare
1776 4383 1885 4423 non

304 4461 482 4509 curat.
527 4451 761 4508 Serenus
787 4493 803 4520 ,
865 4461 1086 4510 sanctus
1132 4463 1188 4511 et
1224 4456 1606 4512 mundissimus
1653 4455 1884 4529 Spiritus

1977 3285 2237 3358 genitrice
2263 3283 2382 3348 Dei,
2425 3292 2746 3350 semperque
2789 3276 2998 3348 virgine
3029 3280 3215 3328 sancta
3253 3270 3422 3326 Maria
3459 3284 3558 3340 per

1977 3388 2240 3448 supernas
2281 3371 2642 3428 habitationes
2679 3367 2893 3440 Agnum
2931 3365 3107 3436 sequi,
3137 3375 3458 3434 quocunque
3484 3360 3561 3414 ie-

1979 3466 2072 3532 rit,
2104 3469 2439 3520 mereantur.

2048 3574 2250 3632 Omnes
2293 3571 2559 3642 siquidem
2605 3581 2890 3625 commune
2933 3560 3332 3636 [communiter]
3358 3567 3558 3616 sancta

1979 3665 2264 3724 charitatis
2303 3668 2571 3734 praecepta
2617 3659 2826 3728 integra
2861 3653 3192 3725 perfectione
3234 3665 3560 3708 conservare

1979 3765 2264 3818 conentur,
2294 3755 2348 3809 in
2377 3766 2483 3822 qua
2506 3750 2719 3819 signum
2743 3744 3094 3816 discipulatus
3121 3744 3204 3800 sui
3228 3743 3370 3799 Deus
3401 3741 3560 3798 Chri-

1979 3853 2096 3899 stus
2119 3839 2419 3904 constituit,
2447 3837 2630 3892 dicens
2653 3853 2667 3889 :
2701 3833 2768 3890 In
2786 3834 2882 3888 hoc
2905 3842 3212 3904 cognoscent
3233 3849 3408 3888 omnes
3433 3832 3561 3904 quia

1981 3935 2080 3989 mei
2105 3928 2351 4002 discipuli
2371 3929 2515 3992 estis,
2555 3928 2600 3981 si
2644 3925 2973 3980 dilectionem
2999 3925 3287 3980 habueritis
3327 3926 3396 3980 ad
3424 3926 3558 3980 inci-

1984 4040 2092 4079 cem
2115 4022 2297 4095 (Joan.
2326 4036 2448 4086 xm,
2469 4018 2582 4090 55).
2622 4015 2827 4088 Singuli
2854 4016 3212 4070 humilitatem
3242 4016 3479 4071 habeant
3504 4017 3563 4072 in

1984 4112 2262 4178 discendo,
2290 4119 2348 4166 et
2369 4109 2706 4166 devotionem
2753 4107 2809 4162 in
2853 4105 3115 4172 docendo,
3150 4113 3207 4162 et
3234 4105 3567 4176 diligentiam

1984 4207 2040 4262 in
2083 4203 2464 4261 misericordiae
2510 4201 2763 4272 operibus
2801 4198 2868 4254 ad
2896 4212 3162 4270 pauperes
3201 4204 3260 4252 et
3283 4197 3511 4252 miseros
3546 4217 3562 4252 :

1984 4298 2265 4366 nullusque
2291 4295 2473 4350 senior
2498 4295 2612 4349 sive
2627 4293 2830 4364 junior,
2867 4290 3140 4347 saecularis
3176 4289 3259 4345 vel
3295 4299 3568 4344 monaste-

1971 4389 2158 4454 rialis,
2185 4389 2269 4443 vir
2288 4396 2382 4442 aut
2404 4385 2604 4441 femina
2646 4400 2744 4438 sua
2776 4384 3061 4438 erubescat
3097 4382 3344 4438 conﬁteri
3368 4395 3564 4452 pecca-

1986 4487 2062 4545 ta,
2091 4488 2251 4547 atque
2275 4492 2372 4547 per
2395 4474 2768 4546 paenitentiam
2795 4472 3083 4526 emendare
3101 4511 3116 4536 ,
3147 4471 3403 4541 quidquid
3441 4485 3570 4525 con-

308 4545 567 4599 mundam
609 4551 667 4599 et
708 4551 914 4600 casum
938 4545 1232 4615 ίηετθδίίυτ
1273 4547 1532 4601 ³¹¹Ῐ¹Π³¹ηο
1572 4547 1688 4604 Non
1714 4549 1886 4604 501m“
1917 4554 1968 4616 Β
1993 4578 2077 4623 tra
2109 4545 2204 4622 Dei
2229 4545 2556 4621 voluntatem
2581 4561 2815 4616 fecisset.
2857 4561 3045 4616 Melius
3071 4571 3157 4616 est
3177 4562 3376 4616 habere
3397 4577 3566 4616 unum

306 4635 551 4690 seniores
597 4635 775 4690 verbis
821 4637 1146 4691 admoneant
1175 4637 1418 4705 juniores
1461 4654 1625 4705 suos,
1696 4655 1886 4695 verum

306 4726 474 4779 etiam
501 4725 660 4781 bonis
685 4726 946 4796 exemplis
986 4727 1238 4781 erudiant
1277 4727 1414 4782 illos.
1469 4729 1610 4798 Ergo
1647 4731 1888 4800 magistri

310 4811 572 4866 minuitur
594 4813 910 4878 auctoritas,
934 4814 978 4869 si
1010 4813 1255 4868 doctrina
1282 4812 1399 4883 ejus
1427 4815 1720 4870 destruitur
1757 4834 1888 4888 ope-

311 4919 406 4957 re:
451 4902 719 4974 sapientia
745 4903 979 4959 doctoris
1015 4903 1216 4974 fulgeat
1258 4904 1313 4959 in
1356 4905 1635 4959 honestate
1656 4921 1888 4976 morum,

313 5000 374 5046 ut
399 4991 649 5047 videatur
676 4991 728 5047 in
759 4991 903 5049 facto
922 4993 1064 5062 quod
1088 4993 1339 5048 audiatur
1356 5007 1422 5046 ex
1451 5008 1566 5049 ore.

381 5101 443 5157 Si
466 5102 618 5172 quid,
649 5105 794 5172 quod
839 5104 998 5169 absit,
1028 5113 1218 5160 contra
1251 5103 1572 5160 Christiana
1597 5106 1892 5160 auctorita-

311 5204 419 5249 tem
446 5193 727 5264 religionis
768 5195 1041 5266 principes
1083 5209 1242 5267 agere
1279 5196 1420 5251 inter
1460 5208 1559 5250 vos
1606 5195 1894 5250 saculares

310 5283 680 5351 inveniantur,
709 5286 1038 5342 admoneant
1065 5302 1160 5343 eos
1192 5287 1376 5345 sedula
1403 5288 1710 5344 sacerdotes
1734 5285 1891 5342 Chri-

313 5373 383 5427 sti
425 5372 813 5441 pradicatione
861 5375 1036 5430 malas
1079 5377 1327 5432 amittere
1367 5377 1797 5443 consuetudines,
1840 5383 1897 5431 et

310 5457 473 5514 bonis
491 5467 813 5528 potestatem
837 5477 991 5517 suam
1031 5477 1226 5518 ornare
1249 5465 1510 5533 moribus,
1540 5472 1596 5521 et
1628 5473 1688 5520 ut
1712 5465 1900 5521 vivant

314 5548 368 5603 in
399 5550 674 5618 castitate,
698 5569 861 5608 unam
887 5554 1147 5610 habentes
1167 5571 1387 5612 uxorem
1422 5558 1711 5614 secundum
1734 5573 1898 5614 evan-

315 5637 504 5709 gelica
532 5651 860 5712 praeeptum
900 5644 1267 5709 auctoritatis;
1313 5644 1716 5716 iustissimoque
1747 5646 1896 5718 judi-

317 5730 407 5784 cio
433 5744 631 5786 causas
675 5735 988 5790 discernant
1013 5734 1224 5806 populi,
1271 5742 1326 5790 et
1369 5735 1788 5792 misericordiam
1817 5737 1899 5792 fa-

327 5821 476 5876 ciant
499 5822 552 5877 in
584 5838 848 5896 pauperes
897 5834 951 5882 et
999 5826 1241 5882 miseros.
1301 5823 1417 5879 Non
1455 5826 1560 5881 sint
1590 5826 1794 5883 veloces
1833 5830 1898 5883 ad

1989 4657 2262 4713 hominem
2283 4661 2474 4708 testem
2503 4657 2844 4722 peccatorum
2871 4665 3090 4705 suorum
3114 4651 3167 4704 in
3187 4649 3412 4704 salutem
3447 4649 3568 4704 ani-

1989 4764 2091 4804 ma
2125 4761 2238 4800 sua
2261 4785 2274 4810 ,
2333 4759 2497 4815 quam
2539 4749 2785 4812 spectare
2844 4740 3243 4796 accusationem
3293 4739 3570 4796 diabolica

1989 4840 2198 4896 fraudis
2245 4849 2370 4894 ante
2421 4838 2661 4894 Iudicem
2704 4839 2944 4894 omnium
2975 4837 3314 4902 saculorum,
3360 4845 3417 4892 et
3445 4844 3570 4890 ante

1990 4933 2302 5004 angelorum
2323 4933 2538 4995 choros,
2570 4939 2626 4986 et
2651 4931 2816 4985 totius
2844 4930 3062 4985 humani
3090 4929 3304 5000 generis
3324 4927 3567 4982 multitu-

1989 5024 2189 5079 dinem.
2228 5023 2362 5076 Dum
2409 5035 2538 5076 vero
2588 5020 2749 5074 homo
2791 5020 2925 5074 vivit
2967 5020 3021 5074 in
3068 5019 3173 5074 hoc
3205 5017 3420 5082 saculo,
3450 5015 3565 5070 fru-

1990 5119 2176 5164 ctuosa
2208 5119 2294 5164 est
2315 5109 2580 5165 confessio
2607 5118 2663 5164 et
2684 5109 3030 5180 panitentia;
3075 5109 3130 5163 in
3149 5108 3330 5163 futuro
3360 5107 3571 5163 scilicet

1983 5197 2186 5268 judicio
2211 5199 2528 5268 panitentia
2551 5198 2658 5253 erit
2680 5206 3045 5268 peccatorum,
3074 5198 3171 5253 sed
3195 5211 3302 5252 non
3330 5195 3571 5252 fructuo-

1993 5303 2079 5356 sa,
2122 5289 2251 5358 quia
2285 5289 2658 5359 unusquisque
2695 5288 3026 5356 judicabitur
3065 5289 3361 5344 secundum
3403 5303 3570 5359 opera

1993 5393 2110 5435 sua.
2135 5377 2373 5432 Metuant
2391 5379 2666 5432 criminosi
2689 5387 2743 5432 et
2760 5379 2995 5450 peccatis
3013 5379 3224 5434 onerati
3243 5387 3577 5434 aeternorum.

1993 5466 2239 5523 ﬂammas
2262 5474 2670 5522 tormentorum.
2706 5466 3160 5536 Caudeantjnsti,
3191 5468 3355 5523 etiam
3373 5476 3428 5523 et
3454 5484 3572 5539 poe-

1995 5555 2231 5610 nitentes
2254 5554 2322 5609 de
2346 5562 2620 5625 perpetua
2660 5555 3007 5611 beatitudinis
3053 5555 3224 5628 gloria
3259 5572 3382 5612 cum
3407 5555 3567 5612 Chri-

1995 5655 2104 5713 sto,
2127 5646 2218 5717 qui
2251 5646 2361 5701 ait:
2404 5645 2562 5701 Ibunt
2600 5647 2748 5719 impii
2787 5648 2842 5702 in
2892 5649 3065 5720 ignem
3117 5660 3399 5717 wternum;
3436 5651 3575 5722 justi

2001 5749 2173 5792 atatem
2203 5739 2258 5792 in
2279 5739 2432 5792 vitam
2458 5748 2706 5795 cateruam
2748 5737 2959 5812 (Matth.
2991 5758 3116 5809 xxv,
3158 5741 3270 5814 46).
3310 5743 3374 5796 Et
3401 5741 3526 5795 alibi
3555 5777 3566 5786 .

1955 5900 1970 5916 .
2001 5831 2141 5886 Iusti
2165 5830 2429 5902 fulgebunt
2453 5833 2584 5888 sicut
2606 5833 2684 5890 sol
2706 5835 2760 5891 in
2783 5852 2936 5911 regno
2955 5835 3134 5894 Patris
3149 5852 3323 5893 eorum
3347 5831 3559 5905 (Matth.
