4012 6188
411 368 518 426 503

1287 349 1345 405 Β.
1386 347 1446 403 F.
1486 343 1711 401 ALBINI
1743 340 1874 398 SEU
1915 334 2191 395 ALCUlNl
2231 332 2517 392 OPERUM
2554 330 2734 388 PARS
2765 328 2807 386 ῐ.

3502 388 3507 393 ,
3573 325 3679 384 501

412 502 532 551 xm,
562 482 673 554 45).
715 478 971 535 Orantem
1013 480 1112 540 pro
1152 463 1307 520 nobis
1333 457 1723 517 beatitudinem
1748 463 1988 554 vestram
2017 453 2065 511 Α
2092 445 2176 554 (ll
2206 444 2437 554 Timln,
2458 441 2558 554 .5)...
2584 432 3455 554 ξ

414 543 554 634 Deus
599 543 847 628 Christus
891 568 1152 634 perpetua
1198 553 1560 626 pr05peritate
1599 547 1871 605 custodire
1913 543 1994 599 di-

412 677 604 742 gnetur
628 704 644 730 ,
697 657 902 716 domini
959 644 1440 712 desiderantissimi
1491 642 1720 705 Patres,
1797 636 1891 691 filii
1940 641 1996 690 et

410 771 590 815 me"
756 818 925 891 288
954 827 979 856 α
1009 805 1343 867 EPISTOLA
1371 800 1647 861 ccxxvr.

410 922 441 962 δ
468 932 536 975 Δί)
572 925 816 974 ῖιιλτιιεε
848 926 902 964 IN
950 917 1199 962 εεοιεεῐλ
1251 912 1410 955 ΒΕΛΤΙ
1460 905 1674 950 ιοΑΝΝιε
1716 901 1991 944 Βλιιτιετε

960 991 1063 1032 ι)εο
1098 983 1441 1029 εειινιεκτεε.

413 1078 663 1134 Abbatem
707 1082 756 1130 et
800 1071 995 1143 fratres
1031 1060 1336 1143 monasterii
1368 1048 1996 1143 Montis-IOlivi'i‘uufam-i:

800 1121 1041 1209 suscipit,
1087 1143 1134 1189 et
1162 1131 1283 1186 illos
1302 1130 1547 1209 hortatur
1564 1135 1619 1177 ut
1648 1121 1994 1209 militent'pro

978 1187 1296 1277 perseverent
1316 1199 1373 1253 in
1394 1193 1719 1250 observantia
1743 1187 1991 1259 regulari.

483 1280 767 1376 Deligiosis
796 1297 1081 1358 fratribus,
1110 1292 1223 1346 Deo
1244 1295 1302 1343 et
1317 1292 1509 1341 sancto
1534 1280 1728 1337 Joanni
1759 1291 1997 1376 prtccur-

412 1400 523 1456 sori
547 1366 748 1453 Christi
772 1384 1163 1446 servientibus,
1204 1374 1423 1434 humilis
1469 1370 1715 1429 servulus
1755 1366 1994 1439 ejusdem

414 1489 617 1551 Christi
639 1494 696 1543 et
714 1477 1070 1559 praecursoris
1097 1473 1235 1543 ejus,
1265 1469 1520 1525 Alcuinus
1542 1465 1791 1559 salutem.

486 1579 620 1635 Nam
658 1552 837 1647 prima
885 1563 1229 1641 congregatio
1256 1574 1441 1631 quam,
1489 1556 1600 1611 Deo
1628 1552 1994 1622 dispensante,

411 1668 816 1746 gubernandum
844 1660 1025 1733 accepi
1050 1699 1065 1725 ,
1114 1657 1274 1712 beato
1302 1650 1494 1707 Joauni
1524 1646 1777 1718 Baptism
1802 1658 1995 1700 consc-

412 1737 565 1824 crata
585 1769 672 1818 est
696 1771 743 1813 ο.
775 1757 1114 1826 Quapropter
1138 1748 1220 1804 fas
1245 1745 1473 1808 aistimo,
1496 1756 1592 1796 vos
1612 1737 1811 1793 fratres
1829 1750 1996 1807 agno-

414 1872 572 1913 scere
614 1862 668 1910 et
715 1847 1146 1908 commilitones,
1194 1854 1362 1895 unum
1407 1835 1669 1891 habentes
1713 1832 1998 1887 Dominum

414 1949 607 2012 Deum,
636 1952 692 1999 et
715 1955 878 1998 unum
902 1944 1213 2008 patronum,
1233 1928 1386 1998 cuius
1408 1925 1722 1983 intercessio
1754 1929 1998 1979 nostrum

414 2038 541 2093 hinc
570 2035 693 2091 inde
741 2042 1025 2087 numerum
1065 2035 1262 2093 augere
1300 2019 1569 2089 dignetur.
1623 2013 1841 2068 Patrem
1866 2025 1999 2066 vero

416 2135 658 2184 vestrum
679 2123 706 2164 δ
749 2116 1110 2179 Olomundum
1153 2112 1208 2166 in
1246 2108 1484 2172 Christo,
1532 2113 1588 2160 et
1635 2102 1862 2158 fratrem
1896 2116 1996 2157 no-

416 2228 591 2276 strum
612 2218 666 2271 in
681 2212 968 2273 charitate,
993 2201 1245 2259 familiari
1268 2199 1469 2269 pietate
1494 2194 1821 2265 accepimus,
1842 2191 1997 2263 quasi

414 2310 576 2367 unius
604 2303 821 2360 familia:
847 2309 1183 2371 germanum,
1214 2297 1272 2345 et
1298 2288 1457 2344 unius
1480 2284 1692 2340 Domini
1713 2283 1995 2347 cultorem,

414 2396 651 2457 et-unius
686 2386 1012 2465 protectoris
1053 2394 1406 2444 conservum;
1453 2385 1510 2432 et
1546 2376 1600 2430 in
1638 2390 1704 2430 eo
1741 2374 1859 2445 ipso
1904 2387 1999 2429 vos

416 2503 606 2547 omnes
632 2485 900 2555 recipiens
941 2478 1099 2551 quasi
1140 2475 1337 2531 fratres
1379 2472 1752 2535 charissimos,
1806 2469 2000 2540 depre—

416 2598 549 2646 cans
579 2588 640 2636 ut
665 2594 753 2636 me
783 2587 1043 2643 meosque
1082 2585 1181 2642 per
1215 2569 1332 2639 eius
1358 2580 1550 2621 manus
1578 2562 1919 2619 familiariter
1944 2563 1997 2616 in

416 2680 635 2730 sanctas
653 2668 930 2726 orationes
950 2670 1162 2718 vestras
1184 2659 1423 2729 recipere
1446 2655 1762 2727 dignemini.
1785 2653 2000 2723 Optime

417 2766 563 2822 enim
604 2760 757 2817 scitis
807 2762 1010 2832 quanta
1058 2759 1145 2806 est
1170 2763 1312 2804 vera:
1347 2745 1632 2801 charitatis
1670 2744 1995 2809 communio,

411 2869 537 2923 quae
566 2852 817 2912 absentes
844 2858 1072 2916 corpore
1097 2882 1112 2908 ,
1157 2846 1452 2912 praesentes
1495 2835 1659 2892 efficit
1685 2837 1739 2890 in
1781 2835 1995 2906 spiritu.

420 2944 563 3000 hihil
581 2956 711 2999 vero
741 2946 895 2996 nocet
920 2933 1164 2991 absentia
1183 2930 1502 3002 corporalis,
1525 2927 1617 2984 ubi
1642 2935 1731 2984 est
1756 2942 1997 2997 prazsen-

419 3040 494 3094 tia
522 3032 799 3106 spiritalis.

490 3128 597 3184 Vos
625 3136 776 3187 vero,
798 3120 914 3185 filii,
929 3118 1126 3174 fratres
1152 3125 1209 3173 et
1229 3115 1441 3181 Patres,
1464 3114 1516 3169 in
1539 3112 1741 3169 Christi
1764 3113 1998 3174 clemen-

417 3219 491 3273 tia
520 3216 806 3285 deprecor,
833 3210 1114 3265 unanimes
1137 3214 1310 3263 estote
1330 3206 1382 3260 in
1414 3203 1518 3259 fide
1543 3201 1829 3266 catholica,
1853 3201 1995 3257 idem

416 3309 686 3383 sapientes
710 3345 726 3372 ,
773 3304 912 3359 idem
954 3301 1227 3364 volentes;
1274 3297 1503 3351 ﬁrmiter
1537 3301 1915 3365 permanentes
1943 3292 1998 3347 in

417 3400 536 3454 loco
580 3394 894 3452 certaminis
938 3392 1131 3456 vestri,
1180 3389 1259 3443 nil
1302 3387 1409 3442 tela
1446 3386 1654 3456 antiqui
1684 3385 1855 3441 hostis
1879 3400 1995 3439 me-

417 3498 630 3545 tuentes
654 3527 670 3554 ,
707 3483 1083 3543 communibus
1111 3479 1359 3535 manibus
1382 3484 1616 3549 pugnate
1638 3484 1826 3531 contra
1851 3491 1995 3531 eum.

418 3579 605 3636 Melius
632 3579 687 3634 in
729 3577 846 3631 acie
886 3589 1010 3629 cum
1054 3570 1300 3642 pluribus
1332 3575 1537 3640 pugnat
1559 3566 1733 3631 miles,
1761 3581 1924 3637 quam
1952 3566 1997 3620 si

415 3669 563 3726 solus
589 3667 720 3722 foris
747 3664 1057 3720 inveniatur
1092 3661 1144 3715 in
1181 3672 1391 3729 eampo.
1428 3656 1691 3727 Campum
1725 3670 1854 3710 vero
1877 3654 1999 3710 dico

414 3759 599 3815 smculi
639 3756 996 3811 latitudinem.
1036 3751 1174 3818 Quid
1220 3764 1352 3805 vero
1394 3748 1548 3802 vobis
1586 3761 1710 3802 cum
1752 3745 1998 3802 saeculari

416 3844 843 3905 consuetudine?
887 3841 1162 3898 Christum
1209 3837 1481 3908 elegistis,
1529 3836 1748 3892 Christo
1786 3841 2000 3890 certare

416 3936 771 4007 vosmetipsos
819 3929 1242 3994 constrinxistis,
1290 3935 1707 3999 perseverantes
1743 3926 1797 3981 in
1827 3939 1999 3997 agone

418 4027 680 4099 regularis
705 4026 848 4080 vitas.
875 4023 961 4078 Nil
1002 4021 1156 4077 vobis
1193 4021 1389 4075 durum
1414 4019 1664 4074 videatur
1687 4019 1740 4072 in
1769 4018 1996 4072 manda-

416 4121 485 4176 tis
516 4119 641 4185 Dei;
680 4132 777 4188 spe
822 4121 1095 4188 perpetua:
1132 4112 1583 4168 remunerationis
1623 4109 1996 4174 eonsolamini,

414 4213 651 4268 scientes
678 4208 821 4280 quod
848 4223 954 4263 non
973 4212 1266 4262 coronatur
1291 4203 1397 4258 nisi
1425 4204 1517 4273 qui
1546 4203 1785 4275 legitime
1821 4209 1999 4257 certat

486 4375 511 4404 ⁸
552 4365 789 4421 Froben.
822 4362 980 4432 epist.
1012 4358 1139 4414 217.

486 4437 515 4476 ι’
551 4436 633 4506 Ad
660 4422 938 4506 fratres-5:
965 4429 1195 4506 Joannis
1215 4426 1485 4506 Baptism.
1514 4422 1625 4506 Hoc
1650 4433 1763 4506 est,
1793 4425 1860 4480 ad
1886 4423 1997 4480 fra-

2095 551 2219 591 cum
2247 533 2561 591 certaminis
2587 531 2673 586 sui
2702 526 3053 597 derelinquit,
3087 531 3143 579 ct
3166 524 3318 594 signa
3346 538 3455 579 sum
3480 524 3689 580 militize

2094 626 2334 698 deponit.
2376 623 2629 680 Tentatio
2649 629 2736 677 est
2752 622 2871 676 haec
2897 619 3041 682 vita;
3073 615 3127 670 in
3157 614 3545 670 tentationibus
3574 615 3688 670 for-

2095 726 2178 772 tes
2207 721 2413 783 estotc,’
2436 715 2489 770 in
2512 709 2947 769 tribulationibus
2979 713 3313 770 constantes,
3356 704 3487 759 nihil
3529 707 3687 762 dubi-

2096 817 2276 865 tantes
2315 810 2384 864 de
2422 804 2878 863 remuneratione.
2931 799 3094 855 Pauci
3129 805 3260 853 sunt
3302 797 3417 851 dies
3463 796 3717 861 laboris,-

2095 901 2190 957 sed
2213 898 2459 972 perpetui
2487 904 2614 953 sunt
2652 891 3024 951 retributionis
3063 890 3198 946 dies.
3258 887 3435 943 Nolite
3481 888 3688 944 turbari

2095 992 2163 1048 de
2188 992 2463 1064 paucitate
2490 996 2697 1056 vestra,
2724 987 2936 1043 dicente
2956 985 3073 1056 ipso
3093 982 3230 1039 duce
3250 989 3477 1036 nostro:
3509 981 3691 1037 Nolite

2095 1084 2274 1139 timere
2298 1082 2521 1156 pusillus
2541 1097 2687 1153 grex,
2711 1079 2959 1152 quoniam
2984 1075 3298 1146 complacuit
3331 1073 3482 1130 Patri
3519 1085 3689 1131 vestro

2096 1176 2225 1230 dare
2248 1175 2391 1230 vobis
2411 1190 2628 1246 regnum
2652 1170 2804 1245 (Luc.
2828 1186 2930 1235 xu,
2953 1166 3067 1241 3‘2).

2168 1265 2402 1319 Tantum
2428 1262 2631 1332 absque
2651 1256 3080 1316 murmuratione
3108 1264 3165 1312 et
3183 1254 3557 1312 taedioservite
3579 1254 3691 1311 Deo

2098 1356 2151 1411 in
2177 1352 2519 1410 confessione
2549 1350 2812 1421 regularis
2860 1348 3018 1412 vita};
3066 1360 3341 1414 nunquam
3387 1346 3563 1400 deerit
3604 1361 3690 1401 re-

2098 1451 2415 1500 muneratur
2448 1441 2594 1498 Deus
2613 1481 2628 1506 ,
2667 1440 2712 1495 si
2737 1446 2919 1494 vestra
2954 1452 3062 1493 non
3093 1435 3267 1491 deerit
3292 1435 3445 1489 vobis
3476 1436 3692 1490 devotio

2098 1539 2152 1593 in
2181 1537 2439 1592 servitute
2465 1534 2629 1590 illius.
2666 1532 2725 1588 Si
2763 1531 3056 1603 quidquam
3103 1529 3193 1599 pio
3217 1526 3365 1582 Patri
3394 1542 3693 1599 congrega-

2100 1630 2230 1686 tioni
2250 1636 2446 1685 vestra:
2472 1627 2684 1699 placeat
2708 1625 2996 1680 immutare
3014 1662 3030 1687 ,
3060 1619 3146 1676 vel
3170 1634 3435 1674 renovare
3464 1634 3691 1689 congre-

2100 1720 2330 1791 gationis
2375 1726 2573 1774 vestra:
2615 1716 2713 1789 (ita
2752 1712 2901 1785 ms.),
2950 1712 3116 1767 nolite
3145 1725 3488 1767 murmurare
3520 1711 3687 1779 inde;

2028 1804 2240 1866 Bsicut
2289 1805 2432 1861 enim
2479 1804 2901 1876 prudentissima
2956 1801 3074 1873 apis
3122 1801 3189 1857 de
3236 1800 3421 1856 multis
3466 1799 3692 1857 floribus

2101 1914 2265 1954 unam
2316 1897 2518 1969 colligit
2562 1896 2935 1961 dulcedinem,
2996 1894 3073 1950 ita
3111 1893 3369 1965 providus
3415 1891 3580 1948 Pater
3621 1910 3687 1949 ex

2099 1991 2393 2046 multorum
2428 1989 2678 2061 colligere
2719 1988 2880 2044 debet
2906 1986 3316 2044 conversatione
3354 2002 3520 2041 unum
3547 1988 3691 2057 npti-

2100 2096 2203 2136 mae
2228 2081 2503 2152 religionis
2522 2079 2651 2135 mel.
2706 2078 3024 2135 Nullatenus
3050 2078 3104 2133 in
3127 2091 3236 2132 uno
3272 2091 3462 2147 campo
3505 2078 3689 2132 omnia

2099 2170 2291 2226 florum
2327 2186 2523 2242 genera
2565 2170 2886 2241 colliguntur
2908 2209 2923 2234 ,
2972 2169 3046 2223 ita
3074 2180 3175 2222 nec
3212 2167 3269 2221 in
3304 2181 3412 2221 uno
3452 2167 3694 2238 quolibet

2098 2266 2275 2322 omnis
2304 2281 2515 2321 morum
2545 2264 2779 2335 dignitas
2803 2262 3031 2318 inveniri
3054 2260 3281 2331 poterit;
3307 2259 3523 2329 quidam
3545 2262 3689 2316 enim

2098 2357 2363 2412 charitate
2392 2357 2650 2421 abundat,
2679 2356 2897 2425 quidam
2926 2353 3230 2409 humi-litate
3259 2352 3443 2418 micat,
3471 2353 3692 2422 quidam

2097 2445 2455 2517 eleemosynis
2481 2443 2666 2516 fulget,
2699 2444 2920 2515 quidam
2940 2442 3208 2513 sapientia
3244 2439 3435 2506 claret,
3465 2440 3684 2510 quidam

2099 2544 2411 2591 sanctarum
2459 2534 2861 2605 Scripturarum
2907 2532 3213 2603 cognitione
3258 2530 3489 2586 lzetatur.
3560 2530 3688 2584 Ideo

2100 2629 2337 2699 sapienti
2378 2627 2446 2682 de
2491 2625 2720 2697 singulis
2760 2623 2972 2695 singula
3000 2621 3244 2693 eligenda
3292 2628 3448 2685 sunt,
3490 2627 3552 2674 ut
3597 2619 3694 2674 ﬁat

2099 2720 2258 2775 unius
2295 2732 2508 2773 corona:
2544 2715 2796 2787 splendor
2846 2715 2898 2769 in
2943 2713 3123 2767 animo
3148 2712 3319 2767 Deum
3356 2710 3691 2782 possidente,

2099 2810 2192 2881 qui
2225 2808 2417 2863 dividit
2456 2807 2745 2876 unicuique
2786 2804 3081 2860 secundum
3104 2816 3419 2858 mensuram
3455 2816 3567 2856 suae
3596 2816 3691 2855 vo-

2099 2901 2322 2956 luntatis
2348 2940 2364 2964 ,
2406 2898 2491 2954 vel
2534 2896 2944 2969 possibilitatem
2983 2893 3320 2964 accipientis.
3352 2889 3546 2946 Omnia
3571 2907 3693 2961 pro-

2101 2973 2246 3054 bate,
2280 2989 2420 3061 quod
2444 2988 2635 3042 bonum
2659 2996 2734 3041 est
2765 2994 2931 3040 tenete
2961 2983 3013 3055 (1
3046 2982 3225 3037 Thess.
3259 2997 3314 3045 v,
3346 2979 3472 3053 2i);
3504 2980 3556 3034 id
3583 2988 3689 3044 est,

2098 3081 2331 3153 plurima
2349 3079 2711 3143 considerate,
2741 3077 2946 3147 optima
2971 3089 3198 3145 quaeque
3218 3072 3421 3144 eligite.

2026 3158 2072 3222 Ο
2171 3172 2331 3243 Opto,
2364 3171 2642 3240 Deumque
2669 3168 2955 3238 deprecor,
2997 3172 3060 3220 ut
3098 3169 3284 3218 vester
3308 3175 3566 3216 numerus
3594 3176 3693 3215 au-

2100 3274 2311 3340 geatur,
2336 3272 2394 3319 et
2411 3262 2615 3319 sanctis
2635 3258 2928 3315 virtutibus
2954 3270 3168 3326 semper
3186 3253 3437 3310 florescat
3455 3293 3468 3317 ,
3499 3262 3691 3323 quate-

2098 3378 2202 3418 nus
2222 3360 2377 3416 multi
2406 3357 2602 3413 vestris
2625 3354 2782 3410 bonis
2801 3352 3122 3408 erudiantur
3145 3347 3427 3418 exemplis,
3450 3346 3616 3417 289
3635 3351 3693 3400 et

2096 3467 2194 3508 vos
2219 3450 2386 3507 multa
2408 3447 2658 3504 mercede
2684 3446 2738 3500 in
2764 3449 3054 3513 conspectu
3080 3438 3331 3495 altissimi
3364 3436 3563 3506 iudicis
3609 3434 3692 3489 di-

2096 3543 2188 3615 gui
2216 3540 2544 3604 habeamini,
2566 3538 2727 3593 beato
2750 3533 2957 3590 Joanne
2988 3530 3376 3591 intercedente,
3393 3535 3451 3581 et
3468 3525 3689 3581 Christo

2098 3633 2209 3688 Dm
2242 3633 2566 3695 miserante,
2617 3628 2874 3683 donante.
2934 3623 3122 3679 Gratia
3161 3619 3395 3675 caelestis
3433 3632 3531 3672 vos
3560 3632 3692 3686 pro.

2097 3724 2261 3778 vehat
2283 3731 2339 3778 et
2364 3724 2418 3778 in
2443 3721 2587 3777 omni
2608 3719 2750 3774 bono
2783 3714 3048 3789 proficere
3085 3712 3274 3776 faciat,
3321 3708 3519 3763 fratres
3555 3709 3693 3763 cha-

2098 3814 2320 3870 rissimi.

2535 3894 2559 3923 °
2593 3877 2930 3938 EPISTOLA
2961 3872 3258 3932 CCXXVII.

2500 3974 2520 4013 τ
2559 3989 2627 4029 an
2687 3985 2931 4037 ouosoau
3005 3978 3302 4022 nossenos.

2107 4065 2279 4120 Ambit
2306 4079 2487 4118 eorum
2519 4060 2935 4133 familiaritatem
2957 4066 3006 4111 et
3021 4054 3313 4133 .orationcs.
3336 4050 3597 4133 Hortatur
3618 4051 3691 4105 ad

2176 4135 2484 4189 charitatem
2503 4123 2530 4197 ,’
2556 4131 2901 4187 humilitatem
2925 4167 2941 4192 ,
2981 4124 3328 4197 obedientiam
3354 4162 3369 4188 ,
3404 4123 3473 4175 ad
3506 4137 3688 4175 curam

2169 4202 2423 4276 regularis
2447 4194 2737 4273 disciplina:
2794 4208 2842 4254 et
2865 4197 3037 4251 laudis
3061 4194 3273 4249 divinat.

2099 4361 2244 4417 cinio
2270 4357 2600 4415 beatissimte
2617 4353 2873 4423 Virginis,
2891 4349 3076 4423 Marize
3113 4353 3508 4423 _consecratun_1_
3516 4343 3685 4423 fuisse

2098 4414 2360 4486 Kleuinus
2386 4435 2635 4489 testetur,
2662 4414 2914 4491 invelegia
2939 4420 3006 4476 de
3029 4419 3220 4475 eodem
3247 4424 3435 4471 sancto
3462 4414 3686 4483 Wilgiso

414 4514 529 4562 tres
548 4493 858 4582 Monasterii
882 4498 1247 4582 Montis-01M
1261 4493 1452 4582 cujus
1472 4504 1661 4582 auctor
1684 4497 1995 4582 primusque
2023 4520 2074 4582 υ
2096 4515 2265 4572 prope
2291 4499 2450 4553 ﬁnem
2482 4498 2536 4551 in
2564 4496 2649 4550 his
2679 4493 2927 4549 versibus
2949 4508 2963 4543 :

417 4586 599 4633 rector
632 4574 733 4629 fuit
769 4572 1102 4629 Olomundus
1135 4584 1231 4624 seu
1266 4567 1633 4631 Olemundus;
1679 4567 1823 4637 quod
1866 4566 1994 4637 olim

417 4640 1244 4732 ξρυςειιεδξι,ιειε,.ξηεξιξαξξὲῐὶιξῐιξ
1268 4635 1909 4732 ρὲ;-,³,ί1εὶ¹1;-ἱ³ἔνξίξξὲκ
1934 4635 1998 4732 t‘f

420 4706 872 4770 L'astro-Matasti
890 4751 905 4776 ,
937 4713 990 4767 in
1019 4709 1238 4765 dimcesi
1268 4706 1721 4772 Carcassonensi,
1751 4708 1910 4762 situm
1942 4706 1997 4759 in

421 4786 766 4843 Vallcsecura
805 4780 871 4837 ad
914 4782 1087 4850 ripam
1128 4778 1330 4850 Durani
1359 4776 1453 4849 (la
1483 4776 1950 4850 Duraneetfluvii
1982 4793 1993 4850 ξ

420 4872 566 4912 nunc
618 4861 829 4909 tantum
876 4845 1063 4906 notum
1108 4858 1192 4904 est
1218 4849 1320 4903 sub
1364 4845 1583 4902 nomine
1636 4845 1997 4901 MontisOlivi

423 4924 800 4999 (Montoliou)
834 4918 1392 4999 superestquenetiam.
1436 4934 1611 4999 nunc,
1660 4926 1783 4986 post
1823 4917 2002 4997 varias

423 4987 600 5058 vices,
653 4995 755 5049 sub
782 4987 1152 5048 celeberrima
1198 4988 1542 5044 Benedictiua
1585 4987 2001 5058 congregatione

422 5055 820 5206 satnctiﬁbfgturi.
851 5061 869 5136 (
896 5058 1129 5125 Mabill.,
1164 5058 1286 5114 libr.
1332 5074 1437 5111 xxv
1476 5055 1669 5112 Annal.
1697 5055 1830 5126 pag.
1870 5055 1998 5117 ‘25],

425 5153 574 5192 num.
644 5176 658 5191 .

425 5154 493 5192 "ll
501 5153 551 5190 m
561 5176 574 5188 .
606 5153 658 5191 υ.

496 5221 519 5247 ο
565 5196 714 5261 lianc
744 5202 1217 5272 congregationem
1242 5239 1263 5272 ,Α
1288 5213 1447 5268 quam
1466 5197 1710 5272 primam
1742 5196 2002 5272 Aleuinus

423 5267 1144 5346 gubernandum-suscepit,
1191 5267 1356 5346 fuisSe
1402 5267 1590 5346 cellam
1639 5268 1999 5346 maritimam,

425 5337 583 5404 sitam
612 5347 665 5401 in
692 5344 968 5417 provincia
992 5337 1459 5417 Northumbraua,
1483 5345 1540 5417 ei
1562 5337 1777 5417 quidem
1806 5338 1858 5417 in
1886 5352 2005 5417 pro-

428 5404 715 5472 montoriis
744 5415 879 5471 mari
912 5413 1126 5469 Oceano
1155 5419 1209 5466 et
1237 5409 1462 5464 Humbri
1508 5404 1669 5461 fluvio
1709 5404 1998 5477 proximis,

428 5487 522 5539 ubi
578 5495 798 5542 sanctus
834 5483 1092 5554 Wilgisus
1129 5490 1284 5554 pater
1320 5479 1493 5533 sancti
1536 5475 1867 5554 Willibrordi
1904 5475 2006 5554 h_u-

427 5563 607 5630 matus
636 5565 748 5622 est,
777 5546 1044 5625 quispiam
1072 5546 1402 5630 egistimarc.
1428 5556 1649 5630 posset;
1684 5549 1822 5630 hanc
1859 5546 2004 5630 enim

426 5623 620 5680 cellam
665 5615 746 5678 sc'
769 5615 861 5687 per
902 5615 1255 5678 successiones
1302 5615 1560 5689 legitimas
1610 5615 2004 5689 gubernandum

427 5695 713 5765 suscepisse
760 5675 1176 5765 chuin‘us‘jpse
1227 5675 1484 5765 testatur,
1515 5675 1726 5765 iumVita
1759 5685 2003 5756 prosaica

429 5755 669 5834 ejusdem
722 5763 891 5834 sancti
917 5755 1270 5834 _Wi|librordi
1310 5774 1426 5826 cap.
1468 5755 1798 5834 f._Ohst:_t_re_
1828 5765 2003 5809 tamen

432 5827 559 5895 Huic
582 5833 818 5909 upiuioui
844 5832 1073 5893 Videtur,
1097 5830 1239 5896 quod
1265 5828 1643 5882 monasterium
1671 5827 1799 5881 illud
1827 5834 2005 5895 patro~

2260 4589 2449 4649 Corpus
2465 4588 2513 4633 in
2536 4583 2754 4635 Ecclesia
2773 4584 3008 4649 curarunt
3030 4576 3255 4649 condere
3268 4574 3460 4649 irati-rs,

2315 4637 2435 4709 Quae
2459 4652 2730 4709 consultius
2754 4645 2904 4709 maris
2918 4648 3013 4709 stat.
3027 4651 3188 4709 prope
3208 4637 3467 4709 littoribus,

2253 4698 2417 4767 Atque
2435 4716 2619 4767 sacrata
2640 4705 2731 4755 Dei
2754 4703 2967 4767 gepjtrix
2993 4698 3266 4767 clarissima
3289 4698 3484 4755 Christi,

2360 4772 2524 4821 omine
2547 4761 2795 4829 fulgescitT,
2822 4763 2970 4825 Virgo
2993 4761 3161 4822 Maria,
3180 4766 3283 4808 tuo.

2175 4855 2285 4911 Sed
2319 4849 2567 4907 fortassis
2600 4847 2789 4903 eadem
2821 4844 2954 4900 cella
2993 4849 3238 4898 sanctum
3271 4852 3490 4911 quoque
3523 4836 3679 4911 toan.

2101 4907 2402 4994 Baptistam
2444 4929 2730 4989 patronum
2782 4914 2947 4969 coluit
2970 4930 3002 4994 ;_
3038 4911 3219 4994 plures
3257 4907 3403 4994 enim
3445 4907 3684 4994 ejusdem

2102 4978 2204 5052 loci
2232 4978 2730 5059 sancws'patronps
2755 5000 2876 5040 esse
2895 5024 2909 5048 ,
2937 4978 3226 5059 admodum
3259 4978 3649 5059 frequenscst.

2171 5046 2204 5103 ἷί
2240 5046 2613 5118 Οιοηιιιηὶἰωη.
2659 5056 2732 5111 De
2759 5071 2867 5126 quo
2893 5046 3053 5126 supra
3071 5092 3086 5114 ,
3118 5049 3291 5126 no_t._b
3312 5089 3327 5112 ,
3355 5046 3449 5117 Qui
3478 5046 3689 5126 _olii_is§e

2102 5115 2324 5189 dicitur,
2353 5145 2495 5185 anno
2543 5127 2668 5191 827,
2713 5115 2793 5179 ιη’
2814 5115 3325 5184 ldus—Decembris,
3352 5115 3494 5188 apud
3545 5115 3684 5170 Μαι).

2103 5205 2225 5260 libr.
2256 5218 2361 5256 xxx
2389 5196 2608 5261 Annal.,
2639 5211 2788 5251 num.
2820 5194 2909 5248 21.

2180 5286 2203 5349 2
2239 5272 2471 5349 Erebu-
2504 5268 2661 5349 ςνὶειε
2694 5265 2822 5349 ﬁt:

2184 5343 2203 5383 τ
2246 5325 2400 5396 Nullo
2437 5325 2636 5393 indicio
2668 5335 2917 5405 proditur
2939 5329 3233 5405 cuiusnam
3258 5327 3576 5405 monasterii
3605 5325 3689 5405 vel

2105 5409 2535 5485 congregationis
2577 5398 2774 5485 fratres
2816 5398 3040 5485 fuerint,
3066 5400 3133 5455 ad
3174 5398 3318 5478 quod
3362 5398 3572 5485 scripta
3606 5403 3690 5485 est

2105 5466 2241 5539 132st"
2271 5466 2535 5544 epistola;
2587 5477 2910 5531 documenta
2952 5486 3084 5526 vero
3113 5466 3375 5544 egregia,
3422 5476 3476 5544 et
3519 5466 3687 5544 hicet

2107 5536 2233 5609 alibi
2262 5536 2465 5606 affatim
2492 5536 2560 5602 ab
2586 5545 2813 5601 Alcuino
2840 5556 3062 5613 sparsa,
3096 5536 3686 5613 dc'mutuaeharitate,

2107 5606 2430 5684 humilitate,
2461 5615 2785 5680 obedientia,
2815 5606 2885 5668 de
2906 5611 3053 5683 vigili
3094 5623 3225 5684 cura
3242 5607 3429 5684 laudis
3455 5606 3684 5684 divinae,

2108 5677 2174 5749 de
2212 5677 2441 5763 regulari
2482 5677 2802 5763 disciplina,
2830 5677 2990 5763 etet,
3005 5678 3258 5763 monachi
3300 5691 3487 5734 omnes
3526 5677 3595 5731 ad
3632 5687 3690 5730 se

2107 5751 2376 5832 pertinuere
2404 5767 2457 5816 et
2489 5751 2687 5813 directa
2717 5770 2834 5810 esse
2864 5751 3187 5807 existiment.
