4012 6188
331 368 433 426 503i

1774 363 2149 424 EPISTOLIE.

3478 371 3581 428 506

406 487 719 549 Venerando
743 483 920 547 Patri,
948 491 1003 539 et
1035 480 1390 538 sanctissimis
1417 480 1678 537 fratribus
1703 482 1755 536 in
1781 496 1909 536 con-
1939 485 1982 541 Α
2012 480 2284 549 dignetur,
2322 488 2377 534 et
2415 480 2484 534 ad
2520 487 2781 535 aeternum
2821 495 3044 551 regnum
3081 482 3363 550 pervenire
3399 498 3588 539 conce-

330 581 641 657 gregatione
667 575 968 631 beatissimi
995 570 1322 630 confessoris
1348 570 1550 627 Christi
1591 571 1809 627 humilis
1835 572 1910 627 lc-

334 675 438 729 vita
467 671 696 727 Albinus
724 667 977 725 salutem.

401 763 657 820 Gaudeas
676 767 875 815 vestrae
896 754 1249 813 beatitudinis
1272 752 1453 809 audivi
1474 753 1908 824 prosperitatem,

334 863 388 912 et
409 853 714 924 religiosam
727 850 895 904 vitam
917 855 973 903 et
987 847 1098 902 Deo
1118 845 1438 915 condignam
1453 884 1469 910 ,
1493 852 1657 913 atque
1679 844 1913 899 homini-

336 951 437 1003 bus
470 942 791 1000 laudabilem
816 957 832 1007 ;
863 946 1195 1010 quapropter
1226 951 1362 991 mae
1393 936 1678 1006 parvitatis
1715 950 1912 990 nomen

333 1036 645 1109 diligentius
668 1032 872 1088 sanctis
897 1030 1097 1085 vestris
1120 1027 1459 1084 orationibus
1482 1026 1823 1090 commendo,
1852 1032 1914 1080 ut

335 1143 424 1183 me
447 1125 691 1183 habeatis
711 1121 867 1192 quasi
889 1135 1056 1176 unum
1074 1135 1140 1175 ex
1162 1118 1334 1174 vobis.
1355 1117 1469 1188 Ego
1487 1131 1618 1172 vero
1640 1122 1912 1186 peccator,

333 1219 564 1275 multum
610 1214 855 1283 indigens
902 1218 1214 1267 sanctorum
1263 1208 1645 1263 intei-cessione
1667 1248 1682 1274 ,
1735 1206 1914 1262 sciens

334 1308 560 1363 multum
599 1304 779 1359 valere
814 1300 1220 1371 deprecationes
1253 1296 1551 1367 iustorum,
1588 1295 1744 1365 juxta
1787 1309 1916 1364 apo-

333 1398 457 1453 stoli
502 1395 689 1451 Jacobi
732 1391 1128 1454 testimonium,
1175 1390 1312 1444 nihil
1352 1389 1420 1444 de
1461 1388 1598 1444 meis
1639 1387 1916 1443 conlidens

335 1486 571 1547 meritis,
603 1485 699 1539 sed
728 1491 898 1537 totum
924 1495 1011 1535 me
1035 1495 1134 1550 per
1161 1478 1485 1533 famulorum
1512 1478 1715 1533 Christi
1744 1479 1914 1532 inter-

333 1577 611 1632 cessiones
637 1574 830 1629 divina:
855 1572 1043 1642 gratia:
1078 1569 1500 1634 commendans;
1541 1575 1596 1623 et
1635 1568 1762 1624 licet
1791 1583 1918 1638 pec-

333 1666 472 1723 catis
498 1665 636 1721 meis
663 1662 1080 1733 impedientibus
1121 1676 1230 1716 non
1275 1661 1379 1715 sim
1420 1660 1616 1731 dignus
1641 1661 1783 1715 inter
1820 1676 1916 1716 eos

333 1757 605 1813 numerari
623 1797 639 1822 ,
668 1764 850 1810 tamen
868 1795 885 1819 ,
917 1754 1029 1808 Deo
1052 1752 1344 1808 miserante
1361 1792 1376 1818 ,
1404 1752 1516 1807 Deo
1544 1752 1666 1808 illos
1690 1753 1916 1823 diligere

2012 571 2104 624 dat
2124 612 2138 635 ,
2176 571 2331 641 cujus
2363 572 2483 627 laus
2513 573 2584 627 sit
2617 587 2831 641 semper
2863 573 2917 626 in
2954 588 3049 628 ore
3083 582 3137 628 et
3170 574 3223 627 in
3261 575 3424 630 corde
3456 575 3588 630 cha-

2011 663 2188 717 ritatis
2224 672 2455 729 vestrae;
2492 665 2618 734 quia
2657 666 2775 719 hac
2806 674 2892 720 est
2923 674 3232 721 sanctorum
3267 667 3378 722 vita
3404 707 3419 732 ,
3470 667 3588 723 laus

2010 757 2270 812 bonitatis
2292 756 2495 812 Christi
2520 766 2576 813 et
2598 759 2841 813 charitas
2881 759 2933 812 in
2956 760 3240 827 praesentia
3266 759 3408 814 illius
3426 799 3443 823 ,
3469 775 3589 829 quae

2019 863 2300 918 nunquam
2332 851 2546 905 excedit
2581 849 2813 921 μεσπι,
2837 850 3060 922 excidit]
3082 890 3098 916 ,
3135 865 3411 921 nunquam
3446 866 3588 920 prte-

2015 939 2173 1004 tcrit,
2216 954 2494 1009 nunquam
2519 940 2760 1006 fastidit;
2791 948 2846 995 et
2866 941 3173 1010 quicunque
3197 943 3394 1011 smpius
3422 942 3476 996 in
3506 940 3609 1001 his.

2013 1032 2067 1087 in
2094 1033 2195 1087 hac
2219 1032 2430 1087 mortali
2457 1033 2564 1086 vita
2585 1041 2854 1097 versatur,
2876 1033 3134 1103 majorem
3161 1041 3469 1087 sanctorum
3495 1051 3588 1089 an-

2011 1122 2254 1195 gelorum
2292 1122 2697 1179 similitudinem
2724 1124 2926 1190 habet;
2955 1124 3132 1193 angeli
3157 1138 3285 1178 vero
3319 1124 3415 1178 Dei
3451 1139 3592 1179 sem-

2012 1228 2110 1283 per
2136 1213 2189 1267 in
2213 1212 2415 1284 vigiliis
2442 1212 2611 1268 Deum
2654 1213 2906 1279 laudant;
2948 1221 3005 1268 et
3043 1214 3135 1284 qui
3166 1214 3390 1284 vigilare
3415 1215 3593 1270 studet

2014 1303 2082 1358 ad
2128 1303 2314 1358 laudes
2350 1303 2476 1369 Dei,
2520 1304 2816 1375 angelicam
2857 1306 3023 1359 vitam
3068 1306 3180 1377 agit
3216 1306 3270 1359 in
3314 1305 3510 1371 terris;
3539 1313 3595 1359 et

2013 1396 2158 1465 quod
2200 1410 2389 1451 omnes
2436 1396 2607 1450 sancti
2655 1397 2830 1451 acturi
2877 1404 3004 1452 sunt
3045 1398 3100 1451 in
3144 1398 3335 1461 cmlis,
3382 1405 3592 1467 tempo-

2015 1488 2166 1542 ribus
2194 1488 2487 1543 secundum
2522 1489 2815 1543 humanam
2852 1489 3197 1559 fragilitatem
3232 1490 3450 1545 statutis
3484 1490 3597 1559 agit

2015 1578 2071 1633 in
2095 1579 2275 1633 terris.
2320 1578 2436 1633 Non
2481 1594 2735 1644 somnus,
2780 1596 2887 1634 non
2926 1580 3184 1635 suculam
3224 1580 3591 1644 desiderium,

2015 1682 2117 1723 nec
2160 1683 2299 1723 vana
2343 1670 2597 1739 cogitatio
2642 1670 2899 1739 impediat
2937 1686 3155 1725 cursum
3192 1671 3469 1742 religionis
3508 1686 3598 1725 ve-

2016 1768 2175 1825 strm,
2203 1766 2259 1815 et
2294 1759 2480 1816 laudes
2511 1760 2739 1825 divinas,
2765 1768 2825 1815 nt
2859 1762 3115 1831 angelica:
3145 1762 3483 1816 visitationes
3515 1761 3597 1815 in-

333 1848 447 1903 scio
469 1856 525 1903 et
546 1846 651 1901 illis
670 1847 931 1901 honorem
960 1843 1269 1913 impendere
1291 1841 1529 1897 debitum
1553 1840 1662 1913 [Ita
1682 1858 1780 1896 ms.
1799 1858 1911 1895 εον·
1946 1834 1990 1894 Β
2014 1850 2236 1904 veniant,
2257 1865 2693 1920 unumquemque
2713 1858 2952 1905 vestrum
2982 1851 3037 1906 in
3064 1851 3183 1907 loco
3207 1866 3306 1907 suo
3330 1858 3561 1905 stantem
3579 1890 3594 1913 ,

335 1939 526 2011 rapte].
554 1938 893 2008 Quapropter
917 1934 1113 1993 obnixe
1138 1936 1417 2003 deprecor,
1445 1941 1508 1987 ut
1532 1947 1619 1988 me
1642 1947 1706 1987 ea
1730 1932 1913 1987 chari-

335 2038 447 2084 tate
485 2026 791 2097 recipiatis,
819 2040 927 2096 qua
957 2040 1053 2080 vos
1077 2024 1356 2079 humiliter
1382 2024 1633 2093 deposco.
1665 2022 1916 2079 Charitas

332 2121 479 2176 enim
503 2119 734 2191 benigna
759 2126 873 2183 est,
896 2118 951 2172 in
973 2131 1077 2188 qua
1100 2123 1213 2172 tota
1233 2132 1512 2171 servorum
1532 2115 1629 2171 Dei
1654 2116 1763 2170 vita
1789 2130 1917 2170 con-

332 2215 496 2281 sistit,
528 2230 692 2284 quam
721 2221 901 2268 vestra
932 2210 1287 2273 unanimitas,
1317 2210 1458 2265 sicut
1486 2209 1645 2264 audio
1667 2250 1681 2273 ,
1714 2209 1917 2279 optime

333 2307 524 2372 habet,
551 2321 647 2376 per
668 2320 828 2376 quem
858 2302 1064 2377 [Forte,
1080 2301 1264 2375 quam]
1280 2302 1444 2357 vitam
1469 2309 1726 2357 aeternam
1754 2301 1916 2357 habe-

332 2401 438 2464 bit,
468 2399 775 2469 quicunque
800 2398 1003 2452 hahere
1028 2396 1223 2467 dignus
1252 2397 1392 2463 erit;
1425 2411 1588 2467 quam
1612 2404 1723 2451 toto
1752 2395 1916 2451 corde

283 2469 303 2491 ’
334 2490 656 2561 sequimini,
689 2487 993 2545 charissimi
1029 2486 1225 2542 fratres
1246 2527 1261 2553 ,
1301 2488 1428 2556 quia
1471 2494 1582 2542 tota
1622 2487 1915 2542 monacho-

337 2600 453 2638 rum
481 2584 588 2637 vita
616 2583 670 2637 in
699 2581 968 2636 eharitate
989 2619 1006 2647 ,
1036 2579 1340 2634 humilitate
1378 2587 1433 2633 et
1455 2577 1759 2633 obedientia
1788 2592 1916 2633 con-

336 2675 515 2739 sistit;
546 2681 601 2729 et
626 2673 753 2743 quia
786 2680 966 2727 vestra
1002 2671 1177 2741 pietas
1208 2668 1378 2722 Deum
1412 2668 1577 2738 elegit
1604 2668 1708 2722 sibi
1735 2667 1914 2722 domi-

337 2782 461 2820 num
492 2773 550 2819 et
576 2778 789 2834 regem,
821 2770 932 2817 tota
961 2761 1161 2816 virtute
1190 2759 1361 2814 Deum
1388 2766 1600 2823 amate,
1631 2766 1686 2812 et
1711 2772 1916 2827 ιιι-ποε-

334 2855 445 2925 ptis
466 2852 584 2921 ejus
609 2851 832 2907 obedire
854 2850 1087 2906 studete.
1116 2848 1499 2917 Unusquisque
1522 2847 1674 2902 alteri
1702 2846 1774 2901 sit
1799 2861 1914 2900 ma-

332 2946 500 3015 gister
527 2944 580 2999 in
610 2958 772 3014 opere
797 2943 956 3005 bono,
986 2948 1043 2995 et
1066 2940 1435 3009 unusquisque
1454 2938 1608 2992 alteri
1620 2937 1913 3007 discipulus

334 3037 388 3092 in
419 3034 737 3091 humilitatis
761 3032 1063 3089 obedientia
1083 3071 1098 3096 ,
1126 3030 1340 3086 dicente
1375 3026 1632 3099 Apostolo
1658 3042 1672 3081 :
1708 3027 1768 3082 Si
1794 3043 1911 3081 vero

331 3129 533 3197 iuniori
559 3126 836 3182 revelatum
863 3124 959 3194 ﬁat
980 3164 997 3190 ,
1026 3124 1172 3194 prior
1195 3130 1363 3176 taceat
1395 3119 1415 3193 (
1432 3120 1462 3174 Ι
1489 3117 1614 3174 Cor.
1645 3135 1756 3185 xlv,
1784 3117 1906 3191 50).

334 3221 567 3293 Spiritus
587 3219 724 3273 enim
751 3217 839 3272 ubi
864 3215 972 3271 vult
996 3216 1160 3286 spirat
1183 3212 1375 3285 (Joan.
1400 3228 1461 3267 tu
1481 3252 1497 3278 ,
1523 3211 1611 3283 8).
1640 3210 1735 3265 Dei
1764 3211 1912 3265 enim

328 3311 534 3368 donum
577 3318 684 3375 est,
724 3309 770 3364 si
813 3308 935 3377 quis
982 3313 1129 3361 recta
1178 3302 1457 3372 intelligit,
1506 3302 1551 3357 si
1602 3302 1726 3372 quis
1768 3301 1915 3370 juste

333 3409 519 3468 amat;
550 3400 647 3455 Dei
675 3400 875 3455 donum
902 3397 959 3452 in
986 3394 1132 3452 nulla
1175 3402 1364 3459 aetate,
1397 3393 1453 3447 in
1494 3393 1639 3447 nulla
1683 3406 1913 3463 persona

331 3493 781 3549 contemnendum
809 3498 912 3547 est.

2016 1940 2292 2011 Deumque
2326 1942 2658 1996 laudantem.
2697 1942 2868 2013 igitur
2903 1943 2995 2012 qui
3037 1943 3092 1997 in
3132 1944 3236 1998 hac
3272 1942 3600 1998 mortalitate

2015 2032 2185 2087 Deum
2227 2033 2450 2088 laudare
2490 2033 2729 2097 student,
2764 2034 2818 2087 in
2872 2033 3127 2089 felicitate
3166 2041 3427 2104 perpetua
3473 2048 3596 2088 cum

2015 2122 2301 2179 Psalmista
2353 2131 2576 2179 cantare
2624 2124 2870 2178 habent:
2924 2124 3076 2179 Beati
3122 2126 3211 2195 qui
3259 2124 3492 2177 habitant
3540 2124 3601 2177 in

2014 2215 2170 2269 domo
2206 2225 2297 2269 tua
2315 2255 2331 2280 ,
2360 2215 2618 2281 Domine,
2661 2216 2720 2269 in
2748 2214 2998 2270 arculum
3025 2215 3207 2270 διετειιὶ
3231 2215 3520 2269 laudabunt
3547 2224 3601 2270 lc

2015 2307 2034 2377 (
2058 2305 2261 2361 Psalm.
2289 2321 2495 2362 Lxxxtu
2517 2348 2531 2369 ,
2565 2307 2600 2362 5
2624 2307 2667 2380 ).

2084 2397 2339 2453 Sanctam
2366 2413 2494 2453 vero
2526 2398 2943 2454 unanimitatem
2977 2404 3249 2463 vestram,
3290 2396 3597 2452 charissimi

2013 2490 2245 2556 fratres,
2272 2490 2532 2546 Dominus
2564 2491 2709 2545 Deus
2743 2492 2797 2545 in
2833 2492 2980 2545 omni
3012 2491 3278 2559 prolicere
3307 2488 3470 2544 faciat
3510 2489 3602 2544 bo-

2013 2599 2114 2648 no,
2137 2591 2193 2638 et
2232 2583 2301 2638 ad
2331 2591 2551 2639 aeterna:
2581 2583 2930 2637 beatitudinis
2963 2581 3276 2637 felicitatem
3317 2580 3600 2650 pervenire

2014 2676 2278 2732 concedat
2300 2715 2318 2742 ,
2354 2674 2691 2731 dilectissimi
2726 2673 2944 2729 fratres.

2433 2798 2459 2827 ι
2490 2784 2823 2841 EPISTOLA
2857 2785 3176 2841 CCXXVIII.

2445 2893 2513 2932 AD
2570 2893 2854 2932 ARNOLDl'Il
2912 2890 3177 2932 Αῐιηλτεκ.

2011 2970 2217 3025 Laudat
2255 2985 2436 3024 eorum
2469 2970 2949 3032 conversationem;
2994 2968 3235 3021 hortatur
3279 2968 3347 3021 ad
3384 2969 3595 3021 virtutes

2080 3040 2349 3124 religiosas
2369 3080 2403 3122 ,.
2423 3040 2711 3120 prasertim
2729 3048 3103 3124 paupertatem
3143 3040 3198 3092 in
3234 3039 3477 3093 conviviis
3494 3077 3512 3103 ,
3540 3040 3595 3094 in

2085 3115 2311 3165 nummis
2338 3151 2353 3177 ,
2384 3115 2441 3164 in
2472 3115 2813 3172 vestimentis,
2846 3115 2950 3164 etc.

2090 3222 2410 3278 Venerando
2444 3221 2594 3276 Patri
2622 3221 2652 3262 ιι
2680 3218 2920 3275 Arnoldo
2949 3220 3131 3275 abbati
3159 3228 3215 3275 et
3242 3226 3444 3276 sanctae
3469 3234 3597 3275 con-

2014 3314 2314 3384 gregationi
2332 3353 2349 3379 ,
2374 3311 2596 3367 humilis
2623 3311 2784 3366 levita
2810 3310 3039 3367 Albinus
3065 3310 3316 3366 salutem.

2085 3403 2232 3459 Satis
2264 3403 2396 3459 mihi
2432 3402 2637 3474 placuit
2674 3402 2923 3473 religiosa
2957 3403 3300 3459 conversatio
3331 3409 3511 3458 vestra
3539 3402 3595 3458 in

2014 3496 2240 3551 Domino
2260 3536 2277 3561 ,
2309 3501 2364 3550 et
2392 3494 2676 3550 charitatis
2703 3493 3008 3560 humilitas,
3039 3501 3096 3548 et
3137 3492 3395 3549 Ecclesiae
3433 3508 3598 3549 orna-

401 3583 660 3640 Seniores
706 3584 848 3638 inter
894 3596 991 3637 vos
1029 3579 1274 3650 iuniores
1316 3579 1595 3645 erudiant,
1645 3587 1708 3633 ut
1752 3578 1911 3649 digne

2019 3593 2102 3640 tus
2123 3625 2138 3649 ,
2171 3592 2227 3640 et
2252 3584 2561 3648 domorum,
2595 3599 2731 3653 quas
2760 3584 2814 3637 in
2844 3583 3077 3637 transitu
3107 3581 3394 3637 cernebam
3416 3621 3431 3646 ,
3465 3597 3595 3636 con-

335 3672 563 3748 [Forte,
597 3672 776 3745 digni]
812 3672 1114 3728 habeantur
1147 3686 1245 3741 pro
1278 3685 1337 3726 se
1365 3670 1420 3724 in
1450 3685 1549 3725 suo
1578 3678 1725 3725 stare
1752 3669 1911 3736 loco;
2012 3675 2257 3740 stitutio,
2287 3683 2344 3730 et
2369 3674 2682 3729 dulcissima
2711 3673 3010 3743 susceptio,
3042 3688 3149 3743 qua
3188 3689 3275 3729 me
3307 3689 3431 3729 cum
3472 3690 3589 3728 ma-

331 3768 520 3822 docete
548 3781 645 3821 eos
674 3765 727 3818 in
757 3765 903 3819 omni
938 3761 1376 3826 mansuetudine,
1412 3760 1722 3816 erudientes
1749 3760 1804 3814 in
1842 3760 1911 3815 ti-
2012 3782 2115 3837 gna
2142 3766 2509 3821 familiaritate
2534 3764 2886 3834 suscepistis;
2912 3780 3241 3837 cognoscens
3266 3766 3321 3821 in
3342 3767 3599 3823 cordibus

330 3873 483 3914 more
509 3856 641 3922 Dei;
673 3864 735 3910 ut
761 3856 970 3911 discant
997 3854 1066 3909 ab
1094 3854 1315 3909 ineunte
1338 3860 1499 3908 astate
1526 3852 1639 3908 Deo
1674 3853 1907 3917 servire,
2011 3857 2208 3912 vestris
2244 3855 2395 3909 illum
2432 3855 2632 3910 habere
2658 3864 3017 3924 praeparatam
3061 3857 3451 3914 habitationem
3501 3860 3595 3929 qui

328 3957 384 4004 et
418 3948 708 4020 praeceptis
740 3947 1082 4018 regularibus
1114 3946 1414 4003 informari.
1449 3943 1703 4001 Iuniores
1750 3944 1915 4014 290
2014 3948 2150 4004 dixit
2177 3961 2193 4001 :
2233 3948 2301 4001 In
2333 3947 2431 4000 hoc
2464 3955 2773 4017 cognoscent
2806 3962 2984 4001 omnes
3004 3987 3019 4011 ,
3055 3936 3179 4018 quia
3211 3950 3314 4003 mei
3348 3949 3595 4020 discipuli

330 4041 574 4097 debitum
608 4040 869 4095 honorem
901 4038 1206 4094 senioribus
1238 4036 1587 4108 impendant;
1618 4037 1738 4092 sitis
1767 4036 1911 4091 enim
2012 4040 2155 4105 estis,
2177 4040 2224 4093 si
2248 4036 2577 4093 dilectionem
2601 4037 2886 4091 habueritis
2914 4036 2984 4091 ad
3009 4038 3226 4091 invicem
3254 4036 3434 4108 (Joan.
3460 4054 3591 4105 xm,

329 4133 471 4187 sicut
498 4147 670 4186 unum
698 4145 917 4200 corpus,
940 4129 1076 4185 alter
1101 4129 1321 4185 alterius
1350 4130 1599 4196 membra,
1628 4139 1685 4183 ut
1710 4130 1768 4183 in
1800 4145 1911 4183 συι-
2013 4132 2083 4189 55
2109 4130 2151 4203 ).
2189 4129 2313 4186 Ideo
2346 4128 2573 4201 supplici
2602 4127 2982 4199 deprecatione
3013 4127 3308 4183 exhortans
3342 4128 3594 4183 fraterni-

331 4223 482 4277 nibus
520 4220 896 4290 honori/icetur
920 4220 1063 4275 Deus
1098 4218 1292 4292 (Rom.
1340 4235 1447 4284 xu,
1474 4217 1581 4290 5),
1626 4226 1683 4273 et
1721 4234 1912 4275 omnes
2012 4230 2179 4278 tatem
2216 4228 2452 4278 vestram
2489 4227 2551 4275 ut
2586 4219 2643 4275 in
2676 4218 2916 4290 perfecta
2953 4218 3315 4290 pel-maneatis
3361 4217 3593 4274 fideliter

328 4312 687 4377 aedificentur,
716 4319 773 4367 et
798 4326 988 4367 omnes
1015 4311 1083 4367 ad
1111 4309 1339 4381 gloriam
1368 4317 1643 4379 perpetua
1678 4310 1911 4365 beatitu-

2019 4316 2303 4383 charitate,
2334 4322 2390 4370 et
2431 4311 2722 4370 concordia
2766 4311 2919 4384 pacis
2961 4312 3104 4367 inter
3144 4324 3240 4365 vos
3283 4309 3493 4381 vigeat,
3536 4316 3593 4364 et

328 4402 471 4457 diuis
494 4402 782 4473 pervenire
808 4411 1124 4457 mereantur
1152 4400 1225 4473 (1
1252 4401 1399 4456 Petr.
1427 4416 1500 4466 iv,
1530 4399 1591 4455 ll
1620 4399 1660 4475 ).

2019 4407 2327 4464 obedientia:
2350 4405 2514 4461 decus
2537 4403 2877 4475 resplendeat
2894 4402 2948 4456 in
2965 4400 3372 4456 conversatione
3387 4405 3587 4463 vestra,

397 4493 607 4563 Scripsi
642 4494 797 4549 vobis
829 4494 929 4548 has
965 4509 1165 4565 paucas
1198 4494 1465 4550 litterulas
1507 4509 1575 4550 ex
1623 4494 1907 4551 charitatis
1939 4532 1988 4593 ι)
2009 4506 2066 4554 et
2089 4497 2407 4552 humilitatis
2430 4496 2687 4550 honestas
2709 4493 2959 4548 videatur
2984 4491 3037 4546 in
3064 4491 3211 4547 omni
3235 4498 3356 4546 actu
3384 4497 3588 4553 vestro,

330 4582 510 4648 fonte,
538 4598 646 4638 non
674 4585 830 4653 quasi
862 4585 1252 4655 ignorantibus,
1284 4587 1379 4642 sed
1405 4587 1559 4656 quasi
1589 4588 1702 4643 haec
1726 4591 1905 4644 omnia
1941 4581 1982 4593 “’
2009 4597 2065 4643 et
2098 4586 2341 4657 corporis
2377 4585 2598 4640 castitas
2630 4584 2784 4654 quasi
2827 4581 2937 4637 lilia
2974 4581 3165 4638 floreat
3204 4581 3257 4635 in
3297 4589 3588 4651 conspectu

329 4672 524 4728 melius
555 4672 883 4741 scientibus,
913 4682 970 4731 et
1007 4674 1063 4729 in
1097 4674 1211 4730 Deo
1238 4676 1549 4747 diligentius
1582 4679 1908 4747 perﬁcienti-

330 4762 429 4817 bus
450 4780 468 4831 ;
493 4770 550 4817 et
573 4771 634 4817 ut
661 4779 839 4819 meam
866 4765 1010 4820 circa
1034 4772 1269 4820 vestram
1296 4766 1525 4822 salutem
1546 4807 1563 4834 ,
1585 4768 1693 4823 imo
1718 4778 1772 4823 et
1794 4785 1908 4825 om-

328 4852 481 4907 nium
515 4868 798 4909 servorum
834 4855 930 4912 Dei
968 4855 1309 4926 cognoscatis
1337 4856 1699 4926 voluntatem,
1750 4869 1806 4915 et
1848 4867 1909 4914 ut

328 4944 754 5002 familiaritatem
784 4947 978 5003 anima:
1004 4963 1139 5004 mea!
1166 4948 1352 5004 sciatis
1378 4948 1518 5020 apud
1555 4965 1670 5006 vos.
1717 4952 1906 5006 Vestra

327 5049 459 5090 vero
490 5036 711 5091 bonitas
741 5045 797 5092 et
829 5037 1068 5093 fraterna
1105 5038 1409 5095 humilitate
1443 5039 1583 5111 legat
1607 5083 1622 5107 ,
1665 5051 1721 5098 et
1752 5044 1908 5099 solita

328 5125 530 5195 pietate
572 5127 831 5197 recipiat,
880 5143 1001 5197 qua:
1043 5127 1197 5184 vobis
1240 5130 1479 5186 scribere
1522 5134 1727 5187 curavi.
1767 5133 1909 5189 Deus

326 5228 460 5272 vero
487 5217 658 5273 totius
684 5208 1067 5275 consolationis
1092 5219 1255 5276 Pater
1288 5236 1383 5277 vos
1411 5222 1609 5292 ubique
1642 5223 1907 5280 consolari

394 5384 424 5413 ι
457 5370 716 5438 Froben.,
742 5374 900 5438 epist.
929 5374 1056 5430 225.

398 5440 441 5525 b_
458 5440 900 5525 Arnoldoabbati.
914 5444 1079 5525 Cujus
1093 5450 1425 5525 monasterii,
1442 5450 1573 5525 mihi
1594 5450 1905 5525 h_a_ud_com-

324 5518 543 5579 pertum
568 5522 650 5586 est
665 5514 836 5586 ;_idem
849 5516 993 5586 enim
1006 5530 1127 5571 esse
1142 5521 1457 5586 nequitcum
1470 5520 1698 5575 Arnulfo
1713 5522 1904 5578 abbate

327 5582 645 5663 monasterii
667 5582 990 5663 Clonnensis
1014 5586 1148 5663 et_S.
1180 5582 1436 5663 Florentii
1469 5590 1547 5663 ad
1590 5591 1823 5663 Ligerim
1851 5593 1903 5647 in

327 5649 548 5724 dioecesi
570 5651 962 5724 Andegavensi,
987 5657 1079 5724 qui
1101 5665 1288 5712 sancto
1307 5659 1594 5713 Benedicto
1611 5649 1902 5716 Anienensi

325 5732 426 5843 Ern
448 5720 831 5779 reformatione
849 5720 1299 5781 monasteriorum
1328 5730 1569 5782 sociuset
1586 5729 1794 5795 adjutor
1810 5734 1902 5785 ad—

368 5790 530 5843 abitus
554 5790 677 5843 fuit.
696 5801 924 5843 testante
949 5795 1220 5843 Ludovico
1246 5797 1484 5843 Atmustn
1506 5800 1557 5843 in
1584 5799 1868 5843 alinlminm

368 5790 530 5847 ibitus
554 5790 677 5863 fuit,
696 5801 924 5851 testante
948 5795 1220 5853 Ludovico
1242 5797 1484 5868 Augusto
1506 5800 1558 5853 in
1584 5790 1895 5869 diplomate,

2010 4678 2139 4741 Dei,
2168 4684 2223 4732 et
2251 4676 2370 4731 sitis
2397 4674 2681 4730 unanimes
2709 4675 2764 4730 in
2795 4674 2940 4730 omni
2971 4688 3134 4744 opere
3162 4674 3430 4744 perfecto,
3461 4673 3590 4728 obe-

2008 4767 2219 4824 dientes
2259 4766 2407 4821 Patri
2448 4765 2675 4835 spiritali
2718 4766 2919 4837 absque
2946 4765 3092 4820 omni
3124 4766 3582 4827 contradictione,

2008 4860 2135 4929 quia
2171 4858 2285 4929 ipse
2317 4857 2585 4913 rationem
2622 4850 2933 4912 redditurus
2968 4857 3075 4912 erit
3108 4871 3209 4926 pro
3236 4857 3390 4911 vobis
3419 4858 3470 4910 in
3499 4858 3588 4911 die

2008 4963 2205 5019 magno
2255 4946 2499 5012 Domini,
2541 4953 2596 5002 et
2625 4961 2723 5002 vos
2759 4945 3009 5002 similiter
3040 4946 3357 5002 obedientia:
3390 4955 3588 5003 vestra:

2007 5040 2297 5109 plurimam
2330 5040 2382 5094 in
2410 5039 2498 5094 die
2525 5038 2615 5093 illa
2645 5039 2916 5109 accepturi
2942 5039 3094 5094 eritis
3121 5039 3446 5094 mercedem.

2082 5130 2206 5185 Non
2233 5141 2308 5185 est
2335 5147 2552 5202 regnum
2576 5131 2676 5186 Dei
2704 5149 2824 5187 esca
2850 5140 2898 5186 et
2927 5141 3079 5201 potus
3109 5131 3288 5200 (Rom.
3319 5148 3409 5186 xtv
3426 5172 3442 5198 ,
3471 5130 3578 5200 Π),

2007 5221 2102 5278 sed
2127 5221 2364 5277 charitas
2392 5222 2447 5276 in
2471 5222 2802 5278 conscientia
2831 5237 3002 5291 pura;
3037 5222 3120 5277 hie
3144 5230 3273 5277 sunt
3299 5223 3478 5294 itaque
3502 5222 3583 5278 vi-

2006 5377 2150 5446 quod
2169 5378 2234 5431 de
2258 5377 2507 5432 restituto
2532 5379 2723 5433 ordine
2752 5379 3051 5435 monaSIico
3077 5380 3132 5434 in
3161 5383 3489 5437 monasterio
3518 5382 3577 5438 S.

2007 5447 2243 5533 rl‘lio‘nxsii
2262 5447 2515 5533 confecit:
2538 5447 2692 5533 Apud
2713 5449 2912 5531 Mabill.
2931 5449 3055 5533 Alet.
3067 5448 3167 5504 SS.
3200 5466 3325 5506 suae.
3351 5467 3576 5533 ivtpag.

2003 5516 2129 5572 218.
2146 5515 2399 5571 Ᾱνιιυιΐυε
2421 5517 2563 5571 enim
2586 5515 2688 5572 iste
2708 5519 2944 5588 regimen
2968 5517 3127 5587 hujus
3153 5515 3579 5577 monasterii-su-

2005 5587 2213 5659 seipere
2234 5588 2537 5659 nonpotuit
2552 5598 2677 5641 ante
2702 5587 2899 5659 annum
2922 5589 3026 5643 800
3039 5605 3146 5659 quo
3166 5606 3306 5645 anno
3325 5591 3580 5645 Albaldus

2005 5655 2239 5722 ejusdem
2264 5655 2577 5722 lnciabbas,
2611 5660 2694 5711 cui
2726 5658 2981 5716 Arnulfus
3006 5655 3292 5727 successit,
3320 5663 3492 5718 adhuc
3524 5662 3577 5715 in

2005 5729 2138 5781 vivis
2169 5727 2282 5780 fuit.
2317 5727 2451 5780 Mair.
2481 5728 2582 5783 lor.
2618 5728 2707 5782 eit.
