4012 6188
384 355 487 412 507

1229 351 1290 406 Β.
1329 350 1390 406 F.
1429 345 1655 404 ALBINI
1695 345 1827 403 SEU
1865 341 2142 402 ALCUlNi
2173 349 2475 418 ‘OPERUM
2513 349 2693 408 PARS
2729 353 2768 407 l.

3556 360 3666 420 508

385 471 597 536 etimze,
645 484 780 539 quas
822 464 1068 522 monachi
1117 463 1344 535 singulis
1391 462 1540 518 horis
1580 461 1810 517 Domino
1861 460 1972 513 Deo
2000 457 2051 516 A
2077 468 2200 528 tute,
2234 463 2307 518 ita
2339 473 2395 519 tu
2422 480 2610 520 curam
2642 465 2842 520 habeas
2870 464 2935 520 de
2963 465 3136 521 salute
3183 467 3501 525 multorum.
3541 471 3662 529 Noli

384 561 581 615 offerre
609 558 916 620 debebunt;
950 555 1034 611 his
1065 555 1254 612 hostiis
1280 553 1583 624 placabitur
1611 550 1864 620 maiestas
1891 550 1972 606 di-

384 655 509 708 vina
536 670 550 718 ;
581 668 674 722 per
705 652 803 705 has
829 649 1052 706 semitas
1075 648 1226 721 regni
1255 647 1492 704 caelestis
1519 654 1688 716 portas
1715 643 1970 714 aperiun-

385 753 494 798 tur.
538 742 650 797 lioc
682 741 914 812 cogitate
945 739 1168 811 iugiter,
1203 740 1307 795 hoc
1345 743 1702 793 rememorate
1734 747 1966 802 semper,

386 834 438 886 in
475 833 557 888 his
591 833 750 902 291
790 830 1188 887 convcrsamini
1243 828 1491 892 deliciis;
1541 827 1660 882 haec
1702 831 1827 880 sunt
1870 839 1971 877 nu-

384 924 568 993 ptialia
591 925 944 989 vestimenta,
976 924 1029 977 in
1062 923 1259 991 quibus
1291 920 1510 990 superni
1547 918 1690 987 regis
1721 915 1968 972 convivia

387 1015 666 1083 possidere
693 1015 838 1086 digni
867 1013 1196 1070 eiiiciamini.
1228 1011 1418 1066 Nullus
1445 1026 1512 1065 ex
1543 1009 1697 1063 vobis
1725 1006 1966 1060 avaritia:

383 1106 630 1173 studeat,
678 1123 779 1162 nec
823 1107 1056 1162 caducas
1100 1119 1433 1176 congregare
1465 1102 1682 1158 divitias
1719 1107 1962 1170 qumrat;

383 1213 485 1252 nec
522 1214 688 1253 unum
727 1200 924 1254 habeat
959 1200 1162 1268 absque
1199 1197 1376 1252 Patris
1419 1195 1501 1251 sui
1548 1194 1766 1249 licentia
1811 1208 1966 1248 num-

380 1305 570 1356 mum;
613 1289 844 1346 sufliciat
882 1291 1172 1359 unicuique
1207 1288 1509 1344 communis
1545 1287 1667 1341 vitae
1712 1285 1966 1355 iucundi-

382 1390 494 1446 tas,
524 1396 617 1434 seu
651 1381 704 1434 in
731 1381 1097 1457 vestimentis,
1125 1395 1220 1435 seu
1248 1379 1303 1434 in
1328 1379 1433 1434 cibi
1459 1385 1724 1448 potusque
1750 1376 1966 1447 religio-

378 1473 570 1538 sitate;
602 1481 810 1528 tantum
834 1473 1000 1528 Pater
1024 1473 1320 1542 spiritualis
1345 1471 1648 1540 provideat,
1675 1485 1742 1524 ne
1759 1468 1963 1538 justam

377 1564 634 1631 quislibet
664 1565 861 1619 habeat
901 1564 1426 1629 murmurationem;
1459 1576 1559 1616 nec
1599 1561 1966 1631 quarumlibet

382 1655 676 1726 indigentia
715 1671 895 1711 rerum
930 1656 1195 1726 regularis
1242 1656 1367 1710 vitae
1404 1655 1649 1709 destruat
1681 1653 1958 1716 ordinem,

381 1747 478 1802 sed
524 1748 892 1818 unusquisque
939 1755 1258 1812 contentus,
1311 1745 1606 1802 secundum
1647 1744 1960 1799 facultatem

2074 561 2278 608 torrem
2319 554 2387 610 de
2435 555 2684 610 incendio
2721 561 2934 623 raptum
2980 555 3290 626 disperare,
3336 560 3432 614 sed
3479 564 3664 630 poeni~

2073 645 2251 700 tentim
2281 644 2427 701 fonte
2455 648 2742 718 exstingui,
2759 656 3026 716 quatenus
3047 649 3139 718 qui
3161 649 3216 704 in
3241 649 3458 707 ﬂamma
3483 654 3663 710 libidi-

2071 735 2157 790 nis
2180 736 2406 802 exarsit,
2439 737 2492 791 in
2526 736 2740 792 flamma
2768 737 3054 794 cbaritatis
3080 746 3136 794 et
3171 741 3447 797 munditia:
3480 744 3663 801 luceat

2071 828 2124 881 in
2165 837 2458 899 conspectu
2487 830 2603 884 Dei.
2629 830 2708 884 Tu
2742 831 2850 886 scis
2883 829 3208 903 fragilitates
3250 834 3655 904 adolescentiae;

2070 925 2124 971 tu
2153 919 2296 974 nosti
2323 918 2520 974 flumen
2562 921 2867 989 iniquitatis
2885 962 2900 988 ,
2925 922 3196 991 quomodo
3233 939 3333 995 per
3360 929 3658 996 pnecipitia

2068 1010 2354 1077 rapiuntur
2381 1009 2535 1064 multi
2581 1009 2637 1064 in
2668 1011 2953 1082 voragines
2979 1013 3206 1069 diversae
3236 1013 3482 1072 luxuriae.
3513 1018 3659 1085 Qua-

2066 1109 2286 1171 propter
2326 1102 2558 1158 sollieita
2603 1111 2784 1158 mente
2833 1104 3047 1168 labora,
3093 1104 3205 1161 Deo
3246 1105 3566 1175 adiuvante,
3596 1121 3660 1167 ut

2066 1192 2490 1262 quamplurimas
2536 1209 2635 1262 per
2677 1195 3074 1251 admonitiones
3099 1196 3440 1254 dulcissimas
3478 1201 3547 1255 ab
3569 1214 3658 1258 er-

2067 1298 2190 1338 rore
2239 1283 2541 1353 iniquitatis
2574 1301 2812 1341 revoces.
2846 1287 2964 1340 Erit
2999 1288 3096 1342 tibi
3149 1291 3386 1344 maxima
3444 1308 3660 1351 merces

2065 1375 2206 1443 apud
2228 1375 2416 1442 Deum,
2442 1377 2489 1431 si
2511 1377 2740 1432 salutem
2768 1377 3063 1434 fraternam
3086 1396 3193 1435 non
3218 1383 3540 1454 neglexeris.

2136 1463 2362 1519 Plurimi
2415 1474 2544 1521 sunt
2593 1469 2972 1526 nominetenus
3019 1470 3301 1539 doctores,
3348 1476 3443 1530 sed
3494 1477 3654 1547 pauci

2064 1556 2346 1611 cbaritatis
2368 1557 2563 1614 ofﬁcio.
2592 1558 2708 1613 Non
2738 1575 2921 1615 cesses
2962 1563 3231 1618 seminare
3254 1566 3491 1621 Verbum
3522 1568 3648 1632 Dei;

2063 1646 2206 1701 Deus
2234 1647 2412 1711 novit,
2445 1649 2536 1704 ubi
2563 1650 2708 1715 vult,
2737 1659 2796 1704 ut
2823 1650 2998 1706 cadat.
3039 1651 3353 1710 Nullatenus
3397 1657 3492 1710 tibi
3536 1657 3656 1726 eius

2063 1741 2279 1795 bonitas
2312 1741 2486 1796 deerit
2516 1743 2567 1796 in
2595 1746 3046 1801 remuneratione.
3082 1745 3185 1812 Qui
3209 1751 3434 1802 conuerti
3472 1751 3653 1819 fecerit

382 1837 486 1893 loci
513 1849 567 1892 et
592 1805 869 1908 temporis,
903 1839 1172 1908 stipendio
1193 1838 1337 1907 quod
1364 1838 1413 1891 ei
1442 1836 1872 1900 administratur,
1907 1843 1966 1890 et
1996 1805 2040 1864 Β
2064 1839 2384 1898 peccatore"!
2412 1831 2476 1884 αΙ)
2503 1848 2678 1885 "fore
2701 1833 2795 1886 ι’ίίε
2827 1851 2966 1900 sua,
3009 1837 3236 1905 σοορενὶι
3266 1805 3654 1894 multitudinem

380 1942 488 1994 quo
516 1926 721 1996 maiore
750 1928 940 1982 suil‘crt
969 1929 1269 1983 humilitate
1297 1928 1677 1998 indigentiam,
1706 1927 1754 1982 si
1784 1927 1962 1982 subito

373 2025 618 2090 eveniat,
651 2040 717 2080 eo
747 2024 1004 2094 maiorem
1033 2041 1064 2079 a
1095 2025 1205 2079 Deo
1235 2023 1467 2094 accipiat
1493 2023 1818 2077 mercedem.
1857 2021 1960 2088 Qui

378 2131 476 2184 pro
506 2131 672 2186 regno
702 2116 796 2170 Dei
824 2124 1034 2171 certare
1066 2115 1366 2179 desiderat,
1400 2129 1505 2168 non
1533 2114 1690 2167 debet
1724 2127 1821 2181 pro
1851 2128 1960 2168 uno

379 2207 550 2261 calice
579 2207 688 2260 vini
715 2208 1059 2262 contendere.
1085 2206 1460 2262 Nobilissimus
1479 2205 1720 2260 omnium
1747 2214 1961 2260 creator

379 2296 540 2351 Pater
568 2297 774 2352 nobiles
799 2299 999 2352 habere
1028 2297 1166 2352 ﬁlios
1194 2298 1381 2366 cupit:
1407 2312 1600 2368 magna
1626 2296 1961 2365 generositas

378 2397 463 2444 est
501 2389 668 2445 filium
707 2405 827 2446 esse
858 2391 996 2458 Dei,
1023 2391 1118 2446 sed
1157 2392 1271 2445 huic
1310 2389 1574 2460 dignitas,
1614 2396 1725 2442 tam
1762 2387 1871 2442 alta
1904 2395 1961 2442 et

380 2481 675 2550 prteclara,
711 2497 904 2552 magna
948 2497 1162 2536 morum
1203 2489 1260 2535 et
1300 2479 1728 2535 conversationis
1764 2478 1962 2534 nobili-

372 2581 486 2629 tate
513 2574 791 2628 obscrvari
819 2573 1056 2629 debebit.

441 2665 595 2733 Quod
623 2667 887 2722 charitate
928 2674 1154 2737 cogente
1188 2664 1415 2735 scripsi,
1449 2673 1630 2720 vestra
1678 2664 1960 2719 humilitas

372 2758 640 2828 patienter
668 2759 908 2830 relegere
933 2759 1203 2831 dignetur,
1236 2766 1290 2814 et
1317 2758 1361 2813 si
1389 2757 1518 2827 quid
1562 2759 1840 2813 memoriae
1873 2759 1959 2814 di-

372 2867 533 2920 gnum
559 2867 627 2906 ex
661 2853 747 2907 his
779 2853 912 2908 meis
935 2852 1132 2906 litteris
1162 2851 1478 2916 invenietis,
1508 2852 1578 2906 ob
1607 2851 1961 2905 intentionem

373 2943 562 3000 salutis
591 2953 807 3011 vestrm,
838 2953 893 2999 et
926 2944 1356 3000 recordationem
1382 2943 1620 2999 nominis
1661 2943 1864 3009 nostri,
1906 2944 1962 2998 in

372 3039 629 3094 thesauro
663 3039 844 3093 cordis
892 3038 1056 3093 vestri
1103 3037 1413 3101 recondite,
1461 3043 1726 3106 quatenus
1777 3035 1960 3090 divina

371 3128 544 3194 pietas
572 3141 666 3180 vos
698 3126 750 3178 in
773 3125 1024 3197 gaudium
1048 3141 1292 3195 superna:
1316 3123 1666 3180 beatitudinis
1692 3123 1954 3187 deducat,

375 3225 432 3270 ct
476 3216 609 3270 mihi
657 3215 930 3286 peccatori
961 3216 1170 3271 veniam
1198 3223 1544 3286 peccatorum
1587 3231 1832 3272 meorum
1859 3233 1958 3288 per

370 3314 586 3362 smctas
618 3307 891 3362 orationes
918 3315 1128 3362 vestras
1153 3307 1435 3361 concedat.
1462 3306 1713 3361 Vestram
1749 3309 1954 3362 sancti—

370 3405 535 3453 tatem
559 3400 777 3468 superni
805 3401 950 3470 regis
977 3400 1152 3468 pictas
1203 3400 1256 3452 in
1293 3399 1438 3453 omni
1483 3399 1624 3453 bona
1662 3415 1954 3456 conversa-

297 3560 299 3562 η
371 3489 515 3546 tione
544 3488 808 3560 proficere
837 3489 1017 3553 faciat,
1050 3488 1244 3544 fratres
1268 3489 1594 3544 charissimi.

796 3615 821 3644 ι
853 3599 1186 3658 EPISTOLA
1223 3599 1504 3657 CCXXIX.

752 3710 815 3748 AD
839 3708 1133 3749 «ελκυιῖωι
1175 3706 1575 3748 PRESBYTERUM.

372 3783 712 3839 Commendat
759 3799 812 3836 se
859 3782 982 3852 ejus
1014 3783 1340 3836 orationibus
1370 3796 1388 3836 :
1414 3780 1484 3852 ad
1515 3783 1954 3838 conversationem

441 3855 728 3922 fraternam
757 3861 806 3906 et
838 3850 1129 3922 regularem
1165 3853 1321 3907 vitam
1343 3893 1358 3917 ,
1408 3850 1477 3904 ad
1524 3867 1708 3906 curam
1749 3855 1956 3908 anima-

440 3939 580 3987 rum,
603 3930 737 3988 etc.,
767 3922 1030 3976 hortatur.

441 4017 762 4074 Dulcissimo
783 4015 940 4072 fratri
963 4017 991 4057 δ
1018 4015 1248 4074 Eanulfo
1270 4019 1591 4090 presbytero
1613 4016 1842 4072 Albinus
1869 4031 1956 4072 sa-

372 4113 563 4168 iutem.

438 4201 574 4269 Quia
609 4201 850 4257 charitas
877 4214 1089 4255 memor
1115 4207 1202 4254 est
1229 4200 1395 4272 totius
1422 4200 1714 4265 bonitatis,
1756 4200 1876 4256 ideo
1902 4210 1958 4257 te

367 4295 613 4358 obsecro,
632 4300 694 4348 ut
715 4293 819 4347 mei
842 4292 1046 4346 habeas
1066 4290 1387 4346 memoriam
1410 4290 1465 4344 in
1484 4292 1686 4347 sanctis
1699 4292 1959 4347 orationi-

370 4387 470 4440 bus
511 4385 640 4450 tuis,
670 4391 726 4438 et
755 4393 808 4438 te
835 4383 1009 4451 ipsum
1039 4380 1095 4434 in
1141 4380 1288 4436 omni
1336 4381 1586 4436 castitate
1631 4396 1956 4436 conservare

367 4475 586 4530 studeas
605 4474 658 4528 in
679 4480 969 4542 conspectu
989 4471 1197 4528 Domini
1213 4471 1306 4526 Dei
1327 4471 1596 4538 altissimi;
1619 4480 1674 4528 et
1695 4473 1952 4528 humilem
1982 4501 2032 4561 υ

370 4565 568 4619 habeas
603 4563 1067 4619 conversationem
1098 4563 1240 4618 inter
1273 4561 1501 4627 fratres,
1541 4573 1596 4619 et
1639 4564 1953 4620 sollicitudi-

368 4669 494 4709 nem
519 4670 772 4725 magnam
801 4653 1066 4725 regularis
1093 4653 1236 4718 vitae,
1265 4654 1390 4723 quia
1433 4655 1523 4724 qui
1562 4655 1734 4724 maius
1774 4664 1954 4727 portat

366 4745 626 4814 iudicium
647 4783 661 4809 ,
691 4743 950 4812 maiorem
991 4744 1191 4813 accipit
1223 4744 1484 4801 honorem
1511 4743 1656 4817 [Leg.
1684 4747 1810 4815 quia
1839 4763 1953 4802 ma-

364 4835 453 4905 ius
475 4842 658 4906 portat
675 4833 954 4904 iudicium,
979 4834 1094 4904 qui,
1119 4833 1275 4906 etc.].
1293 4834 1432 4902 Quid
1458 4835 1552 4891 tibi
1575 4837 1755 4891 surculi
1781 4837 1955 4907 digni-

372 4937 476 4994 tas,
507 4943 627 4997 qute
652 4927 795 4983 sicut
818 4925 918 4982 flos
943 4925 1052 4980 feni
1083 4926 1315 4982 decidit?
1335 4925 1470 4981 Nolo
1503 4934 1554 4981 te
1579 4928 1953 4997 vagabundum

367 5036 490 5076 esse
510 5035 608 5090 per
625 5019 764 5086 ioca,
787 5019 881 5074 sed
908 5018 1157 5074 stabilem
1179 5019 1231 5073 in
1259 5019 1479 5073 servitio
1500 5018 1611 5082 Dei,
1639 5019 1731 5073 ubi
1752 5019 1954 5076 electus

367 5131 430 5171 cs
459 5117 512 5172 in
541 5116 818 5172 servitium
845 5113 1067 5170 Christi.
1099 5113 1264 5168 Vivas
1285 5113 1426 5167 inter
1453 5109 1649 5167 fratres
1669 5113 1822 5182 quasi
1848 5113 1955 5170 Lu-

369 5209 506 5265 cifer
540 5210 682 5264 inter
713 5207 915 5272 stellas,
943 5213 1004 5262 ut
1029 5205 1244 5276 plurimi
1271 5204 1378 5259 tuis
1417 5204 1575 5260 bonis
1601 5205 1957 5262 exhortentur

371 5299 655 5369 exemplis.
694 5300 847 5355 Sicut
882 5313 982 5368 ego
1009 5312 1197 5355 curam
1243 5295 1407 5352 habui
1445 5295 1512 5353 de
1543 5295 1715 5352 salute
1761 5299 1954 5354 animae

443 5442 471 5501 ξ
505 5430 761 5501 Eroben.,
784 5433 944 5501 epist.
978 5431 1101 5487 226.

442 5498 471 5573 Ρ
508 5499 741 5573 Ιξᾳῃιιιίο
766 5498 1080 5573 presbytero.
1106 5501 1274 5569 liuius
1293 5502 1438 5573 nulla
1462 5501 1591 5573 alibi
1611 5500 1839 5573 habetur
1859 5517 1958 5557 no—

374 5567 517 5640 titia.
547 5567 699 5624 illum
731 5567 1280 5633 tamen'monachum,
1313 5572 1560 5626 fortassis
1581 5571 1634 5622 in
1661 5571 1871 5640 Anglia,
1903 5579 1959 5625 et

371 5637 518 5696 inter
546 5642 835 5696 monachos
859 5642 1191 5696 sacerdotem
1220 5641 1407 5706 fuisse,
1430 5641 1515 5696 cui
1545 5637 1813 5708 publicum
1842 5656 1958 5694 mu-

372 5724 476 5768 ltus
496 5708 740 5771 docendi,
761 5716 921 5776 atque
935 5712 1153 5764 verbum
1179 5711 1271 5764 Dei
1294 5709 1592 5766 seminandi
1613 5710 1957 5765 commissum

374 5790 478 5848 cst,
503 5794 567 5835 ex
600 5779 700 5834 hac
726 5778 949 5846 epistola
977 5779 1249 5832 discimus.

2061 1930 2390 1990 peccatorum
2437 1939 2656 1977 suorum
2695 1923 2836 1996 (Jac.
2877 1942 2940 1991 ν,
2984 1927 3097 1999 20).
3141 1929 3304 1984 Vivas
3341 1931 3549 1986 utinam
3595 1933 3653 1988 in

2063 2009 2474 2066 mansuetudine
2520 2011 2681 2084 292
2724 2017 3018 2085 patientia),
3066 2026 3122 2071 et
3167 2020 3471 2076 humilitate
3515 2024 3650 2078 obe-

2061 2100 2294 2166 dientiaa,
2327 2110 2384 2156 et
2411 2102 2693 2159 cbaritatis
2724 2105 3005 2162 dulcedine
3035 2109 3176 2162 inter
3201 2109 3396 2166 fratres
3415 2153 3429 2177 ,
3456 2122 3652 2182 quate-

2061 2207 2162 2248 nus
2185 2193 2557 2250 misericordia
2590 2195 2968 2267 Redemptoris
2992 2202 3164 2255 nostri
3193 2208 3245 2256 te
3270 2201 3460 2258 florere
3485 2203 3656 2260 faciat

2060 2283 2115 2338 in
2145 2285 2294 2341 vario
2318 2286 2576 2342 virtutum
2605 2301 2820 2357 genere,
2843 2296 2897 2344 et
2917 2291 2986 2346 ab
3008 2292 3157 2346 omni
3182 2293 3508 2349 adversitate
3535 2296 3649 2354 cle-

2059 2383 2268 2430 menter
2301 2377 2574 2432 custodire
2601 2377 2872 2449 dignetur.

2132 2465 2339 2533 Saluta,
2370 2469 2620 2533 obsecro,
2650 2469 2845 2525 fratres
2873 2481 3106 2539 nostros,
3135 2489 3484 2545 quoscunque
3505 2475 3653 2533 scias

2060 2558 2242 2629 aliquo
2266 2560 2549 2616 cbaritatis
2571 2561 2748 2618 officio
2769 2565 2900 2619 mihi
2926 2579 3045 2621 esse
3071 2567 3405 2636 coniunctos,
3433 2578 3489 2626 et
3507 2587 3654 2627 sem-

2058 2667 2157 2720 per
2183 2652 2475 2708 admoneas
2507 2655 2572 2710 de
2600 2656 2940 2712 orationibus
2978 2661 3114 2715 meis
3131 2701 3146 2725 ,
3175 2677 3526 2733 quoscunque
3553 2665 3653 2719 ha-

2059 2743 2190 2798 beas
2219 2743 2442 2808 amicos,
2476 2745 2561 2800 vel
2592 2747 2759 2801 Deum
2787 2749 3058 2816 timentes,
3084 2751 3166 2805 vel
3195 2762 3395 2809 sancta:
3419 2770 3650 2811 conver-

2059 2833 2287 2889 sationis
2325 2835 2519 2890 socios.
2543 2837 2721 2894 Vivite
2743 2839 2799 2893 in
2825 2842 2973 2895 omni
3003 2838 3293 2910 charitate,
3315 2853 3373 2900 et
3397 2847 3570 2903 valete
3593 2848 3649 2902 in

2059 2933 2346 2983 tetemum.

2514 3029 2536 3058 ο
2569 3019 2906 3079 EPISTOLA
2943 3024 3198 3081 CCXXX.

2500 3125 2564 3164 AD
2623 3127 2786 3166 οΝῐΛΙΙ
2845 3129 3210 3170 εΑοεειυοτεΙ.

1983 3154 2033 3218 c
2061 3197 2383 3254 Charitatem
2422 3201 2479 3272 in
2518 3213 2771 3272 prasente
2808 3205 3011 3261 drdcem
3038 3249 3051 3272 ,
3082 3210 3137 3262 in
3165 3211 3375 3265 absente
3409 3227 3652 3265 amaram

2447 3271 2594 3326 dicit.
2632 3273 2893 3330 Hortatur
2925 3279 2995 3331 ad
3025 3271 3257 3334 uirtutes.

2128 3379 2354 3435 Albinus
2375 3381 2402 3421 ἀ
2431 3379 2582 3438 Onite
2609 3385 2876 3440 sacerdoti
2908 3387 3157 3443 salutem.

2132 3471 2374 3528 Mirabile
2407 3483 2492 3528 est
2538 3477 2682 3545 quod
2734 3477 2890 3533 dulce
2931 3495 3148 3535 versum
3177 3491 3261 3538 est
3287 3483 3341 3538 in
3374 3499 3644 3542 amarum.

2061 3562 2193 3618 Nam
2230 3566 2470 3621 charitas
2507 3568 2679 3624 dulcis
2722 3580 2806 3626 est
2851 3571 2904 3625 in
2952 3583 3239 3642 praesente,
3265 3578 3358 3632 sed
3400 3586 3646 3634 extrema

2060 3654 2264 3728 [Forte,
2303 3657 2512 3730 amara]
2551 3660 2784 3728 quodam
2814 3663 2975 3718 modo
3014 3664 3068 3717 in
3099 3665 3340 3731 absente,
3367 3666 3493 3720 dum
3530 3683 3643 3720 non

2057 3750 2204 3804 videt
2234 3765 2396 3820 quem
2421 3759 2588 3816 amat,
2619 3754 2958 3823 angustiatus
2988 3755 3041 3808 in
3071 3756 3308 3811 absentia
3344 3754 3492 3824 eius;
3521 3772 3646 3827 qua:

2056 3840 2323 3909 siquidem
2349 3841 2404 3896 in
2425 3842 2600 3898 beatis
2626 3850 2682 3896 et
2710 3858 2876 3914 regno
2915 3844 3011 3899 Dei
3041 3859 3248 3915 semper
3292 3845 3466 3902 dulcis
3507 3847 3648 3913 erit,

2058 3931 2312 4000 quoniam
2338 3946 2576 4001 praesens
2602 3931 2678 3986 illi
2717 3934 2810 4003 qui
2835 3942 3083 4000 amatur;
3115 3933 3268 4004 cuius
3293 3937 3434 3992 visio
3468 3938 3646 3993 omnis

2056 4028 2141 4074 est
2162 4021 2462 4086 beatitudo,
2477 4022 2544 4076 ad
2572 4038 2733 4092 quam
2749 4032 2809 4078 ut
2823 4026 3108 4095 pervenire
3123 4040 3454 4092 mereamur,
3466 4029 3643 4084 omnia

2057 4109 2194 4164 dura
2215 4111 2389 4166 dulcia
2405 4126 2503 4181 per
2523 4115 2794 4183 patientia:
2814 4115 3015 4171 donum
3031 4116 3202 4171 videri
3224 4115 3442 4182 debent;
3460 4126 3514 4173 et
3531 4133 3644 4172 om-

2058 4200 2148 4254 nia
2185 4199 2344 4270 hujus
2382 4202 2563 4257 steculi
2607 4203 2783 4259 dulcia
2823 4205 2976 4275 quasi
3006 4205 3139 4260 nihil
3170 4207 3465 4276 reputanda
3497 4214 3641 4261 sunt.

2124 4289 2240 4346 Hoc
2262 4305 2489 4356 memor,
2520 4292 2595 4347 fili
2619 4293 2968 4360 charissime,
3000 4303 3062 4349 ut
3103 4296 3258 4350 vivas
3286 4295 3518 4351 feliciter
3546 4297 3645 4350 sub

2057 4381 2253 4436 timore
2273 4381 2390 4448 Dei,
2421 4383 2474 4436 in
2503 4383 2769 4439 charitate
2802 4384 3001 4440 Christi
3025 4427 3040 4451 ,
3068 4386 3122 4440 in
3146 4386 3294 4441 omni
3321 4387 3642 4450 sobrietate,

2059 4470 2310 4524 castitate
2347 4478 2402 4525 et
2438 4471 2732 4538 eharitate,
2772 4473 3060 4542 proficiens
3098 4474 3166 4530 de
3205 4475 3290 4530 die
3334 4475 3386 4528 in
3419 4474 3555 4528 diem
3584 4473 3639 4526 in

2057 4561 2204 4614 omni
2230 4577 2394 4630 opere
2424 4563 2586 4629 bono,
2612 4572 2672 4618 ut
2696 4565 2888 4634 dignus
2915 4564 3170 4620 efficiatis
3199 4566 3266 4620 ad
3298 4581 3416 4620 eam
3449 4579 3638 4634 perve-

2055 4651 2170 4705 nire
2195 4652 2537 4719 charitatem,
2569 4670 2688 4723 quae
2720 4670 2996 4724 nunquam
3022 4657 3344 4720 mutabitur,
3369 4670 3643 4723 nunquam

2053 4741 2215 4796 finem
2245 4742 2493 4797 habitura
2521 4752 2625 4798 est.
2654 4744 2786 4801 Vive
2810 4743 3042 4801 feliciter
3069 4747 3120 4800 in
3150 4746 3418 4801 cbaritate
3441 4742 3642 4800 Christi

2053 4840 2109 4888 et
2133 4833 2280 4888 omni
2305 4833 2565 4903 religione
2593 4845 2800 4902 sancta,
2834 4835 2909 4891 fili
2931 4837 3272 4892 charissime.

2493 4959 2517 4987 ο
2552 4947 2882 5004 EPISTOLA
2939 4948 3220 5004 CCXXXI.

2680 5054 2747 5092 AD
2786 5054 3022 5093 EUIDEM.

2055 5131 2376 5188 Cltaritatem
2411 5147 2536 5202 erga
2574 5131 2742 5185 Deum
2789 5141 2837 5186 et
2887 5149 3010 5202 erga
3045 5147 3316 5202 pauperes,
3345 5131 3560 5186 miseros
3595 5138 3643 5186 ct

2509 5203 2807 5271 peregrinos
2837 5202 3184 5256 commendat.

2127 5293 2360 5348 Albinus
2387 5292 2537 5348 Onia:
2559 5293 2828 5347 sacerdoti
2861 5293 3109 5347 salutem.

2130 5441 2153 5470 ο
2193 5430 2428 5485 Froben.
2461 5430 2620 5498 epist.
2649 5428 2774 5483 227.

2127 5499 2154 5540 ιι
2193 5499 2344 5555 Onia:
2364 5499 2640 5555 sacerdoti.
2670 5499 2767 5554 Hic
2788 5499 2927 5552 idem
2949 5501 3046 5555 abs
3067 5501 3229 5557 dubio
3247 5507 3351 5565 est,
3375 5515 3439 5556 ac
3457 5499 3642 5562 Onias,

2060 5571 2145 5624 cui
2173 5570 2332 5625 simul
2368 5579 2422 5627 et
2450 5568 2767 5623 Nathanaeli
2808 5577 2864 5624 et
2900 5569 3142 5625 Candide
3187 5571 3445 5626 Alcuinus
3489 5583 3642 5625 suum

2059 5640 2519 5712 Cpiiimentarium
2543 5655 2712 5712 super
2731 5639 3091 5696 Ecclesiasten
3118 5641 3424 5712 inscripsit;
3449 5641 3515 5697 de
3538 5651 3645 5710 quo

2061 5711 2220 5764 etiam
2249 5711 2372 5764 alibi
2401 5711 2646 5778 quaedam
2672 5712 3068 5767 annotaVimus.

2140 5791 2161 5818 ο
2199 5779 2350 5848 Apud
2374 5780 2604 5836 Froben.
2639 5781 2795 5851 epist.
2827 5780 2952 5837 228.
