4012 6188
313 339 418 400 509

1759 322 2134 387 ΕΡΙΒΤΟιπΕ.

3469 335 3573 393 510

383 453 726 523 Prosperitas
751 458 806 504 et
827 448 1080 521 gaudium
1107 446 1274 502 animi
1307 443 1468 502 vestri
1508 445 1737 500 multum
1763 446 1895 500 mihi
1924 446 1972 503 Α
1999 444 2201 513 crymis
2225 445 2442 500 abluere
2467 455 2756 513 memento,
2785 462 2852 502 ne
2880 445 2971 503 diu
3007 449 3122 506 sine
3149 453 3328 520 sponsi
3360 453 3434 507 tui
3461 469 3578 506 ma'-

313 550 527 620 placere
573 545 768 607 fateor,
814 557 935 611 qua:
975 541 1242 605 charitas,
1291 539 1429 595 sicut
1471 537 1760 607 Apostolus
1796 539 1893 603 ait,

316 652 582 707 nunquam
608 633 799 688 excidit
831 629 882 704 (I
904 630 1027 685 Cor.
1060 647 1178 695 xui,
1202 629 1282 698 8),
1305 645 1426 700 quae
1451 644 1664 698 semper
1684 645 1820 683 nova
1842 637 1896 682 et

313 727 568 797 antiqua;
614 739 753 778 nova
797 737 864 777 ex
891 721 1202 790 prtesentia,
1232 719 1448 788 antiqua
1494 733 1562 774 ex
1595 718 1889 772 memoria:

313 828 475 888 quam
495 831 712 885 semper
733 813 938 868 utinam
960 812 1190 869 ﬁdeliter
1213 811 1456 882 sequaris
1481 826 1603 866 cum
1626 811 1771 865 omni
1799 811 1898 864 ho-

311 909 481 974 mine,
508 914 765 976 quantum
795 905 850 959 in
882 913 934 958 te
964 911 1069 968 est,
1105 910 1160 957 et
1185 912 1445 973 quantum
1474 902 1540 956 ad
1582 902 1674 957 Dei
1727 903 1896 957 hono-

312 1015 429 1053 rem
451 999 736 1054 honestum
759 1004 815 1052 et
839 995 973 1051 utile
997 995 1251 1050 videaris.
1269 993 1385 1050 Non
1408 1002 1493 1050 est
1517 994 1755 1048 charitas
1773 1009 1893 1062 quae

213 1099 219 1116 '
313 1089 366 1142 in
397 1086 660 1141 ebrietate
700 1091 936 1149 tenetur,
965 1083 1045 1138 vel
1075 1083 1129 1137 in
1176 1082 1410 1152 peccatis
1439 1078 1721 1150 conjuncta
1762 1096 1892 1136 con-

310 1178 630 1247 glutinatur,
677 1175 771 1230 sed
814 1175 977 1242 impia
1021 1173 1290 1231 voluntas.
1322 1189 1429 1226 non
1453 1172 1592 1226 bona
1633 1170 1888 1226 suavitas.

312 1267 445 1319 Ama
472 1266 638 1318 Deum
667 1278 899 1332 semper,
929 1261 1017 1330 qui
1057 1268 1323 1314 amantem
1355 1275 1414 1314 se
1454 1267 1637 1325 amat,
1675 1267 1730 1312 et
1773 1258 1894 1312 dili—

311 1363 529 1424 gentem
559 1368 620 1408 se
647 1351 838 1422 diligit.
865 1350 1070 1404 llabelo
1100 1349 1250 1403 illum
1281 1349 1536 1413 amicum,
1563 1349 1653 1416 qui
1683 1347 1894 1401 unicui-

307 1459 415 1512 que
437 1443 645 1496 amicus
669 1451 754 1495 est
789 1438 1081 1494 secundum
1112 1453 1188 1493 se.
1216 1437 1515 1506 Pauperum
1542 1451 1748 1490 memor
1775 1443 1892 1491 esto

308 1533 366 1586 in
389 1531 764 1601 eleemosynis,
793 1539 846 1581 et
872 1529 1192 1584 miserorum
1217 1528 1270 1581 in
1301 1525 1634 1590 defensione,
1661 1534 1716 1580 et
1738 1541 1893 1595 pere-

307 1623 590 1694 grinorum
636 1621 689 1674 in
733 1619 954 1682 solatio,
985 1627 1046 1672 ut
1069 1617 1212 1672 Deus
1241 1617 1337 1672 tibi
1368 1615 1555 1670 reddat
1580 1616 1634 1669 in
1665 1615 1750 1668 die
1777 1630 1891 1668 ma-

309 1733 438 1787 gno,
462 1716 553 1770 ubi
575 1714 776 1769 dividet
804 1728 963 1767 omne
987 1712 1279 1767 humanum
1303 1726 1472 1781 genus
1495 1711 1550 1764 in
1571 1710 1702 1764 duas
1723 1709 1893 1777 parti-

1997 550 2128 589 neas
2157 537 2428 604 amplexu,
2459 538 2585 605 quia
2619 539 2919 606 promptior
2945 549 3029 595 est
3055 549 3108 596 te
3134 542 3372 611 recipere
3411 559 3573 614 quam

1996 623 2284 678 amittere:
2314 633 2520 679 tantum
2555 641 2623 681 ne
2652 627 2948 684 tardaveris
2977 630 3041 684 de
3089 630 3176 685 die
3222 632 3274 685 in
3319 632 3458 686 diem
3491 648 3576 687 re-

1996 714 2131 766 verti
2158 716 2225 769 ad
2250 716 2421 770 illum.
2451 715 2585 772 Haec
2601 719 2743 772 enim
2775 719 2879 773 duo
2907 721 3045 775 mala
3091 722 3322 778 maxime
3366 725 3479 779 odit
3519 725 3572 778 in

1996 808 2323 874 hominibus,
2352 813 2733 884 negligentiam
2765 817 3085 881 revertendi,
3138 826 3192 871 et
3242 819 3574 888 desperatio—

1995 913 2119 952 nem
2143 900 2419 956 salvantis.
2446 903 2677 956 Tantum
2706 905 2823 959 hzec
2868 907 3045 960 absint
3088 923 3116 960 a
3161 909 3575 978 cogitationibus

1993 991 2181 1060 procul
2211 996 2430 1057 nostris,
2456 1001 2510 1047 et
2535 995 2623 1048 ille
2652 1004 2780 1048 tunc
2807 994 3002 1049 animis
3028 1011 3192 1065 prope
3217 999 3319 1052 erit
3345 1001 3570 1054 nostris.

1992 1079 2117 1134 Ideo
2155 1083 2318 1136 habet
2363 1098 2559 1138 nomen
2607 1083 2876 1150 Salvator,
2903 1086 3028 1154 quia
3075 1101 3286 1154 semper
3324 1088 3494 1142 salvat
3521 1098 3576 1142 et

1993 1169 2204 1224 salvare
2253 1173 2432 1240 cupit,
2481 1173 2619 1227 sicut
2664 1175 2923 1242 scriptum
2953 1184 3074 1228 est:
3105 1174 3208 1240 Qui
3250 1173 3354 1229 vult
3401 1193 3576 1231 omnes

1993 1259 2226 1314 homines
2251 1261 2418 1315 salvos
2449 1263 2564 1330 ﬁeri
2587 1263 2636 1333 (I
2666 1262 2800 1316 Tim.
2828 1281 2888 1328 ιι,
2914 1263 2992 1330 4).

2063 1350 2179 1405 Noli
2206 1352 2271 1406 de
2302 1361 2515 1407 terrena
2553 1355 2827 1410 nobilitate
2853 1355 3092 1424 gloriari,
3122 1357 3215 1431 sed
3245 1356 3448 1426 gratias
3472 1373 3572 1426 age

1991 1441 2042 1495 ei
2071 1443 2185 1510 qui,
2207 1443 2331 1496 dum
2362 1453 2414 1499 te
2442 1445 2711 1499 hominem
2739 1461 2856 1500 esse
2879 1445 3061 1510 voluit,
3097 1454 3204 1500 tam
3232 1447 3490 1504 sublimes
3516 1456 3576 1500 et

1991 1531 2168 1585 claros
2196 1533 2288 1586 tibi
2317 1534 2636 1602 perdonavit
2661 1545 2931 1604 parentes,
2963 1553 3192 1605 quorum
3233 1538 3570 1593 nobilitatem

1992 1635 2098 1674 non
2127 1623 2396 1690 superbia,
2433 1624 2525 1677 sed
2554 1624 2854 1678 humilitate
2877 1640 3232 1696 prosequere;
3268 1635 3321 1680 et
3341 1627 3575 1681 maxime

1993 1708 2047 1761 in
2079 1725 2144 1764 eo
2169 1712 2362 1780 gaude,
2395 1713 2520 1780 quia
2547 1713 2769 1768 alterius
2796 1715 2966 1769 noluit
2995 1725 3046 1776 te
3071 1732 3192 1772 esse
3215 1733 3486 1786 sponsam,
3517 1719 3573 1772 ni

311 1786 520 1872 tiones;
565 1804 689 1859 aliis
737 1812 957 1874 propter
1001 1802 1256 1856 duritiam
1299 1802 1476 1857 cordis
1521 1799 1888 1855 indeficientes
1919 1786 1965 1845 Β
1993 1813 2166 1852 suam.
2199 1800 2328 1865 Quae
2355 1802 2451 1855 tibi
2485 1800 2656 1869 major
2683 1817 2802 1858 esse
2832 1805 3000 1874 gloria
3033 1808 3260 1876 poterit,
3293 1810 3375 1863 vel
3403 1809 3567 1864 subli-

311 1904 705 1951 tirmentorum
754 1893 1028 1959 ﬂammas;
1082 1891 1203 1948 aliis
1253 1900 1473 1963 propter
1511 1891 1892 1945 misericordiae

309 2000 475 2053 opera
524 1992 581 2039 et
637 1983 919 2039 charitatis
979 1981 1158 2038 officia
1209 1990 1482 2052 perpetuae
1545 1981 1892 2036 beatitudinis

312 2091 558 2146 regnum.
603 2074 717 2131 Hoc
761 2075 967 2131 faciens
1009 2073 1256 2139 feliciter,
1303 2074 1442 2140 vive,
1467 2072 1542 2128 ﬁli
1579 2074 1651 2128 mi
1689 2072 1895 2128 charis-

311 2181 467 2220 sume.

639 2255 798 2326 293
839 2269 864 2296 α
903 2254 1234 2311 EPISTOLA
1271 2253 1573 2311 CCXXXII.

943 2364 1009 2401 AD
1046 2362 1258 2402 GISLAM.

315 2448 632 2511 Charitatem
674 2471 824 2508 suam
853 2453 933 2507 illi
971 2455 1234 2525 signiﬁcat
1265 2473 1283 2509 :
1311 2454 1380 2508 ad
1421 2454 1597 2508 omnia
1623 2457 1893 2525 _rirtutum

417 2542 572 2608 enera
612 2525 874 2590 hortatur,
921 2533 968 2578 et
1010 2523 1333 2579 commendat
1370 2536 1565 2579 sancta:
1607 2523 1895 2594 Scriptum

406 2605 680 2649 ectionem.

386 2703 761 2758 Dilectissimae
807 2702 1123 2760 in‘Christo
1166 2703 1361 2774 virgini
1396 2703 1422 2742 ι)
1452 2701 1614 2758 Gisia:
1637 2701 1896 2758 Alcuinus

317 2794 536 2848 humilis
564 2793 726 2848 levita
749 2794 1001 2849 salutem.

386 2887 554 2943 Valde
581 2887 727 2941 enim
756 2887 892 2952 tuis,
921 2886 1220 2942 clarissima
1251 2886 1341 2940 Dei
1381 2884 1580 2940 famula
1605 2925 1620 2952 ,
1647 2885 1898 2955 alloquiis

316 2979 533 3047 gavisus
567 2994 708 3043 sum,
732 2987 788 3034 et
818 2987 907 3033 tua
939 2979 1322 3033 familiaritatis
1345 2980 1544 3048 pietate
1566 2979 1893 3043 consolatus,

318 3069 392 3123 ita
419 3078 480 3123 ut
506 3084 574 3123 ex
599 3085 666 3124 eo
694 3069 780 3124 die
805 3084 912 3139 quo
935 3077 1152 3139 pactum
1196 3069 1479 3125 charitatis
1518 3077 1697 3123 tecum
1732 3069 1860 3122 inivi
1878 3109 1892 3132 ,

317 3160 600 3215 dulcedine
625 3135 1062 3215 dilectionis—tute
1087 3175 1184 3230 per
1219 3160 1426 3231 singula
1454 3174 1591 3228 pene
1626 3165 1897 3214 momenta
1921 3135 1972 3199 (ἶ

313 3253 596 3323 pascebar,
642 3251 851 3307 felicem
893 3253 1168 3307 aestimans
1217 3267 1325 3316 me,
1369 3251 1495 3306 dum
1541 3249 1898 3305 sanctissimae

313 3343 582 3398 orationis
626 3343 921 3397 munimine
947 3383 962 3408 ,
1011 3342 1305 3397 secundum
1347 3341 1761 3412 promissionem
1807 3355 1898 3396 ve-

316 3442 491 3487 stram
513 3430 686 3498 fruar;
709 3440 766 3487 at
785 3448 928 3487 nunc
951 3433 1184 3487 maxime
1209 3431 1422 3488 assidua
1446 3446 1666 3502 precum
1695 3438 1899 3485 vestra-

320 3539 440 3578 rum
461 3525 794 3592 protectione
814 3525 1012 3578 muniri
1029 3525 1259 3594 indigeo,
1286 3524 1415 3578 dum
1437 3523 1710 3593 ﬁuctivagi
1733 3523 1900 3578 maris

319 3618 584 3671 incertum
614 3615 718 3671 iter
741 3623 950 3672 tentare
971 3616 1262 3686 compellor
1289 3613 1445 3688 [Hs.,
1473 3623 1738 3685 temptare
1771 3629 1900 3671 con-

315 3707 532 3781 pellar],
562 3717 622 3762 ut
651 3709 830 3764 divina
865 3707 1147 3763 clementia
1196 3724 1285 3763 me
1327 3709 1397 3763 ad
1443 3715 1659 3778 portum
1711 3706 1900 3762 salutis

317 3798 612 3867 perducere
639 3797 908 3869 dignetur,
940 3805 1101 3866 atque
1129 3797 1324 3853 vestris
1358 3797 1551 3852 iterum
1593 3796 1897 3865 conspecti-

318 3887 419 3944 bus
440 3887 766 3958 gaudentem
793 3896 972 3942 astare
997 3889 1280 3944 condonet.
1307 3887 1413 3942 Sed
1436 3903 1566 3958 rogo
1587 3887 1901 3957 suppliciter

319 3986 391 4044 te,
418 3978 529 4032 Deo
553 3977 897 4032 devotissima
927 3979 1095 4050 virgo,
1135 3994 1204 4033 ne
1241 3991 1402 4032 aures
1445 3977 1750 4048 prudentiae
1795 3985 1901 4032 tua:

319 4071 499 4139 apices
525 4069 850 4138 insipientia:
877 4085 1010 4125 meae
1037 4068 1340 4133 offendant;
1363 4077 1419 4124 et
1452 4068 1596 4138 quod
1637 4081 1724 4123 me
1770 4067 1902 4123 dile-

321 4162 428 4216 ctio
458 4175 589 4214 vera
636 4160 874 4216 scribere
914 4160 1186 4226 admonet,
1215 4167 1266 4214 te
1291 4159 1567 4213 humilitas
1591 4165 1776 4213 sancta
1807 4156 1902 4212 do-

323 4258 442 4306 ceat
482 4248 793 4319 perlegere;
832 4265 934 4305 nec
977 4248 1178 4320 stylum
1223 4262 1403 4303 meum
1433 4247 1903 4317 praesumptiosum

324 4349 498 4410 putes,
523 4338 825 4394 ofﬁciosum
852 4354 1181 4409 agnoscens;
1212 4347 1268 4393 et
1293 4353 1455 4408 quem
1489 4338 1545 4392 in
1571 4337 1681 4392 Deo
1703 4335 1899 4408 diligit,

325 4433 701 4486 admonentem
727 4430 924 4499 accipit
949 4428 1066 4501 [F.,
1095 4428 1369 4501 accipiat].

390 4523 576 4577 Primo
619 4523 860 4577 omnium
906 4531 957 4576 te
999 4523 1066 4576 de
1101 4522 1196 4577 Dei
1238 4521 1504 4578 charitate
1530 4519 1813 4583 admoneo,
1844 4524 1900 4573 et

322 4615 662 4671 nobilitatem
689 4614 939 4684 imaginis
960 4613 1103 4667 illius
1127 4626 1310 4677 serva;
1335 4619 1391 4666 et
1411 4611 1565 4679 cujus
1581 4609 1684 4664 viri
1705 4625 1901 4678 sponsa

321 4725 442 4766 esse
475 4710 712 4779 cmpisti,
757 4723 970 4777 semper
1015 4720 1336 4761 rememora.
1382 4704 1617 4774 Inclytus
1647 4714 1730 4760 est
1748 4705 1904 4760 valde

324 4810 379 4856 et
402 4803 668 4874 gloriosus
695 4814 922 4871 sponsus
953 4806 1097 4862 tuus,
1127 4795 1220 4866 qui
1254 4795 1417 4849 alium
1444 4803 1697 4849 ornatum
1749 4794 1801 4849 in
1849 4804 1904 4850 te

326 4912 433 4950 non
463 4894 660 4964 quatrit
684 4894 788 4947 nisi
823 4890 1150 4962 spiritalem;
1186 4903 1294 4942 non
1324 4894 1498 4941 tortas
1528 4885 1759 4941 crinium
1785 4887 1903 4941 alli-

325 4987 592 5056 gationes,
646 4985 741 5040 sed
792 4992 968 5039 rectas
1018 4996 1229 5036 morum
1275 4980 1542 5034 bonorum
1587 4977 1906 5048 conligatio-

326 5093 453 5143 nes;
487 5091 590 5132 nec
618 5075 1062 5130 vestimentorum
1105 5087 1301 5126 vanum
1353 5068 1592 5126 exterius
1643 5070 1906 5135 nitorem,

327 5166 420 5222 sed
449 5165 756 5222 sanctitatis
777 5171 831 5219 et
851 5163 1184 5218 castimonia:
1215 5159 1446 5216 nobilem
1478 5157 1705 5212 interius
1736 5156 1911 5228 splen-

327 5258 549 5322 dorem;
578 5269 710 5311 cave
741 5269 811 5311 ne
851 5254 1052 5324 aliquid
1084 5254 1138 5308 in
1185 5261 1238 5308 te
1273 5251 1511 5307 inveniat
1554 5249 1699 5319 quod
1726 5248 1912 5304 oculos

330 5347 478 5401 illius
517 5345 786 5412 oﬁ'endat;
817 5352 874 5400 et
903 5345 948 5400 si
977 5342 1178 5408 forsan,
1207 5350 1266 5396 ut
1292 5340 1428 5397 solet
1470 5341 1718 5394 humana:
1746 5336 1912 5408 fragi-

330 5437 502 5493 litatis
523 5438 760 5493 conditio
781 5436 993 5502 aﬁ'erre,
1016 5435 1248 5503 aliquam
1269 5432 1608 5503 negligentia:
1643 5428 1910 5485 maculam

331 5529 389 5588 in
417 5541 475 5588 te
497 5531 764 5602 malignus
790 5530 1009 5600 spiritus
1031 5526 1236 5596 inﬁgat,
1275 5526 1434 5581 citius
1473 5524 1808 5595 pmnitentia:
1836 5522 1913 5578 la-

408 5713 433 5740 ⁸
460 5701 612 5769 Apud
638 5700 866 5755 Froben.
899 5695 1207 5769 epist~u229z

1927 4481 1978 4542 D

1993 1888 2132 1942 mior
2153 1890 2344 1954 honor,
2371 1906 2532 1959 quam
2555 1891 2672 1958 ejus
2695 1892 2862 1963 Regis
2883 1909 3003 1948 esse
3025 1910 3276 1964 sponsam
3299 1897 3390 1966 qui
3412 1913 3573 1968 super

1991 1991 2179 2033 omnes
2211 1993 2364 2048 reges
2389 1986 2510 2034 est:
2542 1989 2596 2034 et
2643 1991 2846 2051 quanto
2878 1982 2967 2038 ille
2997 1984 3325 2041 sublimioris
3357 1994 3439 2040 est
3475 2001 3574 2056 po—

1993 2068 2172 2124 tentiae
2199 2069 2252 2122 in
2281 2069 2506 2135 virtute,
2533 2078 2685 2127 tanto
2716 2079 2771 2126 tu
2797 2072 3014 2141 majoris
3040 2083 3157 2130 esto
3193 2074 3480 2144 diligentia:
3517 2077 3572 2131 in

1992 2159 2309 2226 sanctitate;
2346 2161 2605 2216 sanctitas
2635 2178 2762 2218 vero
2797 2164 2851 2218 in
2882 2163 3108 2233 justitia:
3148 2167 3399 2235 operibus
3441 2183 3574 2223 con-

1993 2260 2119 2318 stat,
2140 2251 2351 2320 justitia
2375 2269 2504 2309 vero
2529 2256 2736 2311 duobus
2759 2258 2931 2312 modis
2960 2257 3228 2326 impletur,
3258 2260 3360 2314 hoc
3385 2267 3486 2325 est,
3517 2268 3577 2313 ut

1993 2357 2112 2410 quae
2128 2344 2398 2412 prohibita
2423 2354 2548 2400 sunt
2574 2363 2604 2400 a
2631 2349 2761 2413 Deo,
2785 2363 2892 2403 non
2919 2347 3199 2417 faciamus,
3223 2358 3278 2406 et
3295 2367 3414 2420 qua:
3427 2349 3578 2419 jussa

1994 2443 2120 2488 sunt
2149 2437 2218 2492 ab
2249 2450 2348 2502 eo,
2383 2436 2666 2502 faciamus,
2708 2437 2862 2507 juxta
2911 2439 3236 2510 Prophetam
3270 2459 3282 2494 :
3314 2441 3517 2496 Direrte
3547 2457 3580 2494 α

1993 2524 2134 2578 malo
2179 2535 2227 2580 et
2265 2526 2351 2596 [ac
2373 2527 2563 2579 bonum
2609 2527 2838 2598 (Psalm.
2882 2530 3232 2601 xxxrtr,15).
3272 2531 3348 2585 De
3385 2532 3580 2600 quibus

1993 2615 2278 2683 sapientiae
2305 2624 2501 2670 vestrae
2528 2630 2614 2670 me
2642 2617 2883 2671 scribere
2906 2633 3297 2687 supervacuum
3325 2621 3537 2676 testimo
3559 2661 3574 2685 ,

1993 2706 2117 2775 quia
2148 2705 2202 2759 in
2232 2706 2480 2774 utrisque
2503 2705 2570 2759 ab
2596 2705 2814 2775 Optimis
2842 2721 2906 2761 ac
2930 2705 3281 2762 nobilissimis
3306 2708 3580 2775 magistris

1994 2812 2025 2850 a
2053 2796 2228 2867 prima
2269 2803 2429 2851 aetate
2458 2794 2819 2851 abundantius
2861 2796 3064 2851 imbuta
3091 2812 3151 2853 es
3169 2837 3185 2864 ,
3214 2805 3268 2851 et
3305 2797 3580 2853 excellens

1994 2889 2345 2959 naturaleque
2389 2888 2554 2942 animi
2598 2888 2675 2942 tui
2717 2888 2988 2960 ingenium
3038 2898 3090 2944 te
3135 2889 3332 2959 ubique
3387 2890 3574 2956 docet;

1995 2981 2215 3048 insuper
2237 2979 2413 3034 omnis
2442 2987 2749 3033 sanctorum
2780 2979 3039 3034 librorum
3072 2980 3242 3035 series
3271 2981 3373 3035 hoc
3401 2982 3576 3036 maxi-

1998 3083 2084 3125 me
2109 3070 2330 3124 auribus
2360 3069 2465 3124 tuis
2494 3068 2724 3134 indicat,
2758 3069 2951 3124 iterum
2982 3069 3286 3139 iterumque
3317 3070 3572 3140 replicat,

1999 3164 2129 3234 quid
2157 3165 2229 3219 sit
2254 3164 2403 3218 omni
2433 3164 2638 3219 homini
2675 3166 2975 3220 cavendum
3009 3165 3092 3218 vel
3137 3166 3486 3234 sequendum,
3527 3166 3582 3220 in

1998 3269 2226 3323 quorum
2243 3254 2470 3309 lectione
2487 3263 2538 3308 te
2550 3255 2719 3324 ipsam
2737 3255 3220 3326 exerce,'quoniam
3237 3271 3336 3326 per
3354 3254 3474 3310 illos
3487 3255 3582 3309 tibi

1997 3343 2238 3414 loquitur
2267 3345 2380 3414 ipse
2409 3344 2551 3400 Deus
2578 3353 2632 3398 et
2661 3344 2920 3400 Dominus
2953 3352 3152 3410 noster,
3180 3352 3235 3400 et
3261 3345 3362 3414 pia:
3397 3345 3583 3400 volun-

1999 3433 2124 3488 tatis
2154 3434 2248 3489 tibi
2286 3435 2622 3489 demonstrat
2648 3431 2920 3489 eﬁ‘ectum.
2943 3432 3289 3504 Recognosce
3321 3442 3375 3488 et
3405 3435 3582 3504 cogita

1997 3525 2143 3596 quali
2164 3526 2369 3581 honore
2404 3527 2733 3584 nobisillius
2758 3527 2954 3596 legatio
2977 3527 3048 3580 sit
3073 3526 3416 3580 aestimanda:
3446 3526 3576 3593 quid

1997 3618 2042 3673 si
2073 3632 2104 3672 a
2135 3633 2260 3689 rege
2285 3617 2482 3687 legatio
2516 3623 2573 3672 et
2597 3615 2865 3671 indiculus
2891 3615 2958 3667 ad
3003 3622 3059 3670 te
3098 3616 3304 3680 veniet,
3337 3617 3582 3686 nunquid

1997 3726 2106 3764 non
2134 3725 2258 3764 mox
2281 3709 2403 3763 aliis
2431 3709 2577 3763 curis
2600 3706 2916 3777 postpositis
2936 3714 3182 3778 prompta
3207 3715 3406 3763 etcum
3431 3709 3580 3764 omni

1999 3801 2281 3856 devotione
2309 3800 2424 3868 ejus
2452 3799 2663 3852 litteras
2690 3797 2890 3868 accipis
2915 3806 2970 3851 et
2995 3798 3222 3869 legis,et
3244 3799 3466 3870 implere
3495 3816 3582 3855 sa-

2001 3891 2184 3960 tages?
2207 3889 2346 3944 Ecce
2371 3889 2437 3944 de
2464 3888 2602 3944 coelo
2629 3903 2724 3942 rex
2747 3902 2955 3956 regum,
2985 3888 3094 3944 imo
3113 3897 3169 3942 et
3193 3890 3436 3958 Sponsus
3456 3899 3582 3947 tuus

1996 3999 2097 4054 per
2114 3982 2424 4052 prophetas,
2451 3979 2747 4052 apostolos,
2767 3980 3017 4034 doctores
3041 3977 3194 4050 [Ms.,
3217 3981 3581 4049 apostolorum

2000 4073 2271 4146 doctores]
2296 4074 2416 4140 tibi,
2445 4089 2478 4128 ο
2503 4073 2674 4144 virgo,
2705 4071 2954 4143 dignatus
2986 4078 3070 4126 est
3099 4070 3328 4141 dirigere
3372 4071 3585 4129 litteras

2000 4178 2142 4227 suas,
2171 4178 2277 4218 non
2304 4171 2365 4217 ut
2399 4161 2615 4233 aliquod
2642 4160 2923 4217 servitium
2949 4159 3052 4215 sibi
3077 4159 3445 4215 necessarium
3480 4161 3580 4216 de-

2001 4255 2344 4322 mandasset,
2395 4253 2489 4309 sed
2541 4268 2663 4324 quae
2711 4251 2780 4308 ad
2824 4251 3052 4308 salutem
3103 4258 3159 4306 et
3211 4249 3433 4321 gloriam
3483 4249 3581 4306 tibi

2000 4347 2304 4403 necessaria
2337 4345 2543 4401 sciebat
2569 4357 2710 4409 esse,
2740 4342 3081 4397 innotuisset.
3107 4341 3309 4395 Harum
3344 4349 3393 4394 te
3439 4339 3583 4396 litte—

2002 4453 2188 4493 rarum
2216 4435 2400 4491 sedula
2428 4433 2636 4488 reﬁciat
2681 4432 2842 4487 lectio
2862 4471 2876 4496 ,
2905 4432 3031 4500 quia
3061 4432 3115 4484 in
3143 4430 3248 4486 illis
3276 4430 3586 4499 agnoscitur

2006 4529 2166 4594 Deus,
2193 4527 2246 4580 in
2271 4526 2374 4580 illis
2403 4525 2529 4580 vitae
2555 4530 2769 4578 aeterna:
2810 4521 2978 4593 gloria
3006 4521 3376 4586 adnuntiatur,
3400 4521 3452 4574 in
3479 4519 3585 4577 illis

2003 4621 2129 4690 quid
2161 4618 2400 4682 credere,
2430 4615 2560 4685 quid
2581 4628 2820 4684 sperare,
2848 4613 2974 4684 quid
3003 4626 3207 4678 amare,
3234 4611 3316 4666 vel
3344 4611 3471 4682 quid
3503 4611 3583 4664 fu-

2003 4723 2131 4780 gere
2156 4707 2471 4771 debeamus,
2499 4703 2820 4760 ostenditur.

2073 4798 2199 4853 Hmc
2225 4797 2438 4868 scripsi,
2461 4813 2566 4853 non
2594 4797 2931 4867 ignorantem
2957 4795 3250 4858 instruens,
3275 4794 3368 4849 sed
3398 4794 3578 4848 chart-

2004 4892 2135 4947 tatis
2182 4889 2417 4946 cilicium
2465 4888 2691 4958 implens
2717 4928 2732 4952 ,
2778 4886 3010 4941 maxime
3040 4899 3236 4954 rogans
3263 4891 3322 4937 ut
3358 4882 3588 4952 teipsam

2005 4982 2409 5038 immaculatam
2441 4982 2497 5036 in
2547 4979 2688 5034 diem
2734 4976 2944 5032 Domini
2991 4976 3162 5031 nostri
3208 4973 3338 5029 Jesu
3383 4973 3583 5032 Christi

2004 5091 2220 5141 serves;
2249 5083 2304 5130 et
2329 5073 2464 5128 alios
2488 5080 2599 5127 tota
2625 5070 2943 5132 intentione,
2967 5066 3188 5122 monitis
3207 5080 3301 5120 seu
3323 5064 3587 5134 exemplis

2006 5167 2163 5222 trahe
2191 5174 2403 5224 tecum.
2430 5171 2486 5218 et
2525 5176 2685 5218 curre
2728 5160 2913 5215 multis
2957 5157 3212 5213 comitata
3253 5162 3373 5224 post
3401 5153 3582 5218 illum,

2007 5256 2178 5310 donec
2205 5252 2513 5308 introducat
2535 5265 2631 5306 vos
2656 5249 2712 5304 in
2738 5249 2955 5304 domum
2987 5245 3167 5300 Patris
3192 5284 3208 5310 ,
3235 5250 3290 5298 et
3332 5243 3385 5296 in
3408 5241 3586 5298 cubile

2012 5344 2288 5417 genitricis
2315 5357 2425 5398 sum
2452 5339 2625 5412 (Cant.
2653 5355 2714 5393 ιιι
2731 5378 2745 5403 ,
2772 5338 2851 5409 4),
2879 5345 2939 5392 ιιι
2975 5336 3149 5392 edatis
3177 5344 3234 5391 et
3258 5334 3458 5390 bibatis
3496 5349 3587 5388 su-

2011 5449 2108 5504 per
2134 5447 2371 5488 mensam
2397 5429 2513 5498 ejus
2533 5431 2588 5483 in
2608 5443 2773 5500 regno
2793 5443 2890 5483 suo
2912 5424 3062 5498 (Luc.
3091 5441 3228 5489 xx",
3251 5423 3362 5496 50),
3391 5421 3482 5477 ubi
3500 5428 3588 5477 est

2014 5522 2166 5579 cibus
2193 5520 2308 5576 sine
2338 5517 2574 5584 fastidio,
2618 5528 2675 5573 et
2698 5525 2857 5587 potus
2897 5515 3016 5571 sine
3064 5515 3177 5582 siti,
3228 5522 3282 5570 et
3318 5515 3428 5571 vita
3467 5513 3590 5570 sine

412 5749 657 5826 {Cia-la.—
683 5749 1133 5836 SbEi-i,2{r{niim
1175 5763 1354 5820 Caroli
1398 5761 1590 5832 Magni,
1643 5779 1708 5816 an
1759 5759 1909 5817 alteri
1951 5760 2158 5816 cuidam
2188 5756 2379 5827 virgini
2409 5769 2615 5824 magna:
2647 5752 2940 5809 nobilitatis
2963 5749 3248 5808 incertum-
