4012 6188
330 249 432 306 51³1

953 247 1364 303 EXEGETICA.
1408 279 1473 288 —
1512 247 1882 304 INTERROG.
1928 249 2014 303 ΕΤ
2053 249 2388 310 RESPONS.
2431 256 2497 311 IN
2535 257 2781 316 GENES.
2821 263 2971 318 ETC.

3505 275 3612 332 5l8

329 363 533 422 nomini
562 360 762 422 dicavi,
792 369 850 412 ut
878 359 1108 415 haberes
1135 361 1277 416 unde
1320 368 1468 414 tuam
1497 375 1686 430 posses
1715 376 1918 417 memo-
1944 360 1993 420 Α
2023 362 2291 432 ruptibilis
2312 376 2476 432 esset,
2504 369 2757 425 utebatur
2795 371 2950 443 [Ms.,
2995 378 3289 452 uteretur]:
3339 380 3480 453 ligno
3513 400 3604 438 an.

329 456 468 512 riam
494 464 769 514 recreare,
794 465 913 519 qua:
934 466 1076 520 smpe
1097 452 1275 522 perdit
1317 452 1461 522 quod
1489 467 1709 508 servare
1736 453 1916 518 debet,

328 545 434 603 nisi
460 543 514 598 in
537 544 796 597 thesauro
815 540 1121 595 litterarum
1152 543 1487 597 reconditum
1513 550 1718 607 teneat,
1746 544 1917 598 maxi-

329 651 416 691 me
453 634 642 700 nobis,
681 632 774 703 qui
804 631 985 686 steculi
1035 632 1475 702 occupationibus
1515 632 1875 688 distrahimur
1899 674 1914 698 ,

327 733 384 780 et
420 722 653 779 diversis
696 722 951 777 itinerum
991 722 1252 779 molestiis
1300 721 1608 794 fatigamur.
1659 722 1728 778 Et
1771 723 1915 792 quod

331 813 483 887 [Hs.,
515 811 666 885 quia]
702 812 944 883 pondera
987 813 1246 869 librorum
1276 813 1553 869 nobiscum
1581 814 1785 883 portari
1814 829 1912 869 ne-

327 913 554 976 queunt,
585 904 705 958 ideo
734 902 1017 973 aliquoties
1047 903 1300 959 brevitati
1345 904 1669 959 studendum
1707 912 1823 969 est,
1855 910 1914 958 ut

323 997 399 1054 sit
421 995 528 1051 levi
554 993 795 1066 pondere
813 993 1052 1063 pretiosa
1077 993 1356 1064 sapientia:
1379 993 1693 1064 margarita,
1722 1001 1778 1047 et
1809 993 1909 1046 ha-

321 1086 450 1142 beat
473 1085 651 1140 fessus
673 1099 740 1139 ex
767 1085 961 1140 itinere
984 1084 1160 1139 viator
1195 1099 1302 1154 quo
1339 1099 1401 1139 se
1431 1092 1660 1149 recreet,
1691 1084 1819 1138 licet
1843 1098 1908 1138 ex

318 1179 562 1249 pondere
584 1178 851 1248 portantis
879 1191 1072 1231 manus
1111 1193 1218 1232 non
1257 1185 1531 1247 gravetur.
1571 1175 1710 1232 Sunt
1733 1176 1786 1230 in
1813 1190 1910 1230 eo-

317 1271 446 1326 dem
473 1270 611 1324 libro
630 1267 958 1323 difﬁcillima:
986 1268 1313 1338 quaestiones
1354 1269 1600 1340 plurimm
1621 1310 1637 1334 ,
1669 1283 1803 1337 quas
1841 1268 1910 1323 ad

315 1374 561 1430 praesens
584 1366 802 1429 tangere
829 1373 936 1412 non
965 1357 1140 1425 libuit,
1164 1359 1247 1413 vel
1282 1360 1446 1414 etiam
1475 1374 1584 1414 non
1613 1359 1795 1425 licuit;
1824 1358 1910 1414 vel

313 1449 462 1519 quod
482 1451 550 1504 de
579 1448 684 1502 illis
711 1463 798 1502 me
816 1463 923 1502 non
949 1448 1318 1519 interrogasti.
1350 1448 1443 1504 Hae
1472 1450 1636 1504 etiam
1672 1450 1908 1505 maxime

313 1537 588 1594 historiae
614 1544 741 1593 sunt
768 1545 824 1592 et
841 1537 1072 1608 simplici
1098 1540 1451 1609 responsione
1472 1549 1776 1596 contentae:
1806 1540 1908 1596 illae

314 1642 444 1685 vero
471 1628 696 1699 majoris
726 1629 1108 1700 inquisitionis,
1133 1630 1497 1702 longior-isque
1524 1639 1789 1688 tractatus
1817 1634 1903 1688 in-

311 1721 497 1792 digent
525 1719 682 1792 [Cod.
716 1737 841 1787 ms.,
869 1729 925 1776 et
947 1721 1242 1795 longiorem
1281 1723 1486 1780 habere
1516 1726 1758 1797 indigent
1783 1735 1901 1782 tra-
1931 1703 1980 1764 Β

311 1809 562 1884 ctatum].
585 1811 682 1867 llis
701 1819 930 1880 tantum,
956 1812 1304 1870 dilectissime
1326 1814 1518 1883 frater,
1539 1827 1656 1873 esto
1682 1827 1905 1874 conten-

313 1911 436 1957 tus:
477 1913 535 1957 et
579 1903 757 1974 siquid
797 1905 853 1960 in
891 1905 970 1961 eis
1008 1921 1294 1977 perperam
1333 1907 1595 1976 dixerim,
1639 1919 1696 1965 tu
1730 1910 1904 1967 frater

313 1993 442 2066 [Με.
461 2036 477 2060 ,
525 1994 764 2051 fraterno
791 1996 953 2070 stylo]
982 2013 1081 2052 nos
1111 1997 1387 2070 corrigere
1423 2002 1682 2069 studeas;
1722 2004 1902 2074 siquid

313 2099 438 2138 vero
456 2084 616 2149 bene,
644 2101 751 2140 non
778 2087 934 2154 mihi,
968 2089 1063 2144 sed
1098 2088 1338 2160 largitori
1379 2092 1584 2162 gratias
1627 2109 1767 2165 age;
1807 2097 1898 2165 qui

309 2183 365 2229 et
392 2184 444 2229 te
467 2175 754 2246 prolicere,
784 2185 841 2232 et
865 2193 954 2234 me
981 2179 1076 2234 tibi
1122 2180 1373 2236 sullicere
1399 2197 1467 2236 ex
1489 2181 1648 2239 donis
1678 2186 1791 2240 suis
1814 2185 1898 2240 fa-

309 2263 436 2329 ciat,
453 2265 571 2320 sine
594 2281 702 2337 quo
721 2267 854 2322 nihil
874 2283 1185 2338 possumus,
1207 2272 1261 2326 in
1288 2288 1396 2343 quo
1416 2276 1595 2330 omnia
1621 2277 1897 2347 possibilia

310 2365 434 2411 sunt
458 2358 741 2426 credenti;
773 2361 864 2430 qui
895 2363 1156 2418 creditam
1195 2379 1309 2419 suae
1338 2367 1490 2422 nobis
1514 2368 1758 2437 pecuniae
1791 2367 1898 2422 lar-

309 2445 585 2516 gitionem,
618 2452 672 2504 in
695 2449 908 2507 laudem
937 2467 1036 2509 nos
1062 2461 1116 2508 et
1137 2454 1365 2525 gloriam
1393 2458 1477 2511 sui
1498 2457 1732 2513 nominis
1759 2457 1894 2513 mul-

311 2535 552 2606 tiplicare
581 2537 766 2594 faciat.

157 2633 185 2692 ,ι
220 2659 305 2672 --
376 2627 728 2701 Interrogatio
760 2633 816 2690 Ι.
844 2632 1122 2700 Quomodo
1160 2641 1414 2694 convenit
1444 2643 1586 2712 quod
1615 2643 1667 2696 in
1694 2641 1892 2700 Genesi

305 2719 538 2791 legitur:
567 2721 832 2789 Requievit
862 2725 1002 2780 Deus
1040 2728 1124 2782 die
1152 2733 1369 2800 septimo
1404 2733 1469 2786 ab
1497 2734 1737 2788 omnibus
1773 2751 1890 2805 ope-

196 2878 210 2886 _
237 2863 256 2880 ,_
303 2811 448 2864 ribus
470 2813 582 2866 suis
614 2812 765 2884 (Gen.
798 2832 861 2880 ιι,
903 2816 982 2889 9.),
1013 2828 1069 2872 et
1096 2820 1148 2874 in
1189 2821 1478 2893 Evangelia
1502 2842 1514 2854 ·
1560 2807 1722 2880 Pater
1744 2844 1891 2882 meus

196 2893 286 2943 ζα
304 2916 465 2970 usque
489 2903 646 2957 modo
673 2916 918 2975 operatur
943 2918 992 2961 et
1019 2913 1112 2980 ego
1139 2929 1324 2982 operor
1355 2915 1534 2986 (Joan.
1569 2932 1601 2970 v
1619 2957 1634 2982 ,
1666 2918 1753 2992 l7)
1778 2920 1892 2973 Y—

303 2993 611 3066 Responsio.
641 2997 925 3068 Requievit
947 3017 978 3056 a
999 3019 1261 3060 novarum
1282 3009 1589 3066 conditione
1613 3024 1638 3051 ει
1659 3019 1718 3066 et
1736 3027 1888 3068 crea-

303 3084 449 3139 tione
477 3094 873 3156 creaturarum,
899 3107 1004 3146 non
1035 3109 1066 3147 a
1095 3095 1437 3153 conditarum
1475 3101 1884 3170 gubernatione.

300 3178 370 3233 Et
397 3179 519 3236 ideo
548 3179 692 3236 Deus
718 3182 890 3257 [tunc]
922 3195 1140 3243 creator
1163 3189 1218 3244 in
1244 3205 1338 3245 sex
1367 3192 1576 3248 dierum
1609 3195 1888 3252 creatione

301 3271 570 3338 putandus
597 3281 702 3337 est,
732 3290 876 3329 nunc
899 3292 1030 3332 vero
1059 3278 1388 3349 gubernator
1424 3283 1478 3337 in
1510 3285 1673 3342 totius
1702 3289 1887 3344 mundi

300 3364 571 3420 creaturis
595 3363 748 3436 [Ms.,
777 3368 1032 3441 naturis].

367 3451 538 3507 Inter.
571 3454 626 3510 2.
658 3455 798 3524 Quot
823 3468 1104 3516 creaturas
1141 3465 1432 3522 rationales
1459 3467 1610 3539 [Λίδη
1641 3470 1882 3526 rationa-

298 3543 454 3615 biles]
485 3547 729 3602 condidit
749 3549 1015 3605 Deus?—
1052 3553 1210 3626 Resp.
1243 3557 1407 3613 Duas.
1436 3557 1671 3630 Angelos
1700 3571 1757 3616 et
1780 3565 1882 3619 ho-

298 3637 471 3694 mines
495 3657 509 3694 :
552 3647 608 3694 et
651 3641 847 3698 etelum
887 3645 1117 3717 angelis.
1141 3656 1198 3703 et
1218 3657 1420 3705 terram
1446 3652 1756 3710 hominibus
1781 3655 1881 3710 ha-

299 3725 638 3786 bitationem.

367 3819 533 3876 Inter.
570 3823 622 3877 5.
669 3823 847 3890 Quare
892 3829 1192 3898 angelicum
1241 3843 1526 3903 peccatum
1571 3837 1785 3893 silentio
1827 3840 1880 3894 in

299 3909 494 3967 Genesi
522 3913 896 3971 absconditum
925 3927 1016 3988 est
1056 3929 1111 3975 et
1144 3922 1376 3980 hominis
1403 3926 1776 3996 patefactum?
1809 3961 1881 3971 —

305 3999 457 4072 Resp.
491 4001 628 4068 Quia
662 4006 963 4076 angelicum
997 4009 1190 4066 vulnus
1217 4012 1359 4069 Deus
1395 4031 1504 4070 non
1532 4019 1880 4087 pratdestina—

303 4091 374 4146 vit
393 4109 607 4160 curare,
632 4096 865 4153 hominis
888 4113 1016 4154 vero
1040 4115 1234 4158 sanare
1261 4105 1684 4173 praedestinavit.

365 4182 538 4236 Inter.
578 4183 631 4238 4.
675 4184 787 4240 Cur
818 4190 1010 4244 summi
1046 4191 1218 4262 angeli
1259 4203 1540 4263 peccatum
1579 4198 1879 4257 insanabile

302 4276 429 4343 fuit,
481 4287 537 4334 et
583 4280 816 4337 hominis
850 4283 1132 4339 sanabile?
1157 4317 1228 4325 -—
1251 4286 1404 4357 Resp.
1440 4288 1621 4362 [Quia]
1659 4293 1879 4361 angelus

299 4370 378 4423 sui
414 4371 638 4428 sceleris
674 4374 921 4432 inventor
949 4379 1071 4444 fuit,
1097 4379 1259 4435 homo
1287 4397 1416 4437 vero
1443 4383 1665 4441 alterius
1687 4384 1877 4442 fraude

298 4464 548 4520 seduch
573 4464 740 4541 [fuit].
792 4468 960 4536 Item,
987 4481 1190 4541 quanto
1228 4474 1508 4531 sublimior
1555 4478 1776 4549 angelus
1817 4479 1872 4534 in

298 4554 487 4624 gloria,
512 4564 662 4612 tanto
692 4559 865 4628 major
893 4560 948 4614 in
974 4563 1161 4617 ruina:
1197 4566 1357 4621 homo
1377 4583 1506 4622 vero
1535 4577 1737 4638 quanto
1760 4569 1873 4626 fra-

297 4644 448 4715 gilior
471 4647 526 4700 in
555 4655 769 4716 natura,
801 4659 948 4706 tanto
969 4649 1180 4707 facilior
1205 4655 1272 4710 ad
1301 4657 1533 4711 veniam.

360 4756 530 4813 Inter.
559 4760 611 4815 5.
635 4760 744 4817 Cur
763 4763 926 4820 homo
952 4779 1063 4821 suae
1089 4769 1371 4836 potestatis
1390 4779 1582 4826 auctor
1607 4781 1691 4828 est
1715 4789 1874 4830 crea-

298 4851 420 4905 tus?
445 4881 522 4893 —-
551 4851 708 4925 Resp.
741 4855 812 4911 Ut
848 4857 946 4912 sibi
971 4859 1087 4929 ipse
1113 4867 1302 4915 auctor
1338 4869 1486 4916 esset
1517 4862 1674 4936 [sive]
1703 4865 1770 4920 ad
1792 4867 1873 4920 vi-

295 4946 423 5007 tam,
453 4944 566 4998 sive
588 4945 658 5000 ad
691 4955 941 5002 mortem.
983 4947 1040 5003 Si
1071 4964 1199 5005 vero
1236 4952 1562 5007 necessitate
1593 4952 1742 5025 [Ms.,
1774 4970 1873 5010 ne-

290 5033 557 5110 cessitati]
583 5046 730 5092 esset
749 5038 1042 5107 subjectus,
1069 5049 1199 5098 tunc
1219 5058 1320 5098 nec
1349 5043 1476 5099 boni
1503 5047 1685 5116 Operis
1709 5048 1875 5103 habe-

289 5134 374 5182 ret
409 5127 658 5197 gloriam,
685 5146 786 5186 nec
806 5131 932 5186 mali
953 5148 1204 5202 pinnam:
1235 5136 1331 5192 sed
1372 5144 1519 5192 esset
1556 5138 1711 5206 quasi
1735 5155 1875 5194 unus

290 5215 422 5288 (AL,
445 5219 638 5291 unum]
665 5235 733 5276 ex
761 5221 1067 5291 pecoribus.

357 5308 527 5365 Inter.
553 5311 608 5365 6.
632 5310 742 5368 Cur
765 5312 956 5386 [enim]
982 5316 1036 5371 in
1064 5319 1317 5387 paradiso
1341 5318 1547 5390 lignum
1577 5321 1703 5376 vita
1729 5329 1787 5376 et
1803 5321 1870 5376 li-

288 5415 454 5470 gnum
479 5401 718 5459 scientia:
738 5403 867 5460 boni
893 5413 948 5460 et
967 5407 1093 5462 mali
1114 5417 1358 5465 creatum
1381 5413 1508 5466 est?
1530 5443 1600 5454 —
1620 5411 1777 5483 Resp.
1805 5412 1875 5468 Ut

289 5508 386 5562 per
410 5493 542 5548 illud
566 5496 828 5564 potuisset
871 5498 1034 5553 homo
1063 5499 1381 5570 immortalis
1425 5517 1581 5569 esse,
1627 5519 1726 5574 per
1768 5505 1872 5559 hoc

288 5598 418 5638 vero
443 5585 718 5652 mortalis;
754 5586 898 5656 ligno
925 5587 1049 5642 vita:
1089 5589 1246 5656 quasi
1276 5590 1570 5655 edicina,
1603 5600 1664 5646 ut
1692 5593 1873 5648 ineor-

360 5711 387 5739 ι
413 5699 587 5756 Verba
618 5709 666 5754 et
689 5703 948 5757 creatione
972 5703 1294 5757 omittuntur
1320 5702 1371 5755 in
1403 5703 1558 5758 codd.
1591 5720 1720 5759 mss.

2025 461 2132 506 tem
2162 454 2405 511 scientia:
2429 458 2555 512 boni
2579 471 2638 516 et
2661 461 2810 529 mali,
2841 465 2995 534 quasi
3036 477 3095 522 ut
3125 483 3364 534 veneno.
3407 481 3466 528 ut
3492 489 3613 532 mo-

2021 556 2253 602 reretur.

2091 639 2258 694 Inter.
2286 643 2335 697 7.
2361 643 2541 712 Quare
2568 647 2741 704 Adam
2766 653 2948 708 mundi
2985 655 3234 712 dominus
3256 659 3425 731 legem
3456 677 3613 720 acce-

2017 731 2138 800 pit?
2165 763 2236 772 ——
2266 733 2424 806 Resp.
2461 737 2530 793 Ut
2547 755 2651 794 non
2681 748 2831 796 tanto
2859 744 3209 802 extolleretur
3229 749 3488 818 dominio,
3511 755 3608 809 sed

2019 818 2073 873 in
2108 819 2485 881 observatione
2509 830 2750 884 mandati
2776 831 2940 886 sciret
2959 849 3018 889 se
3038 836 3339 906 subjectum
3363 840 3605 898 Creatori

2021 910 2173 982 [Ms.,
2205 914 2504 991 Conditori]
2532 935 2650 974 suo.

2086 1001 2254 1058 Inter.
2287 1007 2341 1062 8.
2373 1007 2512 1074 Quid
2539 1017 2641 1074 est,
2674 1012 2817 1080 quod
2855 1013 2997 1068 Deus
3035 1016 3307 1086 inspiravit
3331 1022 3384 1074 in
3412 1023 3601 1091 faciem

2014 1092 2146 1149 Ade:
2166 1096 2487 1166 spiraculum
2515 1101 2633 1155 vita:
2657 1101 2809 1173 (Cen.
2843 1121 2907 1169 ιι,
2935 1104 3116 1175 7)?—
3139 1108 3295 1180 Resp.
3321 1112 3608 1182 Inspiratio

2016 1187 2112 1242 Dei
2157 1187 2257 1261 [in]
2289 1189 2482 1246 faciem
2523 1194 2758 1249 hominis
2784 1196 3004 1253 traditio
3033 1197 3185 1270 [Ms..
3225 1194 3484 1276 conditio]
3523 1217 3608 1262 est

2018 1281 2210 1336 animze
2241 1283 2542 1340 rationalis.

2086 1373 2250 1445 306
2289 1374 2456 1430 Inter.
2499 1378 2551 1432 9.
2593 1377 2704 1433 Cur
2732 1379 2893 1434 homo
2929 1390 3086 1437 sexto
3114 1383 3200 1439 die
3229 1393 3447 1441 creatus
3484 1396 3604 1454 est,

2013 1479 2138 1520 cum
2165 1474 2385 1537 propter
2410 1469 2673 1524 rationem
2710 1470 2941 1525 nobilior
2978 1474 3192 1529 caeteris
3215 1484 3359 1530 esset
3384 1485 3602 1533 creatu-

2015 1556 2110 1621 ris,
2135 1573 2255 1627 quae
2287 1566 2412 1612 ante
2437 1558 2628 1630 [Edit.,
2660 1559 2741 1632 se]
2767 1559 2883 1632 [sex
2914 1563 3124 1636 diebus]
3155 1564 3313 1620 factae
3335 1567 3505 1621 sunt?
3528 1599 3601 1608 —

2013 1649 2169 1720 Resp.
2191 1651 2262 1706 Ut
2280 1652 2511 1721 primum
2525 1651 2753 1708 Creator
2772 1655 3030 1710 mundum
3056 1658 3209 1725 quasi
3237 1658 3452 1713 domum
3468 1674 3603 1730 prm-

2006 1747 2245 1809 pararet,
2293 1749 2350 1795 et
2393 1749 2520 1811 post
2547 1742 2919 1800 introduceret
2963 1745 3346 1813 habitatorem,
3396 1749 3449 1804 id
3489 1759 3592 1808 est.

2002 1831 2280 1886 dominum
2300 1832 2513 1888 domus.

2074 1922 2240 1975 Inter.
2271 1922 2357 1976 10.
2391 1922 2571 1990 Quare
2599 1924 2825 1982 Creator
2863 1928 2916 1982 in
2962 1928 3092 1984 Atla:
3132 1929 3350 2001 [delicto
3392 1931 3593 2003 (Edit.,

2000 2011 2310 2085 maledicto)
2335 2013 2354 2086 ]
2391 2022 2552 2072 terra:
2581 2017 2859 2073 maledixit
2887 2028 2942 2074 et
2967 2035 3074 2074 non
3118 2022 3275 2090 aquis
3305 2021 3458 2093 (Cen.
3489 2038 3591 2090 ιιι,

2003 2103 2227 2173 l7)?—
2253 2103 2411 2175 Resp.
2451 2104 2588 2172 Quia
2634 2107 2700 2162 de
2742 2116 2899 2164 terra:
2929 2108 3107 2165 fructu
3150 2110 3300 2182 [Ms.,
3334 2112 3401 2166 de
3446 2121 3592 2168 terra

1998 2192 2256 2266 fructum]
2287 2202 2477 2250 contra
2507 2197 2852 2253 interdictum
2891 2192 3235 2254 manducavit
3265 2202 3444 2264 homo,
3480 2218 3589 2264 non

1995 2283 2065 2338 de
2109 2284 2265 2354 aquis
2310 2284 2478 2347 bibit;
2515 2295 2571 2340 et
2608 2289 2752 2357 quod
2791 2288 2919 2360 [Ms.
2945 2330 2960 2354 ,
3004 2289 3153 2362 quia]
3184 2293 3594 2361 praedestinavit

1997 2371 2139 2427 Deus
2163 2373 2216 2426 in
2239 2375 2394 2442 aquis
2415 2374 2632 2431 abluere
2650 2386 2952 2448 peccatum,
2974 2381 3118 2450 quod
3139 2382 3205 2436 de
3226 2380 3404 2437 fructu
3427 2391 3588 2439 terrae

1996 2464 2272 2518 contraxit
2292 2465 2474 2520 homo.
2523 2531 2526 2536 _

2065 2551 2232 2605 Inter.
2265 2553 2348 2606 ll.
2381 2554 2558 2620 Quare
2594 2559 2876 2612 terrestria
2916 2561 3170 2616 animalia
3210 2563 3329 2632 plus
3359 2564 3586 2619 maledi-
3619 2606 3621 2608 -

1993 2642 2190 2697 ctionis
2225 2643 2428 2698 habent
2462 2660 2626 2714 quam
2662 2649 2964 2716 aquatilia?
2989 2681 3060 2690 —
3092 2649 3249 2721 Resp.
3283 2652 3417 2718 Quia
3464 2653 3588 2723 plus

1993 2735 2059 2787 de
2086 2733 2374 2789 maledicta
2420 2743 2564 2790 terra
2605 2737 2793 2792 vivunt
2819 2755 2982 2809 quam
3033 2742 3328 2810 aquatilia;
3370 2751 3425 2796 et
3461 2743 3583 2797 ideo

1991 2821 2244 2878 Christus
2291 2834 2414 2895 post
2459 2829 2912 2883 resurrectionem
2961 2830 3025 2884 de
3069 2832 3218 2901 pisce
3257 2832 3585 2887 manducare

1989 2912 2175 2978 voluit,
2195 2928 2301 2968 non
2327 2915 2392 2970 de
2417 2915 2596 2986 aliquo
2618 2917 2835 2972 animali
2859 2920 3103 2974 terrestri
3126 2919 3277 2991 (Luc.
3301 2936 3449 2986 XXIV,
3466 2921 3579 2994 45).

2065 3003 2231 3059 Inter.
2262 3005 2350 3060 l2.
2397 3006 2576 3073 Quare
2619 3008 2733 3077 ipse
2765 3009 2993 3064 Creator
3019 3010 3255 3065 hominis
3298 3018 3579 3082 peceatum

1991 3113 2090 3168 per
2112 3099 2349 3169 seipsum
2376 3100 2595 3170 expiare
2634 3101 2825 3167 voluit,
2856 3109 2912 3157 et
2948 3117 3056 3157 non
3083 3119 3181 3174 per
3209 3103 3580 3175 angelum?—

1992 3187 2149 3260 Resp.
2179 3188 2314 3256 Quia
2355 3205 2463 3246 non
2505 3189 2810 3248 sufﬁciebat
2841 3193 3000 3248 unius
3024 3193 3196 3264 angeli
3229 3196 3480 3250 meritum
3510 3197 3580 3252 ad

1988 3280 2413 3350 redemptionem
2467 3282 2632 3337 totius
2660 3284 2889 3355 generis
2915 3283 3176 3352 humani;
3218 3301 3320 3341 nec
3370 3294 3577 3341 tantum

1988 3369 2210 3425 sceleris
2236 3371 2389 3443 [Ms.,
2404 3372 2603 3446 scelus]
2636 3374 2956 3431 incurrisset
2976 3375 3220 3432 diabolus
3246 3376 3300 3432 in
3327 3393 3462 3434 nece
3483 3395 3579 3434 an-

1986 3459 2108 3530 geli,
2141 3470 2400 3531 quantum
2435 3463 2663 3520 incurrit
2692 3465 2747 3519 in
2777 3481 2912 3522 nece
2937 3466 3229 3526 Creatoris.

2059 3553 2226 3608 Inter.
2259 3555 2344 3611 l5.
2375 3555 2485 3611 Cur
2512 3557 2756 3613 diabolus
2783 3567 2891 3613 tam
2929 3559 3157 3615 infestus
3185 3569 3272 3616 est
3296 3563 3576 3618 hominum

1985 3647 2186 3702 saluti?
2209 3678 2278 3687 —
2309 3647 2467 3718 Resp.
2497 3649 2725 3719 Propter
2752 3651 2936 3705 odium
2976 3652 3030 3706 in
3064 3652 3375 3709 Creatorem
3406 3664 3461 3710 et
3489 3658 3574 3712 in-

1982 3737 2184 3791 vidiam
2212 3738 2264 3791 in
2290 3738 2584 3804 hominem,
2610 3749 2663 3794 et
2689 3740 3121 3811 desperationem
3148 3760 3259 3800 sua:
3287 3747 3500 3804 salutis.

2055 3848 2220 3904 Inter.
2255 3849 2340 3903 14.
2373 3849 2554 3917 Quare
2597 3851 2740 3908 Deus
2777 3855 2832 3910 in
2876 3857 3141 3929 principio
3180 3860 3439 3933 [humano
3477 3881 3572 3936 ge-

1982 3939 2124 4012 neri]
2147 3941 2321 4012 legem
2346 3957 2453 3997 non
2483 3943 2632 3999 dedit
2653 3960 2816 4014 quam
2845 3957 3030 4017 postea
3071 3965 3170 4018 per
3208 3952 3424 4024 Moysen
3457 3964 3570 4010 tra-

1983 4031 2153 4084 didit?
2189 4061 2260 4071 —
2289 4032 2448 4103 Resp.
2490 4033 2625 4102 Quia
2674 4037 2726 4090 in
2775 4037 3080 4093 hominibus
3123 4041 3312 4108 primis
3352 4044 3441 4096 diu
3483 4044 3569 4098 lex

1980 4120 2134 4175 bona:
2161 4131 2368 4177 natura:
2398 4127 2754 4194 servabatur;
2789 4137 2846 4182 at
2887 4129 2975 4183 ubi
3015 4129 3278 4184 naturalis
3319 4130 3404 4184 lex
3439 4147 3568 4185 eva-

1981 4210 2115 4275 nuit,
2145 4211 2324 4266 oblata
2356 4217 2742 4273 consuetudine
2775 4220 3056 4288 peccandi,
3099 4221 3223 4274 data
3249 4228 3334 4274 est
3369 4219 3454 4274 lex
3484 4221 3569 4274 lit-

1981 4309 2112 4356 terw
2135 4318 2232 4373 per
2257 4303 2495 4375 Moysen,
2522 4315 2584 4360 ut
2619 4307 2760 4364 bona
2781 4325 2900 4380 qua:
2925 4311 3236 4366 sciebantur
3264 4312 3470 4366 auctori
3481 4304 3564 4366 ta-

1905 4414 1958 4476 Β
1981 4401 2091 4448 tem
2119 4395 2411 4461 haberent,
2441 4405 2498 4450 et
2538 4412 2658 4467 qua:
2701 4399 2868 4454 latere
2905 4409 3214 4469 coeperant,
3246 4401 3564 4458 manifesta-

1979 4491 2204 4550 rentur;
2235 4495 2291 4539 et
2321 4493 2381 4539 ut
2403 4493 2578 4540 terror
2600 4487 2896 4557 disciplina
2923 4489 3220 4560 corrigeret
3245 4490 3564 4563 delinquen-

1979 4584 2078 4638 tes,
2110 4585 2166 4631 et
2188 4575 2346 4631 ﬁdem
2373 4576 2696 4632 reformaret
2722 4579 2776 4632 in
2806 4578 2996 4634 Deum.

2047 4667 2214 4722 Inter.
2243 4668 2328 4722 15.
2361 4667 2434 4724 Ut
2453 4669 2580 4738 quid
2607 4668 2739 4724 Abel
2767 4669 3092 4725 sacriﬁcium
3123 4682 3433 4744 susceptum
3454 4681 3557 4741 est,

1975 4767 2031 4813 et
2051 4758 2181 4813 Cain
2207 4758 2499 4814 refutatum
2523 4758 2675 4832 (Gen.
2699 4777 2772 4824 iv,
2804 4759 2899 4831 4)?
2926 4792 2998 4800 —
3024 4759 3181 4833 Resp.
3219 4763 3400 4836 [Quia]
3425 4765 3559 4820 Abel

1977 4849 2088 4904 Deo
2113 4851 2313 4919 optima
2340 4858 2395 4905 et
2434 4851 2696 4905 naturalia
2733 4850 3014 4917 offerebat,
3047 4852 3178 4907 Cain
3209 4868 3338 4907 vero
3365 4853 3557 4909 viliora

1975 4948 2031 4993 et
2062 4940 2297 4994 humana
2321 4941 2624 4995 inventione
2647 4942 2968 5012 excogitata,
2997 4950 3058 4996 ut
3079 4951 3314 5013 putatur.

2047 5048 2212 5103 Inter.
2245 5050 2329 5104 l6.
2353 5049 2462 5104 Cur
2481 5049 2614 5104 Abel
2633 5051 2686 5104 in
2709 5050 2996 5120 Evangelia
3021 5051 3364 5122 singulariter
3378 5053 3556 5122 justus

1975 5143 2284 5194 nominatur
2331 5139 2546 5211 (Matth.
2589 5157 2725 5195 xxm
2746 5182 2762 5207 ,
2792 5141 2925 5214 35)?
2955 5173 3024 5183 —
3052 5142 3204 5213 Resp.
3238 5141 3420 5214 [Quia]
3452 5145 3555 5198 tria

1974 5232 2211 5286 maxima
2241 5230 2372 5302 [AI.,
2395 5230 2918 5303 niaximte]-justitia:
2949 5233 3216 5302 praeconia
3248 5233 3303 5287 in
3331 5247 3398 5287 eo
3434 5247 3558 5289 esse

1972 5325 2254 5395 leguntur,
2282 5324 2596 5394 virginitas,
2643 5325 3003 5380 sacerdotium
3051 5323 3187 5398 [et]
3233 5325 3556 5396 martyrium

1976 5416 2107 5488 μί..
2130 5416 2456 5486 virginitatis
2501 5417 2843 5472 sacerdotum
2871 5425 2927 5471 et
2961 5417 3310 5491 martyrum],
3336 5418 3390 5473 in
3429 5416 3554 5488 qui-

1966 5509 2074 5563 bus
2094 5508 2300 5578 primus
2323 5505 2523 5561 Christi
2549 5505 2776 5578 figuram
2797 5507 2982 5578 gessit,
3007 5507 3100 5578 qui
3136 5505 3238 5562 fuit
3263 5508 3437 5580 virgo,
3461 5520 3556 5566 sa-

1972 5599 2164 5655 cerdos
2190 5606 2245 5654 et
2276 5607 2500 5670 martyr.

3756 1792 3812 1874 ι”ῐ

3601 1852 3714 1882 καί
