4012 6188
303 333 401 389 521

921 330 1328 385 EXEGETICA.
1372 360 1439 370 ——
1471 330 1846 386 iN'l'ERROG.
1890 331 1974 384 ET
2008 330 2343 389 RESPO'NS‘.
2385 335 2450 389 ιω
2488 335 2754 399 ϐΕΝΕΞ..
2798 337 2946 393 ETC.

3455 342 3560 400 1523

300 461 421 504 sum
445 444 499 501 in
527 442 641 499 suis
680 440 889 498 naturis
912 441 1297 511 perfectionem
1329 442 1637 512 quamdam,
1665 451 1728 496 et
1752 439 1881 514 [Με.
1914 450 1960 505 Α
1988 459 2107 513 quae
2127 443 2268 500 Deus
2295 455 2573 499 creaverat
2597 446 2815 501 immani
2845 448 3023 515 operis
3066 446 3332 515 adiutorio
3380 450 3557 509 lietius

297 535 490 589 amittit
509 529 587 605 et]
618 531 860 601 requiem
886 529 942 586 in
962 532 1272 602 operatione
1293 532 1457 602 308
1478 531 1813 595 obedientiai,
1833 544 1887 589 et
1988 531 2323 602 fcraciusque
2348 532 2498 605 [Μι.
2531 535 2797 607 veracius]
2828 539 3189 605 provenirent.
3232 538 3299 594 Et
3328 545 3547 599 custodi.

298 624 536 680 maxime
574 623 932 679 rationabiles
978 633 1242 679 creatura:
1290 625 1345 677 in
1398 623 1525 695 [51s.
1558 640 1662 701 orn.
1695 622 1774 695 in]
1820 639 1887 678 eo
1986 632 2062 677 ret
2088 621 2257 687 illum,
2282 629 2341 676 ut
2374 624 2668 678 custodiret
2689 627 2936 681 eumdem
2956 629 3265 696 paradisum
3297 628 3397 685 sibi
3424 632 3551 701 ipsi,

300 718 444 773 bono
468 716 641 771 beatae
667 724 812 779 sunt,
841 725 899 769 ut
935 714 988 768 in
1013 715 1291 769 conditore
1319 730 1416 769 suo
1442 697 1801 783 requiescant.

369 807 537 864 Inter.
565 806 654 865 45.
682 804 793 861 Cur
826 805 896 860 de
943 805 1029 859 die
1076 805 1284 859 sabbati
1334 805 1529 859 dicitur
1565 819 1579 857 :
1609 805 1883 858 Renedixit

296 899 440 954 Deus
467 898 574 951 diei
601 895 819 967 septimo
852 904 900 948 et
929 893 1271 962 sanctiﬁcavit
1304 892 1453 946 illum
1479 896 1630 964 (rers.
1657 892 1736 963 5),
1760 908 1877 948 cum

298 991 365 1045 de
383 989 507 1044 aliis
524 988 713 1043 diebus
732 1000 839 1039 non
867 984 1074 1054 legatur
1096 984 1198 1038 hoc
1221 999 1346 1037 eum
1368 984 1607 1039 dixisse?
1630 1012 1699 1022 —
1723 982 1878 1052 Resp.

299 1081 371 1137 Ut
399 1078 710 1134 ostenderet
738 1090 1046 1129 sanctorum
1070 1074 1308 1143 requiem
1334 1082 1455 1143 post
1482 1088 1576 1128 sex
1603 1073 1759 1144 hujus
1782 1088 1884 1127 sa:-

295 1170 410 1228 culi
447 1177 669 1225 aetatum
698 1165 936 1229 labores,
962 1165 1015 1219 in
1041 1170 1245 1219 aeterno
1270 1166 1494 1219 sabbato
1522 1174 1575 1219 et
1604 1165 1880 1221 benedicta

300 1260 488 1330 requie
529 1257 834 1329 quieturam
887 1255 1401 1327 [iiIs.,quicturos],
1450 1257 1591 1311 sicut
1641 1256 1881 1310 dicturus

296 1362 424 1408 est:
474 1349 673 1414 Venite,
703 1349 953 1402 benedicti
1002 1347 1180 1401 Patris
1223 1350 1346 1412 mei,
1380 1350 1623 1418 percipite
1666 1364 1879 1418 regnum

301 1445 517 1517 (Matth.
537 1443 790 1514 xxv,3&).
809 1441 937 1499 ideo
966 1450 1019 1496 et
1045 1441 1130 1495 ille
1148 1442 1262 1496 dies
1284 1442 1399 1496 sine
1420 1455 1639 1510 vespera
1666 1440 1878 1512 legitur,

296 1538 441 1606 quod
485 1534 675 1589 ultima
718 1533 933 1602 requies
973 1540 1281 1586 sanctorum
1314 1533 1640 1600 sempiterna
1667 1540 1769 1586 est.

370 1626 536 1681 Inter.
567 1624 658 1679 M.
688 1623 798 1680 Cur
825 1623 963 1677 dixit
995 1640 1008 1676 :
1048 1622 1172 1677 Ista:
1206 1632 1323 1676 sunt
1372 1622 1728 1691 generationes
1767 1620 1880 1675 caeli

296 1728 347 1772 et
368 1727 523 1771 terra!
547 1715 700 1788 (Gen.
726 1731 789 1779 ιι,
818 1713 911 1783 ιγρ
934 1743 1005 1752 —
1033 1712 1188 1783 Resp.
1219 1712 1417 1767 Contra
1444 1726 1537 1766 eos
1574 1710 1750 1784 [facit]
1787 1712 1877 1782 qui

300 1808 559 1862 mundum
581 1808 697 1860 sine
726 1804 881 1859 initio
907 1811 960 1856 et
988 1817 1200 1872 semper
1227 1800 1394 1855 fuisse
1429 1800 1718 1855 allirmant.

369 1895 537 1950 Inter.
561 1895 650 1949 «£5.
690 1894 802 1949 Cur
850 1891 1010 1964 [dixit
1039 1910 1051 1944 :
1086 1890 1174 1964 In]
1225 1893 1308 1945 die
1340 1909 1443 1962 quo
1469 1892 1589 1961 fecit
1619 1891 1802 1945 ctutum
1832 1902 1880 1946 et

300 2000 497 2043 terram
534 1987 685 2059 (vers.
706 1985 760 2059 4)
779 2026 794 2049 ,
821 1993 874 2041 et
902 2000 1009 2040 non
1044 2002 1060 2038 :
1108 1985 1164 2038 in
1185 1985 1407 2038 diebus?
1446 2015 1516 2023 —
1546 1983 1700 2054 Resp.
1730 1984 1880 2038 Diem

300 2081 475 2152 (vero)
502 2096 603 2152 pro
642 2090 755 2135 toto
804 2089 1041 2148 tempore
1082 2077 1444 2147 primordialis
1483 2085 1744 2131 creatura:
1784 2092 1881 2146 po-

302 2172 445 2236 suit,
471 2172 612 2227 sicut
644 2180 701 2226 et
738 2169 1024 2239 Apostolus
1066 2183 1081 2222 :
1122 2167 1255 2222 Ecce
1302 2165 1483 2239 (nunr)
1537 2167 1647 2221 dies
1698 2166 1883 2220 salutis

309 2262 399 2334 (II
416 2261 726 2337 Cor.v1,2),
751 2262 891 2317 diem
948 2268 1119 2316 totum
1165 2268 1374 2330 tempus
1422 2258 1641 2330 intelligi
1696 2259 1881 2324 voluit,

308 2371 417 2426 quo
462 2354 639 2410 sancti
670 2354 724 2407 in
752 2354 853 2407 hac
877 2352 986 2407 vita
1008 2366 1113 2422 pro
1157 2360 1355 2405 aeterna
1403 2349 1573 2404 salute
1615 2349 1879 2405 laborant.

375 2445 542 2501 Inter.
567 2443 656 2498 46.
684 2442 820 2511 Quid
846 2452 930 2498 est
952 2441 1119 2514 [quod
1155 2439 1308 2515 dicit]
1343 2455 1357 2493 :
1400 2439 1565 2494 Omne
1606 2439 1880 2510 rirgultum

309 2536 427 2606 agri
477 2532 631 2606 (Cen.
663 2549 736 2596 ιι,
766 2531 820 2603 5)
868 2540 1155 2600 antequam
1206 2530 1440 2584 oriretur
1494 2530 1548 2583 in
1590 2530 1770 2583 terra?
1812 2559 1883 2568 --

306 2623 465 2696 Resp.
498 2624 917 2681 Utcelcritatem
944 2621 1125 2692 operis
1167 2620 1260 2675 Dei
1294 2620 1621 2684 insinuaret;
1672 2618 1727 2673 id
1775 2628 1880 2682 est,

306 2725 596 2783 antequam
618 2712 779 2782 aliqui
800 2711 1005 2765 fructus
1028 2725 1091 2764 ex
1116 2719 1261 2765 terra
1296 2709 1587 2763 crescendo
1609 2704 1883 2763 Oriretuur

304 2815 399 2860 aut
423 2805 807 2875 germinarent,
834 2809 1056 2872 repente
1080 2816 1269 2856 omnes
1294 2801 1467 2873 campi
1493 2808 1549 2854 et
1566 2799 1734 2855 colles
1760 2800 1883 2854 her-

303 2899 390 2954 bis
414 2906 570 2952 erant
595 2906 647 2952 et
673 2895 958 2951 arboribus
985 2894 1244 2964 cooperti.

380 2987 551 3043 Inter.
580 2987 669 3041 47.
698 2986 835 3054 Quid
859 2995 981 3040 est:
1018 2984 1139 3040 Non
1187 2985 1323 3039 enim
1375 2983 1577 3055 pluerat
1625 2982 1881 3036 Dominus

304 3074 447 3131 Deus
460 3092 616 3147 super
642 3085 832 3129 terram
857 3072 1007 3146 (vers.
1026 3071 1117 3144 5)?
1136 3103 1204 3113 --
1224 3071 1374 3144 Resp.
1408 3072 1475 3129 Ut
1501 3071 1883 3142 intelligeretur

328 3175 569 3239 guantum
596 3166 769 3237 prima
816 3172 972 3221 teme
997 3164 1316 3234 germinatio
1356 3179 1385 3216 a
1426 3158 1680 3217 moilerna
1709 3162 1880 3216 dista-

305 3257 418 3321 bat,
451 3272 570 3325 quae
597 3254 819 3311 merulis
839 3255 905 3309 ad
931 3254 1234 3324 pluviarum
1261 3252 1627 3322 irrigationcm
1646 3250 1739 3306 vix
1760 3257 1880 3306 tan-

304 3347 425 3402 dem
453 3357 508 3402 et
537 3347 688 3401 tarde
717 3346 991 3415 perficitur
1021 3363 1034 3398 :
1073 3345 1160 3399 illa
1186 3358 1313 3398 vero
1340 3342 1406 3397 ad
1427 3341 1667 3412 jubentis
1709 3341 1879 3414 impec

306 3439 450 3493 rium
476 3453 600 3492 mox
632 3447 813 3493 exorta
841 3437 1108 3509 apparuit.

380 3526 548 3581 Inter.
575 3524 660 3580 48.
698 3524 831 3594 Quid
875 3537 957 3584 est
999 3524 1241 3599 [iterum,
1277 3525 1419 3596 quod
1460 3524 1617 3599 dixit]
1665 3545 1678 3580 :
1734 3524 1880 3580 Fons

305 3622 617 3678 ascendebat
649 3623 712 3677 de
740 3632 878 3677 terra
924 3625 1149 3694 irrigans
1198 3622 1437 3675 universa
1488 3636 1642 3693 super
1691 3620 1879 3690 facient

309 3711 454 3784 [Ms.,
486 3713 781 3767 universam
808 3709 1158 3782 superﬁciem]
1209 3720 1364 3765 terra:
1424 3708 1577 3780 (Gen.
1609 3725 1669 3774 ιι,
1694 3708 1785 3780 6)?
1811 3739 1881 3748 ~—

311 3801 466 3875 Besp.
494 3803 603 3859 Aut
641 3804 707 3859 de
735 3802 848 3859 solo
874 3803 1003 3858 dicit
1031 3803 1294 3872 paradiso,
1315 3802 1406 3872 qui
1433 3816 1539 3855 uno
1577 3799 1720 3855 fonte
1761 3799 1884 3853 irri-

308 3892 419 3963 gari
434 3893 719 3960 creditur;
751 3900 866 3958 aut,
886 3893 928 3946 si
956 3890 1022 3945 de
1042 3901 1154 3945 tota
1182 3900 1322 3947 terra
1351 3891 1748 3962 intelligendum
1778 3897 1880 3951 est,

308 3998 523 4038 omnem
557 3999 818 4053 aquarum
852 3986 1233 4041 abundantiam
1262 3985 1482 4055 intelligi
1513 3984 1697 4039 voluit.

382 4095 547 4149 Inter.
588 4095 678 4150 49.
719 4092 988 4151 Formavit
1021 4086 1181 4169 igitur
1212 4096 1511 4170 (Dominus)
1548 4096 1690 4152 Deus
1718 4098 1885 4151 homi-

309 4203 424 4240 nem
453 4187 519 4241 de
544 4186 667 4241 limo
692 4197 844 4242 teme
876 4186 1026 4259 (Gen.
1059 4205 1119 4254 ιι,
1142 4190 1218 4260 7).
1240 4189 1378 4256 Quid
1403 4190 1597 4260 igitur?
1624 4187 1760 4243 Num
1777 4204 1882 4245 non

310 4287 454 4343 ante,
487 4278 575 4333 die
598 4286 769 4340 sexto,
796 4280 957 4336 homo
982 4280 1178 4351 legitur
1200 4295 1318 4336 esse
1355 4280 1604 4335 creatus?
1628 4310 1696 4319 ——
1723 4280 1881 4351 Resp.

307 4367 427 4424 1am
455 4370 647 4425 stricte
669 4369 1094 4443 [Ms.,strictim,
1127 4372 1197 4426 al.
1226 4372 1420 4445 omitt.]
1448 4372 1599 4441 prius
1626 4388 1722 4442 per
1746 4373 1886 4428 anti-

309 4463 634 4532 cipationem
664 4464 729 4518 de
757 4463 990 4519 hominis
1037 4463 1307 4518 creatione
1353 4464 1506 4527 dixit,
1528 4479 1699 4534 quam
1727 4463 1886 4518 modo
1912 4485 1961 4544 υ
1988 4472 2108 4526 gam
2132 4459 2370 4515 deseruit
2394 4459 2723 4526 Iudaeorum,
2752 4462 2819 4517 de
2853 4477 2958 4536 qua
3000 4463 3291 4517 secundum
3338 4478 3555 4519 carnem

310 4569 408 4623 per
432 4554 930 4625 recapitulationem
956 4554 1166 4624 plenius
1187 4570 1451 4625 exponere
1474 4570 1758 4626 aggressus
1781 4564 1883 4610 est.

1984 722 2039 766 et
2069 711 2221 783 [Ms.,
2247 711 2334 784 ne]
2366 714 2409 767 si
2442 714 2642 783 aliquid
2684 716 2986 782 amitteret,
3011 726 3073 771 ut
3113 718 3234 773 inde
3262 732 3563 780 mereretur

1984 806 2197 876 expelli.
2422 816 2437 831 °
3290 848 3303 871 ,
3524 790 3536 803 ’

2057 895 2221 949 Inter.
2252 896 2338 950 52.
2368 897 2478 951 Cur
2505 898 2705 952 dictum
2730 908 2812 952 est
2846 918 2857 950 :
2901 899 3121 970 Lignum
3165 904 3392 959 scicntia:
3434 906 3555 962 boui
3668 969 3687 977 ἢ

1981 998 2028 1040 et
2074 985 2198 1040 mali
2249 986 2418 1058 (Gen.
2464 988 2656 1059 11.9)?
2703 1019 2775 1027 —
2824 968 2980 1059 Resp.
3026 990 3140 1045 Non
3191 993 3333 1060 quod
3378 995 3615 1065 ipsiimﬁ
3668 968 3721 1041 ‘l

1982 1076 2185 1147 lignum
2226 1079 2280 1131 in
2309 1094 2403 1133 sua
2431 1089 2621 1132 natura
2666 1079 2929 1134 rationale
2973 1089 3135 1145 esset,
3167 1082 3247 1135 vel
3279 1084 3559 1142 scientiam

1982 1165 2110 1221 boni
2141 1175 2194 1221 et
2222 1167 2348 1221 mali
2374 1168 2678 1233 habuisset;
2703 1169 2794 1223 sed
2821 1169 2963 1239 quod
2994 1170 3153 1225 homo
3191 1171 3242 1224 in
3288 1186 3355 1225 eo
3398 1188 3564 1243 expo-

1982 1259 2076 1312 riri
2110 1267 2162 1312 et
2190 1260 2328 1312 scire
2350 1259 2526 1328 potuit
2547 1259 2673 1327 quid
2697 1268 2840 1312 esset
2863 1260 3004 1312 inter
3024 1260 3341 1315 obcdientia:
3358 1262 3557 1318 bonum

1980 1357 2034 1403 et
2066 1322 2437 1403 inobedientiae
2464 1322 2684 1403 mal-um.

2052 1439 2216 1494 Inter.
2256 1441 2343 1496 53.
2375 1441 2510 1507 Quid
2541 1442 2806 1512 significat
2835 1443 2887 1496 in
2916 1458 2979 1497 eo
3010 1445 3152 1512 quod
3186 1444 3321 1500 dixit
3347 1463 3360 1500 :
3391 1446 3559 1503 Morte

1981 1530 2215 1586 morieris
2239 1530 2388 1602 (vers.
2408 1530 2757 1602 l7)?——Resp.
2776 1532 3051 1601 Duplicem
3074 1535 3305 1590 hominis
3331 1546 3558 1594 mortem

1980 1617 2242 1687 designat,
2273 1618 2324 1671 id
2350 1628 2452 1682 est,
2472 1620 2667 1674 animae
2689 1629 2744 1675 et
2762 1622 3022 1691 corporis.
3046 1622 3250 1679 Animae
3275 1641 3420 1681 mors
3445 1638 3553 1693 est,

1979 1709 2105 1763 dum
2131 1719 2348 1780 propter
2371 1718 2654 1780 peccatum
2693 1712 2967 1779 quodlibet
3002 1714 3236 1768 animam
3279 1716 3421 1772 Deus
3458 1718 3553 1773 de-

1913 1793 1952 1850 B
1984 1799 2132 1853 serit.
2158 1798 2412 1869 Corporis
2436 1816 2581 1854 mors
2602 1809 2709 1862 est.
2743 1802 2865 1855 dum
2912 1813 3131 1872 propter
3180 1808 3558 1863 necessitatem

1988 1889 2285 1957 quamlibet
2340 1904 2535 1958 corpus
2591 1890 2858 1945 deseritur
2916 1892 2983 1947 ab
3033 1893 3238 1949 anima.
3300 1895 3366 1948 Et
3420 1897 3560 1952 hanc

1986 1983 2198 2054 duplam
2228 1982 2461 2038 hominis
2485 1991 2716 2037 mortem
2746 1981 2994 2038 Christus
3011 2000 3104 2040 sua
3130 1985 3318 2056 simpla
3340 1985 3558 2061 [morte]

1986 2072 2268 2126 destruxit.
2301 2071 2435 2125 Nam
2464 2072 2577 2126 sola
2618 2087 2779 2126 carne
2809 2081 3054 2127 mortuus
3083 2083 3167 2129 est
3199 2075 3267 2129 ad
3314 2084 3558 2145 tempus,

1985 2161 2162 2215 anima
2187 2177 2314 2217 vero
2339 2177 2633 2233 nunquam,
2657 2162 2780 2233 quia
2807 2179 3079 2234 nunquam
3105 2167 3368 2234 peccavit.

2055 2252 2220 2308 Inter.
2245 2252 2332 2308 54.
2363 2253 2515 2309 Unde
2549 2254 2749 2310 dicitur
2776 2272 2788 2307 :
2821 2254 3054 2310 Adduxit
3082 2274 3143 2310 ea
3173 2258 3241 2311 ad
3269 2260 3437 2314 Adam
3456 2303 3470 2324 ,
3497 2271 3557 2318 stt

1985 2345 2172 2399 ridere!
2200 2346 2323 2416 quid
2350 2356 2549 2400 vocaret
2572 2364 2632 2400 ea
2664 2344 2815 2416 (Gen.
2843 2347 3062 2418 11,19)?
3112 2378 3182 2388 —
3227 2350 3383 2422 Resp.
3439 2352 3555 2409 Non

1985 2437 2214 2492 circuitu
2255 2437 2413 2491 locali
2448 2438 2743 2503 adducens,
2777 2437 2870 2492 sed
2910 2439 3121 2495 occulto
3160 2448 3290 2494 nutu
3320 2457 3431 2497 suae
3458 2459 3555 2512 po—

1986 2530 2167 2583 tentia:
2191 2530 2354 2583 voluit
2379 2539 2437 2582 ut
2458 2529 2718 2583 venirent.

2051 2638 2217 2710 309
2243 2637 2401 2692 Inter.
2430 2637 2516 2691 55.
2536 2636 2650 2693 Cur
2676 2638 2845 2692 voluit
2879 2637 3021 2693 Deus
3047 2648 3106 2693 ut
3146 2641 3308 2695 homo
3337 2645 3555 2703 cunctis
3576 2636 3677 2665 ’ί
3739 2664 3751 2680 κ
3786 2636 3801 2653 ί

1984 2730 2349 2786 animantibus
2381 2730 2596 2786 nomina
2625 2729 2962 2798 imponeret?
2986 2759 3058 2770 —
3089 2730 3241 2803 Resp.
3275 2733 3345 2790 Ut
3388 2736 3550 2794 homo

1987 2822 2303 2892 intelligeret
2330 2821 2583 2891 seipsum,
2600 2831 2800 2890 quanto
2826 2820 3018 2875 melior
3034 2829 3175 2889 esset
3198 2827 3408 2881 cunctis
3433 2829 3554 2882 ani-
3656 2892 3663 2895 1

1986 2911 2260 2966 mantibus
2290 2927 2355 2965 ex
2391 2911 2615 2966 rationis
2640 2910 2981 2976 discretione,
3005 2920 3058 2966 et
3085 2927 3150 2968 eo
3180 2915 3348 2985 magis
3376 2920 3559 2972 condi-

1986 3007 2160 3055 torem
2191 3015 2348 3055 suum
2378 2999 2647 3071 diligeret,
2671 3016 2779 3070 quo
2800 3016 2862 3057 se
2888 3000 3162 3058 meliorem
3190 3003 3308 3060 aliis
3334 3007 3577 3065 viventi-.

1906 3131 1955 3192 ο
1986 3095 2086 3192 bus
2113 3094 2456 3192 intelligeret.

2053 3184 2217 3240 Inter.
2248 3186 2334 3241 56.
2363 3185 2473 3242 Cur
2497 3187 2729 3244 dicitur:
2756 3190 2883 3245 Adae
2916 3207 3033 3245 vero
3068 3207 3170 3245 non
3206 3190 3559 3247 inveniebatur

1981 3276 2197 3347 adjutor
2216 3276 2403 3332 similis
2437 3278 2551 3348 ejus
2582 3276 2736 3351 (Gen.
2765 3296 2826 3344 ιι,
2862 3279 2991 3352 20)?
3017 3311 3087 3322 —-
3122 3266 3278 3352 Resp.
3311 3280 3444 3347 Quia
3476 3282 3559 3339 in-

1984 3376 2069 3423 ter
2093 3369 2273 3423 omnia
2303 3370 2593 3424 animantia
2621 3378 2780 3426 terra:
2804 3372 3008 3426 nullum
3037 3371 3295 3432 rationale
3323 3373 3558 3431 invenie-

1979 3459 2161 3526 batur,
2188 3462 2294 3518 nisi
2325 3462 2413 3517 ille
2438 3463 2605 3520 solus.

1952 3610 1957 3615 ,
2050 3552 2216 3609 Inter.
2243 3553 2332 3609 57.
2357 3554 2464 3610 Cur
2477 3556 2671 3611 mulier
2692 3557 2758 3612 de
2783 3558 2952 3612 latere
2973 3559 3073 3615 viri
3087 3558 3405 3617 dormientis
3417 3559 3553 3617 πῶς

1983 3642 2141 3699 iicata
2188 3643 2401 3713 legitur,
2452 3654 2507 3701 et
2532 3661 2636 3701 non
2674 3647 2739 3701 de
2787 3656 2930 3703 terra
2961 3648 3256 3719 plasmata,
3306 3650 3449 3707 sicut
3471 3651 3587 3711 vir~

1983 3733 2137 3806 (vers.
2168 3735 2367 3806 22)?--
2386 3735 2535 3805 Resp.
2569 3734 2729 3791 Certe
2762 3740 3004 3807 mysterii
3038 3755 3198 3796 causa
3220 3741 3558 3814 signiﬁcans,

1983 3826 2125 3895 quod
2142 3824 2391 3881 Christus
2418 3835 2638 3896 propter
2668 3826 2963 3884 Ecclesiam
2992 3830 3048 3885 in
3077 3846 3239 3890 cruce
3279 3834 3554 3900 dormivit,

1983 3929 2049 3969 ex
2074 3914 2227 3984 cujus
2252 3914 2421 3969 latere
2444 3913 2563 3973 fons
2592 3916 2780 3973 salutis
2810 3926 3008 3974 nostrae
3029 3924 3268 3977 manavit

2055 4002 2219 4059 Inter.
2246 4002 2336 4059 58.
2377 4002 2655 4070 Quomodo
2675 4007 2925 4062 convenit
2942 4006 3160 4063 Christo
3188 4013 3329 4078 quod
3352 4014 3556 4069 dictum

1984 4101 2067 4149 est
2097 4112 2109 4147 :
2144 4092 2366 4164 Propter
2401 4094 2496 4148 hoc
2518 4094 2769 4166 relinquet
2789 4095 2942 4152 homo
2962 4108 3161 4166 patrem
3182 4109 3228 4151 et
3252 4109 3485 4161 matrem,
3510 4113 3560 4156 et

1985 4185 2271 4240 adhtrrebit
2294 4187 2445 4242 uxori
2466 4203 2575 4241 sua:
2612 4184 2766 4257 (Gen.
2799 4204 2870 4251 ιι,
2893 4187 3019 4259 24)?
3044 4219 3114 4228 —
3147 4187 3298 4261 Resp.
3327 4188 3561 4259 Reliquit

1988 4290 2217 4348 patrem,
2241 4280 2367 4350 quia
2393 4297 2500 4336 non
2531 4281 2585 4336 in
2612 4296 2675 4337 ea
2721 4281 2893 4338 forma
2942 4284 3189 4352 apparuit
3227 4284 3557 4347 hominibus.

1986 4382 2091 4436 qua
2111 4370 2333 4438 {aqualis
2360 4379 2444 4425 est
2467 4370 2636 4426 Patri.
2661 4370 2900 4441 Reliquit
2926 4381 3152 4426 matrem
3174 4373 3298 4427 dum
3316 4388 3552 4444 synago-

3582 4432 3594 4491 l

1988 4557 2146 4602 natus
2173 4558 2278 4613 est,
2303 4557 2360 4601 ut
2384 4549 2684 4604 adhaareret
2712 4549 2966 4604 Ecclesia:
2983 4591 2995 4614 ,
3020 4566 3181 4620 quam
3220 4566 3285 4605 ex
3316 4552 3564 4622 gentibus

390 4644 554 4701 Inter.
587 4646 675 4701 50.
721 4647 857 4712 Quid
886 4654 993 4710 est,
1020 4647 1162 4717 quod
1203 4647 1337 4703 dixit
1367 4662 1381 4700 :
1415 4641 1681 4702 Formm-it
1726 4649 1888 4719 igitur
1986 4639 2351 4710 congregavit-

316 4734 571 4790 Dominus
604 4737 741 4791 Deus
781 4738 1039 4791 hominem
1067 4737 1130 4791 de
1169 4737 1292 4791 limo
1321 4748 1495 4801 terrae,
1522 4747 1570 4791 et
1621 4739 1886 4809 inspiravit

314 4829 367 4879 in
402 4826 588 4896 [aciem
629 4828 741 4898 ejus
776 4827 1095 4898 spiraculum
1123 4827 1291 4882 vim?
1309 4856 1378 4866 -—
1404 4825 1559 4897 Resp.
1586 4826 1719 4895 Quia
1747 4827 1889 4881 vide-

2057 4749 2222 4805 lnter.
2262 4749 2350 4804 59.
2387 4749 2563 4816 Quare
2591 4765 2697 4805 non
2723 4752 3116 4807 erubescebant
3142 4751 3311 4806 Adam
3338 4760 3393 4807 et
3420 4752 3551 4814 Eva.

1988 4839 2115 4893 dum
2138 4840 2266 4895 nudi
2284 4849 2440 4896 erant
2461 4839 2612 4912 (Cen.
2636 4840 2916 4913 ti,25)?—-
2933 4842 3085 4914 Resp.
3105 4841 3241 4909 Quia
3263 4842 3464 4897 nullam
3481 4842 3561 4896 le-
3584 4856 3667 4877 κ’
3700 4826 3766 4893 ΞΟ

314 4916 442 4971 licet
470 4917 525 4970 in
556 4919 799 4988 corporis
822 4926 875 4973 et
902 4918 1096 4973 animae
1128 4918 1495 4973 substantiam
1511 4917 1684 4973 factus
1712 4928 1795 4972 est
1813 4961 1826 4982 ,
1859 4936 1888 4971 ε
1988 4946 2106 5000 gem
2126 4932 2477 4988 sensemntin
2492 4934 2750 4988 membris
2765 4934 2877 4989 suis
2897 4942 3283 5004 repugnantem
3299 4933 3401 5003 legi
3419 4948 3569 4989 meo.

313 5007 513 5078 quibus
538 5024 733 5078 corpus
761 5010 827 5064 de
848 5009 977 5065 limo
999 5007 1199 5082 (terrm)
1227 5008 1515 5063 formatum
1552 5018 1665 5075 est;
1711 5011 1887 5065 anima

315 5112 448 5153 vero
469 5099 533 5154 de
555 5099 722 5155 nihilo
750 5098 859 5155 Deo
883 5100 1177 5169 inspirante
1201 5106 1404 5154 creata.

388 5188 555 5246 Inter.
589 5190 675 5246 5i.
709 5191 846 5259 Quid
882 5202 985 5255 est,
1015 5192 1157 5262 quod
1188 5192 1323 5247 dixit
1348 5190 1509 5263 [Ma.,
1530 5190 1748 5265 dicitur]
1779 5209 1792 5247 :
1825 5193 1891 5247 Et

311 5284 491 5354 posuit
511 5281 652 5337 Deus
680 5283 939 5337 hominem
969 5282 1023 5336 in
1042 5283 1290 5353 paradiso
1317 5282 1609 5356 voluptatis,
1628 5293 1682 5337 ut
1711 5300 1893 5355 apera-

315 5385 463 5430 retur
492 5384 539 5428 et
567 5375 849 5428 custodiret
875 5373 1025 5427 illum
1054 5368 1207 5445 (Cen.
1234 5391 1291 5440 ιι,
1323 5374 1447 5447 15)?
1498 5373 1769 5447 [Nunquid
1793 5375 1895 5431 ho-

314 5467 453 5523 mini
496 5466 743 5522 laborare
776 5468 830 5522 in
876 5466 1128 5539 paradiso
1178 5482 1313 5540 opus
1364 5468 1516 5542 fuit];
1571 5478 1663 5525 aut
1706 5486 1738 5525 a
1790 5485 1897 5540 quo

312 5557 597 5614 custodire
641 5557 791 5613 illum
846 5555 1041 5630 [Edit.,
1069 5556 1325 5624 illud;al.
1357 5560 1612 5615 custodiri
1641 5561 1755 5635 ille]
1800 5564 1895 5619 de-

312 5647 476 5703 buit?
509 5676 583 5687 —
607 5644 761 5720 Resp.
793 5646 911 5703 Non
940 5649 1084 5705 enim
1111 5646 1340 5721 [homini
1366 5648 1505 5723 erat]
1540 5650 1740 5706 laboris
1765 5653 1898 5708 allii-

314 5738 431 5793 σξιΞο
456 5737 510 5790 in
539 5738 813 5806 paradiso.
838 5738 932 5793 sed
954 5737 1247 5792 voluntatis
1273 5736 1621 5802 exhilaratio;
1670 5757 1789 5795 cum
1832 5759 1893 5800 ea

571 5832 843 5890 Ρλτιιοι.
889 5829 952 5893 C.

1993 5021 2062 5074 tis
2076 5037 2186 5076 sua:
2204 5040 2216 5074 :
2235 5022 2369 5077 nihil
2390 5023 2535 5077 enim
2557 5024 2817 5093 putabant
2829 5024 3133 5089 velandum,
3146 5022 3273 5091 quia
3289 5022 3420 5077 nihil
3443 5037 3568 5078 sen-

1992 5122 2177 5166 serunt
2205 5113 2602 5172 refrenandum.
2640 5114 2777 5172 Nam
2816 5116 2872 5170 in
2893 5131 3108 5186 poenam
3136 5116 3341 5186 peccati
3386 5116 3568 5171 evenit

1994 5204 2219 5268 homini,
2232 5212 2292 5258 ut
2306 5203 2421 5274 ipsa
2434 5220 2531 5262 sua
2541 5221 2668 5262 caro
2680 5207 2893 5262 rebellis
2904 5208 2953 5261 ei
2965 5208 3170 5263 essetin
3180 5208 3417 5263 motibus
3429 5208 3564 5272 suis,

1994 5295 2119 5363 quia
2150 5295 2263 5363 ipse
2289 5294 2504 5348 rebellis
2528 5304 2646 5349 erat
2671 5297 2900 5350 creatori
2928 5312 3026 5351 suo
3054 5296 3105 5350 in
3129 5297 3339 5351 actibus
3361 5298 3503 5351 suis-
3546 5326 3581 5338 ον
3649 5283 3657 5292 ’

2068 5382 2233 5436 Inter.
2256 5381 2343 5437 60.
2362 5381 2513 5440 Unde
2533 5399 2741 5454 serpens
2767 5384 3215 5439 callidiordicitur
3234 5386 3431 5438 cunctis
3451 5388 3568 5439 ani-
3684 5450 3699 5473 ί
3732 5434 3761 5467 ,τ

1997 5472 2257 5528 montibus
2279 5481 2432 5527 teme
2454 5471 2899 5545 (Gen.ttt,l)?-—
2927 5472 3080 5542 Resp.
3110 5473 3228 5528 Non
3248 5490 3315 5530 ex
3336 5490 3434 5530 sua
3465 5491 3564 5529 ua~
3592 5496 3627 5505 ι
3686 5471 3709 5499 “¹

1998 5573 2155 5628 tura,
2182 5562 2364 5618 sedes
2413 5562 2661 5618 diabolici
2704 5565 2924 5633 spiritus
2973 5563 3265 5621 inﬂatione.
3307 5565 3572 5624 Utebatut'

1999 5653 2141 5707 enim
2169 5660 2419 5721 serpente
2445 5652 2692 5708 diabolus
2725 5654 2880 5724 quasi
2905 5667 3108 5729 organo
3148 5655 3213 5709 ad
3258 5663 3573 5726 perpetratu-

2001 5746 2121 5798 dam
2152 5742 2457 5797 cuilitii‘atis
2487 5759 2596 5799 sua:
2620 5744 2897 5799 malitiam.
3220 5754 3225 5757 '
3558 5776 3591 5799 (.-

3024 5838 3095 5903 ιτ

3618 5730 3649 5739 .-
