4012 6188
447 323 564 380 '52?)

1313 320 1369 375 Β.
1418 317 1477 375 F.
1518 317 1741 375 ALBINI
1778 319 1907 377 SEU
1947 319 2222 378 ALCUINI
2259 322 2549 380 OPERUM
2588 323 2768 380 PARS
2806 326 2868 381 ll.

3625 336 3734 392 524

529 439 692 492 Inter.
722 435 809 490 61.
855 433 966 488 Cur
1016 433 1210 486 tentari
1260 432 1397 486 Deus
1441 433 1713 487 hominem
1754 431 2033 502 permisit,
2070 444 2114 500 Α
2215 432 2380 486 Inter.
2410 432 2498 486 72.
2527 432 2637 487 Cur
2663 434 2804 488 Deus
2845 435 3000 504 quasi
3049 437 3297 493 nesciens
3347 439 3735 515 interrogavit.

459 545 618 600 quem
637 525 942 582 consentire
963 525 1318 593 praesciebat?
1353 555 1424 563 —
1454 523 1608 594 Resp.
1655 523 1791 590 Quia
1831 539 2037 596 magna:

459 619 598 675 laudi
631 618 782 691 [Ms.,
811 615 1006 690 laudis]
1038 631 1144 671 non
1172 624 1337 681 esset,
1362 616 1410 670 si
1439 617 1559 671 ideo
1583 617 1743 671 homo
1777 631 1881 670 non
1909 629 2037 685 pec-

455 719 630 768 casset
651 751 665 776 ,
696 711 823 780 quia
844 708 1166 765 malefacere
1197 723 1300 763 non
1322 709 1603 778 potuisset.
1639 707 1774 762 Nam
1799 717 1854 762 et
1877 707 2038 762 hodie

454 806 572 862 sine
601 804 1000 860 intermissione
1029 800 1149 875 [per
1175 800 1510 873 universum]
1547 816 1716 872 genus
1742 802 2034 855 humanum

455 913 519 954 ex
563 898 771 953 insidiis
801 896 996 952 diaboli
1034 894 1324 968 [homines]
1373 904 1649 950 tentantur
1698 892 1889 965 [Edit.,
1919 903 2036 948 ten-

456 988 722 1063 tatur],ut
743 1005 809 1044 ex
839 1004 904 1043 eo
932 989 1104 1042 virtus
1133 987 1323 1041 tentati
1346 986 1625 1057 probetur,
1650 997 1704 1039 et
1729 985 1904 1056 palma
1928 999 2032 1038 non

445 1081 840 1136 consentientis
874 1079 1160 1150 gloriosior
1196 1086 1471 1148 appareat.

512 1172 689 1227 Inter.
719 1172 805 1226 62.
834 1171 888 1226 Si
914 1187 1136 1241 serpens
1159 1187 1351 1226 sonum
1374 1171 1660 1225 verborum
1687 1169 1803 1240 ejus
1824 1169 1915 1239 qui
1940 1184 2035 1239 per

431 1281 575 1319 vcum
612 1265 929 1334 loquebatur
979 1263 1280 1333 intelligere
1323 1262 1531 1332 potuit?
1571 1292 1643 1302 —
1709 1261 1888 1328 Resp.'
1916 1260 2031 1314 Non

433 1370 534 1415 --est
558 1357 813 1414 credibile
836 1372 958 1412 cum
989 1355 1286 1427 intelligere
1316 1355 1556 1426 potuisse
1599 1370 1716 1425 qua:
1762 1370 1860 1424 per
1907 1369 2030 1408 eum

440 1447 695 1503 diabolus
722 1447 914 1518 agebat
937 1463 952 1510 ;
995 1447 1087 1500 sed
1122 1447 1261 1501 sicut
1279 1447 1642 1501 dmmoniacus
1667 1453 1720 1499 et
1745 1453 1922 1499 mente
1942 1459 2032 1499 ca-

437 1548 576 1610 .ptus
597 1537 832 1609 loquitur
879 1552 997 1606 quae
1038 1538 1227 1600 nescit,
1263 1537 1338 1591 ita
1379 1551 1602 1604 serpens
1640 1537 1802 1590 verba
1838 1536 2032 1590 edebat

449 1646 570 1701 qua:
596 1645 702 1684 non
729 1629 1080 1698 intelligebat.

317 1712 417 1741 ﬂ“
520 1721 685 1776 Inter.
726 1720 812 1775 63.
859 1719 968 1775 Cur
1005 1719 1198 1774 mulier
1225 1719 1290 1774 ad
1323 1718 1647 1789 interrogata
1673 1717 1909 1789 serpenti
1943 1731 2025 1772 re-

2143 525 2234 579 ubi
2258 534 2402 579 esset
2426 524 2596 578 Adam
2631 521 2781 594 (Gen.
2821 540 2904 589 ιιι,
2939 525 3030 598 9)?
3078 557 3148 565 —
3179 526 3335 602 Resp.
3384 529 3504 584 Non
3551 533 3739 606 utique

2142 615 2439 686 ignorando
2465 615 2730 684 quaesivit,
2757 616 2848 670 sed
2881 615 3214 685 increpando
3253 619 3537 676 admonuit
3571 632 3632 678 ut
3656 637 3736 681 at-

2143 707 2383 762 tenderet
2406 707 2496 762 ubi
2520 715 2682 772 esset,
2706 717 2760 762 et
2786 709 2932 763 unde
2956 710 3260 765 cecidisset.

2211 799 2376 854 Inter.
2417 799 2503 853 75.
2538 799 2690 855 Unde
2717 800 2819 873 [se]
2861 817 2888 854 a
2920 803 3128 856 Domini
3160 807 3447 871 praesentia
3473 809 3732 868 abscondi

2137 905 2292 960 posse
2317 890 2572 959 putabat?
2603 921 2673 930 —-
2713 891 2870 959 Resp.
2902 893 3027 947 Haec
3051 895 3100 948 ei
3141 895 3450 965 insipientia
3494 902 3561 956 de
3603 909 3732 973 pec-

2137 982 2242 1036 cati
2268 997 2426 1050 pmna
2455 981 2671 1046 accidit,
2697 991 2756 1036 ut
2783 998 2904 1037 eum
2927 986 3029 1039 hoc
3052 984 3221 1041 latere
3253 997 3405 1056 putet
3433 990 3585 1062 [Ms.,
3604 1010 3729 1050 eum

2136 1069 2303 1126 latere
2328 1071 2463 1125 velle
2494 1071 2697 1143 quem],
2724 1087 2883 1141 quem
2909 1073 3078 1129 latere
3114 1076 3247 1130 nihil
3278 1088 3476 1148 potest.

2204 1161 2369 1216 Inter.
2405 1163 2490 1218 74.
2523 1163 2633 1218 Cur
2658 1164 2828 1218 Adam
2858 1175 3139 1234 peccatum
3171 1168 3223 1222 in
3247 1171 3529 1227 mulierem
3553 1175 3729 1230 detor-

2134 1251 2206 1308 sit
2229 1248 2377 1323 (Gen.
2400 1269 2478 1318 ιιι,
2501 1253 2586 1323 12)
2606 1255 2710 1308 ?—-
2731 1254 2888 1325 Resp.
2905 1255 2984 1311 Ad
3003 1259 3276 1314 cumulum
3301 1264 3507 1330 peccati
3531 1266 3612 1319 sui
3635 1282 3725 1322 su-

2133 1344 2298 1414 perbe
2327 1345 2622 1414 respondit,
2652 1345 2749 1418 [et]
2779 1363 2883 1401 non
2910 1349 3220 1417 humiliter;
3263 1354 3416 1421 quasi
3451 1359 3724 1424 querimo-

2132 1433 2278 1486 niam
2309 1433 2362 1486 in
2387 1433 2554 1488 Deum
2579 1435 2833 1506 dirigeret
2855 1453 2952 1491 cur
2973 1439 3021 1491 ei
3054 1439 3214 1494 talem
3238 1442 3474 1499 dedisset
3495 1448 3721 1512 sociam,

2132 1525 2272 1578 unde
2297 1523 2348 1577 ei
2376 1524 2583 1593 peccati
2609 1527 2824 1580 occasio
2843 1537 3004 1582 esset.
3032 1528 3295 1584 Similiter
3310 1541 3364 1586 et
3392 1535 3585 1589 mulier
3605 1553 3716 1592 sua:

2131 1615 2299 1686 culpae
2329 1632 2545 1671 causam
2577 1617 2631 1671 in
2663 1628 2961 1676 creatorem
2994 1623 3176 1686 refert,
3203 1641 3371 1694 quare
3419 1625 3719 1700 [Al.,quia]

2128 1716 2466 1777 serpentem,
2501 1723 2601 1777 per
2652 1725 2812 1778 quem
2868 1714 3210 1784 deciperetur
3263 1715 3364 1788 [in
3415 1721 3718 1793 paradiso]

448 1813 675 1884 spondet
704 1811 856 1886 [61s,
889 1810 1186 1883 respondit]
1227 1809 1378 1883 (Gen.
1411 1827 1494 1875 ιιι,
1516 1810 1609 1882 2)ἳ
1649 1841 1720 1850 —-
1755 1809 1910 1881 Resp.
1958 1809 2028 1865 Ut
2064 1794 2101 1850 Β
2129 1801 2418 1855 creaverit.

449 1905 821 1974 praevaricatio
872 1903 989 1973 ejus
1034 1910 1179 1958 esset
1234 1901 1644 1962 inexcusabilis,
1696 1915 1819 1956 cum
1880 1901 2026 1955 nullo

453 1994 610 2048 modo
630 1993 809 2048 dicere
830 1993 1004 2063 potuit
1023 2006 1081 2047 se
1101 1991 1323 2046 oblitam
1350 2005 1470 2046 esse
1492 1991 1729 2046 mandati
1745 1991 1887 2061 quod
1912 2006 2027 2045 ser-

251 2081 254 2084 ’
343 2119 404 2134 μ
447 2085 592 2154 penti
616 2083 869 2154 prodidit.

516 2176 680 2229 Inter.
709 2175 798 2230 64.
827 2172 938 2230 Cur
964 2174 1126 2230 homo
1153 2173 1327 2229 Iactus
1369 2182 1451 2229 est
1497 2175 1549 2229 in
1599 2173 1829 2229 liberum
1873 2175 2020 2230 arbi-

442 2268 640 2324 trium?
659 2298 728 2306 —
752 2265 908 2337 Resp.
937 2265 1071 2333 Quia
1101 2265 1273 2321 noluit
1293 2276 1505 2322 creator
1534 2267 1806 2323 hominem
1845 2268 2022 2338 cujus-

429 2361 573 2415 libet
596 2375 810 2415 servum
832 2374 1039 2424 creare,
1065 2373 1226 2430 quem
1255 2359 1324 2414 ad
1348 2359 1635 2430 imaginem
1681 2375 1834 2415 suam
1873 2359 2017 2427 fecit,

435 2461 700 2521 quatenus
745 2466 814 2506 ex
849 2451 1151 2506 voluntario
1196 2451 1338 2506 bono
1391 2450 1673 2507 laudabilis
1712 2464 2017 2522 appareret,

428 2540 519 2595 'vel
543 2540 781 2611 appetitu
818 2539 963 2596 malo
996 2539 1337 2595 damnabilis.

497 2633 668 2689 Inter.
702 2631 788 2688 65.
822 2631 952 2700 Qua:
976 2642 1059 2689 est
1079 2632 1303 2689 libertas
1318 2633 1480 2687 vera?
1501 2663 1574 2674 —
1589 2632 1748 2706 Resp.
1781 2634 2014 2690 Maxima

432 2723 659 2798 [autem]
693 2723 913 2780 libertas
931 2735 1014 2780 est
1037 2724 1242 2779 servire
1253 2722 1499 2792 justitite,
1519 2733 1576 2780 et
1597 2741 1627 2780 a
1646 2736 1876 2796 peccato
1893 2740 2017 2783 esse

431 2817 687 2873 liberum.

207 2877 271 2927 ’δ’
351 2921 406 2938 ’τ
503 2909 670 2963 Inter.
705 2905 794 2962 66.
836 2906 1114 2974 Quomodo
1161 2907 1336 2978 potuit
1379 2907 1575 2963 mulier
1622 2907 1843 2964 credere
1893 2925 2012 2965 ser-

423 2999 608 3068 pentis
627 2997 987 3060 sermonibus,
1015 2996 1157 3065 quod
1190 2996 1446 3052 divinitus
1483 3011 1514 3050 a
1550 3011 1610 3052 re
1642 2997 1782 3052 bona
1821 2996 2011 3052 fuisset

2199 1890 2366 1945 Inter.
2401 1892 2486 1945 75.
2517 1892 2696 1959 Quare
2728 1909 2832 1948 non
2863 1905 2944 1950 est
2967 1896 3330 1972 interrogatus
3359 1918 3581 1972 serpens
3617 1920 3720 1960 cur

2127 1984 2230 2039 hoc
2249 1984 2736 2058 fecerit?——Resp.
2761 1988 2897 2056 Quia
2948 1989 3085 2046 forte
3128 1994 3179 2048 id
3219 2011 3326 2050 non
3376 2013 3470 2050 sua
3517 2008 3715 2052 natura

2124 2075 2210 2129 vel
2231 2076 2508 2131 voluntate
2531 2078 2753 2143 fecerat,
2777 2081 2872 2134 sed
2896 2081 3139 2138 diabolus
3160 2085 3226 2138 de
3249 2085 3338 2138 illo
3364 2096 3417 2140 et
3435 2103 3533 2156 per
3558 2088 3712 2143 illum

2125 2165 2301 2220 fuerat
2325 2177 2599 2236 operatus.
2633 2169 2757 2224 ideo
2785 2171 2984 2226 dicitur
3011 2173 3058 2226 ei
3088 2189 3102 2226 :
3139 2173 3310 2244 Super
3334 2189 3511 2247 pectus
3559 2189 3710 2234 tuum

2121 2257 2378 2327 gradieris
2398 2270 2444 2312 et
2471 2269 2663 2313 terram
2685 2261 2921 2316 comedes
2943 2259 3093 2334 (Gen.
3120 2281 3202 2331 ιιι,
3226 2267 3332 2339 Η),
3358 2268 3622 2338 siquidem
3651 2270 3706 2325 in

2120 2355 2338 2418 pectore
2363 2349 2630 2406 calliditas
2650 2354 3013 2422 nequitiarum
3042 2357 3159 2427 cjus
3186 2359 3485 2429 indicatur;
3519 2363 3611 2433 qui
3653 2372 3710 2420 et

2131 2446 2331 2495 terram
2360 2442 2602 2506 devorat,
2629 2444 2754 2498 dum
2794 2445 3006 2502 luxuria
3036 2458 3089 2505 et
3114 2450 3336 2508 libidine
3363 2456 3704 2525 peccantium

2116 2532 2357 2603 pascitur
2383 2541 2435 2588 et
2462 2534 2763 2589 delectatur
2789 2535 2922 2608 [ΑΙ.,
2951 2539 3252 2613 dilatatur].
3279 2541 3413 2597 Nam
3439 2543 3537 2618 [et]
3563 2547 3704 2602 sicut

2117 2621 2364 2678 diabolus
2389 2639 2486 2693 per
2506 2635 2809 2696 serpentem
2837 2628 3180 2699 loquebatur,
3207 2632 3279 2686 ita
3303 2643 3357 2687 ct
3378 2634 3430 2689 in
3451 2649 3704 2706 serpente

2117 2713 2476 2770 maledicitur.

2186 2804 2351 2860 Inter.
2385 2807 2472 2862 76.
2503 2809 2639 2875 Quid
2685 2819 2767 2866 est
2812 2827 2993 2868 semen
3047 2814 3309 2881 mulieris,
3334 2818 3419 2873 vel
3466 2817 3700 2893 [semen]

2112 3005 2280 3060 genus
2306 2991 2631 3060 humanum;
2664 3011 2849 3051 semen
2875 3000 3167 3068 serpentis,
3186 3002 3465 3070 originalis
3491 3007 3699 3074 peccati

427 3086 982 3158 probibita?——Resp.
1004 3085 1140 3154 Quia
1156 3087 1294 3144 forte
1316 3098 1442 3144 ante
1467 3089 1643 3144 inerat
1666 3090 1830 3145 menti
1866 3091 2008 3147 illius
2047 3154 2084 3164 _
2110 3081 2466 3151 PTimOl‘dium
2497 3099 2510 3138 ε
2538 3102 2658 3157 (illa?
2697 3088 2803 3141 d110
2849 3091 3056 3144 Semina
3092 3106 3159 3146 ex
3202 3104 3469 3164 prrecepto
3517 3097 3700 3152 divino

423 3154 580 3236 ᾇιηιοι-
601 3181 822 3252 quidam
847 3154 1081 3252 propria;
1101 3183 1406 3253 potestatis,
1437 3192 1492 3238 οι
1525 3183 1774 3252 quadam
1803 3183 1869 3238 de
1899 3182 2002 3257 [se]
2041 3154 2084 3214 Ο
2115 3172 2429 3227 continuum
2457 3154 2598 3229 inter
2625 3191 2682 3231 se
2711 3177 2891 3232 odium
2917 3193 3106 3247 gerere
3143 3154 3362 3249 (le-bent,
3381 3154 3447 3239 ιιιι
3476 3202 3578 3240 non
3625 3185 3699 3240 fa-

423 3273 653 3344 superba
680 3274 1048 3343 praesumptio,
1074 3289 1194 3343 quas
1218 3289 1316 3344 per
1341 3273 1486 3329 illam
1507 3275 1862 3330 tentationem
1891 3273 2004 3330 fue-

347 3367 378 3380 "
423 3375 509 3420 rat
540 3365 802 3421 vincenda
830 3374 887 3421 et
916 3366 1267 3421 humilianda.

494 3455 663 3512 Inter.
686 3455 776 3510 67.
795 3453 906 3511 Cur
927 3455 1120 3510 mulier
1139 3454 1498 3510 consideravit
1518 3453 1719 3526 lignum
1746 3466 1868 3525 post
1889 3473 2002 3512 ser-

417 3548 596 3620 pentis
629 3549 1036 3620 persuasionem
1078 3545 1231 3620 (Gen.
1260 3565 1344 3614 ιιι,
1376 3547 1464 3620 6)?
1488 3578 1560 3589 —-
1587 3548 1744 3620 Resp.
1795 3550 1862 3607 Ut
1909 3567 2001 3606 ex-

417 3640 657 3712 ploraret
680 3639 728 3695 si
761 3639 893 3710 quid
919 3638 975 3692 in
998 3652 1062 3693 eo
1085 3636 1420 3693 mortiferum
1448 3647 1626 3706 esset;
1662 3638 1788 3695 dum
1819 3651 1999 3695 autem

417 3730 552 3786 nihil
576 3731 632 3785 1n
668 3745 735 3786 eo
766 3729 869 3784 tale
893 3730 1175 3798 reperiret,
1191 3731 1545 3788 conﬁdentius
1565 3734 1797 3803 gustavit
1823 3749 1885 3788 ex
1911 3749 1995 3790 eo.

489 3820 660 3877 Inter.
691 3819 779 3879 68.
813 3819 965 3894 [Sed]
1005 3823 1146 3877 unde
1184 3824 1268 3877 vir
1312 3825 1582 3881 consentit
1633 3825 1880 3882 feminae?
1928 3857 2000 3866 —

416 3912 576 3985 Resp.
618 3911 752 3979 Quia
794 3910 931 3967 forte
971 3912 1118 3966 illam
1153 3928 1220 3968 eo
1258 3913 1382 3969 cibo
1417 3924 1680 3970 mortuam
1719 3933 1825 3971 non
1878 3931 1998 3971 esse

419 4003 704 4068 cernebat;
733 4010 787 4057 et
808 4001 981 4072 potuit
1004 4001 1139 4064 fieri,
1161 4011 1220 4056 ut
1248 4005 1554 4072 putaverint
1580 4004 1803 4075 alicujus
1839 4006 1998 4076 signi-

417 4091 684 4150 ﬁcationis
719 4107 883 4149 causa
911 4093 1112 4148 dixisse
1153 4101 1456 4149 creatorem
1487 4114 1501 4149 :
1547 4095 1607 4150 Si
1651 4098 1997 4153 manducaue-

415 4187 530 4241 ritis
555 4200 620 4240 ea:
647 4201 731 4250 eo,
753 4194 918 4238 morte
947 4185 1239 4238 moriemini
1263 4183 1416 4256 (Gen.
1456 4203 1517 4250 ιι,
1553 4187 1659 4259 17).

481 4275 649 4331 Inter.
677 4273 766 4330 69.
794 4272 875 4329 Ad
905 4274 1032 4343 quid
1065 4275 1234 4344 aperti
1269 4284 1396 4330 sunt
1419 4277 1559 4332 oculi
1589 4293 1774 4333 eorum
1828 4278 1988 4352 (Gen.

411 4382 491 4430 ιιι,
535 4365 623 4438 7)?
669 4393 740 4404 —-
796 4362 952 4435 Resp.
1008 4362 1169 4437 [Quo]
1225 4365 1329 4420 nisi
1377 4367 1444 4421 ad
1481 4366 1711 4422 invicem
1736 4372 1991 4442 concupi-

409 4455 701 4514 scendum?
729 4455 872 4526 quod
903 4455 981 4511 eis
1009 4457 1076 4511 ad
1117 4472 1335 4526 poenam
1377 4474 1501 4513 mox
1543 4469 1666 4530 post
1708 4472 1989 4532 peccatum

409 4549 608 4604 evenit.

481 4641 644 4711 310
682 4638 846 4694 Inter.
884 4639 972 4696 70.
1023 4639 1133 4695 Cur
1169 4641 1236 4696 ad
1265 4641 1390 4697 folia
1435 4642 1618 4700 ﬁculni
1668 4645 1816 4718 [Λίδη
1845 4647 1995 4704 ﬁcul-

410 4729 548 4802 nete]
573 4731 771 4785 turbati
799 4739 1155 4786 cucurrerunt
1186 4729 1342 4803 [Ms.,
1389 4737 1802 4810 concurrerunt]
1835 4736 1987 4809 (Gen.

412 4839 493 4888 ιιι,
519 4821 620 4895 7)?
661 4851 734 4863 —-
768 4822 926 4888 Resp.
972 4822 1107 4890 Quia
1157 4826 1383 4895 gloriam
1434 4828 1692 4897 simplicis
1725 4830 1992 4886 castitatis

411 4915 730 4980 amiserunt,
758 4913 825 4970 ad
855 4913 1120 4984 duplicem
1147 4915 1386 4972 libidinis
1429 4918 1761 4988 pruriginem
1795 4920 1988 4976 confu-

407 5014 620 5076 gerunt.
653 5003 801 5079 [Ideo
827 5005 1085 5062 Dominus
1112 5005 1272 5063 Jesus
1303 5007 1440 5062 dixit
1466 5007 1785 5064 Nathanaeli
1815 5025 1828 5064 :
1857 5011 1988 5066 Cum

407 5116 541 5154 esses
565 5098 660 5155 sub
679 5097 806 5169 ﬁcu,
837 5098 945 5154 vidi
968 5108 1019 5154 te
1063 5097 1243 5172 (Joan.
1265 5117 1307 5167 I,
1331 5098 1423 5173 68)
1441 5141 1456 5167 ,
1479 5100 1532 5156 id
1559 5110 1666 5168 est,
1690 5117 1813 5159 cum
1839 5118 1988 5161 esses

405 5191 506 5247 sub
536 5189 641 5248 tlcu
666 5189 944 5263 originalis
963 5191 1193 5263 peccati,
1208 5208 1306 5263 per
1324 5193 1750 5251 misericordiam
1780 5197 1887 5254 vidi
1911 5205 1984 5263 te,

403 5291 458 5337 et
491 5281 611 5338 ideo
637 5281 890 5338 descendi
914 5281 1151 5340 liberare
1177 5283 1274 5359 te.]
1391 5309 1398 5312 <
1427 5333 1438 5339 ..
1490 5352 1498 5359 ,

474 5371 638 5428 Inter.
673 5371 760 5428 71.
793 5370 932 5440 Quid
966 5378 1218 5448 estquod
1243 5385 1365 5448 post
1387 5379 1670 5435 meridiem
1699 5381 1984 5437 abscondit

403 5473 462 5514 se
483 5461 654 5518 Adam
689 5470 746 5518 et
768 5476 905 5517 uxor
932 5461 1046 5532 ejus
1081 5462 1234 5538 (Gen.
1265 5483 1350 5533 ιιι,
1372 5466 1462 5541 8)?
1481 5468 1729 5541 —Resp.
1779 5469 1836 5524 ld
1875 5479 1981 5534 est,

402 5557 524 5617 post
564 5551 782 5609 beatam
834 5551 1037 5627 [Edit.,
1067 5556 1261 5631 beatae]
1306 5560 1658 5630 paradisiacm
1709 5560 1982 5617 felicitatis

401 5636 574 5696 lucem
597 5642 653 5698 in
681 5642 841 5714 hujus
876 5644 1426 5719 satculicaliginosam
1460 5651 1737 5708 miseriam
1784 5650 1977 5724 [Edit.,

399 5729 627 5795 caligine
652 5751 680 5787 a
703 5733 942 5805 miseria]
968 5750 1026 5792 se
1047 5737 1466 5795 absconderant.

2115 3261 2322 3318 ciamus
2349 3279 2467 3333 qua:
2497 3265 2743 3322 diabolus
2789 3269 2932 3335 vult,
2976 3272 3100 3340 quia
3131 3273 3221 3327 ille
3265 3289 3532 3345 nunquam
3584 3269 3696 3332 vlet

2113 3353 2268 3409 nobis
2287 3355 2586 3426 profutura.

2179 3445 2343 3501 Inter.
2375 3449 2460 3502 77.
2491 3449 2630 3516 Quid
2657 3461 2739 3506 est
2768 3463 2930 3524 caput
2979 3457 3248 3527 serpentis
3290 3466 3345 3513 et
3383 3459 3726 3515 calcamum'
3891 3493 3896 3496 -

2109 3537 2352 3590 mulieris
2375 3535 2524 3610 (Gen.
2553 3557 2637 3605 ιιι,
2669 3541 2790 3614 15)?
2820 3575 2891 3584 —
2927 3543 3084 3616 Resp.
3109 3544 3282 3617 Caput
3315 3551 3584 3618 serpentis
3608 3561 3688 3605 est
3717 3575 3724 3582 -

2109 3625 2305 3682 illicitae
2330 3631 2687 3698 suggeStionis
2719 3634 2995 3704 cogitatio,
3021 3635 3160 3704 quod
3190 3651 3286 3690 nos
3315 3639 3460 3692 omni
3505 3640 3686 3694 inten-

2108 3719 2252 3774 tione
2277 3727 2556 3777 conterere
2583 3732 2743 3793 atque
2768 3725 2989 3779 allidere
3029 3727 3281 3781 debemus
3331 3724 3397 3780 ad
3447 3737 3684 3798 petram,

2104 3809 2195 3877 qui
2222 3819 2304 3862 est
2335 3808 2601 3866 Christus.
2633 3813 2958 3870 Calcaneum
2983 3817 3220 3872 mulieris
3245 3825 3329 3873 est
3379 3828 3684 3876 extremum

2103 3898 2227 3954 vita:
2256 3910 2454 3955 nostrae
2482 3911 2714 3972 tempus,
2737 3921 2844 3975 quo
2871 3907 3113 3963 diabolus
3147 3923 3244 3964 nos
3287 3911 3469 3966 acrius
3513 3911 3686 3984 impu-

2103 4007 2268 4062 gnare
2292 3995 2514 4064 satagit,
2541 3997 2628 4052 cui
2681 3998 2726 4052 si
2773 3999 3005 4054 viriliter
3049 4002 3375 4067 resistimus,
3404 4004 3682 4060 victoriam

2101 4087 2517 4151 perseverantiae
2536 4103 2659 4142 cum
2687 4090 2861 4144 salute
2889 4101 3073 4146 nostra
3100 4094 3448 4163 accipiemus.
3683 4095 3710 4122 4“

2172 4191 2338 4248 Inter.
2372 4193 2457 4249 78.
2491 4195 2780 4264 Quaeritur,
2808 4201 2935 4255 dum
2974 4202 3171 4257 dicitur
3203 4219 3217 4257 :
3256 4203 3324 4258 Et
3351 4206 3444 4260 sub
3472 4208 3566 4260 viri
3593 4223 3684 4277 po-

2099 4291 2280 4337 testate
2306 4287 2408 4339 eris
2437 4285 2588 4357 (Gen.
2615 4305 2698 4355 ιιι,
2719 4289 2812 4356 16;
2844 4288 2963 4345 Gal.
2997 4293 3128 4360 v,6;
3165 4293 3374 4349 IJonn.
3405 4314 3477 4362 ιν,
3497 4297 3613 4369 18),
3635 4299 3680 4354 si

2099 4382 2224 4428 ante
2252 4386 2531 4443 peccatum
2576 4378 2834 4454 [quoque]
2882 4385 3079 4439 mulier
3127 4389 3228 4442 sub
3269 4397 3534 4457 potestate
3577 4391 3682 4445 viri

2101 4466 2279 4519 esset?
2309 4497 2380 4507 --
2409 4466 2565 4539 Resp.
2595 4473 2718 4526 Fuit
2762 4475 2967 4544 utique,
3003 4478 3098 4532 sed
3145 4493 3207 4533 ea
3258 4480 3531 4545 servitute,
3557 4496 3681 4550 qua:

2098 4572 2198 4626 per
2218 4557 2559 4615 dilectionem
2587 4572 2861 4633 operatur,
2884 4577 2939 4622 et
2991 4567 3135 4624 {oras
3185 4572 3351 4626 mittit
3391 4572 3675 4638 timorem;

2096 4655 2218 4714 post
2258 4664 2408 4713 vero,
2437 4652 2785 4709 conditionali
2827 4659 3106 4715 servitutis
3151 4662 3366 4728 timore,
3411 4680 3532 4734 qua:
3579 4681 3682 4736 per

2095 4741 2432 4811 disciplinam
2455 4754 2730 4814 operatur.

2163 4829 2327 4884 Inter.
2360 4831 2445 4886 79.
2473 4832 2582 4888 Cur
2608 4835 2791 4904 spinas
2825 4847 2880 4892 et
2912 4840 3137 4897 tribulos
3165 4847 3486 4915 germinavit
3528 4855 3674 4903 terra

2092 4917 2242 4990 (Gen.
2274 4939 2355 4987 ιιι,
2385 4923 2512 4994 18)?
2534 4956 2605 4965 ——
2633 4926 2790 4999 Resp.
2818 4929 2922 4985 Per
2942 4944 3221 5002 peccatum
3248 4937 3392 4992 enim
3439 4939 3678 4997 hominis

2097 5019 2237 5065 terra
2267 5015 2547 5071 maledicta
2575 5029 2679 5083 est,
2705 5029 2766 5074 ut
2807 5023 2988 5091 spinas
3027 5035 3245 5097 pareret
3277 5037 3332 5083 et
3377 5045 3678 5086 venenosas

2091 5102 2287 5158 herbas
2305 5105 2370 5159 ad
2391 5122 2604 5177 ptenam
2626 5111 2710 5164 vel
2731 5110 2842 5185 [ad]
2869 5118 3314 5174 exercitationem
3338 5121 3673 5188 mortalium,

2090 5201 2152 5247 ut
2173 5204 2297 5250 ante
2317 5199 2501 5253 oculos
2545 5202 2708 5260 homo
2748 5220 2963 5276 semper
3008 5211 3206 5266 habeat
3248 5214 3513 5285 originale
3561 5215 3672 5270 cri-

2090 5299 2212 5340 men
2251 5297 2305 5342 et
2335 5290 2419 5344 vel
2452 5292 2529 5348 sic
2557 5294 2864 5354 admonitus
2902 5298 3238 5377 [aliquando]
3279 5319 3339 5361 se
3384 5315 3597 5362 avertat
3640 5324 3671 5363 a

2087 5380 2345 5444 peccatis.

2157 5469 2323 5525 Inter.
2363 5472 2451 5528 80.
2497 5475 2610 5531 Cur
2647 5479 2788 5536 Deus
2833 5480 2961 5539 fecit
3007 5485 3211 5542 homini
3259 5491 3470 5546 tunicas
3519 5491 3674 5563 pelli-

2088 5578 2212 5619 ceas
2256 5563 2419 5638 (vers.
2451 5567 2591 5642 21)?
2626 5572 2879 5645 —Resp.
2938 5577 3010 5634 Ut
3054 5595 3148 5636 eos
3193 5583 3453 5638 mortales
3503 5583 3672 5639 fuisse

2085 5655 2401 5714 insinuaret.

2157 5748 2324 5805 Inter.
2349 5752 2434 5807 81.
2460 5754 2741 5822 Quomodo
2762 5762 3020 5823 Dominus
3038 5767 3183 5823 Deus
3204 5769 3338 5826 dixit
3357 5769 3425 5826 de
3450 5770 3670 5824 homine

3729 3549 3800 3574 ,σί-κ’

2114 2900 2381 2968 serpentis
2412 2899 2563 2971 (κη’
2585 2903 2676 2975 7)?
2691 2903 2917 2975 -Ῑῖεερι
2943 2905 3137 2962 Semen
3164 2909 3408 2969 mulieris
3429 2922 3510 2967 est
3528 2922 3698 2967 totum
3733 2878 3899 2946 κδτῗ
