4012 6188
316 419 417 472 ὒίὄ

947 417 1033 470 EX
1045 417 1128 470 EG
1138 417 1354 471 E'I'ICA.
1394 448 1465 458 ——-
1499 417 1867 482 INTERROG.

1970 421 2000 473 Γ
2038 419 2367 478 RESPONS.
2409 422 2475 478 IN
2514 424 2778 486 ϐΕΝΕΞ..
2811 423 2960 480 ETC.

3462 430 3561 482 59.6

311 541 434 605 post
470 539 750 601 peccatum
778 548 788 581 :
817 529 952 582 Ecce
973 530 1143 582 Adam
1167 530 1337 598 [actus
1359 539 1432 583 est
1455 533 1606 602 quasi
1648 548 1782 585 unus
1826 548 1890 585 ex
1917 540 1966 594 Α
2064 534 2226 589 Inter.
2257 537 2344 592 9t.
2373 535 2648 603 Quomodo
2670 539 2970 608 septuplum
2997 541 3268 609 punietur,
3298 545 3388 613 qui
3417 547 3559 601 occi-

313 622 461 676 nobis
487 623 642 693 (vers.
666 619 757 690 22)
775 620 868 671 ?——
893 617 1050 690 Resp.
1069 618 1294 688 Propter
1313 628 1551 674 sanctam
1574 620 1892 674 Trinitatem

309 713 502 784 plurali
533 726 759 766 numero
785 710 921 764 dixit
951 727 1015 764 ea:
1040 711 1221 773 nobis;
1254 711 1395 783 sicut
1434 719 1488 765 et
1530 711 1584 764 in
1620 712 1892 766 creatione

309 803 424 871 ejus
461 820 475 855 :
509 799 796 854 Faciamus
819 801 1077 854 hominem
1109 801 1178 853 ad
1209 802 1488 869 imaginem
1538 799 1687 871 (Gen.
1714 819 1751 865 i,
1775 801 1886 873 26).

308 895 409 948 llic
435 892 606 947 utitur
627 905 760 944 voce
795 890 1141 952 deterrentis,
1165 890 1231 944 ad
1260 890 1628 944 incutiendum
1654 890 1794 955 aliis,
1821 907 1890 945 ne

306 988 614 1053 peccarent,
637 981 916 1044 timorem;
941 978 1025 1032 vel
1044 992 1203 1032 sensu
1223 978 1619 1046 exprobrantis,
1637 978 1764 1045 quia
1779 993 1886 1032 non

305 1073 483 1126 solum
512 1085 619 1125 non
645 1068 822 1122 fuerat
843 1066 1016 1121 factus
1041 1067 1216 1134 qualis
1236 1067 1351 1120 ﬁeri
1375 1066 1628 1131 voluerit,
1660 1065 1755 1120 sed
1787 1081 1888 1120 nec

305 1161 437 1216 illud
453 1159 596 1230 quod
621 1158 794 1212 factus
821 1157 1017 1220 fuerat,
1042 1157 1465 1211 conservaverit.

379 1271 543 1324 Inter.
561 1269 648 1324 82.
663 1268 802 1335 Quid
823 1275 907 1322 est.
927 1266 1220 1331 Cherubin,
1233 1267 1317 1322 vel
1329 1269 1627 1337 ﬂammeum
1651 1267 1885 1337 gladium

303 1373 460 1432 atque
481 1359 789 1423 versatilem,
806 1357 875 1410 ad
903 1357 1296 1411 custodiendam
1319 1359 1453 1412 viam
1481 1356 1607 1427 ligni
1630 1359 1747 1412 vita:
1789 1373 1884 1427 po-

306 1453 416 1506 suit
459 1447 1142 1522 (Gen.in,24)?—Resp.
1184 1448 1240 1502 Id
1285 1458 1384 1513 est,
1433 1465 1529 1518 per
1583 1451 1880 1518 angelicum

303 1541 464 1613 3n
506 1539 862 1594 ministerium
889 1539 1042 1608 ignea
1067 1540 1312 1607 quietiam
1335 1540 1576 1594 custodia
1609 1560 1624 1592 :
1657 1557 1775 1610 qua:
1800 1551 1882 1596 ta-

302 1647 425 1685 men
448 1633 605 1696 bene,
632 1629 774 1698 quod
794 1627 1064 1683 versatilis
1099 1628 1318 1692 dicitur,
1347 1627 1615 1698 signiﬁcat
1639 1631 1880 1699 quando-

299 1738 405 1792 que
431 1723 580 1776 illam
607 1721 984 1776 removendam
1005 1733 1123 1774 esse
1150 1734 1180 1772 a
1205 1719 1441 1788 paradisi
1461 1718 1662 1788 ianuis.
1766 1743 1775 1753 ι

371 1811 536 1866 Inter.
563 1812 651 1867 83.
677 1810 830 1866 Unde
849 1818 1070 1865 noverat
1095 1807 1228 1864 Cain
1254 1808 1536 1862 Dominum
1560 1810 1626 1863 ad
1654 1825 1874 1865 munera

1993 624 2132 678 derit
2157 623 2288 680 Cain
2316 624 2466 697 (vers.
2495 626 2620 696 24)?
2641 658 2712 666 —
2733 626 2890 698 Resp.
2919 628 3066 684 Solet
3095 630 3284 706 [enim]
3313 645 3557 704 septena-

1993 714 2104 769 rius
2146 732 2400 770 numerus
2447 717 2500 770 in
2545 716 2838 787 Scripta-ris
2885 723 3084 776 sanctis
3128 725 3421 797 smpissime
3459 744 3557 798 pro

1987 806 2319 874 plenitudine
2360 808 2641 876 cujuslibet
2684 811 2759 864 rei
2802 813 2965 881 poni:
2993 816 3146 882 quasi
3181 817 3404 874 dixisset
3434 836 3558 890 gra-

1987 896 2203 950 vissima
2247 897 2448 953 ultione
2495 900 2821 968 puniendum
2867 917 3006 967 esse,
3055 906 3147 974 qui
3203 905 3344 982 [nec]
3395 918 3554 966 tanun

1986 987 2345 1042 damnationis
2378 989 2669 1044 acerbitate
2696 992 3000 1046 admonitus
3025 1010 3052 1047 a
3094 998 3351 1066 sanguine
3390 999 3557 1054 eﬁ'unw

1985 1076 2156 1131 dendo
2182 1075 2372 1148 [voluit
2389 1077 2582 1149 (Edit.,
2609 1079 2818 1152 nollet)]
2845 1097 3035 1137 manus
3062 1085 3333 1140 cohibere.

2054 1169 2218 1222 Inter.
2243 1169 2333 1224 92.
2378 1169 2514 1235 Quid
2541 1179 2642 1235 est,
2677 1172 2817 1242 quod
2846 1172 3038 1242 legitur
3061 1173 3293 1230 Lamcch
3335 1177 3554 1246 dixisse,

1981 1271 2105 1310 cum
2129 1257 2398 1312 occideret
2416 1257 2545 1313 Cain
2565 1258 2900 1330 :Septuplum
2923 1262 2986 1316 de
3007 1260 3138 1316 Cain
3160 1264 3463 1332 vindicetur,
3492 1267 3560 1322 de

1983 1347 2203 1401 Lamech
2251 1358 2425 1410 autem
2453 1351 2743 1419 septuagies
2789 1353 2976 1421 septies
3011 1351 3163 1422 (vers.
3193 1351 3379 1424 24)?—
3394 1356 3550 1429 Resp.

1982 1439 2118 1504 Quia
2157 1439 2428 1493 homicidii
2468 1439 2924 1512 peccatum[1!s.,
2951 1443 3182 1516 reatum]
3206 1449 3431 1516 septima
3465 1465 3556 1521 ge-

1980 1531 2254 1584 neratione
2299 1531 2496 1584 diluvio
2524 1532 2850 1586 vindicatum
2893 1548 3013 1588 esse
3048 1536 3274 1607 legitur;
3308 1539 3554 1595 adulterii

1979 1633 2105 1673 vero
2127 1621 2318 1682 scelus,
2345 1620 2484 1689 quod
2513 1621 2719 1691 primus
2745 1624 2984 1678 omnium
3008 1624 3242 1681 Lamecli
3270 1629 3321 1682 in
3349 1630 3554 1685 duabus

1977 1711 2244 1765 commisit
2269 1711 2546 1777 uxoribus,
2568 1728 2674 1765 non
2704 1714 2805 1767 nisi
2833 1715 3090 1783 sanguine
3114 1716 3313 1772 Christi
3331 1720 3552 1789 expian-

1977 1803 2102 1857 dum
2128 1818 2267 1869 esse,
2311 1803 2399 1872 qui
2443 1807 2831 1874 septuagesima
2875 1817 2930 1861 et
2960 1809 3188 1878 septima
3211 1813 3551 1878 generatione

297 1901 417 1970 ejus
459 1915 566 1954 non
608 1899 930 1969 respexisse,
961 1906 1016 1953 et
1042 1898 1111 1953 ad
1139 1913 1362 1952 munera
1405 1896 1538 1951 Abel
1577 1899 1876 1966 respexisse
1907 1873 1950 1932 Β
1977 1893 2124 1947 venit
2149 1895 2200 1948 in
2230 1895 2504 1948 mundum.

299 1989 454 2062 (Gen.
474 2005 549 2053 iv,
563 1987 620 2060 5)
635 1989 730 2042 ?—
743 1987 899 2058 Resp.
923 1986 1048 2057 Igne
1069 1987 1236 2042 misso
1256 1986 1321 2041 de
1343 1986 1514 2048 cmlis,
1530 1995 1590 2040 ut
1615 1988 1871 2052 creditur,

297 2085 528 2139 hostiam
571 2083 706 2139 Abel
754 2083 1005 2152 suscepit,
1055 2090 1114 2136 ut
1157 2083 1454 2152 smpissime
1497 2083 1696 2137 factum
1739 2083 1870 2138 offe-

297 2176 540 2231 rentibus
568 2175 699 2229 viris
729 2175 928 2229 sanctis
953 2173 1207 2244 legimus;
1251 2173 1380 2229 Cain
1412 2190 1540 2229 vero
1565 2175 1675 2244 ipse
1703 2176 1871 2230 sacri-

293 2265 476 2320 ficium
504 2279 660 2319 suum
690 2278 1004 2318 consumere
1035 2264 1156 2333 igne
1186 2263 1432 2318 debebat.

365 2355 531 2409 Inter.
562 2355 649 2410 84.
678 2352 815 2421 Quid
837 2360 938 2418 est,
963 2352 1150 2425 [quod]
1178 2353 1435 2410 Dominus
1461 2355 1592 2410 dixit
1617 2356 1683 2410 ad
1703 2356 1832 2412 Cain
1854 2376 1864 2409 :

187 2498 190 2500 .
297 2447 486 2501 Nonne
513 2447 557 2500 si
593 2445 716 2499 bene
743 2445 904 2514 egeris
934 2445 1174 2514 recipies,
1208 2445 1288 2498 sin
1316 2454 1488 2499 autem
1510 2445 1664 2511 male,
1695 2449 1869 2502 statim

292 2537 350 2589 in
375 2536 572 2606 foribus
589 2544 852 2607 peccatum
879 2544 1026 2588 tuum
1050 2534 1218 2588 aderit
1241 2534 1391 2602 (vers.
1418 2535 1506 2607 7)?
1525 2566 1596 2575 —
1624 2537 1780 2608 Resp.
1812 2538 1869 2593 Id

293 2636 398 2690 est,
449 2625 493 2680 si
537 2640 669 2695 pura
713 2633 890 2678 mente
934 2622 1193 2678 obtuleris
1237 2623 1585 2690 sacriﬁcium,
1621 2626 1865 2695 recipies,

294 2714 612 2784 respiciente
651 2714 762 2767 Deo
795 2713 862 2766 ad
902 2721 953 2767 te
988 2721 1042 2766 et
1089 2713 1157 2766 ad
1199 2711 1525 2767 sacriﬁcium
1571 2723 1751 2782 tuum;
1783 2715 1867 2770 sin

296 2815 477 2862 autem
518 2805 654 2860 male
683 2805 870 2875 egeris,
899 2805 1188 2858 intrantem
1217 2812 1268 2858 te
1296 2804 1380 2859 vel
1405 2815 1688 2860 exeuntem
1726 2822 1867 2862 sein-

293 2913 394 2966 per
429 2889 706 2968 peccatum
731 2904 876 2950 tuum
901 2895 1264 2959 comitabitur,
1284 2903 1340 2950 et
1374 2895 1583 2950 desinet
1611 2896 1867 2954 Dominus

291 2989 566 3043 custodire
593 2988 868 3043 introitum
897 2997 1047 3043 tuum
1069 2996 1124 3042 et
1149 2990 1349 3044 exitum
1381 2998 1549 3045 tuum.

364 3077 530 3132 Inter.
559 3077 645 3135 85.
688 3077 964 3144 Quomodo
991 3079 1390 3147 intelligendum
1420 3079 1536 3154 [sit]
1568 3082 1662 3136 sub
1696 3091 1745 3137 te
1768 3083 1867 3137 erit

2047 1983 2210 2039 Inter.
2243 1985 2329 2040 95.
2361 1984 2508 2040 Unde
2535 1985 2713 2040 evenit
2742 1985 2952 2042 diabolo
2974 1988 3144 2056 prima
3172 1987 3323 2059 μη..
3349 1993 3544 2063 primo]

1974 2075 2116 2129 mala
2161 2076 2529 2130 voluntas?—-
2552 2077 2704 2146 Resp.
2731 2077 2862 2132 Cum
2909 2078 3081 2153 [vero]
3119 2097 3278 2136 causa
3319 2083 3546 2138 miserim

1973 2165 2237 2219 malorum
2279 2165 2591 2236 angelorum
2630 2169 2906 2237 quaeritur,
2957 2183 3021 2224 ea
3064 2173 3257 2226 merito
3291 2175 3545 2238 occurrit,

1969 2254 2095 2324 quia
2118 2256 2403 2310 noluerunt
2427 2244 2494 2311 ad
2520 2256 2667 2311 illum
2687 2260 2955 2314 custodire
2983 2260 3346 2317 fortitudinem
3370 2279 3541 2330 suam,

1970 2345 2062 2414 qui
2091 2355 2173 2401 est
2207 2362 2474 2401 summum
2517 2348 2740 2414 bonum,
2772 2349 2864 2404 sed
2910 2353 3083 2406 aversi
3125 2362 3247 2408 sunt
3276 2356 3343 2410 ab
3369 2356 3458 2411 illo
3484 2367 3540 2412 et

1969 2438 2039 2492 ad
2078 2440 2281 2509 seipsos
2326 2443 2570 2496 conversi
2615 2455 2738 2497 sunt
2777 2442 2876 2516 [et]
2909 2461 3002 2500 sua
3043 2448 3260 2517 propria
3295 2450 3544 2506 delectati

1967 2535 2248 2595 potestate.
2280 2528 2350 2582 Et
2379 2529 2478 2583 iste
2505 2530 2713 2600 primus
2744 2530 2983 2588 defectus
3011 2546 3092 2588 est
3132 2546 3184 2589 et
3214 2537 3386 2606 prima
3425 2540 3542 2595 ino—
3602 2531 3636 2547 ”

1967 2615 2055 2683 pia
2097 2616 2372 2672 rationalis
2407 2626 2686 2673 creaturae.
2735 2619 2802 2673 Et
2843 2621 2948 2674 hoc
2979 2623 3167 2676 vitium
3205 2625 3332 2692 quid
3373 2627 3538 2692 aliud,

1968 2703 2072 2758 nisi
2099 2707 2365 2776 superbia,
2399 2708 2770 2776 nuncupatur?

2037 2791 2202 2848 Inter.
2231 2795 2318 2848 94.
2342 2794 2476 2861 Quid
2498 2805 2579 2850 est
2610 2799 2842 2852 malum?
2863 2830 2933 2838 —
2955 2797 3109 2871 Resp.
3137 2801 3333 2858 Malum
3364 2803 3537 2881 [vero]

1967 2885 2101 2942 nihil
2135 2894 2219 2942 est
2267 2902 2364 2958 per
2405 2903 2482 2954 se,
2523 2890 2626 2944 nisi
2671 2891 2899 2961 privatio
2928 2893 3098 2948 boni:
3138 2896 3278 2951 sicut
3303 2901 3539 2956 tenebrae

1964 2978 2098 3034 nihil
2127 2987 2268 3044 sunt,
2291 2981 2393 3036 nisi
2423 2982 2663 3037 absentia
2688 2981 2840 3037 lucis.

2036 3067 2203 3124 Inter.
2232 3070 2321 3126 95.
2356 3070 2466 3127 Cur
2493 3086 2591 3140 per
2627 3079 2739 3127 tres
2779 3071 2918 3128 ﬁlios
2954 3072 3066 3130 Noe
3109 3079 3339 3133 secunda
3385 3082 3538 3152 origo

290 3171 550 3239 appetitus
590 3181 714 3224 tuus
754 3168 905 3242 [Ms.,
944 3168 1100 3242 ejus],
1141 3179 1188 3224 et
1225 3180 1282 3224 tu
1329 3171 1680 3227 dominaberis
1721 3172 1864 3228 illius

1970 3158 2148 3214 saeculi
2193 3160 2428 3215 surrexit
2476 3159 2628 3234 (Gen.
2660 3161 2865 3235 vr)?—-
2891 3162 3040 3233 Resp.
3086 3164 3158 3221 Ut
3203 3175 3312 3222 tres
3356 3181 3538 3240 partes

290 3233 449 3332 υὶὲη.
477 3259 566 3330 7)?
591 3291 654 3300 —
675 3233 830 3331 Resp.
856 3233 936 3314 Tu
959 3233 1081 3331 qui;
1108 3260 1262 3316 liberi
1281 3277 1341 3317 es
1365 3263 1596 3327 arbitrii,
1624 3279 1734 3318 non
1762 3263 1861 3319 ιη-
1886 3233 1935 3297 (ἶ
1964 3250 2151 3305 mundi
2172 3263 2204 3304 α
2230 3250 2394 3305 trium
2437 3233 2782 3323 séneraliohe
2815 3253 3184 3324 implerenwr-
3211 3233 3380 3313 Ροττό
3409 3258 3537 3315 Sam

287 3349 386 3405 bet
409 3358 686 3420 peccatum
709 3365 870 3420 super
892 3358 944 3406 te
969 3350 1286 3416 dominium,
1317 3351 1412 3408 sed
1443 3359 1496 3406 tu
1526 3367 1687 3422 super
1701 3351 1860 3419 illud;

288 3449 348 3495 et
377 3439 432 3494 in
462 3447 552 3493 tua
585 3447 844 3509 potestate
867 3449 952 3495 est
992 3441 1104 3496 slve
1136 3455 1501 3512 compescere,
1532 3442 1645 3498 sive
1669 3457 1865 3498 concu-

285 3529 506 3600 piscere
529 3529 678 3583 illud.

361 3617 530 3672 Inter.
556 3618 642 3673 86.
669 3617 846 3685 Quare
885 3619 1144 3676 Dominus
1180 3621 1530 3693 interrogavit
1556 3623 1687 3679 Cain
1719 3643 1734 3679 :
1763 3625 1862 3680 Ubi

282 3717 361 3762 est
388 3709 513 3763 Abel
532 3709 700 3780 frater
722 3720 842 3764 tuus
871 3709 1023 3782 (vers.
1049 3711 1138 3783 9)?
1157 3741 1228 3750 —
1247 3711 1404 3784 Resp.
1445 3711 1562 3769 Non
1608 3722 1861 3785 tanquam

288 3802 527 3871 ignarus,
561 3801 654 3855 sed
679 3808 934 3870 tanquam
948 3800 1114 3870 judex
1140 3817 1310 3868 reum,
1348 3819 1508 3873 quem
1532 3806 1737 3876 puniat.
1764 3805 1861 3861 Cui

289 3890 416 3945 Cain
452 3891 520 3945 ad
557 3890 828 3945 cumulum
866 3892 1072 3962 peccati
1114 3893 1197 3948 sui
1235 3891 1497 3950 fallaciter
1531 3910 1596 3949 ac
1634 3897 1864 3965 superbe

290 3981 584 4050 respondit.

357 4069 505 4124 Inter
530 4071 619 4126 87.
643 4071 921 4140 Quomodo
943 4087 1046 4128 vox
1090 4074 1363 4144 sanguinis
1403 4075 1536 4130 Abel
1568 4074 1767 4131 clamat
1795 4077 1862 4130 ad

288 4156 574 4216 Dominum
615 4162 767 4234 (vers.
806 4162 1191 4235 ιον-Κεφ.
1238 4163 1316 4237 [Id
1353 4164 1455 4237 est]
1483 4166 1755 4222 homicidii
1800 4166 1862 4220 il-

287 4250 392 4305 lius
415 4259 602 4306 reatus
627 4253 679 4306 in
708 4261 996 4324 conspectu
1024 4254 1196 4328 [justi]
1220 4254 1417 4323 judicis
1446 4257 1757 4325 apparebat.

355 4341 525 4397 Inter.
554 4343 643 4399 88.
688 4343 838 4401 Unde
874 4345 1004 4402 Cain
1041 4347 1378 4404 maledicitur
1407 4347 1461 4402 in
1487 4355 1710 4418 peccato
1739 4365 1858 4410 suo.

283 4431 365 4505 [in
387 4443 611 4504 peccato
638 4451 764 4492 vero
789 4439 919 4493 Adin
948 4447 1089 4494 terra
1120 4441 1479 4516 maledicitur]
1511 4440 1702 4514 [Edit.,
1737 4459 1859 4498 cum

283 4526 435 4594 prius
461 4536 606 4582 terra
656 4529 710 4584 in
750 4545 911 4600 opere
955 4530 1084 4587 Adin
1131 4533 1202 4587 sit
1248 4532 1856 4607 maledicta]?—Resp.

285 4615 419 4684 Quia
448 4618 581 4673 Cain
614 4620 815 4676 sciebat
842 4623 1232 4678 damnationem
1270 4627 1727 4695 praevaricationis
1753 4625 1862 4696 pri-

288 4721 410 4771 mae,
435 4716 491 4761 et
517 4723 622 4762 non
648 4709 822 4764 timuit
842 4712 1089 4781 originali
1109 4723 1329 4783 peccato
1354 4714 1635 4770 fratricidii
1659 4713 1857 4786 [Edit.,

287 4796 563 4852 homicidii
605 4797 811 4871 fratris]
841 4801 1199 4870 superaddere
1248 4803 1452 4867 scelus;
1489 4803 1609 4858 ideo
1656 4805 1860 4873 majore

285 4885 661 4942 maledictione
686 4889 878 4960 dignus
903 4891 1216 4945 habebatur.

356 4975 522 5032 Inter.
551 4978 639 5033 89.
671 4977 823 5045 Quod
848 4988 931 5034 est
951 4981 1161 5050 signum
1201 4980 1352 5046 Cain,
1383 4983 1523 5051 quod
1555 4981 1736 5050 posuit
1763 4979 1855 5053 [ei]

282 5065 452 5130 Deus,
481 5075 541 5121 ut
564 5083 671 5122 non
714 5069 1056 5124 occideretur
1081 5070 1233 5140 (vers.
1268 5070 1389 5140 i5)?
1406 5101 1475 5110 —
1498 5067 1653 5139 Resp.
1679 5068 1854 5138 Ipsum

283 5156 535 5212 videlicet
564 5159 797 5229 signum,
825 5159 966 5229 quod
989 5168 1225 5216 tremens
1268 5172 1321 5215 et
1342 5175 1558 5231 gemens
1575 5201 1591 5224 ,
1620 5174 1786 5230 vagus
1804 5167 1860 5214 et

281 5245 544 5316 profugus
558 5251 1013 5319 semperviveret;
1053 5266 1156 5307 nec
1178 5253 1374 5307 audere
1393 5265 1516 5306 eum
1537 5251 1741 5321 uspiam
1768 5264 1858 5304 or—

279 5336 370 5391 bis
397 5345 665 5392 terrarum
693 5339 850 5394 sedes
878 5340 1079 5395 habere
1105 5343 1331 5410 quietas.
1357 5341 1423 5395 Et
1442 5340 1581 5396 forte
1610 5337 1855 5413 [idcirco]

278 5428 562 5486 civitatem
592 5431 852 5498 condidit,
877 5435 930 5488 in
957 5450 1058 5503 qua
1082 5435 1278 5490 salvari
1303 5445 1482 5505 posset
1508 5437 1660 5504 (vers.
1691 5434 1800 5508 i7).

353 5518 523 5575 Inter.
547 5521 638 5578 90.
666 5523 776 5578 Cur
801 5525 924 5594 ipse
961 5541 1021 5581 se
1063 5533 1234 5580 morte
1274 5527 1548 5582 damnavit
1590 5527 1858 5583 dicendo:

279 5608 473 5666 Omnis
496 5615 586 5683 qui
607 5615 827 5670 inveniet
847 5633 950 5681 me,
971 5618 1164 5672 occidet
1190 5633 1270 5671 me
1293 5618 1441 5688 (vers.
1469 5618 1678 5690 I4)?-—
1700 5618 1856 5691 Resp.

277 5707 629 5778 Desperando
653 5710 807 5774 dixit,
839 5711 920 5764 vel
948 5718 1008 5765 ut
1035 5709 1350 5779 compendio
1374 5712 1563 5766 mortis
1592 5697 1862 5767 cruciatus

281 5798 538 5851 evaderet
569 5807 878 5859 praesentes.

1962 3338 2019 3392 in
2043 3337 2170 3393 ﬁliis
2209 3339 2324 3394 suis
2361 3338 2570 3408 Asiam,
2600 3339 2701 3413 let]
2740 3341 2908 3398 Cham
2935 3343 3180 3410 Libyam,
3201 3343 3305 3418 [et]
3345 3346 3540 3416 Iaphet

1963 3427 2229 3500 Europam
2255 3431 2581 3499 possidebat.

1964 3571 1970 3587 ,
2033 3521 2196 3577 Inter.
2227 3523 2315 3579 96.
2343 3523 2415 3578 De
2436 3525 2629 3593 quibus
2654 3525 2789 3580 dixit
2812 3544 2824 3579 :
2852 3523 2982 3580 Cum
3011 3530 3277 3599 coepissent
3301 3529 3535 3585 homines

1961 3609 2296 3683 multiplicari
2343 3630 2496 3682 super
2522 3621 2715 3666 terram
2761 3623 2810 3667 et
2852 3613 2992 3682 ﬁlias
3038 3627 3413 3685 procreassent.
3446 3619 3536 3692 [Et

1961 3704 2178 3777 iterum]
2209 3705 2434 3759 videntes
2473 3704 2602 3759 Filii
2627 3705 2723 3758 Dei
2744 3704 2883 3773 ﬁlias
2911 3706 3179 3761 hominum
3209 3711 3347 3780 quod
3373 3710 3534 3784 312

1959 3803 2124 3848 essent
2148 3793 2378 3862 pulchra:
2407 3791 2560 3864 (Gen.
2588 3809 2663 3858 γι,
2693 3794 2746 3860 l,
2777 3793 2867 3865 2)?
2889 3825 2961 3835 -—
2985 3795 3139 3870 Resp.
3165 3798 3331 3857 Filias
3359 3803 3534 3858 homi-

1961 3899 2110 3948 num,
2158 3884 2467 3954 progeniem
2511 3882 2709 3949 Cbam;
2743 3893 2798 3938 et
2821 3884 2960 3941 ﬁlios
2997 3887 3092 3943 Dei
3122 3891 3357 3946 sobolem
3405 3892 3536 3951 Scth

1961 3972 2113 4046 [Hs.,
2143 3971 2291 4045 Sem]
2321 3973 2587 4043 appellare
2615 3974 2895 4046 Scriptura
2935 3979 3122 4033 voluit.
3156 3981 3221 4034 IIi
3249 3983 3392 4038 avita
3439 3985 3534 4040 be-

1960 4064 2263 4119 nedictione
2291 4063 2557 4135 religiosi;
2586 4064 2689 4120 illae
2713 4073 2934 4136 paterna
2962 4068 3334 4126 maledictione
3363 4073 3536 4142 impu-

1961 4159 2094 4215 dica:
2123 4157 2278 4232 [Ms.,
2301 4159 2376 4214 illi
2498 4160 2775 4234 impudici]
2806 4177 2820 4215 :
2844 4163 2938 4218 sed
2961 4171 3240 4233 postquam
3274 4163 3369 4218 ﬁlii
3398 4163 3529 4220 Seth

1963 4251 2114 4326 μὴ,
2150 4251 2299 4326 Seni]
2351 4255 2780 4325 concupiscentia
2824 4257 2949 4310 victi
2995 4271 3060 4312 ex
3107 4255 3316 4312 ﬁliabus
3361 4255 3530 4312 Cham

1959 4341 2222 4396 connubia
2244 4341 2558 4411 junxerunt,
2579 4358 2642 4396 ex
2663 4343 2752 4398 tali
2779 4343 2895 4413 coni
2904 4347 3152 4400 unctione
3172 4347 3417 4402 homines
3432 4348 3530 4403 im-

1961 4449 2145 4490 menso
2171 4450 2414 4504 corpore,
2441 4435 2646 4490 viribus
2673 4438 2906 4507 superbi,
2936 4439 3173 4493 moribus
3201 4437 3530 4512 [inconditi],

1961 4538 2097 4591 quos
2118 4523 2396 4593 Scriptura
2430 4525 2672 4595 gigantes
2697 4528 2956 4592 nominat,
2981 4530 3248 4596 procreati
3279 4541 3423 4586 sunt.

2037 4612 2199 4668 Inter.
2228 4613 2317 4668 97.
2361 4613 2499 4680 Quid
2535 4621 2635 4679 est,
2664 4614 2806 4683 quod
2847 4615 3020 4670 dixit:
3051 4616 3174 4671 Non
3217 4619 3535 4688 permanebit

1964 4705 2176 4775 spiritus
2223 4721 2365 4758 meus
2410 4705 2465 4758 in
2507 4705 2710 4758 homine
2755 4706 2810 4760 in
2852 4715 3124 4771 internum,
3149 4711 3272 4779 quia
3299 4727 3421 4765 caro
3456 4721 3532 4765 est

1966 4793 2117 4866 (Gen.
2148 4810 2225 4860 vi,
2252 4793 2343 4866 5)?
2367 4826 2434 4833 —-
2457 4793 2611 4866 Resp.
2643 4795 2872 4864 Spiritus
2897 4796 3084 4871 [enim]
3113 4801 3212 4856 hoc
3235 4800 3355 4857 loco
3395 4801 3529 4856 iram

1963 4884 2260 4955 signiﬁcat,
2314 4894 2368 4940 et
2424 4902 2550 4940 caro
2602 4885 2944 4956 fragilitatem
2994 4890 3241 4946 humanae
3292 4901 3527 4955 naturai;

1966 4977 2118 5046 quasi
2148 4978 2369 5033 dixisset
2397 4995 2410 5028 :
2446 4975 2616 5050 [quia]
2645 4977 2849 5050 fragilis
2881 4989 2962 5035 est
2986 4982 3037 5036 in
3081 4983 3385 5038 hominibus
3406 4998 3534 5037 coii-

1966 5064 2116 5128 ditio,
2159 5082 2263 5120 non
2299 5067 2367 5122 ad
2406 5075 2636 5123 :eternos
2679 5066 2814 5142 [eos]
2847 5073 3072 5127 servabo
3109 5073 3402 5138 cruciatus,
3439 5076 3532 5130 sed

1963 5155 2089 5210 hinc
2111 5154 2261 5226 [Ms.,
2289 5157 2398 5229 hic]
2429 5159 2704 5214 restituam
2732 5162 2872 5231 quod
2905 5175 3194 5220 merentur.

2033 5243 2198 5298 Inter.
2229 5246 2317 5300 98.
2345 5247 2483 5313 Quid
2507 5248 2772 5317 signiﬁcat
2793 5253 3089 5320 praeﬁnitus
3112 5255 3198 5309 ille
3233 5271 3486 5314 numerus
3515 5277 3530 5312 :

1963 5338 2232 5412 Erantque
2255 5341 2364 5395 dies
2396 5341 2539 5396 illius
2568 5353 2772 5397 centum
2798 5346 2979 5416 viginti
3007 5349 3134 5402 anni
3171 5347 3326 5417 [Ms.,
3364 5365 3536 5405 anno-

1964 5431 2142 5505 rum]?
2162 5464 2226 5473 —
2257 5431 2409 5504 Resp.
2442 5434 2608 5490 Datus
2647 5444 2730 5492 est
2758 5436 2846 5492 ille
2883 5453 3140 5495 numerus
3177 5442 3245 5496 ad
3271 5443 3532 5513 agendam

1963 5523 2330 5592 paenitentiam
2354 5526 2588 5580 humano
2611 5529 2822 5598 generi;
2851 5529 2946 5585 sed
2977 5540 3377 5602 contemptores
3401 5549 3532 5604 prte-

1964 5613 2104 5667 venit
2131 5613 2389 5669 vindicta:
2408 5631 2532 5670 nam
2545 5625 2886 5686 postcentum
2904 5635 3074 5678 annos
3087 5623 3232 5677 venit
3251 5625 3504 5680 diluvium
3514 5666 3528 5679 .

2035 5703 2198 5759 Inter.
2235 5706 2323 5762 99.
2351 5706 2486 5775 Quid
2508 5717 2608 5774 est,
2631 5709 2773 5780 quod
2817 5712 2959 5768 Deus
2996 5713 3128 5770 dicit
3155 5735 3166 5768 ι
3196 5715 3413 5770 Ptenitet
3453 5733 3532 5770 me

1970 5795 2148 5860 fecisse
2168 5797 2445 5853 hominem.
2471 5801 2536 5853 Et
2558 5802 2748 5857 iterum
2771 5821 2782 5855 τ
2808 5803 2993 5857 Tactus
3017 5805 3193 5858 dolore
3213 5807 3383 5858 cordis
3403 5803 3507 5861 [sui
3521 5802 3530 5854 l
