4006 6186
466 379 572 438 527

1312 372 1371 425 Β.
1411 369 1474 424 F.
1516 367 1740 423 ALBlNl
1779 367 1908 423 SEU
1947 365 2222 421 ALCUlNl
2259 363 2545 422 OPERUM
2583 360 2764 418 PARS
2800 359 2866 416 ll.

3607 352 3717 408 ass

469 495 780 551 intrinsecus
809 487 958 559 (vers.
987 483 1064 557 6).
1108 477 1358 552 Nunquid
1410 483 1462 536 in
1509 481 1678 536 Deum
1720 477 2038 550 .pmnitentia
2067 481 2114 538 Α
2142 477 2195 530 in
2244 492 2308 530 ea
2358 491 2478 530 esse
2512 475 2887 537 advertamus;
2937 468 3195 525 inferiora
3235 467 3396 538 313
3441 465 3560 535 ejus
3605 465 3727 522 loca

471 593 564 639 aut
593 581 746 637 dolor
779 576 957 633 cordis
993 572 1431 644 caderepotcst?
1450 601 1520 612 —-
1545 569 1700 640 Resp.
1729 567 1845 623 Non
1871 569 2040 624 Deum
2066 583 2070 588 ·

471 675 538 728 de
561 670 702 726 facto
723 683 820 724 suo
844 670 1214 740 pmnitct,.nec
1241 661 1394 736 [Λίδη
1425 659 1538 734 aut]
1569 659 1711 716 dolet
1736 659 1878 714 Deus
1905 657 2044 713 sicut

471 765 652 829 homo,
679 761 765 817 cui
799 767 881 816 est
908 759 973 814 de
997 757 1244 812 omnibus
1267 755 1428 810 rebus
1455 763 1562 807 tam
1608 749 1712 806 ﬁxa
1757 749 2038 813 sententia,

471 871 632 928 quam
666 865 814 911 certa
837 845 1171 924 praescien'tia
1195 863 1210 902 :
1235 845 1330 903 sed
1356 847 1526 900 utitur
1546 843 1822 912 Scriptura
1855 847 2042 898 sancta

471 948 686 1004 usitatis
721 944 876 1000 nobis
916 941 1096 997 verbis
1139 935 1582 1008 intelligibilibus,
1623 941 1684 986 ut
1723 937 1936 1001 coaptet
1985 943 2043 982 se

471 1048 670 1096 nostra:
699 1033 970 1108 parvitati,
1007 1037 1270 1102 quatenus
1310 1043 1374 1082 ex
1402 1023 1632 1096 cognitis
1657 1021 1926 1092 incognita
1955 1033 2046 1073 co-

471 1142 806 1200 gnoscamus.

542 1219 709 1274 Inter.
732 1215 854 1271 100.
876 1213 992 1268 Noe
1015 1212 1092 1266 vir
1109 1205 1284 1280 justus
1299 1217 1346 1262 et
1372 1207 1628 1279 perfectus
1655 1211 1765 1256 erat
1791 1200 1942 1272 (vers.
1965 1197 2044 1268 9).

474 1312 532 1366 Si
577 1307 758 1364 nullus
803 1307 920 1360 sine
960 1309 1203 1372 peccato,
1240 1297 1508 1366 quomodo
1553 1293 1750 1364 aliquis
1777 1289 2049 1360 perfectus

474 1415 593 1456 esse
615 1395 917 1469 potest?-——
938 1371 1094 1462 Resp.
1126 1371 1356 1444 Pe'rfecti
1400 1386 1491 1440 hic
1516 1385 1709 1458 [Edit.,
1737 1378 1886 1452 hinc]
1927 1377 2048 1450 [ali-

473 1487 589 1561 qui]
633 1488 901 1548 dicuutur,
943 1497 1050 1537 non
1091 1479 1231 1536 sicut
1262 1475 1585 1550 perﬁciendi
1615 1482 1742 1529 sunt
1780 1471 1951 1526 sancti
1993 1469 2048 1524 in

474 1581 560 1637 illa
590 1576 1010 1639 immortalitate,
1059 1588 1165 1644 qua
1193 1570 1548 1640 :equabuntur
1575 1565 1778 1636 angelis
1803 1564 1928 1626 Dei;
1957 1561 2051 1617 sed

475 1674 614 1730 sicut
633 1686 751 1726 esse
781 1675 1008 1739 possunt
1035 1665 1088 1720 in
1117 1665 1220 1720 hac
1245 1659 1676 1732 peregrinatione
1689 1654 1944 1726 perfecti.

543 1762 707 1818 Inter.
742 1757 862 1812 101.
908 1753 1045 1822 Quid
1087 1761 1190 1818 est,
1224 1749 1368 1820 quod
1415 1749 1552 1804 dixit
1596 1747 1738 1800 Deus
1781 1743 1850 1799 ad
1891 1741 2042 1796 Noe:

2147 566 2482 622 stercoribus
2523 572 2579 622 et
2609 563 2882 634 spurcitiis
2921 576 3042 616 esse
3071 561 3344 636 deputata,
3377 575 3444 613 ne
3475 557 3728 615 animalia

2143 663 2200 709 et
2249 653 2518 726 praecipue
2563 651 2808 706 homines
2837 649 2950 704 fimi
2990 647 3160 704 fetore
3200 655 3546 702 vexarentur.
3591 647 3732 703 Huic

2147 753 2328 800 autem
2371 744 2620 813 superior
2665 752 2720 796 et
2770 741 3023 810 contigua
3073 755 3287 795 camera
3344 741 3732 798 conservandis

2143 833 2354 904 pabulis
2383 827 2692 888 animalium
2717 831 3082 900 deputaretnr.
3113 830 3169 884 lu
3199 830 3296 883 hos
3329 845 3458 900 ergo
3486 845 3615 885 usus
3642 830 3732 885 in-

2145 922 2370 978 feriores
2411 932 2614 993 partes,
2661 936 2782 990 qna:
2810 919 3151 974 bieamerata:
3196 920 3468 984 dicuntur,
3511 921 3734 976 tradunt

2145 1013 2311 1068 fuisse
2345 1014 2623 1068 distinctas
2648 1030 2660 1065 :
2691 1012 2996 1080 superiores
3029 1025 3157 1065 vero
3185 1018 3387 1080 partes,
3418 1027 3535 1081 qum
3559 1013 3729 1068 trica-

2147 1111 2366 1160 mcrata:
2393 1102 2662 1165 dicuntur,
2705 1100 2774 1154 ad
2811 1101 3174 1156 habitaculum
3213 1101 3389 1171 primo
3432 1103 3620 1158 bestiis
3643 1101 3733 1158 vel

2147 1192 2469 1247 animalibus
2513 1191 2916 1256 immitioribus,
2954 1189 3037 1244 vel
3078 1191 3416 1260 serpentibus
3447 1173 3734 1262 deputatas

2150 1281 2337 1355 [esse].
2383 1281 2465 1335 Ah
2517 1281 2602 1335 his
2643 1296 2770 1336 vero
2817 1295 3054 1352 congrua
3101 1280 3154 1334 in
3202 1279 3568 1348 superioribus
3613 1280 3731 1336 loca

2149 1373 2453 1428 mitioribus
2491 1371 2854 1426 animantibus
2879 1411 2895 1436 ,
2953 1371 3272 1440 stabulaque
3323 1370 3532 1426 fuisse:
3568 1365 3732 1440 supra

2148 1465 2328 1518 omnia
2358 1477 2486 1516 vero
2536 1461 2589 1515 in
2637 1461 2852 1516 excelso
2887 1461 3198 1516 hominibus
3240 1461 3421 1515 sedem
3468 1461 3731 1526 locatam;

2150 1563 2210 1609 ut
2234 1563 2358 1623 pote.
2401 1553 2542 1607 sicut
2579 1553 2782 1606 honore
2827 1561 2882 1605 et
2925 1551 3189 1621 sapientia
3238 1551 3524 1614 antecedit,
3569 1551 3642 1604 ita
3673 1563 3735 1606 et

2149 1644 2268 1700 loco
2315 1653 2505 1700 cuncta
2550 1643 2880 1714 prmcellcret
2925 1642 3198 1697 animalia.
3247 1643 3316 1698 Et
3364 1644 3446 1698 sic
3495 1645 3736 1714 quinque

2149 1736 2457 1791 mansiones
2505 1734 2558 1787 in
2603 1749 2666 1789 ea
2705 1749 2824 1788 esse
2858 1733 3258 1805 intelliguntur;
3295 1735 3489 1804 prima,
3530 1743 3738 1790 sterco-

479 1854 626 1908 ρίηίδ
653 1852 902 1906 unt-verm
917 1813 1100 1900 ξανηίε
1126 1813 1259 1898 mgni;
1281 1841 1434 1912 (υεη,
1463 1837 1586 1910 ίδγρ
1605 1866 1676 1877 __.
1699 1835 1854 1906 Resp,
1888 1831 2047 1906 [υηί-
2073 1813 2126 1874 Β
2151 1827 2300 1890 riua;
2328 1825 2582 1888 secunda,
2622 1825 3000 1896 apothecaria;
3045 1826 3222 1890 tertia,
3263 1825 3392 1881 feris
3443 1828 3738 1882 animanti-

477 1959 644 1998 versae
689 1935 891 2010 carnis]
933 1931 1202 2006 signiﬁcat
1235 1929 1476 1986 omnium
1522 1925 1828 1982 mortalium
1853 1923 2048 1996 [Edit.,

475 2047 660 2088 omnes
687 2023 988 2098 mortales],
1016 2031 1213 2095 prmter
1245 2021 1368 2077 illos
1395 2018 1488 2089 qui
1533 2018 1588 2076 in
1634 2031 1760 2071 arca
1809 2013 2049 2071 salvandi

476 2131 650 2179 erant.
683 2121 763 2176 Illi
792 2119 958 2189 igitur
983 2114 1135 2186 quasi
1164 2111 1511 2168 seminarium
1553 2105 1803 2164 secundm
1826 2104 2050 2176 originis

477 2215 672 2274 servati
703 2220 846 2267 sunt.

548 2307 712 2360 Inter.
761 2301 882 2356 102.
931 2296 1240 2370 Disperdam
1287 2311 1373 2349 eos
1415 2309 1532 2348 cum
1584 2301 1744 2346 terra.
1773 2284 2051 2356 Quomodo

479 2413 598 2453 cum
650 2405 813 2456 terra,
867 2391 993 2446 dum
1051 2397 1194 2444 terra
1240 2395 1424 2458 postea
1487 2379 2048 2450 remansit?—Resp.

478 2479 936 2556 Tradunt.[enitn]
965 2480 1212 2534 doetores
1259 2487 1419 2532 terrm
1465 2476 1704 2546 vigorem
1727 2480 1788 2528 et
1815 2470 2055 2528 fecundi-

481 2585 644 2632 tatem
691 2573 844 2644 longe
894 2568 1204 2625 inferiorem
1243 2581 1363 2622 esse
1401 2573 1526 2636 post
1577 2562 1837 2619 diluvium
1889 2576 2051 2632 quam

479 2673 632 2730 ante;
677 2671 733 2718 et
783 2657 986 2716 ideirco
1029 2655 1336 2712 hominibus
1386 2668 1602 2710 carnem
1639 2650 1794 2725 [Δίκη
1839 2647 2052 2720 carnes]

479 2755 638 2811 edere
667 2751 934 2808 licentiam
958 2763 1077 2804 esse
1099 2747 1309 2810 datam;
1335 2752 1391 2800 et
1416 2753 1540 2799 ante
1561 2741 1771 2816 [etiam]
1796 2740 2054 2797 diluvium

481 2845 744 2902 fructibus
775 2854 933 2899 terra:
959 2837 1294 2896 solummodo
1321 2837 1597 2892 victitasse
1622 2833 1888 2889 homines.

552 2937 722 2995 Inter.
775 2933 897 2990 103.
948 2931 1076 3000 Quae
1121 2939 1246 2986 sunt
1287 2929 1427 3000 ligna
1467 2914 1724 3000 levigata,
1764 2926 1829 2983 de
1862 2925 2058 2998 quibus

481 3045 607 3088 area
645 3027 952 3099 praecipitur
994 3023 1108 3078 ﬁeri
1149 3023 1300 3096 (vers.
1354 3020 1566 3090 14)?—-
1590 3019 1744 3088 Resp.
1792 3016 1972 3072 Fortia
2002 3025 2058 3069 et

2148 1915 2278 1981 bus;
2313 1921 2524 1986 quarta,
2550 1913 2874 1978 mansuetis;
2900 1913 3106 1982 quinta,
3135 1913 3460 1970 hominibus.

2223 2007 2391 2061 Inter.
2436 2005 2555 2060 107.
2583 2003 2862 2072 Quomodo
2891 2006 2955 2060 de
2981 2007 3122 2060 ostio
3141 2008 3284 2076 quod
3315 2007 3366 2062 in
3401 2007 3568 2063 latere
3595 2025 3740 2063 arcte

2151 2098 2538 2163 aediﬁcabatur,
2579 2095 2978 2166 intelligendum
3023 2099 3136 2154 est?
3169 2128 3243 2140 --
3285 2099 3440 2170 Resp.
3487 2101 3738 2157 Traduut

2150 2187 2355 2260 [autem
2403 2186 2589 2260 etiam]
2636 2189 2854 2252 ostium,
2887 2191 3032 2258 quod
3077 2205 3144 2244 ex
3195 2190 3363 2246 latere
3389 2191 3588 2246 factum
3625 2203 3735 2256 est,

2151 2295 2216 2334 eo
2239 2281 2338 2334 loci
2369 2279 2550 2342 fuisse,
2575 2287 2631 2333 ut
2668 2277 2943 2345 inferiora,
2973 2295 3092 2350 qum
3120 2281 3255 2336 dixit
3285 2283 3609 2338 hicamerata
3654 2285 3738 2338 in-

2153 2371 2233 2427 fra
2253 2383 2317 2426 Se
2341 2372 2593 2436 haberet;
2626 2379 2679 2426 et
2711 2387 2830 2440 qure
2851 2372 2986 2427 dixit
3011 2373 3376 2438 tricamerata,
3400 2375 3674 2445 superiora
3704 2393 3738 2430 ιι

2154 2463 2273 2519 loco
2318 2463 2441 2518 ostii
2481 2461 2742 2533 appellata
2775 2471 2920 2518 sunt.
2966 2464 3031 2518 Et
3059 2464 3182 2519 inde
3219 2465 3457 2536 ingressa
3482 2467 3738 2522 animalia

2154 2557 2425 2620 universa,
2467 2573 2564 2628 per
2591 2573 2688 2612 sua
2733 2573 2960 2629 quaeque
2999 2558 3139 2625 loca,
3174 2560 3467 2615 secundum
3497 2577 3616 2630 quae
3644 2576 3740 2616 su—

2150 2663 2254 2720 pra
2277 2646 2532 2712 diximus,
2563 2662 2798 2720 congrua
2825 2649 3149 2705 discretione
3161 2649 3424 2706 distincta
3445 2650 3600 2724 [Ms.,
3629 2651 3747 2708 dis-

2157 2737 2336 2812 repta]
2370 2748 2514 2794 sunt.

2229 2831 2394 2886 Inter.
2423 2830 2543 2886 108.
2563 2829 2711 2897 Quid
2732 2829 2894 2886 habet
2927 2831 3169 2904 mysterii
3206 2845 3456 2886 mensura
3483 2830 3748 2886 arae?—

2159 2919 2314 2992 Resp.
2363 2919 2535 2977 Habet
2579 2919 2766 2996 [enim]
2808 2925 3122 2994 mysterium
3151 2922 3448 2994 perfectum
3495 2924 3745 2994 corporis

2159 3012 2383 3067 Christi.
2419 3011 2608 3067 Sexies
2641 3013 2781 3068 enim
2813 3013 3037 3068 trecenti
3085 3013 3286 3068 habent
3311 3013 3450 3066 intra
3493 3028 3550 3066 se
3583 3011 3746 3083 quin-

484 3118 800 3181 insolubilia,
833 3115 900 3171 de
927 3114 1120 3184 quibus
1143 3111 1246 3168 alia
1273 3113 1554 3168 translatio
1587 3109 1736 3176 dicit,
1769 3110 2052 3180 quadrata,
2084 3153 2128 3214 C
2160 3103 2434 3174 quaginta,
2466 3111 2519 3158 et
2541 3104 2720 3158 decies
2747 3103 2986 3175 triginta.
3019 3103 3109 3160 Sic
3133 3105 3276 3158 enim
3300 3103 3590 3158 humanum
3619 3119 3746 3157 cor-

484 3221 545 3266 ut
565 3223 692 3264 arca
721 3223 820 3263 nec
839 3214 1118 3262 ventorum
1149 3205 1225 3270 vi,
1269 3219 1369 3280 nec
1411 3217 1672 3280 aquarum
1713 3199 2056 3259 inundatione

487 3298 809 3354 solveretur.
1770 3357 1780 3363 η

555 3387 720 3442 Inter.
754 3384 874 3440 104.
907 3383 976 3438 Et
1011 3382 1258 3438 bitumine
1287 3380 1457 3436 linies.
1485 3379 1614 3447 Qua:
1648 3388 1732 3436 est
1759 3387 1950 3434 natura
1977 3379 2058 3434 hi-

486 3479 736 3536 tuminis?
775 3507 846 3518 —
889 3475 1045 3548 Resp.
1093 3475 1337 3530 Bitnmen
1384 3482 1467 3527 est
1514 3472 1965 3528 ferventissimum
2003 3479 2056 3524 et

485 3567 927 3625 violentissimum
947 3564 1148 3636 gluten,
1170 3563 1322 3636 cujus
1343 3572 1426 3618 est
1451 3564 1564 3618 hmc
1595 3563 1783 3626 virtus,
1813 3569 1872 3615 ut
1894 3561 2055 3642 ligna,

488 3658 632 3733 [qum
655 3673 778 3714 cum
799 3649 1080 3726 bitumine]
1109 3654 1335 3710 oblinita
1365 3651 1635 3726 [fuerint],
1667 3667 1768 3707 nec
1791 3651 2060 3707 vermibus

487 3748 660 3812 exedi,
705 3763 804 3802 nec
833 3747 960 3802 solis
986 3745 1196 3809 ardore,
1222 3759 1322 3810 nee
1367 3741 1581 3808 ﬂatibus
1623 3750 1926 3805 ventorum,
1959 3756 2058 3796 nec

491 3853 749 3912 aquarum
777 3835 985 3906 possint
1011 3834 1356 3892 inundatione
1377 3833 1618 3890 dissolvi.
2053 3897 2058 3905 ⁵

560 3927 725 3982 Inter.
752 3925 873 3981 105.
901 3924 1122 3994 Qualem
1145 3940 1274 3998 ergo
1302 3941 1442 3980 arcte
1466 3925 1698 3996 speciem
1723 3921 1806 3978 vel
1835 3921 2060 3979 formam

489 4017 744 4074 debemus
789 4015 1084 4088 intelligere
1113 4016 1266 4089 (vers.
1315 4014 1527 4089 15)?-—
1555 4013 1710 4086 Resp.
1742 4013 1812 4070 Ut
1850 4014 2064 4084 videtur

491 4111 678 4168 habuit
698 4117 927 4180 quatuor
944 4107 1166 4178 angulos
1189 4123 1256 4161 ex
1279 4106 1388 4162 imo
1407 4115 1767 4177 assurgentes,
1793 4114 1848 4162 et
1875 4106 2062 4161 iisdem

489 4199 746 4273 paulatim
775 4212 943 4265 usque
973 4197 1041 4249 ad
1082 4211 1350 4250 summum
1393 4196 1447 4250 in
1490 4204 1774 4266 angustum
1818 4196 2065 4252 attractis

493 4293 545 4344 in
573 4289 803 4360 spatium
832 4287 990 4341 unius
1026 4285 1190 4340 cubiti
1221 4284 1320 4340 fuit
1349 4285 1569 4342 collecta
1592 4285 1743 4358 [Ms.,
1768 4297 1826 4342 ut
1855 4289 2065 4343 videtur

493 4384 726 4447 quatuor
769 4373 980 4445 angulis
1022 4389 1142 4430 eam
1171 4390 1234 4429 ex
1266 4373 1374 4429 imo
1402 4374 1778 4446 adsurgentem
1901 4375 2066 4432 fuisse

495 4457 816 4536 collectam].
844 4463 934 4518 Sic
961 4461 1147 4537 [enim]
1177 4461 1408 4519 refertur
1443 4465 1583 4534 quod
1621 4465 1674 4519 in
1709 4465 2067 4522 fundamentis

496 4553 720 4608 trecenti
751 4553 916 4608 mliti
959 4555 1010 4609 in
1055 4553 1382 4626 longitudine
1423 4563 1475 4610 et
1506 4555 1560 4610 in
1606 4555 1884 4610 latitudine
1912 4557 2068 4624 quin-

492 4643 910 4715 quagintasint;
942 4644 1076 4698 etin
1119 4643 1400 4700 altitudine
1427 4645 1667 4716 triginta,
1713 4645 1805 4700 sed
1847 4645 2066 4700 collecta

493 4733 548 4788 in
573 4747 825 4789 cacumen
855 4742 1139 4804 angustum
1159 4773 1174 4799 ,
1205 4734 1277 4788 ita
1313 4741 1368 4788 ut
1388 4735 1604 4790 cubitus
1628 4735 1698 4790 sit
1719 4735 2068 4808 longitudinis

489 4833 545 4880 et
574 4824 893 4880 latitudinis.
921 4825 985 4877 lit
1015 4838 1140 4879 vere
1172 4823 1310 4878 nulla
1337 4824 1510 4895 potuit
1533 4833 1640 4880 tam
1664 4825 1988 4881 conveniens
2013 4833 2069 4880 et

491 4931 727 4989 congrua
762 4929 902 4969 arca:
941 4915 1146 4984 species
1190 4914 1328 4980 dari,
1357 4919 1517 4989 quain
1565 4924 1626 4970 ut
1671 4931 1882 4972 summo
1922 4916 2070 4972 velut

498 5005 573 5080 [ο]
600 4983 745 5060 tecto
770 4983 999 5074 quodam
1031 5013 1259 5074 angusto
1280 4983 1490 5059 culmen
1517 5004 1669 5078 [Ms.,
1695 5005 1948 5080 culmine]
1971 5006 2072 5062 dif-

491 5099 740 5153 funderet
781 5097 1030 5150 imbrium
1065 5095 1268 5162 mittas,
1306 5105 1360 5151 et
1395 5097 1500 5151 ima
1541 5098 1594 5152 in
1623 5099 1776 5168 aquis
1805 5101 2065 5170 quadrata

491 5189 784 5245 stabilitate
833 5187 1134 5244 consistens
1179 5203 1278 5244 nec
1306 5188 1556 5259 'impulsu
1607 5200 1920 5259 ventorum,
1971 5211 2069 5249 nec

494 5282 699 5352 impetu
720 5277 999 5346 fluctuum,
1027 5294 1127 5336 nec
1167 5281 1535 5354 inquietudine
1566 5285 1898 5353 animalium,
1949 5305 2069 5344 eum

492 5372 813 5426 intrinsecus
837 5378 1010 5436 erant,
1039 5382 1134 5426 aut
1161 5371 1410 5428 inclinari
1433 5382 1636 5445 posset,
1667 5385 1762 5434 aut
1786 5377 1976 5449 mergi.

564 5459 731 5516 Inter.
765 5460 886 5516 106.
915 5459 1195 5528 Quomodo
1235 5478 1355 5520 eam
1398 5464 1783 5521 bicameratam
1821 5475 1877 5521 et
1904 5468 2069 5524 trica-

493 5559 753 5606 meratam
786 5550 1086 5622 intelligam
1107 5551 1364 5609 debemus
1382 5553 1535 5626 (vers.
1565 5550 1690 5626 16)?
1708 5585 1777 5596 --
1799 5553 1954 5627 Resp.
1985 5557 2072 5612 Bi-

494 5647 824 5695 cameratam
853 5639 908 5694 in
931 5637 1294 5706 inferioribus,
1325 5643 1726 5700 tricameratam
1755 5660 1884 5701 vero
1906 5647 1959 5701 in
1983 5664 2072 5703 su-

495 5717 815 5802 perioribus,
844 5727 913 5780 ita
943 5735 1000 5780 ut
1029 5730 1264 5800 quinque
1288 5731 1679 5786 habitationum
1700 5732 2072 5793 distinctiones

2160 3213 2280 3266 pus,
2329 3196 2374 3250 si
2410 3195 2679 3264 jaceutem
2729 3197 2972 3250 metiaris
3017 3195 3311 3258 hominem,
3351 3195 3530 3250 sexies
3579 3195 3747 3250 habet

2161 3287 2434 3360 longitudo
2464 3286 2824 3354 latitudinem,
2871 3298 2925 3342 et
2973 3288 3154 3344 decies
3197 3286 3554 3343 altitudinem.
3603 3286 3744 3342 Nam

2157 3381 2434 3454 longitudo
2464 3379 2694 3451 jacentis
2722 3381 2956 3436 hominis
2989 3397 3020 3436 a
3049 3379 3250 3436 vertice
3278 3395 3446 3448 usque
3473 3379 3538 3434 ad
3568 3381 3742 3436 vesti.-

2157 3476 2242 3546 gia
2271 3476 2538 3531 metienda
2565 3482 2668 3541 est,
2701 3482 2758 3530 et
2789 3489 2820 3528 a
2848 3473 3016 3529 latere
3041 3488 3214 3544 usque
3251 3473 3304 3526 in
3346 3472 3507 3537 latus,
3539 3484 3593 3528 et
3619 3471 3745 3526 alti-

2160 3567 2290 3621 tudo
2323 3581 2355 3620 a
2383 3566 2545 3621 dorso
2576 3566 2630 3620 in
2665 3572 2928 3620 ventrem.
2977 3563 3107 3632 Quae
3151 3563 3322 3634 ﬁgura
3365 3572 3488 3634 apte
3526 3561 3746 3618 Christo

2119 3718 2126 3725 _
2160 3657 2450 3712 convenire
2490 3657 2766 3724 noscitur,
2807 3665 3026 3728 propter
3073 3655 3538 3726 longanimitatem
3560 3655 3747 3712 omnia

2161 3749 2464 3805 suﬁ‘erentis
2491 3751 2612 3806 ﬁdei
2639 3757 2695 3806 e‘t
2723 3749 3126 3820 amplitudinem
3155 3749 3460 3814 charitatis,
3487 3757 3540 3804 et
3573 3747 3748 3804 subli-

2162 3839 2409 3896 mitatem
2443 3839 2556 3911 spei
2583 3848 2817 3896 aeternae.

2235 3931 2400 3988 Inter.
2435 3932 2556 3988 109.
2602 3933 2686 3988 Ad
2722 3934 2852 4002 quid
2893 3931 3126 3989 fenestra
3145 3919 3210 3987 in
3242 3934 3552 3988 summitate
3591 3946 3752 3988 arra

2157 4015 2376 4094 jub'etur
2405 4023 2559 4079 ﬁeri?
2577 4053 2646 4065 --
2671 4023 2826 4096 Resp.
2859 4025 2930 4084 Ut
2953 4025 3183 4082 haberet
3203 4024 3342 4082 unde
3365 4023 3613 4078 emittere
3637 4039 3757 4093 po-

2166 4115 2356 4178 tuisset
2391 4113 2527 4188 [Al.,
2573 4114 2752 4170 emitti
2797 4113 3038 4187 possent]
3081 4129 3210 4170 aves
3247 4113 3311 4168 ad
3349 4111 3753 4182 exploranda

2167 4220 2326 4266 terra:
2355 4209 2671 4265 siccitatem.
3163 4269 3166 4274 _

2237 4299 2403 4355 Inter.
2435 4297 2557 4352 110.
2586 4297 2722 4364 Quid
2747 4297 2852 4354 sibi
2882 4297 3028 4352 vult:
3059 4297 3176 4352 Duo
3215 4307 3265 4352 et
3297 4297 3434 4361 duo,
3459 4305 3670 4366 septena
3694 4308 3753 4352 et

2169 4399 2379 4460 septena
2421 4386 2573 4460 (Gen.
2605 4405 2700 4454 vtt,
2729 4387 2806 4460 2).
2854 4388 2936 4442 An
2977 4397 3208 4458 quatuor
3241 4404 3309 4444 ex
3354 4387 3642 4442 immundis
3687 4395 3758 4444 et

2098 4515 2148 4576 D
2171 4477 2576 4576 quatuordecim
2611 4492 2678 4532 ex
2714 4476 2929 4532 mundis
2955 4477 3274 4534 animalibus
3317 4477 3612 4548 intelligere
3646 4475 3758 4533 de-

2170 4568 2360 4624 bemus
2387 4567 2772 4624 introducenda
2811 4568 2966 4624 esse?
2985 4597 3056 4607 --
3079 4567 3236 4638 Resp.
3269 4567 3391 4621 Non
3420 4567 3526 4622 duo
3551 4574 3606 4621 et
3633 4565 3756 4622 duo

2168 4665 2392 4730 propter
2410 4667 2666 4730 quatuor,
2693 4661 2786 4716 sed
2814 4668 3035 4731 propter
3058 4659 3350 4714 masculum
3381 4666 3436 4712 et
3463 4656 3752 4712 feminam.

2169 4749 2302 4804 Nam
2342 4749 2408 4804 de
2451 4750 2738 4806 immundis
2779 4750 3144 4806 tantummodo
3185 4749 3314 4814 duo,
3353 4756 3412 4803 et
3435 4747 3502 4802 de
3529 4746 3759 4802 mundis

2168 4843 2504 4898 solummodo
2528 4849 2752 4912 septem.

2237 4931 2404 4987 Inter.
2458 4932 2576 4986 111.
2629 4931 2741 4986 Cur
2792 4931 3066 4988 immunda
3107 4931 3226 5001 pari
3273 4943 3497 4986 numero
3539 4929 3756 4996 pesuit.

2169 5023 2365 5080 munda
2403 5038 2532 5080 vero
2569 5023 3062 5094 impari?-—Resp.
3094 5023 3166 5079 Ut
3203 5023 3427 5077 haberet
3452 5019 3566 5076 Noe
3603 5021 3762 5076 unde

2169 5115 2372 5171 hostias
2393 5114 2502 5170 Deo
2525 5114 2824 5171 immolaret
2855 5131 2920 5172 ex
2948 5115 3180 5170 mundis.

2237 5203 2406 5262 Inter.
2435 5204 2555 5259 112.
2588 5203 2738 5260 Unde
2759 5205 3065 5274 pulchriora
3089 5205 3218 5284 [.lfs.
3247 5204 3508 5277 pluriora]
3531 5203 3763 5260 fuerunt

2169 5296 2390 5360 munda,
2431 5310 2591 5366 quam
2637 5297 2946 5353 immunda?
2966 5327 3038 5338 —
3065 5295 3219 5369 Resp.
3253 5297 3482 5367 Pr0pter
3505 5295 3760 5352 futurum

2169 5386 2403 5441 humano
2421 5385 2602 5454 generi
2633 5402 2813 5452 usum,
2841 5389 2967 5458 quia
2991 5402 3059 5443 ex
3086 5387 3300 5442 mundis
3329 5388 3625 5444 debebatur
3649 5385 3762 5442 ho-

2169 5470 2426 5542 minibus,
2456 5484 2518 5531 ut
2539 5475 2846 5547 pulchriora
2877 5477 3028 5550 [Ms.,
3055 5475 3234 5552 plura]
3261 5486 3445 5535 essent
3477 5491 3600 5548 qua
3619 5490 3767 5548 pro-

2171 5564 2388 5622 dessent
2413 5580 2578 5638 quam
2605 5581 2726 5637 quae
2748 5575 3026 5624 nocerent.

2240 5653 2406 5710 Inter.
2438 5654 2558 5711 113.
2587 5655 2766 5724 Quaeri
2793 5655 2984 5730 [enim]
3011 5656 3166 5724 solet,
3190 5665 3372 5712 utrum
3395 5657 3450 5712 in
3477 5661 3628 5710 tanta
3651 5669 3770 5712 ca-

2169 5749 2403 5818 pacitate
2424 5765 2550 5805 arca
2573 5749 2898 5807 describitur
2925 5747 3111 5822 [esse],
3141 5759 3197 5804 ut
3229 5749 3478 5805 animalia
3509 5755 3655 5818 tanta
3700 5757 3775 5807 et
