4012 6188
304 316 412 375 ΒἮ

929 311 1338 367 EXEGETICA.
1376 342 1447 351 —
1481 310 1857 367 INTERROG.
1897 310 1991 364 ET
2024 312 2353 371 RESPONS.
2394 314 2464 370 IN
2499 315 2743 373 GENES.‘
2808 318 2959 375 ETC.

3445 324 3549 380 530

307 439 406 496 tot,
431 442 560 485 cum
600 426 985 483 mausiunculis
1021 426 1466 482 convenientibus
1510 427 1615 481 sibi
1658 434 1713 480 et
1751 425 1894 479 escis
1921 426 1968 483 A
1992 426 2172 494 piente
2219 427 2303 482 vel
2357 429 2468 483 Deo
2515 430 2881 487 demonstrata
2918 430 3074 505 [118..
3124 433 3547 510 demonstrante]

307 534 515 584 eorum,
556 516 698 574 ferre
742 517 1014 587 potuerit?
1036 546 1110 555 —
1138 515 1294 586 Resp.
1343 515 1495 570 Hanc
1533 515 1887 585 quaestionem
1985 529 2106 583 qua:
2128 515 2311 570 talium
2345 532 2558 587 quoque
2601 519 2953 576 animantium
2988 521 3129 577 escis
3169 525 3549 594 convenirent;

307 609 571 680 Origenes
597 605 757 662 solvit
779 606 959 661 cubito
990 605 1342 676 geometrico,
1371 619 1620 660 asserens
1647 605 1887 660 cubitum

308 699 693 774 geometricum
732 705 940 752 tantum
980 696 1181 762 valere,
1222 703 1484 767 quantum
1521 695 1694 750 nostri
1720 694 1888 751 cubiti

310 807 405 848 sex
430 791 633 846 valent.

380 881 551 938 Inter.
584 878 707 935 114.
738 877 878 945 Quid
897 884 981 932 est
1004 876 1145 946 quod
1170 875 1373 931 dictum
1394 884 1480 931 est
1502 874 1744 945 ingressa
1770 887 1891 929 esse

308 972 492 1030 omnia
514 967 764 1026 animalia
790 965 881 1039 [ad
907 963 1041 1037 Noe]
1063 966 1116 1020 in
1142 980 1325 1019 arcam
1345 962 1621 1036 (vers..9)?
1637 994 1709 1003 —
1729 962 1887 1033 Resp.

308 1063 426 1121 Non
468 1062 582 1118 Noe
607 1060 913 1129 mlligente,
948 1058 1043 1113 sed
1084 1056 1196 1111 Deo
1234 1057 1478 1127 iubente.
1507 1055 1661 1112 Sicut
1687 1056 1888 1111 dictum

308 1162 394 1211 est
419 1154 475 1208 in
504 1152 678 1223 prima
703 1149 1016 1205 creatione:
1042 1145 1275 1201 Adduxit
1298 1163 1361 1201 ea
1403 1146 1472 1200 ad
1511 1145 1702 1210 Adam,
1734 1154 1790 1199 ut
1820 1146 1894 1199 vi-

307 1245 454 1300 deret
489 1240 621 1313 quid:
660 1247 864 1294 voearet
894 1255 956 1292 ea
991 1235 1145 1307 (Gen.
1186 1253 1249 1301 ll,
1278 1235 1388 1306 19).
1422 1235 1513 1291 Sic
1548 1235 1731 1291 divino
1760 1242 1891 1289 nutu

309 1341 499 1390 coacta
529 1329 802 1396 animalia,
835 1339 1026 1399 sponte
1054 1327 1331 1399 praeﬁnito-
1356 1342 1580 1383 numero
1608 1326 1894 1381 veniebant

310 1424 694 1573 “12:215.
718 1514 856 1582 Quid
883 1514 949 1570 de
968 1512 1206 1584 piscibus
1223 1511 1309 1569 vel
1334 1472 1552 1569 alitibus
1575 1512 1729 1585 [Ms.,
1749 1512 1895 1567 vola-

308 1606 472 1680 tilia],
507 1621 629 1678 quae
655 1606 711 1660 in
741 1605 897 1674 aquis
934 1604 1027 1660 vel
1049 1619 1212 1675 super
1235 1619 1404 1674 aquas
1430 1604 1613 1659 vivere
1645 1590 1917 1675 possunt,'

307 1697 551 1768 intelligi.
580 1697 767 1759 debet;
798 1696 844 1750 si
878 1696 939 1750 in
978 1710 1106 1750 arca
1157 1702 1358 1761 essent,
1409 1711 1478 1750 an
1515 1711 1656 1761 non;
1708 1696 1796 1752 vel
1829 1697 1895 1752 de

308 1788 645 1846 soctibilibus
664 1787 1057 1853 minutissimis,
1091 1788 1278 1858 quales
1321 1788 1493 1863 [sunt]
1531 1790 1802 1860 sciniphes
1838 1799 1894 1845 et

310 1894 513 1934 muscte
557 1885 611 1933 et
644 1886 838 1933 caetera
882 1877 1047 1932 talia?
1069 1908 1141 1918 —
1161 1877 1318 1949 Resp.
1344 1862 1516 1935 “Hanc
1544 1878 1717 1952 [vero]
1747 1896 1894 1952 quie-

311 1970 544 2024 stionem
574 1978 792 2022 sanctus
824 1967 1173 2037 Augustinus,
1198 1967 1337 2023 libro
1362 1985 1429 2022 xv
1457 1968 1716 2042 (Cap.27,
1740 1984 1889 2023 num.

307 2059 461 2121 θῦε
485 2058 714 2115 Civitate
740 2058 856 2126 Dei,
881 2058 955 2112 ita
981 2059 1139 2114 solvit
1166 2078 1179 2112 :
1209 2077 1228 2110 ι
1261 2058 1440 2127 Quaeri
1466 2061 1603 2116 solet
1624 2061 1691 2116 de
1716 2061 1895 2117 minu—

312 2148 542 2204 tissimis
584 2148 847 2213 bestiolis,
894 2163 1006 2203 non
1047 2149 1218 2204 solum
1257 2150 1444 2220 quales
1469 2159 1595 2206 sunt
1631 2166 1815 2206 mures
1838 2159 1894 2206 et

310 2236 609 2300 stelliones,
658 2251 848 2293 verum
888 2237 1053 2293 etiam
1091 2238 1279 2308 quales
1326 2237 1564 2304 locustae,
1611 2239 1891 2304 scarabaei,

313 2342 517 2385 musae
546 2328 778 2397 denique
805 2335 864 2382 et
892 2327 1118 2398 pulices,
1151 2337 1331 2384 utrum
1372 2344 1477 2384 non
1509 2330 1773 2401 ampliori
1794 2345 1894 2384 nu-

310 2432 466 2475 mero
490 2418 544 2472 in
569 2433 696 2474 arca
720 2418 805 2473 illa
829 2417 1047 2485 fuerint,
1076 2434 1235 2489 quam
1263 2420 1356 2490 qui
1370 2430 1466 2479 .est
1494 2420 1751 2477 deﬁnitus
1769 2437 1893 2477 cum

312 2510 421 2569 hoc
449 2511 740 2581 imperaret
765 2511 924 2567 Deus.
953 2510 1110 2566 Prius
1128 2511 1449 2567 admonendi
1474 2519 1600 2567 sunt
1621 2513 1894 2581 quaehaec

311 2609 559 2662 moveut,
607 2601 686 2656 sic
733 2601 1104 2671 accipiendum
1149 2602 1293 2673 quod
1323 2601 1527 2658 dictum
1575 2612 1659 2657 est
1701 2617 1725 2656 ι
1761 2601 1895 2668 Quir

313 2701 519 2762 reptant
547 2690 700 2763 [Ms.,
731 2691 948 2764 repunt]
988 2709 1145 2764 super
1180 2702 1373 2747 terram
1402 2693 1554 2763 (Gen.
1583 2708 1656 2756 γι.
1684 2692 1806 2762 20);
1834 2700 1894 2747 ut

312 2794 538 2835 necesse
580 2796 686 2836 non
723 2779 884 2836 fuerit
919 2782 1225 2836 conservari
1263 2783 1317 2836 in
1345 2798 1490 2846 arca,
1521 2798 1641 2852 qua:
1671 2792 1895 2851 possunt

313 2869 371 2925 in
395 2870 551 2938 aquis
572 2871 775 2935 vivere,
803 2886 911 2926 non
935 2870 1097 2943 314
1114 2871 1283 2926 solum
1307 2887 1505 2937 mersa,
1534 2873 1675 2928 sicut
1692 2873 1890 2943 pisces,

311 2975 503 3015 verum
526 2960 688 3014 etiam
709 2963 1112 3030 supernatantia
1137 2964 1273 3017 sicut
1293 2961 1473 3018 multa:
1491 2963 1663 3018 alites.
1691 2963 1894 3019 Deinde

313 3067 438 3106 cum
465 3048 683 3116 dicitur,
713 3050 980 3107 Masculus
1006 3063 1055 3107 et
1077 3054 1272 3124 femina
1295 3054 1518 3128 [erunt],
1544 3055 1785 3126 profecto
1809 3057 1893 3112 iu-

314 3142 574 3213 telligitur
615 3143 682 3197 ad
725 3145 1082 3214 reparandum
1108 3144 1365 3219 [sexum].
1389 3147 1522 3215 Quis
1565 3164 1673 3205 non
1713 3150 1894 3205 videat

316 3245 579 3303 quantum
617 3232 707 3306 [ad
732 3250 904 3306 genus
941 3234 1135 3306 (Edit.,
1162 3247 1422 3308 quantum
1449 3257 1618 3312 genus
1645 3243 1751 3298 dici
1796 3259 1897 3313 per

314 3326 421 3380 hoc
462 3334 659 3396 potest.
704 3327 833 3401 Nec)
882 3329 1078 3383 dicitur
1121 3332 1393 3400 pertinere
1445 3332 1619 3405 (Apud
1662 3334 1723 3390 S.
1755 3336 1890 3407 Aug.

226 3416 239 3421 ”
313 3416 356 3470 ι.
381 3418 473 3471 cit.
496 3434 514 3471 :
538 3419 608 3473 ad
645 3421 999 3489 reparandum
1040 3437 1210 3493 genus
1251 3424 1378 3489 dici,
1406 3440 1471 3479 ac
1505 3441 1604 3496 per
1647 3425 1803 3499 hoc);
1831 3443 1897 3483 ac

314 3521 421 3577 per
446 3506 554 3562 hoc
596 3507 712 3580 nec]
752 3509 840 3564 illa
875 3525 1096 3567 necesse
1124 3511 1298 3571 iuerat
1336 3514 1414 3572 ibi
1434 3530 1575 3581 esse,
1607 3531 1726 3585 qua:
1766 3532 1895 3586 pos-

316 3605 449 3653 sunt
493 3597 612 3653 sine
650 3601 933 3656 concubitu
980 3602 1046 3659 de
1079 3603 1380 3674 quibusque
1412 3606 1577 3661 rebus
1603 3606 1688 3661 vel
1715 3622 1897 3663 rerum

320 3690 759 3758 corruptionibus
778 3693 961 3757 nasci;
990 3693 1075 3749 vel
1097 3693 1143 3749 si
1166 3692 1382 3749 fuerunt
1406 3696 1546 3752 sicut
1573 3697 1628 3751 in
1648 3697 1899 3754 domibus

321 3794 718 3839 consueverunt
763 3800 923 3853 esse,_
954 3787 1072 3844 sine
1107 3788 1218 3843 ullo
1247 3806 1470 3846 numero
1514 3791 1737 3847 deﬁnito
1780 3807 1901 3848 esse

320 3873 577 3940 potuisse.
606 3872 713 3928 Aut
749 3874 795 3929 si
822 3876 1136 3946 mysterium
1161 3880 1585 3935 sacratissimum
1609 3883 1751 3949 quod
1777 3896 1901 3951 age-

322 3962 500 4029 batur,
523 3972 578 4017 et
603 3972 767 4018 tanta:
803 3967 883 4033 rei
913 3966 1085 4037 ﬁgura
1126 3969 1287 4024 etiam
1317 3971 1545 4027 veritate
1573 3971 1702 4028 facti
1745 3973 1903 4030 aliter

321 4069 435 4113 non
467 4064 653 4126 posset
688 4057 917 4126 impleri,
949 4060 1055 4115 nisi
1090 4069 1149 4115 ut
1168 4063 1350 4118 omnia
1382 4064 1456 4118 ibi
1483 4073 1634 4120 certo
1676 4066 1770 4122 illo
1799 4084 1899 4121 nu-

322 4160 474 4201 mero
504 4155 709 4211 essent,
738 4163 858 4217 quae
880 4148 1061 4205 vivere
1089 4150 1144 4205 in
1169 4154 1345 4222 aquis,
1376 4153 1518 4209 illius
1546 4164 1741 4210 natura
1778 4171 1904 4224 pro-

321 4233 583 4300 hibente,
598 4252 702 4290 non
737 4246 976 4306 possent,
1004 4256 1111 4295 non
1140 4239 1241 4297 fuit
1264 4242 1366 4300 ista
1394 4258 1524 4298 cura
1551 4245 1694 4300 illius
1731 4246 1905 4301 homi-

321 4326 409 4385 nis
438 4328 527 4383 vel
553 4328 764 4384 illorum
800 4331 1099 4398 hominum,
1128 4336 1221 4391 sed
1262 4335 1464 4391 divina.
1490 4336 1608 4392 Non
1647 4339 1793 4393 enim
1837 4355 1904 4394 ea

1986 607 2128 674 quod
2154 607 2324 677 magis
2350 608 2605 664 credibile
2632 618 2736 663 est.

2022 762 2025 763 ν
2056 693 2223 749 Inter.
2253 696 2373 750 118.
2403 695 2480 751 De
2503 697 2698 766 quibus
2723 700 3083 756 animantibus
3110 702 3308 757 dictum
3333 710 3417 759 est
3444 700 3555 761 :In

1985 782 2171 851 quibus
2215 792 2326 837 erat
2372 785 2585 854 spiritus
2628 788 2745 841 vitae
2789 787 2942 859 (vers.
2992 790 3201 859 15)?—-
3228 791 3384 863 Resp.
3436 791 3553 848 Non

1988 872 2161 929 solum
2198 874 2266 927 de
2290 874 2617 941 hominibus,
2650 876 2743 932 sed
2772 879 2933 933 etiam
2964 879 3030 935 de
3048 881 3257 937 caeteris
3285 884 3550 951 omnibus,

1989 977 2109 1033 quae
2133 963 2279 1018 vitali
2303 978 2434 1017 aura
2461 974 2770 1020 vescuntur.

2060 1051 2224 1107 Inter.
2252 1053 2373 1109 119.
2400 1052 2456 1108 Si
2483 1053 2671 1127 [enim]
2698 1071 2836 1125 aqua
2865 1056 3194 1130 [Olympum]
3225 1060 3557 1116 transcendit

1990 1142 2295 1211 quindecim
2319 1144 2533 1210 cubitis,
2571 1144 2723 1215 cujus
2751 1145 2976 1201 altitudo
3007 1146 3152 1202 hunc
3171 1161 3351 1202 aerem
3375 1148 3561 1203 turbu-

1990 1232 2213 1297 lentum,
2244 1240 2305 1286 ut
2332 1233 2519 1296 fertur,
2547 1234 2900 1300 transcendit,
2938 1235 3028 1290 ubi
3057 1236 3253 1291 dicitur
3272 1251 3372 1292 nec
3391 1238 3562 1292 nubes

1989 1324 2180 1390 videri,
2210 1340 2310 1380 nec
2346 1334 2535 1381 ventos
2574 1326 2794 1381 sentiri?
2813 1309 2890 1368 ’-
2918 1327 3075 1399 Resp.
3110 1328 3168 1384 Si
3196 1328 3386 1403 [enim]
3415 1339 3559 1386 terra

1990 1415 2219 1484 spatium
2248 1413 2390 1470 illius
2418 1415 2690 1485 tranquilli
2709 1417 2931 1473 aetheris
2956 1419 3209 1476 invadere
3242 1422 3440 1491 potuit,
3463 1437 3563 1478 cur

1990 1521 2101 1561 non
2125 1514 2182 1560 et
2221 1522 2357 1577 aqua
2385 1508 2705 1564 crescendo?
2735 1508 2872 1565 Sunt
2903 1519 3082 1566 tamen
3107 1513 3324 1583 quidam
3345 1515 3435 1584 qui
3462 1530 3560 1584 pu-

1991 1601 2110 1649 tant
2143 1612 2243 1651 nec
2266 1606 2423 1653 terra;
2450 1598 2860 1668 inaequalitatem
2892 1600 3053 1655 talem
3080 1600 3263 1674 [esse],
3292 1619 3389 1659 nec
3410 1619 3562 1659 mon.

1995 1684 2129 1741 tium
2155 1686 2495 1743 altitudinem
2530 1696 2736 1744 tantam
2781 1697 2908 1746 ante
2943 1689 3197 1747 diluvium
3227 1690 3394 1748 fuisse
3425 1694 3564 1749 sicut

1925 1755 1975 1816 θ
1994 1777 2140 1832 nunc
2156 1785 2259 1832 est.

2063 1865 2227 1922 Inter.
2256 1867 2380 1922 120.
2408 1866 2545 1936 Quid
2571 1871 2636 1925 de
2664 1886 2794 1941 pace
2832 1878 2887 1927 et
2917 1873 3227 1937 concordia,
3255 1881 3309 1928 et
3336 1871 3477 1929 unde
3505 1888 3565 1928 se

1992 1957 2223 2013 invicem
2267 1974 2373 2013 nou
2406 1960 2740 2016 debellarent
2769 1961 2964 2016 diversi
2997 1962 3207 2032 generis
3243 1962 3560 2029 animantia,

1992 2048 2330 2103 sentiendum
2355 2049 2475 2105 est?
2494 2080 2566 2090 —
2588 2049 2743 2122 Resp.
2775 2049 2925 2107 Sicut
2953 2050 3143 2123 [enim]
3172 2052 3266 2106 Dei
3296 2059 3427 2106 nutu
3466 2052 3562 2107 ad-

1992 2137 2328 2194 ducebantur
2353 2140 2634 2204 iniarcam,
2660 2141 2732 2195 ita
2755 2149 2810 2197 et
2835 2141 2927 2196 Dei
2955 2150 3087 2196 nutu
3111 2140 3565 2197 conservabantur

1992 2228 2061 2287 in
2088 2244 2234 2293 area.
2283 2228 2407 2285 Sive
2436 2231 2579 2291 enim
2623 2232 3008 2293 mansiunculis
3044 2234 3337 2288 secundum
3368 2247 3564 2304 genera
3660 2219 3683 2235 ’

1992 2333 2090 2372 sua
2110 2318 2500 2386 dividerentur,
2522 2321 2634 2375 sive
2646 2320 2877 2389 iunctim
2898 2329 3198 2388 manerent,
3224 2322 3319 2379 Dei
3342 2322 3566 2396 [tamen]

1991 2409 2231 2480 potentia
2264 2411 2737 2480 gubernabantur..-

2064 2500 2228 2554 Inter.
2260 2502 2380 2554 121.
2421 2502 2559 2568 Quid
2602 2503 2668 2557 de
2701 2513 2827 2573 potu
2869 2505 3183 2561 animalium
3227 2507 3565 2563 sentiendum

1993 2599 2097 2656 est,
2128 2591 2194 2646 de
2218 2607 2323 2661 quo
2354 2593 2486 2649 nihil
2511 2594 2639 2648 dicit
2664 2592 2940 2662 Scriptura
2956 2594 2980 2646 ?
2994 2613 3073 2634 ·-
3093 2594 3250 2665 Resp.
3272 2596 3410 2650 Sunt
3432 2594 3566 2667 [qui-

1993 2683 2141 2755 dam]
2168 2684 2258 2753 qui
2285 2691 2477 2753 putant
2503 2684 2660 2738 unius
2686 2684 2789 2738 dici
2820 2699 3002 2738 escam
3040 2685 3094 2738 in
3122 2699 3248 2739 arca
3273 2685 3358 2741 vel
3380 2694 3565 2754 potum

1993 2774 2050 2829 in
2096 2775 2294 2829 multos
2330 2773 2595 2843 profuisse
2629 2774 2743 2828 dies
2790 2774 3172 2838 animantibus,
3203 2773 3288 2829 vel
3334 2772 3562 2831 forsitan

1993 2864 2049 2918 in
2089 2871 2259 2918 totum
2287 2879 2507 2919 annum.
2540 2864 2645 2918 Sed
2672 2864 3006 2919 dimittamus
3038 2863 3269 2920 incertas
3292 2861 3563 2932 conjectu-

1993 2968 2083 3007 ras
2110 2960 2164 3007 et
2189 2954 2544 3009 concedamus
2573 2954 2765 3009 divina:
2806 2955 3057 3024 potentiae
3096 2954 3273 3010 facere
3313 2955 3377 3011 de
3411 2969 3567 3029 crea-

1998 3044 2135 3101 turis
2160 3045 2273 3101 suis
2296 3043 2438 3115 quod
2469 3044 2653 3102 voluit.

2069 3156 2234 3211 Inter.
2280 3155 2400 3210 122.
2448 3155 2719 3223 Quaeritur
2757 3157 2847 3211 ubi
2893 3172 3087 3211 corvus
3132 3155 3474 3226 requieverit,
3522 3156 3570 3210 si

1997 3245 2244 3300 columba
2277 3260 2383 3299 non
2425 3244 2626 3300 invenit
2650 3245 2738 3300 ubi
2764 3245 3162 3316 requiesceret?
3184 3274 3258 3285 ——-
3281 3243 3437 3316 Resp.
3467 3242 3573 3299 Po-

1999 3337 2101 3390 tuit
2141 3352 2337 3391 corvus
2372 3337 2620 3391 cadaveri
2661 3336 2943 3406 cujuslibet
2986 3336 3275 3392 animantis
3315 3334 3566 3400 insidere,

1999 3424 2141 3493 quod
2169 3423 2416 3480 columba
2445 3426 2757 3480 naturaliter
2783 3426 2997 3498 refugit.

2071 3512 2238 3568 Inter.
2259 3514 2379 3569 125.
2397 3513 2574 3581 Quare
2594 3517 2763 3587 magis
2789 3525 3003 3572 terrena
3023 3517 3271 3572 animalia
3295 3517 3571 3587 perierunt

2000 3618 2120 3659 cum
2151 3604 2367 3660 homine
2405 3620 2567 3673 quam
2596 3606 2848 3675 aquatilia
2863 3605 3108 3675 ?-—Resp.
3148 3606 3374 3674 Propt’er
3401 3606 3563 3666 male-

2000 3693 2286 3749 dictionem
2324 3702 2502 3758 terrae,
2519 3694 2585 3748 de
2611 3710 2714 3763 qua
2744 3695 3097 3753 vescebantur.
3120 3696 3567 3756 auimaliaterrie.

2070 3782 2234 3838 Inter.
2263 3783 2382 3837 124.
2412 3782 2552 3849 Quid
2583 3785 2650 3838 dc
2678 3784 2999 3842 animalibus
3032 3786 3410 3844 sentiridebet
3434 3804 3571 3858 quo-

2002 3889 2120 3927 rum
2149 3880 2341 3928 natura
2364 3888 2463 3928 nec
2493 3888 2704 3943 semper
2729 3875 2782 3928 in
2806 3874 2987 3937 aridis,
3020 3891 3120 3934 nec
3151 3892 3363 3945 semper
3391 3879 3451 3935 in
3471 3879 3574 3938 hu-

2001 3963 2163 4017 midis
2189 3963 2371 4018 vivere
2394 3963 2758 4034 potest,,sicut
2795 3972 2922 4017 sunt
2952 3963 3082 4017 lutri
3105 3962 3203 4034 [et]
3232 3965 3385 4018 vituli
3412 3967 3576 4023 mari-

2002 4054 2079 4116 ni,
2109 4060 2163 4105 et
2187 4052 2354 4106 multa
2381 4052 2559 4106 avium
2585 4067 2802 4123 genera,
2832 4068 2952 4121 qua:
2977 4052 3034 4107 in
3071 4053 3227 4122 aquis
3252 4052 3454 4107 victum
3485 4069 3575 4110 re.

2004 4144 2246 4215 quirunt,
2270 4146 2363 4201 sed
2393 4146 2445 4199 in
2472 4146 2647 4203 aridis,
2670 4146 2943 4201 dormiunt
2971 4143 3262 4217 [nutriunt]
3286 4153 3341 4201 et
3364 4147 3575 4214 requie-

2004 4236 2194 4291 scunt?
2210 4267 2282 4282 -τ
2306 4235 2458 4308 Resp.
2490 4236 2671 4295 Potuit
2694 4236 2883 4310 [enim]
2910 4240 3084 4299 virtus
3109 4238 3289 4292 divina
3314 4241 3577 4294 utramvis

2004 4340 2191 4385 eorum
2231 4338 2507 4395 naturam,
2549 4329 2721 4384 donec
2762 4329 3018 4386 diluvium
3066 4330 3340 4396 transiret,
3372 4338 3576 4399 tempe-

324 4418 439 4477 Noe
465 4421 685 4491 capiens
714 4422 1120 4491 intromittebat,
1149 4426 1242 4483 sed
1271 4429 1536 4485 venientia
1561 4442 1618 4487 et
1647 4431 1896 4489 intrantia

2005 4435 2148 4487 rare,
2175 4428 2236 4475 ut
2270 4430 2365 4475 aut
2392 4422 2445 4475 in
2473 4421 2695 4476 humido
2728 4428 2952 4485 tantum,
2985 4429 3077 4474 aut
3105 4421 3158 4474 in
3185 4422 3336 4477 arido
3364 4429 3573 4476 tantum

319 4511 689 4577 permittebat.
714 4513 794 4567 Ad
828 4513 932 4570 hoc
955 4515 1264 4572 cnimvalet
1291 4521 1433 4588 quod
1465 4520 1668 4577 dictum
1693 4532 1798 4586 εει,
1823 4526 1906 4580 in.
1936 4511 1970 4515 '
2006 4513 2187 4570 vivere
2210 4522 2429 4583 possent
2455 4531 2468 4567 :
2494 4514 2598 4568 nisi
2621 4512 2760 4569 forte
2789 4521 2943 4568 extra
2967 4528 3149 4572 aream
3184 4514 3238 4568 in
3263 4514 3447 4585 aliqua
3462 4512 3579 4583 ejus

325 4602 539 4657 trabunt
585 4605 655 4657 ad
676 4614 741 4668 te,
784 4607 991 4663 scilicet
1025 4625 1132 4665 non
1166 4611 1220 4665 in
1249 4611 1483 4669 hominis
1509 4622 1650 4672 actu.
1693 4617 1786 4673 sed
1810 4618 1906 4673 Dei

327 4687 715 4764 [Hs.,.divino]
730 4702 893 4751 ,nutu.
927 4715 947 4749 ι

401 4778 568 4834 Inter.
602 4782 720 4836 116.
755 4784 1032 4851 Quomodo
1063 4788 1254 4863 [enim]
1286 4800 1633 4864 posteaquam
1664 4796 1905 4852 clausum

325 4877 417 4924 est
449 4870 647 4927 ostium
671 4881 727 4929 et
763 4876 940 4933 nullus
968 4879 1245 4934 hominum
1279 4890 1431 4936 extra
1458 4899 1639 4940 arcam
1668 4884 1790 4952 fuit,
1825 4888 1908 4943 in-

324 4962 473 5017 cludi
519 4971 577 5020 et
618 4965 930 5023 bituminari
977 4972 1314 5029 extrinsecus
1358 4975 1554 5030 ostium
1609 4978 1906 5048 potuit?—

2004 4614 2158 4675 parte
2201 4606 2320 4661 loca
2357 4605 2463 4661 illis
2493 4613 2794 4676 praeparata
2832 4613 3036 4671 essent,
3062 4606 3298 4663 _unde.et
3338 4606 3393 4661 in
3422 4606 3578 4676 aquis

2004 4694 2184 4750 vivere
2215 4701 2271 4750 et
2296 4694 2353 4749 in
2376 4694 2544 4750 aridis
2577 4694 2916 4764 requiescere
2938 4695 3254 4765 potuissent.
3340 4700 3350 4708 '

2071 4805 2233 4877 315
2258 4804 2423 4860 Inter.
2454 4804 2575 4860 125.
2624 4806 2700 4861 De
2740 4822 2847 4876 quo
2876 4807 3073 4877 spiritu
3122 4807 3297 4862 dixit:
3340 4809 3576 4865 Adduxit

2004 4896 2144 4952 Deus
2170 4895 2424 4967 Spiritum
2449 4905 2497 4950 et
2532 4898 2818 4951 imminuta-
2840 4907 2960 4951 sunt
2986 4913 3135 4968 aqum
3156 4895 3309 4968 (Gen.
3334 4913 3454 4962 vni,
3480 4898 3532 4970 1)
3554 4899 3579 4953 ?

2003 5016 2073 5031 -ο-
2098 4985 2252 5057 Resp.
2296 4985 2441 5040 Bene
2468 4984 2657 5058 [enim]
2682 4986 2750 5040 de
2778 4986 2870 5041 illo
2895 4985 3345 5057 spirituiiutelligi
3374 4994 3573 5056 potest,

326 5053 488 5151 Bap.
534 5055 648 5111 Hoc
689 5060 803 5115 sine
842 5061 1006 5118 dubio
1034 5064 1199 5119 divini
1244 5064 1398 5138 [M8.,
1450 5067 1644 5124 divinae
1689 5071 1911 5127 virtutis
2003 5077 2072 5132 de
2102 5053 2211 5146 quu
2236 5078 2436 5133 dictum
2463 5053 2585 5132 est:
2617 5053 2846 5149 Spiritus
2868 5053 3078 5132 Domini
3106 5076 3257 5151 [Mi.,
3286 5053 3403 5151 Dei]
3444 5080 3580 5151 fere-

323 5145 489 5220 opus]
519 5151 699 5218 operis
724 5151 842 5217 fuit,
865 5169 934 5208 ne
961 5155 1369 5225 ingrederentur
1391 5175 1543 5229 aquie
1563 5176 1660 5230 per
1679 5163 1900 5228 aditum,

324 5240 473 5309 quod
501 5239 912 5317 [Forte,.quem]
934 5247 1166 5303 humana
1195 5266 1300 5306 non
1326 5251 1594 5307 munierat
1621 5267 1832 5308 manus.

401 5330 572 5389 Inter.
601 5334 723 5389 H7.
749 5336 1029 5404 Quomodo
1057 5339 1265 5398 Leones
1309 5343 1365 5398 in
1395 5359 1522 5401 arca
1565 5344 1651 5400 vel
1690 5345 1903 5415 aquilae,

323 5422 421 5493 qui
449 5436 783 5484 consuerunt
808 5430 1062 5487 carnibus
1088 5431 1296 5498 vivere,
1320 5434 1466 5504 pasci
1492 5436 1818 5504 potuerunt?
1837 5466 1907 5477 —

323 5508 488 5584 Resp.
526 5511 690 5569 Forte
716 5525 770 5571 et
793 5517 902 5580 alia
936 5518 1188 5575 animalia
1223 5519 1441 5593 [praeter
1467 5539 1748 5581 numerum
1773 5525 1905 5582 deii-

322 5602 529 5676 nitum]
579 5616 799 5679 propter
841 5609 1071 5666 aliorum
1112 5626 1312 5674 escam,
1364 5612 1438 5668 in.
1465 5629 1648 5672 arcam
1691 5619 1917 5673 tuemur.

321 5694 529 5760 missa;
574 5696 656 5750 vol
684 5697 860 5769 aliqua
907 5700 1109 5757 cibaria
1137 5708 1333 5771 printer
1375 5718 1641 5759 carnosa.
1676 5705 1905 5762 viroisa-

2005 5167 2157 5221 batur
2177 5183 2332 5237 super
2356 5183 2519 5235 aquas
2557 5165 2719 5237 (Gen.
2738 5183 2778 5234 ι,
2804 5167 2880 5241 2).
2921 5168 3073 5224 Tunc
3095 5168 3238 5223 enim
3283 5169 3575 5236 ferebatur,

2004 5264 2063 5311 ut
2086 5256 2419 5326 congregatis
2443 5256 2675 5325 aquisin
2703 5272 2860 5332 suum
2882 5257 3058 5314 locum
3089 5265 3234 5312 terra
3259 5267 3572 5328 appareret:

2004 5360 2148 5400 nunc
2198 5353 2373 5400 autem
2427 5345 2697 5401 adductus
2740 5345 2957 5409 dicitur,
3006 5353 3065 5401 ut
3116 5347 3365 5402 ablatisc
3395 5348 3574 5405 medio

2004 5436 2157 5506 aquis
2189 5434 2370 5491 diluvii
2401 5434 2593 5492 faciem
2636 5444 2795 5491 terrae
2829 5436 3110 5492 revelaret.
3163 5438 3347 5494 Potest
3369 5448 3426 5495 et
3462 5441 3574 5511 spi-

2005 5526 2141 5582 ritus
2166 5526 2380 5582 nomine
2419 5533 2612 5582 ventus
2640 5526 2867 5598 intelligi
2887 5524 3044 5595 juxta
3071 5528 3202 5586 illud
3232 5530 3570 5587 Psalmistai:

2006 5613 2119 5691 [Et]
2163 5616 2299 5671 stetit
2339 5615 2553 5686 spiritus
2598 5615 2837 5686 procella
2881 5616 3053 5688 (Psal.
3104 5635 3210 5685 ενι,
3266 5620 3378 5692 '25),
3425 5622 3578 5689 cujus

2007 5706 2212 5764 crebris
2238 5706 2452 5763 ﬂatibus
2476 5719 2615 5775 aqua
2645 5713 2927 5777 cogeretur
2955 5707 3223 5766 recedere.
