4012 6188
294 361 402 419 533

907 350 1317 406 EXECIS'I'ICA.
1356 383 1425 394 ——
1460 351 1832 408 INTERROG.
1873 354 1958 408 ET
1997 354 2330 412 RESPONS.
2373 357 2439 412 IN
2476 356 2743 420 GENES..
2785 355 2937 414 ETC.

3460 359 3566 416 554

293 475 402 529 hia.
437 468 725 544 [Quoniam
767 465 1066 520 dominatio
1112 463 1426 534 imperantis
1475 462 1528 516 in
1577 461 1754 532 lingua
1782 470 1886 527 est,
1918 479 1964 535 Α
1992 467 2146 521 cendi
2173 469 2357 523 modos
2383 477 2439 523 ct
2461 468 2664 524 formas
2703 471 2754 524 iu
2780 470 3007 526 diversis
3049 471 3382 540 loquelarum
3408 471 3565 548 μὴ..

292 565 366 620 ibi
418 572 503 618 est
529 560 805 618 dominata
833 557 1109 630 superbia]
1145 567 1203 612 ut
1231 572 1338 612 non
1374 556 1765 626 intelligeretur
1799 555 1891 624 ju-

289 657 424 712 bens
450 653 678 717 homini,
705 651 798 722 qui
845 650 1020 706 noluit
1065 649 1362 719 intelligere
1399 657 1460 704 ut
1503 649 1745 704 obediret
1776 649 1888 703 Deo

281 746 514 816 jubenti.
562 743 656 799 Sic
681 743 771 798 illa
814 740 1117 810 coniuratio
1143 741 1400 796 dissoluta
1446 749 1550 805 est,
1581 756 1703 796 cum
1733 743 1885 810 quis-

286 852 393 905 que
419 835 487 890 ab
515 850 580 890 eo
619 848 783 904 quem
823 848 930 888 non
978 831 1331 902 intelligebat,
1382 832 1738 896 abscederet;
1787 848 1887 887 uec

180 984 188 989 _
285 944 367 993 se,
393 928 498 982 nisi
542 928 594 983 ei
620 940 878 994 cumquo
921 924 1068 994 loqui
1115 932 1347 994 poterat,
1397 933 1731 994 aggregaret.
1778 923 1884 978 Ita-

207 1052 218 1056 -
282 1034 389 1087 que
417 1033 514 1088 per
556 1017 765 1086 linguas
790 1016 979 1071 divisa:
1015 1023 1141 1070 sunt
1182 1024 1370 1086 gentes
1398 1016 1761 1085 dispersasque
1790 1032 1886 1086 per

281 1120 479 1164 terras.

354 1198 520 1254 Inter.
561 1197 682 1253 “6.
730 1197 830 1254 Cui
874 1198 1006 1252 dicit
1035 1196 1189 1269 [Hs.,
1225 1197 1387 1268 dixit]
1429 1197 1610 1254 Deus:
1658 1198 1883 1252 Descen-

279 1293 471 1344 damus
501 1300 550 1344 et
590 1288 983 1358 confundentes
1027 1286 1235 1358 linguas
1274 1303 1454 1340 eorum
1497 1285 1654 1358 (Gen.
1685 1303 1762 1352 ιι,
1793 1287 1884 1356 7)?

279 1417 354 1428 -—-
379 1385 535 1456 Resp.
573 1384 913 1439 Descendere
960 1382 1056 1436 Dei
1098 1389 1182 1436 est
1226 1382 1490 1436 humanos
1533 1388 1688 1435 actus
1716 1380 1883 1449 inspi-

277 1492 428 1542 cere,
457 1476 542 1529 vel
587 1489 776 1531 eorum
825 1473 1074 1528 sensibus
1117 1470 1501 1540 propinquare.
1552 1467 1705 1535 Quod
1753 1483 1882 1522 vero

277 1565 474 1636 plurali
503 1579 731 1620 numero
757 1562 933 1617 dixit:
980 1559 1472 1624 descendamus,-et
1514 1559 1708 1613 iterum
1745 1557 1882 1630 [sin-

277 1653 474 1728 gulari]
497 1651 746 1723 Confudit
776 1649 916 1704 Deus
957 1649 1155 1703 fabium
1194 1649 1446 1702 universa:
1473 1657 1644 1711 terra,
1683 1647 1878 1702 distin-

278 1749 459 1803 ctione
503 1756 860 1816 personarum
913 1749 1157 1796 sanctam
1200 1739 1542 1804 Trinitatem,
1592 1747 1649 1792 et
1689 1751 1877 1808 opera-

1986 555 2310 631 linguarum]
2342 560 2624 628 generibus
2663 559 2859 616 divisit.
2907 561 3055 617 Unde
3082 561 3301 618 easdem
3334 562 3568 634 syllabas

1985 655 2039 701 et
2058 647 2295 716 ejusdem
2318 651 2838 718 potestatislitteras,
2865 650 3031 726 [licet]
3049 654 3207 710 aliter
3227 654 3568 725 coniunctas,

1987 738 2039 790 in
2070 739 2295 794 diversis
2323 742 2562 812 gentium
2611 742 2809 812 linguis
2837 745 3202 810 inveniemus;
3235 763 3378 820 saepe
3402 751 3560 807 etiam

1988 826 2084 899 [et]
2115 830 2303 883 eadem
2336 833 2554 885 nomina
2587 833 2670 886 vel
2699 833 2863 887 verba
2887 834 3027 890 aliud
3061 837 3189 906 quid
3209 839 3569 909 signiﬁcantia

1987 919 2037 971 in
2064 919 2167 972 alia
2198 919 2399 989 lingua,
2446 931 2607 990 atque
2651 923 2793 977 aliud
2834 925 2888 979 in
2938 927 3062 979 alia.
3119 927 3218 983 Ubi
3247 929 3474 987 dicimus
3513 933 3567 988 in

1985 1010 2198 1064 Psalmo
2224 1030 2234 1063 :
2265 1010 2330 1063 In
2357 1014 2498 1080 virga
2521 1014 2690 1082 ferrea
2713 1014 2884 1086 (Psal.
2912 1033 2970 1081 II,
3014 1018 3090 1089 9),
3115 1021 3168 1074 in
3189 1020 3378 1076 Graeco
3403 1022 3570 1078 habe~

1987 1109 2092 1164 tur,
2109 1103 2156 1156 ἐν
2178 1101 2352 1173 ῥάϐδῳ
2366 1101 2571 1175 σιδηρᾷ.
2597 1105 2762 1174 Igitur
2788 1105 2840 1159 in
2866 1105 3057 1162 Latino
3071 1109 3246 1163 sidera
3267 1124 3373 1164 non
3396 1111 3567 1180 ferrea

1985 1191 2250 1261 signiﬁcat
2273 1193 2412 1245 sicut
2442 1193 2494 1246 in
2517 1192 2726 1257 Graeco,
2753 1195 2845 1250 sed
2869 1206 3037 1252 astra.

2055 1281 2223 1335 Inter.
2269 1283 2389 1337 152.
2433 1284 2572 1351 Quid
2601 1295 2685 1341 est
2714 1288 2858 1355 quod
2891 1287 3084 1360 legitur
3115 1290 3180 1344 de
3223 1289 3370 1344 Aran
3403 1299 3570 1348 tratre

1982 1370 2293 1426 Abraham:
2331 1373 2568 1429 Mortuus
2595 1385 2667 1430 est
2699 1378 2843 1430 Aran
2867 1390 2986 1432 ante
3009 1377 3175 1433 Thare
3197 1389 3396 1452 patrem
3417 1399 3570 1436 suum

1982 1460 2037 1514 in
2059 1459 2137 1514 Ur
2166 1461 2534 1518 Chalda'orum
2562 1465 2713 1536 (Gen.
2749 1483 2801 1522 ιι
2821 1509 2834 1531 ,
2858 1467 2984 1539 28)?
3004 1500 3074 1510 —-
3101 1469 3252 1542 Resp.
3284 1472 3356 1528 Ur
3389 1471 3560 1545 [vero]

1982 1551 2122 1621 ignis
2160 1553 2386 1619 dicitur,
2425 1565 2480 1609 et
2530 1557 2765 1612 Chaldaei
2820 1560 2996 1630 ignem
3051 1561 3233 1617 colunt
3277 1579 3378 1634 pro
3426 1564 3565 1629 Deo;

1983 1645 2161 1701 Thare
2184 1663 2343 1713 vero,
2391 1659 2450 1702 ut
2478 1649 2683 1705 Hebraei
2733 1653 2991 1719 tradunt,
3029 1671 3150 1710 cum
3185 1655 3307 1712 ﬁliis
3354 1659 3467 1714 suis
3514 1661 3569 1714 in

1982 1739 2158 1807 ignem
2191 1739 2388 1794 missus
2415 1750 2498 1794 est
2527 1757 2557 1794 a
2603 1741 2903 1808 Chaldaeis,
2942 1746 3070 1814 quia
3121 1746 3300 1818 ignem
3341 1747 3569 1804 adorare

278 1837 443 1895 tionis
465 1837 732 1890 unitatem
758 1833 812 1888 in
843 1831 1126 1902 majestate
1150 1831 1328 1887 divina
1375 1829 1544 1886 voluit
1570 1830 1876 1885 ostendere.
1912 1837 1955 1896 Β
1984 1825 2231 1892 nolebat,
2272 1829 2326 1882 in
2370 1845 2476 1897 quo
2503 1831 2626 1901 igne
2652 1831 2799 1886 Aran
2842 1844 3194 1906 consumptus
3222 1846 3324 1893 est.
3360 1839 3429 1894 Et
3467 1841 3574 1896 hoc

278 1928 434 1983 Sicut
455 1927 514 1982 in
544 1925 768 1980 exordio
793 1924 1042 1979 humana:
1069 1922 1364 1978 creationis
1387 1921 1590 1977 dictum
1621 1929 1705 1975 est
1732 1939 1745 1974 :
1778 1919 1883 1975 Fa-

277 2025 479 2078 ciamus
523 2019 786 2072 hominem
821 2016 889 2070 ad
931 2016 1214 2086 imaginem
1259 2024 1308 2068 et
1339 2011 1736 2068 similitudinem
1783 2029 1880 2066 no-

277 2124 462 2167 stram.
493 2111 561 2166 Et
587 2111 818 2165 iterum:
860 2107 1007 2163 Fecit
1046 2106 1188 2161 Deus
1217 2106 1479 2160 hominem
1521 2103 1589 2158 ad
1629 2102 1878 2158 similitu-

277 2205 454 2259 dinem
477 2220 630 2259 suam
662 2200 819 2275 (Gen.
851 2218 892 2267 ι,
919 2199 1012 2266 26,
1035 2198 1147 2269 27).
1185 2199 1253 2255 Ut
1273 2197 1511 2252 Trinitas
1534 2197 1587 2251 in
1607 2196 1877 2266 personis,

278 2303 331 2351 et
360 2295 542 2349 unitas
571 2293 626 2348 in
660 2291 903 2363 potentia
929 2306 1050 2345 esse
1075 2289 1352 2344 credatur.

352 2383 520 2437 Inter.
557 2381 797 2460 1474ιι
829 2379 1088 2436 credibile
1114 2387 1198 2434 est
1244 2386 1406 2434 tantae
1431 2376 1676 2433 stultitia:
1715 2375 1882 2431 fuisse

279 2473 547 2538 homines,
583 2480 642 2526 ut
675 2471 729 2526 in
757 2470 953 2526 chUm
980 2467 1317 2523 altitudinem
1353 2466 1565 2522 mdilicii
1594 2465 1882 2534 cujuslibet

277 2564 490 2633 erigere
536 2576 596 2618 se
641 2575 800 2632 posse
847 2566 1100 2630 putarent
1153 2555 1306 2630 (Gen.
1360 2572 1441 2622 ιιι,
1481 2555 1677 2626 4)ῗ--
1718 2553 1877 2624 Resp.

209 2717 218 2728 ,
278 2655 428 2712 Solet
459 2651 653 2728 [enim]
686 2651 992 2722 superbiam
1013 2649 1241 2704 stultitia
1266 2649 1418 2718 sequi
1440 2657 1494 2703 et
1520 2646 1880 2702 humilitatem

275 2746 563 2817 sapientia.
611 2744 737 2800 Ideo
768 2743 932 2798 turris
975 2741 1065 2797 hic
1104 2740 1373 2810 superbia:
1404 2739 1524 2794 loco
1557 2738 1732 2810 posita
1773 2742 1878 2791 est.

277 2837 430 2895 Fecit
451 2853 582 2908 ergo
622 2834 876 2906 superbia
926 2831 1270 2888 diversitates
1320 2829 1626 2901 linguarum
1675 2825 1878 2900 [humi-

276 2933 404 2992 litas
443 2928 650 2985 Christi
700 2924 1050 2997 congregavit
1093 2923 1436 2978 diversitates
1469 2917 1798 2990 linguarum]
1825 2929 1881 2974 et

274 3035 415 3093 quos
438 3019 606 3075 turris
630 3017 1039 3078 dissociaverat,
1075 3012 1318 3068 Ecclesia
1347 3010 1582 3081 collegit.

347 3112 520 3169 Inter.
562 3111 686 3168 MS.
728 3111 862 3179 Quis
889 3110 1066 3180 primo
1089 3109 1332 3163 omnium
1362 3105 1670 3164 hominibus
1710 3102 1882 3160 domi-

1982 1927 2069 1972 est
2093 1919 2235 1986 quod
2257 1935 2398 1974 nunc
2423 1919 2620 1975 dicitur
2645 1940 2656 1975 :
2692 1921 2935 1979 Mortuus
2985 1936 3057 1979 est
3099 1937 3220 1982 ante
3243 1939 3570 2000 conspectum

1985 2011 2154 2065 'l'ltare
2175 2013 2340 2083 patris
2367 2015 2468 2077 sui,
2496 2014 2636 2069 sicut
2659 2015 3082 2088 Hieronymusin
3096 2019 3262 2074 Libro
3279 2020 3572 2079 Hebraica-

1983 2118 2100 2156 rum
2128 2102 2494 2169 Quaestionum
2517 2104 2686 2159 refert
2709 2104 2878 2176 (Patr.
2904 2116 3034 2161 tom.
3067 2108 3249 2176 XXIII,
3282 2110 3386 2166 col.
3417 2111 3566 2184 957),

1982 2195 2058 2249 ita
2088 2195 2273 2250 dicens
2306 2214 2316 2249 :
2360 2214 2379 2246 ι
2413 2195 2551 2250 Vera
2573 2205 2657 2251 est
2677 2195 2884 2269 [igitur]
2917 2198 3264 2254 Hebraeorum
3291 2202 3380 2256 illa
3405 2205 3573 2258 tradi-

1983 2283 2058 2336 tio
2090 2323 2104 2346 ,
2145 2283 2286 2352 quod
2307 2297 2560 2354 egressus
2591 2294 2676 2339 est
2698 2286 2876 2342 Thare
2898 2302 3020 2341 cum
3067 2288 3190 2344 [illis
3219 2291 3331 2346 suis
3356 2290 3420 2346 de
3452 2293 3573 2364 igne

1983 2372 2379 2439 Chaldaeorum,
2428 2381 2484 2429 et
2509 2375 2654 2445 quod
2693 2375 2968 2432 Abraham
2997 2378 3290 2451 Babylonio
3339 2381 3571 2438 vallatus

1982 2465 2250 2528 incendio,
2283 2466 2409 2534 quia
2451 2465 2579 2521 illud
2608 2465 2837 2524 adorare
2875 2469 3114 2535 nolebat,
3151 2471 3242 2527 Dei
3274 2475 3345 2529 sit
3372 2474 3574 2532 auxilio

1981 2553 2262 2608 liberatus.
2298 2554 2364 2608 Et
2391 2571 2456 2608 ex
2498 2555 2588 2609 illo
2622 2564 2867 2627 tempore
2903 2561 2952 2613 ei
2981 2559 3100 2615 dies
3127 2561 3250 2616 vita:
3277 2571 3333 2617 et
3361 2571 3573 2634 tempus

1984 2652 2267 2715 reputatur
2288 2646 2484 2710 aetatis,
2506 2660 2574 2700 ex
2591 2663 2698 2717 quo
2719 2647 2998 2703 confessus
3013 2659 3097 2704 est
3120 2651 3288 2705 Deum
3311 2667 3572 2722 spernens

1983 2735 2126 2791 idola
2165 2736 2560 2794 Chaldaeorum.
2597 2759 2614 2791 ι
2669 2739 2738 2794 Et
2788 2742 2863 2795 ita
2910 2741 3134 2796 solvitur
3182 2743 3569 2802 obscurissima

1983 2828 2208 2897 quaestio
2230 2829 2296 2883 de
2307 2828 2603 2884 Abraham.
2619 2829 2842 2902 Legitur
2860 2833 3004 2888 enim
3021 2833 3200 2889 Thare
3210 2850 3332 2890 cum
3354 2845 3569 2908 septua-

1981 2922 2130 2992 ginta
2155 2921 2282 2993 [Ms.
2317 2921 2476 2994 Lxxv]
2505 2931 2652 2978 esset
2678 2937 2966 2987 annorum,
2997 2925 3246 2994 genuisse
3270 2925 3569 2995 Abraham,

1982 3024 2040 3068 et
2064 3013 2282 3079 vixisse,
2331 3021 2615 3083 postquam
2644 3015 2828 3085 genuit
2853 3013 3128 3069 Abraham
3153 3055 3171 3081 ,
3207 3026 3422 3072 centum
3470 3021 3569 3074 tri-

1983 3105 2132 3176 ginta
2171 3105 2410 3175 quinque
2436 3120 2642 3172 annos,
2688 3115 2743 3160 et
2771 3104 2937 3162 fuisse
2964 3123 3154 3164 omnes
3201 3107 3362 3183 [dies]
3393 3110 3570 3168 Tbare

276 3207 397 3263 nari
425 3215 481 3260 et
512 3218 738 3274 regnum
781 3202 1008 3258 dilatare
1047 3199 1294 3255 studuit?
1316 3227 1390 3238 —
1411 3195 1570 3269 Resp.
1620 3194 1879 3250 Nemroth
1907 3195 1952 3257 (ζ
1984 3194 2203 3250 ducenti
2226 3196 2464 3265 quinque
2487 3197 2635 3251 anni.
2668 3197 2798 3252 Item
2830 3196 3064 3268 legimus
3091 3201 3143 3254 in
3165 3199 3363 3256 Genesi
3395 3220 3407 3254 :
3437 3199 3572 3261 Erat

275 3299 452 3368 gigas,
488 3303 546 3350 ut
578 3295 636 3349 in
681 3308 837 3349 sacra
884 3292 1082 3362 legitur
1115 3288 1365 3355 historia,
1411 3288 1506 3359 qui
1536 3285 1880 3343 exstruendre

276 3386 447 3443 turris
474 3393 531 3438 et
564 3381 856 3438 condendae
879 3379 1192 3451 Babyloniae
1229 3387 1419 3434 auctor
1443 3378 1752 3435 exstiterat.

345 3474 512 3546 317
530 3471 694 3527 Inter.
723 3471 843 3526 149.
870 3469 955 3524 An
977 3485 1144 3524 unum
1170 3482 1308 3539 opus
1323 3475 1410 3522 est
1433 3466 1597 3522 turris
1614 3473 1672 3520 et
1684 3464 1880 3522 civitas

276 3565 438 3641 [Ms.,
466 3561 838 3635 civitatis],vel
862 3560 1251 3631 duo?—-Resp.
1278 3556 1503 3632 [Veluti]
1518 3558 1820 3612 resumatur
1848 3572 1879 3610 a

273 3655 523 3728 pluribus
551 3652 756 3726 [arcem
778 3651 887 3725 (Ita
912 3652 1202 3706 restituitur
1223 3649 1375 3703 lectio
1390 3663 1454 3702 ea;
1480 3647 1638 3717 mss.)
1654 3661 1776 3702 esse
1803 3646 1880 3700 ci-

275 3749 462 3803 vitatis
507 3745 821 3818 Babyloniae
847 3752 1054 3798 turrem
1085 3740 1276 3814 illam].
1309 3741 1376 3794 Et
1416 3739 1536 3794 ideo
1565 3738 1759 3793 civitas
1786 3735 1877 3790 illa

277 3836 520 3909 Babylon
550 3835 770 3900 dicitur,
802 3833 854 3888 id
881 3840 986 3897 est,
1017 3830 1284 3895 confusio,
1309 3830 1438 3899 quia
1483 3825 1766 3883 confusum
1795 3834 1879 3879 est

279 3929 400 4002 [ibi]
425 3928 626 3982 labium
651 3926 918 3980 universa:
948 3931 1130 3987 terrae,
1171 3930 1228 3976 et
1250 3922 1302 3976 in
1326 3921 1538 3989 linguas
1582 3918 1768 3972 varias
1799 3915 1878 3970 lo-

279 4019 438 4091 quela
499 4017 783 4072 hominum
841 4014 1034 4069 divisa.
1070 4010 1238 4080 llujus
1288 4008 1480 4081 [enim]
1527 4007 1790 4070 civitatis,
1823 4005 1876 4060 id

278 4120 385 4174 est,
426 4107 721 4179 Babylonis
749 4103 1120 4160 admirabilem
1149 4100 1605 4156 constructionem
1635 4097 1875 4169 gentium

277 4196 916 4260 commendathistoria;
948 4192 1100 4262 cujus
1134 4192 1302 4246 nimia
1329 4189 1713 4259 disponebatur
1755 4187 1878 4241 alti-

279 4289 430 4357 tudo,
461 4291 582 4345 sive
621 4288 779 4343 unius
817 4287 984 4342 turris
1014 4283 1176 4359 [ejus]
1209 4298 1372 4352 quam
1399 4281 1728 4352 prmcipuam
1758 4294 1876 4334 mo-

277 4383 556 4438 liebantur
577 4380 719 4434 inter
766 4378 900 4434 alias
922 4378 1134 4448 erigere
1161 4377 1216 4431 in
1243 4375 1464 4439 cmlum,
1493 4374 1606 4428 sive
1632 4372 1875 4428 omnium

279 4473 536 4535 tur-rium,
561 4486 680 4540 qua:
714 4484 811 4539 per
837 4483 1122 4523 numerum
1145 4465 1476 4537 singularem
1498 4469 1572 4519 ita
1599 4462 1872 4534 significa-

281 4572 350 4614 te
371 4568 520 4624 sunt,
556 4567 614 4612 ut
634 4557 832 4613 dicitur
855 4556 1030 4621 miles,
1061 4563 1116 4609 et
1142 4554 1516 4624 intelliguntur
1546 4552 1713 4607 millia
1736 4551 1878 4606 mili~
1907 4549 1952 4608 Β

281 4663 394 4708 tum
420 4651 665 4724 [Querc.,
693 4666 818 4706 cum
842 4649 1040 4704 multos
1081 4647 1277 4702 milites
1300 4642 1698 4717 intelligimus].

351 4743 519 4798 Inter.
543 4743 740 4798 150.1η
757 4758 864 4811 qua
881 4741 1084 4796 familia
1114 4739 1203 4794 illa
1223 4736 1741 4809 permansitlingua,
1759 4751 1896 4805 quur

279 4835 534 4903 primitus
573 4832 746 4887 Adam
769 4831 967 4904 [Edit.,
995 4846 1026 4885 a
1064 4829 1197 4900 Deo]
1231 4829 1358 4882 data
1388 4826 1595 4880 fuerat?
1621 4855 1691 4867 -—
1717 4823 1874 4896 Resp.

282 4923 364 4980 Ut'
395 4931 619 4994 putatur
649 4923 703 4976 in
757 4921 960 4976 familia
992 4921 1201 4985 lleber,
1251 4933 1314 4972 ex
1374 4932 1481 4987 quo
1512 4915 1722 4970 Hebr-mi
1751 4916 1879 4971 dicti

277 5025 408 5069 sunt
434 5016 487 5069 in
517 5030 580 5069 ea
608 5023 764 5085 parte
779 5015 1080 5078 hominum,
1099 5028 1218 5084 qua:
1235 5010 1327 5065 Dei
1354 5009 1531 5082 portio
1553 5009 1877 5079 permansit,

275 5106 338 5161 in
365 5121 472 5176 qua
504 5113 560 5160 et
586 5106 894 5162 nasciturus
922 5115 1042 5161 erat
1065 5104 1333 5160 Christus.
1379 5101 1629 5173 Oportuit
1651 5101 1795 5156 enim
1821 5110 1883 5156 ut

276 5215 337 5254 ιιι
367 5214 434 5252 ea
465 5198 647 5270 lingua
693 5197 840 5252 salus
893 5198 1092 5253 mundo
1137 5197 1312 5268 primo
1340 5194 1752 5267 praedicaretur,
1779 5207 1879 5262 per

277 5305 446 5360 quam
477 5289 715 5358 primum
741 5303 888 5342 mors
909 5287 1209 5341 intraverat
1230 5286 1283 5340 in
1321 5283 1604 5339 mundum.
1632 5280 1879 5336 Ostendit

277 5394 499 5451 quoque
528 5378 716 5433 titulus
742 5378 798 5433 in
819 5393 977 5433 cruce
1010 5376 1307 5432 Sulvatoris
1322 5374 1737 5446 scriptus,,hanc
1756 5386 1877 5427 esse

274 5470 525 5525 omnium
552 5468 854 5538 linguarum
876 5469 1126 5539 primam.

351 5559 523 5614 Inter.
559 5558 680 5612 I5l.
710 5558 768 5613 Si
799 5559 943 5614 Deus
963 5558 1226 5630 requievit
1254 5557 1320 5611 ab
1346 5557 1596 5612 omnibus
1622 5555 1876 5627 operibus

274 5650 395 5705 suis
413 5650 467 5703 in
485 5647 572 5703 die
588 5649 840 5719 septimo,
856 5648 1000 5703 unde
1013 5648 1190 5703 subito
1206 5654 1355 5700 tanta
1379 5648 1626 5716 apparuit
1648 5645 1876 5702 diversi-

277 5753 361 5796 tas
377 5741 690 5812 linguarum
701 5741 804 5794 ?——
817 5741 970 5812 Resp.
986 5740 1104 5796 Non
1116 5741 1166 5795 in
1185 5740 1285 5794 hac
1299 5737 1558 5793 divisione
1569 5739 1873 5810 linguarum

279 5849 481 5887 novum
522 5829 651 5901 quid
684 5831 916 5888 condere
963 5832 1276 5887 Creatorem
1309 5829 1627 5893 aestimatur,
1672 5830 1762 5883 sed
1795 5831 1873 5882 di-

1982 3299 2157 3344 autem
2197 3289 2469 3344 Abraham
2497 3292 2829 3361 septuaginta
2850 3293 3077 3363 quinque
3114 3311 3398 3361 annorum,
3449 3310 3568 3349 cum

1980 3399 2216 3453 egressus
2245 3393 2374 3437 esset
2399 3399 2462 3436 ex
2487 3382 2691 3440 Chai-ra
2724 3381 2882 3456 (Gen.
2913 3400 3011 3450 xu,
3030 3384 3121 3457 4);
3150 3385 3402 3441 videlicet
3423 3401 3572 3442 mor-

1981 3483 2074 3528 tuo
2094 3483 2250 3544 patre
2276 3473 2391 3542 ejus
2418 3473 2617 3528 Thare.
2642 3475 2806 3545 Igitur
2825 3475 2894 3529 ab
2916 3491 3057 3532 anno
3078 3477 3374 3531 nativitatis
3396 3476 3570 3533 Abra-

1981 3563 2130 3628 ham,
2160 3577 2331 3632 usque
2358 3563 2425 3618 ad
2463 3579 2664 3617 annum
2688 3604 2704 3629 ,
2729 3579 2836 3632 quo
2860 3579 3114 3634 egressus
3139 3575 3305 3620 estex
3335 3565 3569 3633 Charra,

1981 3655 2107 3708 anni
2130 3662 2258 3709 sunt
2279 3663 2494 3709 centum
2518 3655 2736 3724 triginta
2764 3655 3003 3724 quinque
3035 3673 3047 3708 :
3080 3656 3176 3710 sed
3202 3658 3250 3712 ei
3291 3672 3398 3712 non
3425 3674 3569 3714 cum-

1979 3753 2239 3814 putantur
2260 3746 2389 3800 anni
2417 3746 2507 3814 qui
2544 3745 2806 3799 transacti
2834 3755 2966 3800 sunt
2989 3755 3278 3818 antequam
3306 3751 3480 3806 exiret
3504 3754 3572 3808 de

1981 3840 2103 3909 igne
2124 3837 2499 3893 Chaldaeorum
2521 3836 2616 3892 Dei
2637 3837 2897 3893 liberatus
2916 3841 3269 3907 protectione.
3299 3841 3425 3898 llaec
3446 3843 3570 3900 Ilic-

1981 3945 2258 4003 ronymus.

2049 4040 2216 4095 Inter.
2248 4041 2369 4096 l53’.
2406 4041 2686 4108 Quomodo
2715 4043 3117 4116 intelligendum
3149 4053 3235 4100 est
3267 4048 3408 4116 quod
3439 4050 3571 4104 dici-

1980 4145 2067 4190 tur
2090 4154 2101 4188 :
2130 4135 2289 4190 Pater
2308 4135 2527 4191 Melchte
2548 4137 2657 4207 ipse
2672 4147 2748 4191 est
2769 4135 2933 4193 Pater
2957 4137 3160 4192 Jescha:
3178 4136 3329 4210 (Gen.
3359 4155 3435 4204 tu,
3452 4140 3567 4209 29).

1980 4225 2074 4281 Vel
2101 4227 2192 4295 qui
2217 4225 2372 4298 [Ms.,
2400 4225 2541 4300 quae]
2567 4226 2667 4282 fuit
2693 4227 2930 4284 Jescha?
2973 4259 3044 4268 —
3073 4226 3228 4301 Resp.
3272 4227 3449 4284 Tharc
3479 4246 3570 4301 ge-

1979 4320 2096 4373 nuit
2119 4319 2393 4374 Abraham
2414 4360 2451 4386 ,.
2482 4317 2701 4375 Nachor
2728 4327 2783 4375 et
2824 4320 2972 4376 Aran
3004 4340 3016 4375 :
3050 4321 3197 4376 Aran
3227 4335 3357 4377 vero
3386 4324 3571 4393 genuit

1978 4409 2100 4475 Lot,
2129 4418 2183 4464 et
2220 4410 2482 4465 Melcham
2511 4421 2566 4464 et
2593 4410 2768 4476 Sarri,
2811 4419 3167 4482 cognomento
3191 4409 3470 4477 Jescham,
3516 4424 3571 4467 et

1981 4512 2304 4571 acceperunt
2355 4517 2551 4561 uxores
2584 4543 2597 4567 ,
2631 4502 2907 4558 Abraham
2961 4501 3146 4567 Sarri,
3181 4502 3397 4559 Nachor
3439 4519 3568 4560 vero

1982 4591 2267 4646 Melcham.
2297 4591 2532 4646 Necdum
2572 4600 2752 4647 autem
2779 4593 2922 4647 inter
2965 4600 3190 4663 patruos
3236 4602 3288 4649 et
3337 4593 3566 4650 fratrum

1981 4683 2120 4738 filios
2146 4683 2347 4752 nuptias
2375 4682 2491 4753 lege
2521 4682 2808 4750 prohibita:
2836 4681 3073 4738 fuerant.

2051 4793 2217 4848 Inter.
2244 4791 2365 4847 154.
2392 4793 2529 4860 Quid
2553 4794 2605 4847 in
2633 4793 2805 4848 tribus
2842 4794 2946 4851 illis
2975 4796 3379 4868 egressionibus
3409 4797 3568 4852 intel-

1979 4885 2248 4957 ligendum
2269 4895 2370 4951 cst,
2399 4887 2452 4940 in
2477 4887 2670 4956 quibus
2691 4889 3001 4959 praecipitur
3021 4904 3052 4942 a
3076 4889 3302 4944 Domino
3328 4889 3562 4945 Abrahae

1979 4986 2038 5032 ut
2066 4980 2377 5049 egrediatur
2402 4979 2465 5034 de
2489 4989 2628 5033 terra
2656 4997 2752 5033 sua
2783 4988 2833 5034 et
2858 4981 2922 5035 de
2946 4983 3256 5052 cognatione
3281 4999 3399 5047 sua,
3423 4990 3471 5035 et
3497 4981 3564 5036 de

1979 5070 2132 5124 domo
2158 5072 2323 5139 patris
2349 5072 2430 5124 sui
2469 5069 2620 5143 (Gen.
2663 5087 2760 5137 xu,
2796 5070 2846 5145 1)
2870 5072 2893 5126 ?
2916 5103 2988 5113 --
3017 5071 3171 5144 Resp.
3217 5072 3359 5128 Nihil
3392 5073 3559 5138 aliud,

1979 5161 2080 5214 nisi
2107 5161 2260 5216 nobis
2297 5161 2494 5233 [Edit.,
2519 5161 2648 5236 non]
2675 5163 3058 5234 egrediendum
3080 5178 3201 5220 esse
3229 5165 3296 5220 de
3346 5172 3564 5220 terreno

1978 5254 2216 5318 homine,
2241 5261 2296 5306 et
2323 5254 2389 5308 de
2415 5255 2735 5324 cognatione
2769 5255 3022 5309 vitiorum
3051 5262 3383 5319 nostrorum,
3415 5262 3470 5310 ct
3497 5255 3564 5312 de

1977 5345 2137 5400 domo
2162 5344 2354 5414 patris,
2384 5345 2436 5399 id
2458 5355 2560 5410 est,
2591 5345 2812 5410 mundo,
2851 5346 2943 5415 qui
2965 5343 3162 5399 diaboli
3201 5345 3391 5400 domus
3432 5347 3564 5401 dici-

1977 5446 2085 5502 tur,
2119 5437 2255 5491 utin
2283 5437 2498 5491 Psalmo
2531 5457 2543 5491 :
2579 5435 2890 5491 Obliviscere
2922 5437 3171 5510 populum
3211 5447 3359 5492 tuum
3399 5448 3444 5493 et
3467 5439 3564 5496 d0-

1977 5545 2117 5582 mum
2141 5531 2304 5599 patris
2326 5529 2402 5583 tui
2426 5527 2599 5600 (Psal.
2633 5544 2778 5595 κων,
2805 5527 2914 5601 11).

2048 5644 2213 5715 313
2268 5643 2435 5697 Inter.
2491 5642 2611 5697 155.
2654 5641 2880 5708 Quantae
2919 5647 3303 5715 promissioues
3350 5649 3565 5704 Domini

1979 5733 2195 5789 fuerunt
2222 5734 2288 5789 ad
2316 5733 2623 5790 Abraham?
2673 5766 2742 5776 —-—
2781 5734 2935 5807 Resp.
2990 5737 3134 5793 Dum.
3195 5739 3311 5796 Una
3358 5741 3562 5795 scilicet

1978 5827 2118 5896 quod
2136 5835 2333 5880 terram
2351 5826 2608 5883 Chanaan
2630 5842 2979 5897 possessurus
3010 5829 3077 5882 sit
3106 5828 3158 5883 in
3186 5831 3390 5883 semitm
3419 5843 3550 5879 suo:
