4012 6188
414 311 520 377 628

1259 309 1318 366 Β.
1359 307 1421 368 F.
1465 307 1688 366 ALBINI
1728 310 1857 364 SE1}
1891 305 1989 360 .th

2098 299 2167 360 LVI
2206 303 2490 362 OPERL'M
2527 301 2709 358 PARS
2745 297 2809 357 11.
3559 301 3664 356 εῖδει

414 435 558 506 quod
584 433 916 506 signilicatur
936 447 1058 488 cum
1081 431 1280 485 dictum
1325 435 1410 482 est
1455 444 1466 478 :
1514 422 1657 477 Vade
1700 423 1753 476 in
1775 432 1987 480 terram,
2022 422 2066 478 Δ
2092 418 2370 488 potuisset.
2405 415 2821 488 Signiﬂcabatur
2840 425 3018 472 autem
3047 433 3112 473 ea
3141 425 3320 482 terra,
3351 432 3514 486 quam
3546 433 3670 473 car-

412 543 569 597 qunrn
593 526 1007 580 denwnstrat'ero
1031 519 1174 593 [Ms.,
1202 514 1574 587 monstrat-ero]
1596 513 1704 578 tibi,
1731 523 1779 567 et
1793 511 1984 582 [nciam

413 627 463 672 te
489 617 542 670 in
568 624 768 686 gentem
806 629 1050 684 magnam
1081 609 1234 682 (Gen.
1262 625 1363 674 xu,
1386 609 1464 678 2).
1506 607 1626 661 Alia
1654 619 1784 660 vero
1831 603 1986 672 longe

411 705 777 777 praestantior,
802 703 942 774 quod
969 710 1122 774 pater
1147 710 1232 756 est
1256 715 1361 755 non
1387 699 1546 752 unius
1573 696 1748 768 gentis
1772 693 1985 748 Israeli-

412 799 533 853 ticae
562 795 757 861 solum,
786 794 876 851 sed
902 805 956 850 et
984 794 1224 849 omnium
1255 791 1516 863 gentium,
1545 803 1664 858 qua:
1701 786 1824 840 ﬁdei
1869 783 1988 853 ejus

385 887 634 959 -vestigia
660 893 976 958 sequuntur,
1006 884 1146 954 quod
1174 883 1258 938 his
1299 881 1478 936 verbis
1517 877 1846 950 promittitur
1873 893 1885 929 :
1921 876 1985 930 Et

413 979 776 1032 benedicentur
797 978 850 1031 in
872 987 920 1030 te
949 987 1125 1029 omnes
1147 983 1318 1044 gentes
1344 970 1556 1044 [ternm
1599 970 1672 1024 illi
1696 968 1903 1023 scilicet
1930 967 1984 1020 in

412 1068 616 1122 semine
662 1067 934 1122 Abraham
973 1062 1384 1135 benedicentur]
1417 1062 1515 1133 qui
1555 1059 1788 1115 Abrahae
1827 1058 1985 1113 ﬁdem

416 1157 716 1212 imitantur.

487 1245 650 1302 Inter.
681 1244 800 1300 156.
824 1244 1100 1312 Quomodo
1114 1243 1302 1308 Sarra,
1325 1257 1446 1298 cum
1473 1258 1504 1296 a
1523 1241 1804 1296 Pharaone
1832 1249 1984 1310 rapta

415 1339 624 1403 fuisset,
653 1351 990 1407 consequens
1013 1344 1116 1402 est,
1145 1344 1205 1391 ut
1232 1336 1425 1390 violata
1469 1350 1574 1390 non
1622 1333 1786 1388 fuerit
1831 1334 1982 1405 (rere.

414 1429 539 1504 15)?
557 1461 628 1470 —
658 1429 812 1500 Resp.
831 1427 985 1495 Quia,
1010 1427 1165 1498 juxta
1191 1427 1388 1483 librum
1409 1427 1624 1491 Esther,
1652 1439 1987 1495 quacunque

411 1519 693 1576 mulierum
722 1518 1015 1591 placuisset
1037 1519 1150 1591 regi
1166 1519 1306 1590 apud
1330 1527 1564 1582 veteres,
1591 1532 1684 1572 sex
1713 1515 1988 1571 mensibus

412 1612 711 1685 angebatur
729 1612 846 1668 oleo
873 1621 1104 1685 myrteo,
1125 1620 1182 1667 et
1201 1627 1294 1668 sex
1321 1611 1597 1667 mensibus
1627 1613 1680 1666 in
1699 1610 1989 1681 pigmentis

411 1706 573 1760 variis
601 1712 723 1760 erat
741 1712 797 1758 et
821 1703 1186 1760 curationibus
1234 1701 1580 1765 feminarum,
1613 1709 1668 1756 et
1717 1708 1844 1755 tunc
1894 1699 1992 1754 de—

2089 509 2209 564 nale
2230 523 2410 564 semen
2433 509 2550 579 ejus
2580 516 2925 578 accepturum
2954 514 3112 572 erat;
3145 505 3294 578 [nam
3346 507 3472 562 illud
3503 508 3666 578 spiri-

2086 601 2194 656 tale
2219 601 2386 655 totius
2410 599 2596 654 mundi
2623 598 2961 654 latitudinem
2987 613 3362 668 possessurum
3390 596 3540 670 crit.]

2157 693 2324 748 Inter.
2350 691 2472 746 161.
2497 689 2635 758 Quid
2667 689 2817 762 [dum
2847 691 2983 744 dixit
3027 688 3193 760 Deus]
3229 709 3242 743 :
3290 689 3374 743 Ad
3400 687 3669 744 Orientem

2085 794 2134 838 et
2155 783 2224 838 ad
2249 783 2399 836 Mare
2421 780 2536 854 [ΑΙ.
2554 779 2879 852 meridiem],
2909 781 3109 835 dictum
3132 789 3218 834 est
3232 778 3487 850 ?—Resp.
3519 777 3670 834 Solet

2087 873 2277 948 [enim]
2307 873 2588 944 Scriptura
2617 880 2802 927 sancta
2822 911 2837 936 ,
2883 872 3010 927 dum
3037 871 3104 924 de
3141 870 3318 942 plagis
3338 877 3504 925 terra:
3541 885 3671 941 prope

2085 964 2358 1021 missionis
2385 963 2638 1033 loquitur,
2659 961 2917 1032 Marepro
2941 961 3228 1017 Occidente
3252 973 3476 1031 ponere,
3493 961 3561 1014 ab
3575 975 3665 1027 eo,

2086 1056 2227 1126 quod
2247 1054 2530 1110 Palestina:
2557 1053 2706 1124 regio
2723 1052 2868 1107 Mare
2881 1053 2934 1107 in
2953 1050 3257 1107 Occidentis
3269 1051 3425 1122 plaga
3447 1051 3665 1106 habent.

2158 1143 2323 1197 Inter.
2364 1141 2484 1196 162.
2516 1140 2616 1208 Qui
2646 1148 2774 1196 sunt
2815 1139 3048 1212 expediti
3074 1180 3090 1205 ,
3123 1139 3191 1195 de
3227 1139 3421 1208 quibus
3465 1139 3666 1194 dictum

2086 1243 2206 1289 est:
2235 1233 2541 1289 Nnmeravit
2576 1233 2844 1303 expeditos
2871 1231 3176 1287 vernaculos
3215 1248 3338 1286 suos
3365 1229 3518 1304 (Gen.
3551 1249 3668 1291 tm.

2089 1323 2214 1396 14)?
2265 1355 2337 1366 -—
2383 1323 2542 1396 Resp.
2567 1324 2860 1394 Expeditos
2884 1323 3020 1379 dixit
3045 1321 3310 1395 [juvenes]
3357 1323 3426 1378 ad
3469 1323 3678 1378 bellum

2085 1423 2388 1486 proruptus,
2417 1423 2469 1468 et
2497 1414 2588 1482 qui
2615 1429 2720 1468 non
2759 1413 2982 1469 luerunt
3017 1412 3250 1476 uxorati,
3281 1411 3360 1468 de
3378 1411 3571 1481 quibus
3613 1413 3669 1466 in

2087 1505 2436 1576 sequentibus
2457 1504 2587 1558 dicit
2614 1521 2626 1558 τ
2655 1503 2896 1575 Exceptis
2921 1503 3002 1557 his
3021 1518 3139 1574 quae
3167 1508 3496 1557 comederunt
3515 1501 3675 1572 jure-

2088 1619 2184 1658 nes
2199 1602 2353 1673 (vers.
2377 1601 2493 1672 ΩΑ).

2159 1690 2322 1746 Inter.
2357 1691 2478 1747 1'63.
2513 1690 2579 1745 Et
2613 1698 2914 1761 persecutus
2947 1699 3022 1744 est
3052 1705 3214 1759 usque
3241 1688 3310 1740 ad
3342 1687 3477 1741 Dan.
3507 1687 3666 1754 (vers.

409 1809 555 1849 mum
591 1793 986 1865 ingrcdiebatur
1018 1793 1083 1846 ad
1114 1807 1291 1864 regem
1317 1791 1554 1862 (Esther.
1576 1809 1637 1857 ιι,
1675 1791 1780 1860 12).
1811 1791 1985 1860 Atque
2018 1766 2068 1824 Β
2093 1783 2206 1851 Η)σ
2225 1782 2326 1849 Οειὶ
2354 1782 2505 1838 locus
2528 1790 2614 1836 est
2631 1781 2788 1835 Dan?
2813 1811 2885 1820 —
2907 1779 3064 1865 Resp.
3099 1779 3216 1832 Dan
3245 1777 3530 1833 thniccs
3569 1793 3672 1846 0p-

410 1884 483 1938 ita
505 1891 679 1954 potest
709 1881 841 1954 [Αι.,
873 1881 1105 1955 poterat]
1145 1883 1286 1948 fieri,
1333 1891 1392 1936 ut
1438 1882 1602 1937 Sarra
1629 1924 1644 1948 ,
1701 1891 1984 1954 postquam

407 1974 683 2044 placuerat
709 1975 820 2046 regi
845 2015 859 2040 ,
897 1975 1022 2029 dum
1049 1990 1146 2044 per
1166 1990 1365 2028 annum
1393 1974 1460 2028 ad
1491 1991 1672 2046 regem
1697 1975 1745 2028 ei
1775 1989 1985 2045 praepa—

410 2071 558 2120 ratur
587 2065 865 2131 introitus,
887 2063 1118 2120 Abrahze
1144 2063 1357 2119 Pharao
1407 2064 1574 2119 multa
1601 2064 1902 2126 donaverit,
1929 2070 1986 2117 et

411 2156 620 2212 Pharao
646 2165 832 2227 postea
853 2171 1143 2227 percussns
1163 2159 1233 2212 sit
1258 2172 1288 2211 a
1316 2158 1560 2221 Domino,
1584 2156 1674 2212 illa
1697 2157 1874 2211 adhuc
1901 2156 1984 2211 in-

412 2255 553 2303 tacta
581 2247 650 2302 ab
673 2246 788 2314 ejus
809 2248 1090 2302 concubitu
1122 2258 1494 2319 permanente.

480 2335 643 2392 Inter.
679 2335 798 2390 15-7.
839 2336 1028 2392 Utrum
1059 2339 1369 2393 convenerit
1406 2340 1641 2394 Abrahae
1661 2348 1771 2394 tam
1796 2348 1982 2394 sancto

413 2427 552 2490 viro,
574 2434 634 2479 ut
653 2425 1084 2480 celaretSarram
1110 2441 1228 2482 esse
1251 2442 1468 2483 uxorem
1484 2445 1658 2493 suam,
1675 2437 1723 2482 et
1750 2443 1852 2482 non
1871 2443 1984 2482 rna-

411 2517 499 2587 gis
512 2524 736 2588 poneret
754 2517 814 2571 in
837 2515 952 2570 Deo
973 2531 1123 2586 spem
1148 2531 1324 2581 suam,
1353 2532 1420 2572 ne
1441 2517 1782 2572 occideretur
1801 2531 1830 2570 a
1859 2532 1982 2589 rege

412 2605 566 2677 (Gen.
595 2621 696 2670 xu,
732 2605 858 2678 43)?
900 2633 973 2647 ——
1025 2605 1181 2678 Resp.
1212 2605 1525 2662 Ostenditur
1555 2607 1742 2680 [enim]
1795 2609 1848 2662 in
1881 2608 1984 2662 isto

407 2696 529 2766 ejus
577 2695 724 2751 tacto
763 2697 905 2766 quod
929 2697 1096 2752 homo
1123 2711 1225 2751 non
1256 2696 1416 2752 debet
1461 2705 1671 2752 tentare
1699 2698 1980 2752 Dominum

415 2792 578 2846 Deum
598 2805 783 2853 suum,
809 2789 1018 2860 quando
1050 2789 1211 2844 habet
1236 2791 1363 2859 quid
1391 2788 1556 2844 faciat
1580 2805 1646 2844 ex
1677 2789 1981 2844 rationabili

411 2880 650 2936 consilio.
673 2879 823 2936 Fecit
851 2881 993 2934 enim
1021 2880 1161 2950 quod
1189 2881 1368 2950 potuit
1397 2894 1497 2952 pro
1520 2881 1629 2935 vita
1672 2895 1798 2944 sua;
1842 2880 1982 2949 quod

413 2980 590 3026 autem
621 2986 724 3026 non
741 2971 931 3041 potuit,
961 2970 1034 3025 illi
1061 2971 1328 3026 commisit
1347 2972 1400 3026 in
1427 2987 1586 3041 quem
1614 2973 1870 3042 speravit,
1895 2972 1980 3027 cui

412 3063 575 3117 etiam
600 3061 908 3132 pudicitiam
933 3061 1176 3133 conjugis
1215 3063 1627 3118 commendavit.
1685 3062 1794 3118 Nec
1837 3064 1981 3118 enim

414 3155 549 3208 tldcs
577 3152 670 3226 [ac
691 3153 836 3226 spes]
856 3152 1064 3208 fefellit.
1074 3152 1316 3223 Namque
1337 3152 1551 3208 Pharao
1579 3168 1611 3206 a
1635 3153 1744 3207 Deo
1763 3153 1984 3208 territus

417 3245 704 3321 multisque
725 3251 944 3314 propter
961 3259 1082 3298 eum
1106 3241 1258 3316 [Ms.,
1280 3241 1424 3314 eam]
1446 3243 1604 3296 malis
1626 3241 1873 3307 alllictus,
1897 3241 1997 3296 ubi

412 3335 532 3406 ejus
555 3351 775 3390 uxorem
803 3334 1102 3408 [divinitus]
1123 3349 1242 3390 esse
1266 3334 1467 3398 didicit,
1499 3333 1719 3389 illtesam
1747 3349 1870 3388 cum
1890 3335 1989 3388 ho-

417 3441 552 3483 nore
580 3427 809 3482 reddidit
825 3427 942 3481 viro
969 3441 1092 3482 suo.

493 3520 670 3576 Inter.
707 3519 828 3574 158.
882 3518 948 3572 Et
973 3521 1069 3574 erit
1113 3535 1286 3573 semen
1314 3528 1460 3573 tuum
1497 3519 1632 3573 sicut
1678 3517 1842 3572 stellis
1872 3517 1984 3572 «teli

414 3621 463 3664 et
486 3613 619 3666 sicut
640 3628 801 3666 arena
828 3626 944 3681 qua
965 3620 1040 3664 est
1065 3611 1121 3664 in
1144 3609 1316 3664 littore
1361 3610 1525 3663 maris
1555 3606 1707 3672 (Gen.
1739 3623 1838 3672 xu,
1872 3606 1981 3677 17).

418 3701 519 3766 Qui
546 3699 828 3770 signiticati
859 3706 983 3753 sunt
1011 3699 1065 3752 in
1095 3699 1295 3764 stellis,
1330 3706 1386 3752 et
1435 3699 1526 3768 qui
1580 3699 1636 3753 in
1688 3699 1988 3754 arena?—

420 3790 576 3858 Resp.
623 3789 686 3843 in
732 3787 899 3843 stellis
927 3785 1094 3860 [caeli]
1133 3789 1416 3859 pauciores
1473 3789 1845 3860 ilrmioresque
1885 3789 1984 3862 [et]

416 3879 675 3934 clariores
693 3879 1082 3949 intelliguntur;
1109 3879 1162 3934 in
1182 3886 1344 3934 arena
1371 3888 1550 3934 autem
1576 3880 1829 3935 maritimi
1846 3881 1989 3936 litto-

417 3971 525 4035 ris,
558 3985 753 4042 magna
781 3969 1064 4026 multitudo
1109 3969 1446 4025 inﬁrmorum
1474 3979 1637 4040 atque
1665 3971 1983 4027 carnalium.

489 4063 657 4120 Inter.
690 4062 810 4118 159.
841 4062 975 4130 Quid
1001 4061 1281 4118 estRazim
1294 4070 1349 4118 et
1368 4061 1548 4118 Zozim
1571 4062 1698 4136 [Ms.
1727 4065 1985 4135 Raphim;

420 4156 523 4221 αι.,
549 4155 728 4210 Raﬁm
747 4152 954 4225 Zuzim]
987 4152 1141 4224 (Gen.
1175 4167 1288 4216 xw,
1335 4152 1434 4226 5)?
1482 4184 1554 4194 ——
1597 4153 1752 4226 Resp.
1803 4155 1988 4210 Rasim

417 4247 684 4320 gigantes,
711 4241 892 4298 Zozim
935 4241 1199 4297 terribiles
1245 4243 1706 4312 interpretantur,
1761 4243 1990 4315 [signiti-

419 4335 568 4408 cant]
599 4333 845 4389 robustos
869 4347 1107 4402 quosque
1130 4332 1183 4387 in
1215 4331 1434 4388 Arabia.

2085 1876 2274 1944 pidum
2297 1883 2404 1939 est,
2429 1872 2572 1943 quod
2602 1889 2747 1928 nunc
2775 1863 2984 1926 Paneai
3023 1872 3220 1926 dicitur
3245 1910 3260 1934 ,
3299 1869 3395 1924 ubi
3418 1884 3558 1922 unus
3599 1867 3672 1922 de

2085 1965 2326 2021 fontibus
2345 1965 2595 2021 Iordanis
2624 1965 2823 2029 oritur,
2846 1964 2938 2035 qui
2971 1963 3168 2018 dicitur
3194 1961 3349 2024 Dan;
3381 1961 3516 2014 alter
3539 1975 3679 2014 vero

2087 2059 2188 2112 Jor
2223 2075 2242 2112 :
2270 2066 2325 2113 et
2350 2059 2436 2113 his
2463 2056 2669 2113 duobus
2705 2055 2964 2120 fontibus,
3008 2055 3100 2123 qui
3150 2053 3292 2108 haud
3333 2050 3517 2121 procul
3547 2067 3578 2104 a
3609 2065 3677 2106 se

2085 2148 2317 2212 distant,
2359 2148 2414 2202 in
2455 2161 2622 2200 unum
2662 2144 2890 2200 rivulum
2943 2143 3240 2206 foederatis,
3289 2141 3542 2197 Iordanis
3571 2156 3672 2210 ap-

2082 2237 2346 2307 pellatur:
2372 2237 2535 2308 319
2557 2245 2612 2291 et
2637 2236 2779 2292 sicut
2797 2251 2863 2290 ex
2907 2237 3116 2292 duobus
3143 2234 3380 2290 fontibus
3405 2250 3544 2290 unus
3568 2233 3671 2289 llu-

2083 2327 2222 2391 vius,
2252 2326 2325 2380 ita
2347 2339 2413 2380 ex
2441 2315 2747 2381 nominibus
2773 2340 2874 2380 una
2903 2323 3189 2394 appellatio
3212 2335 3548 2395 procreatur.

2156 2436 2319 2491 Inter.
2355 2436 2473 2491 164.
2501 2435 2632 2504 Quis
2669 2443 2756 2490 est
2782 2436 2884 2492 iste
2915 2435 3288 2489 Melchisedech
3337 2449 3428 2489 rex
3463 2434 3669 2499 Salen),

2083 2545 2243 2599 quem
2284 2529 2572 2601 Apostolus
2601 2529 2734 2584 dicit
2760 2529 2875 2584 sine
2906 2537 3058 2598 patre
3083 2537 3140 2582 et
3177 2527 3295 2583 sine
3340 2533 3512 2582 matre
3547 2540 3676 2581 esse

2085 2615 2235 2690 (Cen.
2260 2634 2371 2684 xrv,
2399 2620 2496 2684 18;
2526 2616 2686 2672 Hebr.
2710 2633 2809 2682 vn,
2833 2617 2926 2690 5)?
2943 2647 3001 2656 --
3033 2615 3189 2687 Resp.
3211 2616 3336 2672 ideo
3376 2615 3511 2671 dixit
3528 2615 3674 2686 Apo-

2083 2705 2251 2762 stolus
2270 2722 2392 2762 eum
2417 2707 2621 2776 absque
2639 2714 2794 2777 patre
2813 2715 2868 2760 et
2887 2707 3090 2776 absque
3105 2713 3300 2770 matre,
3316 2705 3446 2772 quia
3469 2717 3669 2775 genea-

2082 2797 2279 2869 logiam
2309 2797 2426 2866 ejus
2447 2804 2634 2852 sancta
2663 2793 2944 2868 Scriptura
2975 2811 3082 2850 non
3108 2802 3312 2849 narrat.
3330 2794 3495 2848 Aiunt
3520 2793 3672 2848 enim

2084 2887 2316 2953 Hebraei,
2337 2887 2483 2943 hunc
2510 2887 2898 2942 Melchisedech
2925 2893 3134 2941 mutato
3157 2887 3373 2940 nomine
3395 2882 3522 2939 Sem
3547 2896 3674 2938 esse

2085 2979 2253 3035 tilium
2280 2979 2413 3045 Noe,
2443 2989 2499 3034 et
2545 2985 2895 3050 supputantes
2923 2991 3094 3032 annos
3121 2977 3244 3031 vitm
3273 2977 3443 3048 ipsius
3484 2982 3672 3032 osten-

2085 3071 2239 3136 dunt,
2260 3086 2383 3126 eum
2405 3085 2574 3140 usque
2600 3071 2667 3125 ad
2690 3069 2842 3123 lsaac
2861 3077 3102 3140 tempora
3123 3068 3348 3133 vixisse;
3375 3081 3671 3137 omnesque

2089 3161 2473 3234 primogenitos
2493 3159 2774 3230 pontiﬁces
2794 3157 2981 3223 fuisse,
3005 3155 3104 3230 [et]
3126 3159 3329 3212 hostias
3344 3156 3455 3211 Deo
3479 3156 3674 3210 immo-

2086 3255 2230 3311 lasse
2254 3269 2424 3326 usque
2452 3255 2518 3310 ad
2553 3263 2793 3324 tempora
2837 3251 3016 3306 Aaron
3045 3258 3102 3306 et
3125 3249 3260 3321 legis
3285 3247 3668 3308 caeremonias;

2083 3355 2141 3400 et
2185 3347 2299 3401 haec
2340 3361 2460 3401 esse
2489 3343 2868 3416 primogenita,
2899 3357 3018 3412 qua:
3063 3338 3307 3397 vendidit
3333 3341 3473 3396 Esau
3514 3338 3674 3393 fratri

2084 3453 2182 3493 suo
2204 3436 2386 3492 Iacob.
2418 3437 2518 3503 Qui
2539 3437 2702 3491 etiam
2727 3435 3118 3489 Melchisedech
3142 3433 3266 3501 jure
3291 3431 3358 3487 de
3383 3429 3672 3500 triumphis

2084 3527 2364 3598 abnepotis
2385 3526 2538 3599 [Ms.,
2553 3525 2782 3598 nepotis]
2805 3523 2885 3579 sui
2905 3525 3144 3578 decimas
3159 3523 3453 3593 accepisset
3473 3520 3670 3594 [Edit.,

2085 3615 2330 3688 accepit].
2361 3615 2530 3670 Porro
2560 3613 2741 3670 Salem
2788 3627 2909 3668 eam
2953 3613 3121 3682 ipsam
3152 3625 3274 3666 esse
3305 3611 3516 3672 volunt,
3549 3625 3675 3680 quas

2082 3717 2268 3780 postea
2295 3705 2590 3762 Jerusalem
2619 3705 2761 3759 dicta
2790 3711 2892 3758 est.
2921 3701 3045 3756 Haec
3074 3701 3238 3755 etiam
3273 3700 3450 3770 primo
3479 3695 3672 3762 Jebus,

2083 3806 2146 3852 ut
2185 3795 2445 3861 referunt,
2474 3803 2661 3867 postea
2707 3793 2911 3858 Salem,
2940 3790 3134 3847 deinde
3182 3789 3484 3844 Jerusalem
3526 3789 3672 3844 dicta

2085 3899 2185 3946 est.
2209 3889 2314 3944 Iste
2343 3895 2524 3944 autem
2553 3883 2942 3941 Melchisedech
2973 3881 3270 3954 ﬁguraliter
3291 3880 3566 3936 Christum
3593 3880 3669 3933 si-

2087 3982 2306 4055 gniﬁcat
2351 3979 2644 4035 secundum
2701 3973 3032 4049 apostolum,
3072 3974 3196 4042 quia
3251 3971 3500 4028 Christus
3550 3970 3670 4025 sine

2087 4081 2259 4128 matre
2288 4073 2342 4126 in
2373 4070 2543 4135 ctelis,
2571 4077 2628 4124 et
2653 4068 2771 4124 sine
2800 4073 2956 4137 patre
2989 4065 3044 4120 in
3077 4064 3262 4127 terris,
3292 4059 3524 4116 oﬁ‘erens
3554 4055 3669 4114 Deo

2085 4177 2186 4235 pro
2215 4162 2370 4218 nobis
2397 4161 2452 4215 in
2483 4160 2643 4215 terris
2667 4158 2751 4212 sui
2780 4157 3022 4227 corporis
3049 4166 3243 4225 panem
3265 4161 3322 4208 et
3345 4151 3428 4206 sui
3451 4150 3670 4219 sangui-

2088 4254 2175 4309 nis
2197 4253 2410 4318 vinum;
2436 4251 2504 4306 ad
2531 4265 2691 4320 quem
2724 4249 2952 4303 dicitur:
2983 4246 3060 4299 Tu
3087 4262 3141 4300 es
3168 4243 3410 4299 sacerdos
3434 4243 3491 4297 in
3521 4251 3670 4295 teter-

2088 4361 2212 4398 num
2260 4343 2544 4397 secundum
2591 4339 2824 4394 ordinem
2863 4335 3238 4392 Melchisedech
3295 4331 3488 4399 (Hebr.
3518 4345 3574 4394 v,
3599 4329 3666 4394 6;

497 4447 660 4503 Inter.
697 4445 816 4501 160.
844 4444 990 4500 Disit
1016 4442 1194 4516 [ergo]
1217 4444 1366 4500 Deus
1394 4444 1460 4498 ad
1503 4444 1775 4500 Abraham
1809 4465 1824 4500 :
1853 4447 1988 4502 [ινα

2098 4434 2240 4488 Psal.
2265 4449 2376 4496 δικ,
2402 4430 2478 4495 4).

421 4535 600 4592 oculos
622 4545 738 4590 tuos
765 4543 812 4588 et
834 4533 946 4588 vide
970 4551 1002 4586 a
1017 4531 1131 4603 loco
1149 4535 1204 4588 in
1223 4549 1323 4604 quo
1345 4543 1400 4586 tu
1421 4551 1556 4590 nunc
1571 4551 1645 4600 es,
1674 4545 1721 4589 et
1741 4536 1810 4589 ad
1833 4536 1994 4608 Aqui-

421 4627 593 4680 Ionem
617 4634 665 4679 et
689 4623 759 4678 ad
785 4623 1054 4685 Austrum,
1086 4621 1155 4675 ad
1181 4615 1442 4676 Orientem
1471 4633 1520 4678 et
1549 4624 1619 4678 ad
1657 4623 1807 4679 Mare
1844 4624 1995 4698 [Vul-

428 4726 569 4784 gata,
591 4713 966 4786 Occidentem],
987 4714 1112 4785 quia
1133 4729 1335 4766 omnem
1352 4723 1564 4777 terram,
1582 4732 1737 4786 quam
1755 4726 1811 4768 tu
1833 4718 1992 4782 rides,

423 4809 517 4863 tibi
539 4806 692 4869 dabo,
715 4817 762 4859 et
785 4804 966 4859 semini
993 4813 1082 4856 tuo
1109 4800 1262 4873 (Gen.
1295 4817 1389 4857 xm
1409 4842 1424 4868 ,
1458 4803 1565 4874 14).
1591 4804 1648 4859 Si
1679 4807 1822 4860 enim
1852 4815 1996 4860 terra

427 4907 634 4952 tantum
658 4892 1070 4965 promittebatur
1116 4889 1233 4963 [ei],
1277 4906 1440 4959 quam
1471 4901 1596 4947 tunc
1646 4894 1698 4947 in
1747 4896 1998 4950 unozloco

425 5001 580 5045 stans
607 4988 788 5043 videre
811 4985 984 5056 potuit
1005 4999 1102 5054 per
1129 4990 1362 5052 quatuor
1389 4983 1605 5038 climata
1633 4986 1816 5040 mundi
1840 5003 1854 5049 ;
1902 5004 1999 5040 an—

426 5089 582 5150 gusta
612 5077 821 5132 videtur
843 5091 964 5130 esse
993 5081 1136 5128 terra
1166 5074 1567 5145 promissionis?
1587 5106 1656 5115 —
1687 5075 1838 5148 Resp.
1883 5077 1998 5135 Non

429 5173 532 5225 hoc
554 5168 715 5242 [loco]
745 5167 913 5223 solum
947 5175 1103 5221 terra:
1131 5163 1232 5237 [ei]
1269 5166 1590 5235 promissum
1619 5176 1721 5233 est,
1751 5171 1892 5239 quod
1923 5172 2003 5224 vi-

429 5261 560 5316 dere
587 5259 774 5330 potuit.
805 5256 917 5312 Non
944 5257 1084 5311 enim
1109 5256 1308 5310 dictum
1333 5263 1417 5310 est
1439 5295 1452 5320 ,
1487 5265 1691 5310 tantum
1723 5267 1880 5314 teme
1909 5259 2000 5314 tibi

433 5350 575 5406 dabo
601 5359 862 5421 quantum
889 5349 1067 5413 vides;
1109 5348 1201 5403 sed
1227 5366 1239 5400 :
1283 5346 1396 5401 Tibi
1424 5347 1559 5402 dabo
1589 5360 1800 5414 terram,
1845 5367 2002 5420 quam

435 5441 599 5509 vides,
625 5457 750 5497 cum
777 5450 834 5496 et
858 5438 1084 5495 ulterior
1123 5439 1358 5508 undique
1399 5439 1646 5494 dabatur.
1694 5439 1762 5494 Et
1805 5440 2002 5496 idcirco

436 5532 716 5604 subjunxit
738 5549 752 5584 :
771 5529 939 5600 Surge
967 5537 1013 5582 et
1045 5526 1347 5598 perambula
1374 5537 1564 5582 terram
1593 5529 1645 5582 in
1671 5529 2002 5582 latitudineet

435 5622 756 5694 longitudine
783 5617 941 5691 [ejus]
964 5617 1116 5690 (vers.
1156 5617 1266 5688 17),
1296 5625 1356 5672 ut
1377 5617 1795 5688 perambulando
1817 5633 2005 5688 perve-

394 5723 405 5734 '
438 5719 574 5773 tzirct
601 5715 775 5770 adea.
801 5727 919 5782 qua:
953 5710 1122 5764 oculis
1150 5725 1256 5764 uno
1305 5710 1422 5766 loco
1470 5719 1621 5767 stans
1665 5713 1847 5767 ridere
1897 5729 2024 5785 non,

2165 4520 2328 4576 Inter.
2361 4519 2476 4574 165.
2524 4518 2656 4586 Quis
2709 4516 2810 4571 fuit
2859 4517 3156 4570 Damascus
3188 4513 3416 4576 Eliezer,
3444 4509 3513 4564 de
3561 4522 3675 4578 quo

2094 4614 2230 4669 dixit
2267 4611 2539 4666 Abraham
2565 4624 2578 4660 :
2614 4607 2795 4662 Haeres
2820 4594 2964 4661 triens
2989 4607 3086 4660 erit
3117 4603 3269 4675 (Gen.
3297 4619 3388 4668 xv,
3415 4600 3472 4665 2,
3491 4597 3676 4670 5)?—

2097 4704 2252 4775 Resp.
2285 4701 2453 4757 Filius
2506 4699 2877 4771 procuratoris
2925 4696 3174 4758 Abrahae,
3223 4693 3315 4764 qui
3363 4699 3569 4762 postea,
3613 4697 3677 4744 ut

2096 4797 2267 4860 aiunt,
2295 4794 2616 4848 Damascum
2661 4788 2926 4853 condidit,
2953 4794 3009 4840 et
3035 4797 3230 4838 nomen
3261 4782 3465 4838 civitati
3503 4780 3671 4843 dedit,

2096 4897 2425 4955 regnumque
2449 4881 2500 4934 in
2525 4895 2588 4934 ea
2615 4878 2864 4933 obtinuit.

2166 4996 2329 5050 Inter.
2357 4994 2474 5050 166.
2508 4991 2756 5062 Nunquid
2785 4990 3040 5045 convenit
3089 4987 3212 5043 fidei
3243 4987 3472 5043 Abraha:
3500 4995 3561 5039 ut
3602 4986 3675 5039 si-

2099 5101 2262 5156 gnum
2283 5084 2438 5154 quasi
2476 5083 2668 5138 dubius
2696 5086 2959 5150 quaereret
2987 5095 3018 5132 a
3056 5079 3280 5134 Domino
3310 5078 3495 5133 dicens
3521 5096 3534 5130 :
3569 5077 3674 5130 Da-

2100 5175 2237 5229 mine
2269 5176 2427 5238 Deus,
2460 5172 2594 5227 unde
2633 5173 2765 5225 scire
2805 5186 3012 5240 possum
3035 5169 3173 5240 quod
3200 5185 3531 5240 possessurns
3559 5186 3674 5223 smn

2099 5281 2214 5318 eam
2245 5262 2395 5334 (Gen.
2420 5277 2508 5324 xv,
2529 5259 2622 5331 8)?
2638 5289 2708 5300 —-
2731 5257 2883 5330 Resp.
2907 5257 3022 5314 Non
3045 5261 3198 5330 quasi
3225 5259 3436 5324 dubius,
3464 5259 3529 5312 de
3552 5273 3678 5329 pro-

2101 5353 2354 5409 missione
2381 5349 2499 5414 Dei,
2529 5362 2671 5402 anne
2699 5346 2874 5412 ﬁeret,
2899 5347 2994 5402 sed
3019 5349 3287 5418 quomodo
3313 5346 3550 5400 futurum
3584 5359 3678 5400 es—

2102 5450 2184 5496 set
2207 5438 2546 5508 quuirebat.

2175 5529 2340 5585 Inter.
2373 5529 2490 5585 167.
2539 5527 2676 5598 Quid
2728 5529 2890 5602 igitur
2932 5531 2986 5585 in
3035 5529 3122 5584 illo
3161 5529 3383 5598 mystico
3425 5529 3579 5600 signo
3613 5529 3679 5582 de

2103 5621 2414 5692 posteritate
2445 5621 2658 5693 generis
2699 5621 2781 5675 sui
2821 5621 3048 5675 Abraha:
3090 5619 3488 5688 intelligendum
3529 5621 3682 5674 erat?

2104 5710 2184 5765 vel
2214 5727 2310 5767 cur
2337 5712 2499 5766 trium
2525 5726 2783 5765 annorum
2819 5710 3063 5764 animalia
3096 5709 3165 5762 illi
3199 5719 3349 5763 erant
3383 5725 3568 5763 sumen
3595 5709 3680 5760 'a?
