4012 6188
419 318 524 376 53'!

1023 319 1433 380 EXEGETICA.
1468 352 1540 365 -
1573 322 1942 384 INTERROG.
1980 327 2068 383 ET
2106 327 2434 387 RESPONS.
2475 330 2542 386 IN
2577 332 2841 400 GENES.,
2886 334 3033 391 ETC.

3560 342 3668 400 538

417 435 504 491 vel
527 449 629 491 cur
652 419 907 490 animalia
925 435 1188 522 dividitet
1205 435 1451 493 volucres
1482 452 1590 492 non
1625 436 1814 493 dividit
1838 436 1990 509 (vers.
2021 445 2064 500 Α
2093 448 2154 495 ut
2186 439 2240 495 in
2271 438 2501 515 Egypto
2543 444 2769 516 populus
2797 447 2893 504 Dei
2938 448 3128 505 duram
3164 460 3448 522 perageret
3489 458 3664 512 servi-

420 526 597 599 9)?—
626 524 783 595 Resp.
816 524 1001 580 Trium
1045 518 1237 599 [enim]
1289 542 1550 583 annorum
1588 526 1840 583 animalia
1886 536 1997 583 tres

419 625 723 687 temporum
768 614 1025 670 articulos
1075 616 1379 688 designant,
1420 615 1614 685 quibus
1655 616 1882 687 p0pulus
1927 617 1996 671 ad

419 723 690 766 summum
718 709 938 762 honoris
959 707 1168 763 culmen
1195 708 1438 763 adolevit.
1453 706 1499 761 A
1520 708 1848 777 temporibus
1868 723 1996 763 vero

406 799 739 870 patriarchae
789 797 1018 853 Abrahae
1067 812 1164 868 per
1215 798 1660 868 repromissiones
1706 811 1876 867 usque
1926 799 1993 852 ad

417 901 660 963 tempora
692 891 890 962 Moysis
931 890 1248 959 coniunctus
1292 899 1377 945 est
1425 890 1552 945 Deo.
1582 890 1628 943 A
1667 889 1994 959 temporibus

417 992 597 1037 autem
629 981 824 1051 Moysis
849 980 1193 1050 legislatoris,
1221 995 1249 1033 a
1282 980 1391 1033 Deo
1419 980 1550 1049 legis
1581 980 1912 1048 acceptione,
1939 987 1996 1033 et

416 1073 798 1127 miraculorum
838 1072 1167 1134 ostensione,
1209 1070 1601 1139 triumphisque
1635 1077 1689 1123 et
1717 1077 1875 1122 terra:
1903 1084 1991 1123 re-

416 1162 791 1232 promissionis
831 1161 1164 1232 ingressione
1198 1159 1554 1232 glorificatus;
1598 1175 1628 1212 a
1667 1158 1994 1228 temporibus

417 1267 546 1307 vero
577 1253 740 1306 Davil
784 1252 930 1321 regio
960 1252 1185 1315 honore,
1226 1257 1283 1304 et
1325 1248 1507 1319 templi
1538 1250 1879 1319 civitatisque
1905 1246 1994 1301 Je-

416 1342 651 1398 rusalem
681 1340 1034 1395 instructione
1054 1340 1293 1395 elevatus
1314 1348 1415 1393 est.
1438 1338 1606 1393 Porro
1626 1339 1769 1393 aries
1792 1338 1991 1409 regiam

415 1446 473 1493 et
503 1434 890 1491 sacerdotalem
928 1432 1276 1505 dignitatem;
1310 1448 1473 1489 vacca
1504 1434 1604 1489 sub
1652 1435 1785 1505 legis
1814 1435 1990 1490 littera

414 1526 768 1583 servientem:
800 1538 962 1593 capra
999 1523 1162 1578 etiam
1189 1524 1434 1581 eamdem
1472 1532 1684 1595 gentem
1731 1524 1992 1593 peccatri-

415 1631 533 1671 cem
559 1629 679 1671 esse
708 1613 967 1683 designat.
996 1612 1137 1668 Aves
1162 1604 1292 1668 vero
1330 1612 1636 1683 spirituales
1661 1621 1717 1667 et
1742 1613 1835 1668 Dei
1877 1612 1989 1668 ele-

413 1718 532 1763 ctos
559 1703 993 1777 praeﬁgurabant.
1021 1703 1326 1760 Divisiones
1353 1703 1535 1772 itaque
1558 1702 1709 1775 [Ms.,
1732 1702 1985 1775 namque]

2101 538 2288 586 tatem.

2165 615 2331 673 Inter.
2358 618 2478 675 169.
2521 620 2699 688 Quare
2726 624 2928 679 dictum
2969 633 3054 681 est
3098 627 3155 681 in
3200 626 3394 685 Genesi
3424 628 3490 685 de
3538 628 3666 689 ﬁliis

2095 702 2366 761 Abraham
2389 724 2404 761 :
2434 706 2635 773 Quarta
2660 713 2903 782 progenie
2928 723 3241 769 revertentur
3260 717 3361 771 huc
3391 717 3546 788 (Gen.
3567 734 3662 789 xv,

2097 792 2184 865 16)
2210 794 2234 847 ‘l
2260 794 2325 849 Et
2354 797 2404 850 in
2438 798 2618 853 Exodo
2640 800 2834 870 legitur
2859 820 2872 855 :
2907 801 3100 869 Quinta
3126 809 3454 875 generatione
3478 827 3663 867 ascen-

2093 884 2280 939 derunt
2319 887 2418 954 ﬁlii
2464 888 2633 942 Israel
2658 891 2722 943 de
2773 901 2911 946 terra
2958 893 3176 965 Egypti
3207 896 3400 964 (Exod.
3425 916 3545 966 xm,
3572 902 3663 966 l8,

2085 974 2243 1043 juxta
2272 974 2564 1048 LXX)?-—-
2586 978 2740 1048 Resp.
2764 981 2983 1050 Egressi
3002 994 3131 1037 sunt
3160 984 3250 1039 lilii
3279 986 3439 1043 Israel
3468 1002 3659 1060 quarta

2093 1065 2438 1135 generatione
2465 1066 2532 1121 de
2557 1075 2700 1121 terra
2740 1067 2976 1138 Egypti.
3006 1070 3219 1140 Replica
3265 1079 3663 1144 generationem

2093 1153 2239 1209 Levi.
2271 1154 2398 1209 Levi
2438 1156 2618 1225 genuit
2660 1156 2829 1221 Gath;
2856 1157 2996 1213 Gath
3025 1161 3207 1230 genuit
3246 1163 3465 1219 Amram
3501 1166 3662 1239 [Ed..

2090 1245 2340 1318 Abram];
2369 1246 2589 1301 Amram
2620 1249 2803 1318 genuit
2826 1250 3007 1304 Aaron
3037 1249 3230 1323 [Edit.,
3256 1255 3454 1327 Aran];
3479 1258 3659 1314 Aaron

2092 1333 2339 1409 [genuit]
2368 1337 2623 1403 Eleazar;
2676 1338 2901 1399 Eleazar
2947 1338 3179 1413 [genuit]
3226 1343 3479 1401 Phinees.
3519 1348 3659 1405 Gath

2092 1440 2212 1480 cum
2236 1434 2390 1495 patre
2434 1441 2533 1481 suo
2578 1427 2705 1481 Levi
2739 1429 3015 1499 ingressus
3043 1439 3129 1484 est
3166 1430 3486 1503 Egyptum;
3523 1436 3664 1509 [rur-

2091 1531 2209 1571 sum
2254 1515 2478 1570 Eleazar
2504 1533 2623 1572 cum
2652 1527 2806 1587 patre
2828 1533 2927 1573 suo
2954 1519 3132 1575 Aaron
3176 1537 3455 1594 regressus
3481 1538 3567 1583 est
3596 1532 3664 1585 ab

2091 1605 2367 1679 Egvpto].
2412 1606 2457 1661 A
2499 1606 2637 1662 Gath
2684 1623 2857 1678 usque
2904 1610 2969 1664 ad
3014 1610 3664 1686 Eleazar-computantur

2091 1703 2325 1765 quatuor
2349 1697 2745 1767 generationes.
2787 1697 2937 1763 Quod
2967 1708 3144 1755 autem
3193 1706 3482 1760 secundum
3522 1708 3663 1764 Exo-

413 1793 753 1852 ammalium,
804 1793 1096 1849 schismata
1141 1793 1284 1848 inter
1326 1792 1575 1849 carnales
1620 1807 1835 1863 semper
1865 1808 1986 1850 esse

2090 1784 2217 1839 dum
2239 1785 2425 1854 quinta
2452 1786 2797 1857 generatione
2845 1790 3049 1857 egnessi
3098 1800 3226 1845 sunt
3265 1791 3358 1848 ﬁlii
3402 1796 3567 1852 Israel
3594 1800 3660 1856 de

412 1886 730 1951 ostendunt;
778 1885 833 1938 in
878 1898 944 1938 eo
973 1881 1146 1955 [vero]
1177 1884 1317 1952 quod
1348 1880 1476 1939 aves
1517 1899 1624 1939 non
1655 1884 1852 1948 divisit,
1881 1901 1987 1955 pax

412 1985 469 2030 et
495 1975 679 2035 unitas,
696 1971 1056 2043 spiritualium
1091 1972 1422 2042 intelligitur.
1452 1972 1604 2040 Quod
1631 1973 1778 2029 circa
1803 1989 1989 2043 vespe—

413 2081 531 2122 ram
558 2080 727 2135 pavor
750 2062 907 2118 irruit
931 2077 1090 2132 super
1115 2062 1408 2126 Abraham,
1436 2071 1697 2117 terrorem
1723 2062 1989 2134 signiﬁcat

411 2158 468 2212 in
494 2157 581 2212 die
620 2154 832 2226 judicii,
856 2153 947 2222 qui
977 2151 1247 2222 separabit
1274 2151 1542 2222 spiritales
1586 2166 1620 2205 a
1657 2151 1986 2217 carnalibus,

411 2244 548 2301 alios
574 2252 817 2300 statuens
837 2242 904 2296 ad
933 2241 1198 2303 dextram,
1225 2240 1358 2296 alios
1384 2241 1449 2295 ad
1471 2240 1744 2296 sinistram
1771 2238 1984 2312 (Matth.

411 2333 561 2406 xxv).
590 2333 731 2388 Aves
775 2346 905 2387 vero
931 2346 1049 2399 quas
1092 2344 1257 2402 super
1296 2330 1561 2386 cadavera
1605 2330 1853 2396 volitant,
1880 2330 1987 2385 (ιω-

412 2424 594 2479 monia
638 2419 788 2494 [Ms.,
819 2419 1158 2475 daemoniacte
1200 2419 1514 2492 potestates]
1539 2428 1685 2485 sant,
1718 2436 1836 2490 quae
1864 2436 1987 2475 car—

411 2514 624 2569 nalibus
666 2513 900 2568 insidere
936 2518 1222 2580 quaerunt:
1255 2526 1391 2579 quas
1432 2511 1654 2567 devotus
1689 2511 1876 2567 doctor
1903 2527 1990 2566 se-

413 2604 538 2661 dula
567 2601 936 2658 admonitione
964 2599 1180 2670 abigere
1208 2600 1386 2656 debet.

484 2714 648 2770 Inter.
676 2713 797 2769 168.
822 2712 961 2780 Quid
979 2720 1066 2767 est
1084 2711 1227 2781 quod
1255 2712 1458 2767 dictum
1481 2719 1569 2767 est
1587 2711 1654 2766 ad
1670 2711 1945 2767 Abraham
1971 2731 1983 2765 :

414 2804 560 2861 Scito
604 2819 954 2875 prwnoscens,
982 2800 1121 2872 quod
1150 2801 1480 2871 peregrinum
1527 2801 1765 2870 futurum
1792 2801 1861 2857 sit
1905 2817 1987 2855 se-'-

411 2910 529 2950 men
567 2902 716 2957 tuum
745 2892 797 2945 in
825 2901 965 2945 terra
996 2907 1098 2945 non
1122 2907 1243 2955 sua,
1270 2900 1317 2944 et
1344 2891 1619 2961 subjiciam
1646 2908 1733 2946 eos
1756 2891 1987 2946 servituti

413 2979 508 3054 [et]
527 2981 748 3052 aﬂligent
770 2979 1163 3051 quadringentis
1193 2980 1341 3033 annis
1372 2980 1524 3050 (vers.
1553 2976 1669 3048 l5)?
1715 2979 1869 3036 Unde
1896 2979 1986 3034 isti

410 3069 788 3140 quadringenti
808 3069 934 3123 anni
960 3070 1253 3139 computati
1275 3078 1401 3124 sunt
1426 3070 1698 3125 servitutis
1709 3071 1802 3123 ’ἔρ-ο
1827 3060 1983 3139 Resp;

2087 1882 2234 1930 terra
2256 1874 2494 1946 Egypti,
2516 1876 2689 1930 tribus
2708 1874 2857 1931 Judte
2877 1878 3010 1933 ordo
3035 1877 3153 1952 [ibi]
3176 1893 3488 1940 numeratur
3509 1886 3659 1959 [Ed.,

2086 1965 2442 2038 numeretur].
2482 1965 2651 2022 ludas
2694 1968 2879 2038 genuit
2915 1968 3151 2037 Phares;
3183 1971 3387 2030 Phares
3434 1976 3661 2053 [genuit]

2087 2054 2286 2121 Esron;
2317 2056 2487 2110 Esron
2531 2057 2714 2127 genuit
2749 2058 2941 2123 Aram;
2981 2058 3146 2114 Aram
3184 2060 3411 2138 [genuit]
3444 2067 3663 2125 Amina-

2084 2144 2219 2210 dab;
2244 2144 2543 2200 Aminadab
2585 2143 2811 2218 [genuit]
2844 2146 3114 2214 Naasson;
3146 2150 3387 2208 NaaSSun
3430 2154 3660 2232 [genuit]

2087 2236 2324 2294 Salmon.
2349 2238 2553 2295 Phares
2591 2255 2713 2295 cum
2748 2253 2905 2311 patre
2929 2257 3029 2299 suo
3048 2241 3239 2318 [Iuda]
3268 2248 3544 2320 ingressus
3573 2262 3661 2306 est

2085 2327 2414 2401 Egyptum;
2446 2329 2686 2385 Naasson
2735 2332 2989 2405 princeps
3033 2331 3171 2389 Iuda
3218 2336 3275 2390 in
3322 2337 3540 2394 deserto
3568 2339 3666 2396 de-

2084 2418 2360 2482 scribitur,
2405 2416 2558 2487 cujus
2598 2418 2737 2474 illius
2787 2419 3004 2477 Salmon
3048 2430 3250 2479 terram
3290 2429 3662 2496 promissionis

2086 2507 2308 2563 introiit.
2340 2507 2598 2578 Computa
2623 2525 2654 2562 a
2682 2509 2886 2567 Phares
2913 2528 3084 2582 usque
3106 2515 3174 2568 ad
3198 2514 3464 2582 Naasson,
3495 2527 3550 2574 et
3576 2520 3660 2574 in-

2085 2598 2269 2652 venies
2297 2599 2671 2669 generationes
2693 2601 2948 2672 quinque.

2158 2707 2322 2763 Inter.
2353 2709 2466 2763 I70.
2497 2709 2698 2765 Semini
2725 2719 2814 2764 tuo
2844 2710 2978 2766 dabo
3025 2722 3219 2768 terram
3251 2716 3409 2782 hanc,
3440 2734 3471 2770 a
3500 2720 3662 2788 fluvio

2088 2796 2305 2870 Αἴθρη)ιὶ
2342 2815 2503 2870 usque
2538 2800 2607 2853 ad
2650 2801 2844 2870 ﬂumen
2872 2816 3117 2872 magnum
3159 2802 3463 2875 Euphraten
3502 2807 3655 2879 (Gen.

2084 2904 2176 2955 xv,
2205 2887 2312 2960 18).
2359 2889 2435 2944 De
2467 2904 2572 2960 quo
2599 2889 2737 2945 dixit
2776 2890 2992 2962 Egypti
3037 2890 3228 2948 ﬂuvio?
3248 2924 3317 2933 —
3345 2893 3498 2966 Resp.
3542 2896 3659 2952 Non

2086 2978 2258 3052 [ergo]
2300 2994 2330 3034 a
2361 2978 2521 3034 ﬂuvio
2550 2995 2744 3051 magno
2783 2979 3024 3053 Egypti,
3053 2983 3156 3039 hoc
3182 2992 3286 3048 est,
3314 2983 3465 3051 Nilo;
3497 2986 3591 3040 sed
3629 3003 3661 3041 a

2085 3085 2274 3140 parvo,
2289 3068 2378 3140 qui
2402 3070 2588 3124 dividit
2601 3068 2785 3142 [inter]
2805 3069 3093 3141 {Egyptum
3109 3080 3164 3127 et
3174 3071 3533 3141 Palaestinam,
3549 3074 3662 3148 [ubi

410 3161 531 3216 Non
560 3163 638 3216 sic
665 3161 1033 3232 accipiendum
1069 3168 1172 3226 est,
1198 3169 1454 3231 tanquam
1483 3163 1535 3216 in
1581 3162 1670 3217 illa
1697 3163 1983 3218 durissima
2011 3137 2057 3200 ε
2086 3167 2172 3215 est
2194 3160 2386 3215 civitas
2416 3159 2793 3233 Rinocurura].

412 3253 673 3308 servitute
700 3251 1126 3324 quadringentos
1168 3267 1338 3308 annos
1379 3253 1473 3308 Dei
1522 3252 1750 3324 populus
1804 3252 1984 3318 fuerit,

412 3344 513 3398 sed
539 3343 667 3413 quia
690 3343 947 3413 scriptum
976 3349 1059 3397 est
1087 3361 1100 3396 :
1135 3341 1197 3396 In
1221 3340 1376 3397 Isaac
1406 3344 1670 3398 vocabitur
1697 3344 1789 3398 tibi
1813 3358 1984 3397 semen

2158 3249 2319 3305 Inter.
2345 3250 2464 3303 l7l.
2487 3249 2762 3317 Quomodo
2787 3248 3090 3306 defenditur
3113 3252 3384 3308 Abraham
3411 3253 3661 3311 adulterii

2087 3358 2211 3398 reus
2240 3358 2347 3398 non
2379 3357 2521 3407 esse,
2552 3343 2678 3397 dum
2709 3343 2920 3398 vivente
2948 3342 3185 3415 legitima
3215 3360 3380 3400 uxore
3409 3360 3502 3401 sua
3532 3361 3665 3403 con-

417 3432 572 3504 (Gen.
598 3449 712 3499 xxi,
737 3433 851 3506 12).
891 3433 968 3487 Ex
998 3448 1142 3497 anno
1188 3434 1483 3489 nativitatis
1510 3434 1659 3490 Isaac
1700 3449 1872 3504 usque
1918 3434 1987 3488 ad
2080 3432 2302 3504 junctus
2324 3442 2408 3489 est
2432 3434 2638 3489 ancillae
2663 3449 2774 3489 sua:
2802 3431 2952 3506 (Gen.
2978 3433 3066 3508 xv)
3084 3436 3107 3489 ’ἒ
3125 3465 3196 3476 -
3226 3435 3380 3506 Resp.
3408 3435 3659 3495 Nondum

416 3539 619 3579 annum
666 3525 992 3596 egressionis
1032 3539 1099 3579 ex
1147 3524 1382 3596 [Egypto
1428 3527 1807 3595 computantur
1860 3526 1987 3581 anni

413 3614 789 3686 quadringenti
834 3615 1089 3684 quinque.
1122 3615 1256 3671 Cum
1303 3631 1433 3686 ergo
1473 3616 1539 3671 de
1578 3615 1988 3687 quadringentis

415 3705 630 3775 triginta
679 3705 979 3759 detraxeris
1023 3706 1210 3776 viginti
1245 3706 1501 3776 quinque,
1533 3708 1625 3775 qui
1650 3714 1779 3760 sunt
1811 3721 1841 3760 a
1865 3721 1991 3776 pro-

412 3797 674 3853 missione
721 3812 891 3865 usque
936 3798 1002 3851 ad
1034 3805 1219 3852 natum
1261 3797 1429 3860 Isaac,
1459 3813 1566 3852 non
1595 3798 1792 3852 mirum
1820 3804 1904 3854 est
1942 3797 1989 3851 si

412 3886 839 3957 quadringentos
865 3895 920 3942 et
946 3887 1182 3956 quinque
1225 3902 1394 3942 annos
1420 3903 1629 3941 summa
1656 3887 1825 3942 solida
1852 3902 1989 3957 qua—

413 3978 733 4048 dringentos
784 3977 951 4032 voluit
1001 3977 1267 4049 appellare
1327 3976 1637 4048 Scriptura,
1684 3993 1804 4048 quae
1854 3978 1993 4033 solet

413 4076 660 4136 tempora
705 4067 782 4122 ita
827 4082 1156 4137 nurcupare,
1183 4074 1245 4121 ut
1284 4067 1427 4136 quod
1457 4068 1523 4123 de
1565 4083 1775 4123 summa
1815 4067 1992 4139 perfe-

410 4157 609 4214 ctionis
650 4158 861 4212 numeri
912 4157 1185 4227 paululum
1231 4159 1531 4224 excrescit,
1559 4167 1653 4213 aut
1686 4158 1828 4215 infra
1875 4166 1989 4225 est,

410 4258 523 4298 non
552 4253 910 4314 computetur.
941 4244 1057 4299 Non
1086 4245 1290 4313 itaque,
1314 4245 1454 4314 quod
1482 4246 1577 4311 ait,
1607 4248 1662 4300 in
1700 4248 1991 4301 servitutem

411 4335 647 4404 redigant
669 4351 754 4389 eos
778 4346 826 4388 et
850 4335 1102 4389 nocebunt
1130 4336 1257 4402 illis,
1282 4336 1350 4390 ad
1377 4336 1800 4408 quadringentos
1820 4352 1991 4393 annos

407 4421 754 4478 referendum
783 4432 888 4489 est,
920 4433 1175 4493 tanquam
1225 4440 1322 4495 per
1373 4434 1451 4481 tot
1491 4441 1664 4481 annos
1696 4427 1860 4498 320
1893 4441 1988 4482 eos

408 4511 698 4566 habuerint
725 4513 780 4566 in
812 4514 1105 4569 servitute:
1138 4516 1231 4569 sel
1261 4514 1532 4571 referendi
1573 4524 1703 4571 sunt
1728 4516 1986 4587 quadrin-

408 4604 556 4676 genti
584 4605 712 4658 anni
742 4606 811 4660 ad
857 4606 913 4661 id
952 4608 1095 4677 quod
1123 4608 1322 4663 dictum
1366 4616 1449 4663 est
1475 4627 1488 4662 :
1518 4607 1857 4679 Peregrinum
1889 4610 1987 4663 erit

407 4712 587 4751 semen
612 4706 761 4751 tuum
806 4700 861 4752 in
889 4708 1029 4753 terra
1059 4716 1161 4753 non
1188 4701 1429 4770 propria;
1457 4702 1582 4771 quia
1617 4702 1731 4755 sive
1760 4702 1813 4755 in
1844 4710 1988 4757 terra

407 4785 694 4853 Chanaan,
722 4787 835 4842 sive
863 4788 917 4841 in
948 4787 1181 4860 Egypto
1208 4790 1548 4859 peregrinum
1574 4798 1695 4844 erat
1736 4790 1862 4846 illud
1904 4805 1990 4845 se—

408 4892 558 4941 men,
585 4886 878 4947 antequam
906 4879 1218 4933 haereditate
1248 4887 1521 4934 sumerent
1553 4889 1750 4936 terram
1776 4897 1843 4936 ex
1868 4897 1991 4951 pro-

409 4970 669 5025 missione
709 4971 823 5036 Dei,
852 4971 993 5040 quod
1023 4970 1222 5025 factum
1248 4979 1333 5025 est
1356 4980 1639 5041 postquam
1665 4988 1732 5027 ex
1757 4972 1991 5044 Egypto

406 5059 622 5115 liberati
650 5069 798 5127 sunt,
828 5070 887 5114 ut
914 5061 1250 5132 hyperbaton
1280 5062 1369 5117 hic
1394 5061 1741 5133 intelligatur,
1769 5073 1823 5118 et
1859 5064 1991 5118 ordo

407 5151 482 5205 sit
504 5152 794 5208 verborum
819 5171 832 5206 :
867 5151 1091 5208 Sciendo
1112 5154 1265 5215 scies,
1290 5155 1413 5224 quia
1437 5156 1763 5224 peregrinum
1788 5157 1886 5209 erit
1911 5173 1989 5211 se-

408 5257 529 5296 men
558 5252 707 5296 tuum
745 5244 802 5297 in
831 5252 971 5297 terra
999 5260 1101 5298 non
1145 5246 1355 5314 propria
1389 5245 1784 5316 quadringentis
1814 5247 1986 5302 anm's.

407 5333 544 5389 Illud
570 5342 749 5390 autem
779 5336 1154 5406 interpositum
1192 5337 1518 5408 intelligatur
1548 5355 1561 5391 :
1596 5336 1662 5391 Et
1696 5339 1752 5393 in
1775 5338 1991 5393 servitu-

406 5433 514 5479 tem
546 5420 777 5491 redigent
807 5439 913 5487 eos,
943 5432 991 5477 et
1019 5423 1267 5477 nocebunt
1298 5424 1425 5491 illis,
1455 5426 1528 5480 ita
1555 5432 1616 5479 ut
1642 5425 1710 5481 ad
1734 5427 1992 5497 quadrin-

410 5522 602 5585 gentos
634 5529 809 5568 annos
853 5515 955 5570 ista
986 5515 1322 5584 interpositio
1346 5532 1453 5573 non
1497 5519 1784 5589 pertineat.
1813 5519 1872 5575 lu
1898 5535 1993 5575 ex-

412 5616 585 5659 trema
611 5606 753 5660 enim
780 5616 934 5676 parte
965 5605 1277 5679 [annorum]
1300 5623 1524 5664 summa:
1546 5610 1726 5681 huius,
1770 5613 1871 5669 hoc
1909 5623 1993 5669 est

415 5696 567 5768 μὴ,
596 5698 695 5751 hoc
734 5698 1006 5771 interest],
1033 5706 1155 5769 post
1181 5708 1407 5755 mortem
1437 5699 1655 5773 Ioseph,
1679 5704 1880 5761 factum
1907 5716 1992 5763 est

2085 3524 2419 3597 promulgata
2446 3532 2565 3579 erat
2590 3525 2747 3579 unius
2789 3525 2971 3579 uxoris
3012 3524 3098 3579 lex
3125 3526 3450 3596 evangelica.
3482 3524 3658 3584 Habe-

2087 3614 2181 3669 bat
2221 3629 2432 3684 quoque
2472 3615 2883 3685 promissionem
2925 3629 2955 3666 a
2985 3614 3095 3667 Deo
3136 3614 3524 3687 multiplicandi
3569 3632 3659 3673 se-

2088 3704 2247 3758 minis
2294 3703 2399 3767 sui,
2427 3702 2520 3756 sed
2549 3702 2776 3755 necdum
2819 3700 3043 3767 sciebat,
3087 3716 3153 3756 ex
3181 3718 3285 3772 qua
3312 3721 3500 3771 uxore,
3531 3709 3656 3775 quia

2087 3802 2272 3864 postea
2309 3793 2508 3847 dictum
2545 3800 2631 3846 est
2655 3792 2727 3857 ei,
2758 3791 2824 3846 de
2870 3790 3035 3847 Sarra
3073 3794 3285 3860 (habere
3314 3796 3497 3851 ﬁlium.
3526 3797 3661 3852 Nam

2088 3890 2372 3954 propterea
2394 3883 2473 3937 sic
2493 3881 2825 3952 propagandi
2855 3882 3103 3939 voluntas
3126 3885 3213 3955 pia
3243 3886 3362 3951 fuit,
3386 3889 3509 3957 quia
3536 3904 3665 3943 con-

2090 3974 2377 4030 cumbendi
2428 3974 2678 4029 voluntas
2728 3972 2859 4045 [Al.,
2911 3975 3178 4048 voluptas]
3229 3978 3508 4034 libidinosa
3556 3996 3662 4036 non

2090 4063 2209 4118 fuit.
2244 4064 2415 4118 Etiam
2444 4072 2500 4118 et
2527 4062 2714 4129 Sarra,
2746 4079 2867 4118 cum
2913 4063 3116 4134 prolem
3144 4066 3209 4119 de
3237 4081 3295 4120 se
3323 4066 3524 4122 habere
3550 4084 3655 4123 non

2089 4156 2282 4227 potuit,
2311 4156 2377 4210 de
2406 4155 2599 4210 ancilla
2626 4156 2827 4211 habere
2850 4154 3035 4210 voluit.
3064 4154 3447 4211 Consentiebat
3492 4155 3663 4228 [uter-

2090 4245 2215 4320 que]
2245 4248 2297 4301 in
2324 4245 2484 4310 facto,
2510 4248 2632 4318 quia
2662 4246 2909 4320 [uterque
2936 4246 3176 4321 Sarram]
3204 4248 3438 4305 sterilem
3466 4247 3659 4321 [Edit.,

2091 4338 2215 4408 quia
2241 4354 2300 4393 se
2323 4337 2583 4412 sterilem]
2609 4354 2729 4393 esse
2754 4339 2976 4393 sciebat.

2162 4451 2324 4506 Inter.
2357 4452 2476 4505 172.
2505 4452 2778 4519 Quomodo
2824 4466 3016 4506 manus
3061 4452 3301 4506 omnium
3345 4458 3534 4507 contra
3577 4451 3653 4509 ls-

2089 4542 2337 4606 maelcm,
2365 4550 2422 4596 et
2456 4558 2649 4596 manus
2676 4540 2792 4608 ejus
2837 4550 3023 4595 contra
3066 4555 3255 4597 omnes
3284 4539 3438 4613 (Gen.
3465 4557 3577 4607 xvi,
3604 4542 3661 4607 7,

2089 4632 2305 4705 12)ἳ-
2333 4630 2490 4701 Resp.
2544 4629 2744 4683 Invenit
2776 4627 2957 4702 [enim]
3005 4627 3218 4699 angelus
3265 4629 3479 4685 Domni
3520 4630 3656 4703 Agat

2087 4743 2242 4787 super
2277 4724 2474 4797 fontem
2499 4740 2647 4794 aqum
2672 4724 2725 4777 in
2752 4723 2952 4779 deserto
2973 4724 3040 4778 ad
3067 4722 3269 4778 fontem
3294 4725 3350 4779 in
3375 4726 3456 4780 via
3477 4727 3662 4791 Assur,

2088 4833 2207 4887 qua:
2224 4833 2321 4888 per
2340 4832 2580 4872 eremum
2600 4814 2748 4869 ducit
2766 4815 2833 4868 ad
2855 4813 3168 4886 A‘ngptum,
3192 4812 3295 4886 [ire
3316 4814 3626 4889 festinabat]
3647 4836 3659 4868 :

2089 4906 2158 4960 Et
2187 4907 2382 4962 vocavit
2414 4921 2598 4959 nomen
2622 4904 2734 4974 ejus
2764 4903 2979 4968 Ismael,
3010 4904 3134 4972 quia
3170 4904 3443 4959 exaudivit
3484 4904 3667 4961 Domi-

2088 5012 2190 5051 nus
2219 4995 2577 5050 humilitatem
2634 4991 2794 5066 [ejus]
2840 4992 3047 5066 (lsmael
3083 4993 3461 5063 interpretatur
3501 5008 3667 5051 exau-

2090 5084 2219 5139 ditio
2247 5084 2458 5139 Domini
2486 5083 2638 5155 [Ms.,
2666 5082 2838 5155 Dei]):
2873 5081 2975 5136 Hic
2998 5082 3093 5136 erit
3108 5083 3250 5152 feras
3277 5084 3453 5150 homo,
3477 5098 3665 5140 manus

2089 5175 2203 5244 ejus
2246 5192 2402 5246 super
2437 5192 2632 5239 omnes,
2660 5186 2707 5231 et
2738 5193 2923 5230 manus
2952 5177 3179 5230 omnium
3223 5194 3377 5248 super
3416 5196 3567 5245 eum,
3616 5193 3665 5235 ct

2091 5275 2270 5319 contra
2299 5266 2486 5334 faciem
2517 5268 2747 5320 omnium
2775 5267 2999 5336 fratrum
3026 5283 3240 5321 suorum
3275 5269 3546 5325 habitabit.
3581 5271 3667 5327 Si-

2091 5354 2310 5426 gniﬁcat
2351 5364 2531 5410 autem
2576 5371 2759 5411 semen
2800 5355 2918 5426 ejus
2960 5358 3325 5421 habitatorum
3364 5361 3420 5415 in
3456 5376 3663 5430 eremo,

2090 5444 2145 5499 id
2188 5453 2294 5508 est,
2342 5444 2674 5501 Sarracenos
2714 5461 2899 5515 vagos,
2944 5447 3270 5519 incertisque
3299 5451 3541 5518 sedibus,
3571 5456 3664 5523 qui

2093 5532 2372 5587 universas
2393 5542 2601 5605 gentes,
2622 5532 2816 5605 quibus
2839 5534 3107 5592 desertum
3128 5552 3194 5593 ex
3215 5538 3380 5595 latere
3399 5538 3661 5613 jungitur,

2092 5622 2369 5677 incursant
2407 5630 2462 5677 et
2508 5624 2849 5694 impugnant,
2892 5622 2972 5697 [et
3015 5626 3397 5701 impugnantur
3434 5632 3501 5686 ab
3543 5648 3632 5686 om

2094 5710 2293 5782 nibus].
