4012 6188
360 313 468 368 559

1210 307 1270 361 Β.
1311 306 1373 360 F.
1413 305 1641 360 ALBINI.
1677 302 1807 359 SEU
1845 303 2120 360 ALCUINI
2155 304 2441 360 OPERUM
2479 305 2657 362 PARS
2694 305 2757 361 ll.

3514 311 3620 368 5-60

425 421 591 477 Inter.
617 420 736 474 {75.
775 419 906 484 Qum
951 417 1127 470 littera
1159 413 1369 481 adjecta
1394 420 1479 468 est
1527 411 1732 467 nomini
1759 410 1930 464 Abra-
1961 413 2006 472 Α
2035 411 2172 481 gelio
2199 432 2210 465 :
2245 412 2394 466 Beati
2421 415 2518 484 qui
2561 413 2736 483 lugent
2765 431 2921 480 nunc,
2952 420 3202 486 quoidam
3246 421 3344 491 ipsi
3383 422 3621 479 ridebunt

354 515 480 567 ham
522 520 577 565 et
605 509 818 570 Sarrai;
850 505 935 559 vel
981 519 1100 573 qua:
1146 503 1458 557 mutationis
1503 500 1786 555 nominum
1829 498 1932 554 illis

353 614 517 658 causa
568 596 700 652 fuit?
725 625 794 634 -
817 593 973 664 Resp.
1012 592 1159 646 Dixit
1201 591 1460 646 Dominus
1507 591 1578 644 ad
1620 589 1931 643 Abraham:

355 690 491 746 Ecce
517 695 881 742 testamentum
910 699 1080 738 meum
1107 692 1296 745 tecum,
1327 692 1374 736 et
1403 683 1504 735 eris
1533 679 1680 751 pater
1701 678 1938 732 multitu-

353 779 492 833 dinis
536 777 786 847 gentium,
815 785 862 829 et
892 791 996 828 non
1023 772 1289 827 vocabitur
1315 787 1503 825 nomen
1535 779 1683 823 tuum
1709 768 1936 832 Abram;

353 868 443 924 sed
474 867 568 922 erit
599 881 785 920 nomen
814 875 962 918 tuum
989 862 1276 925 Abraham,
1317 861 1442 931 quia
1481 869 1681 930 patrem
1725 855 1938 931 [multa-

354 956 494 1032 rum]
543 959 772 1028 gentium
800 957 949 1027 posui
997 967 1045 1009 te
1091 953 1255 1027 (Gen.
1284 970 1424 1018 xvu,
1453 954 1485 1006 4
1511 963 1558 1006 et
1591 952 1698 1024 15).
1747 952 1942 1006 Dicunt

355 1059 534 1106 autem
556 1050 762 1105 Hebraei
776 1049 918 1119 quod
932 1048 1073 1101 Deus
1097 1062 1162 1101 ex
1184 1047 1400 1100 nomine
1419 1060 1536 1108 suo,
1553 1045 1693 1113 quod
1713 1043 1852 1113 apud
1879 1041 1940 1096 il-

355 1139 434 1195 los
457 1147 840 1211 tetragramum
855 1136 1006 1209 [Ms.,
1025 1134 1526 1208 tetragramma—ton]
1539 1142 1642 1198 est,
1660 1146 1698 1192 Π
1720 1132 1845 1205 [Με.
1857 1174 1871 1197 ,
1885 1131 1938 1204 e]

356 1232 588 1286 litteram
615 1230 845 1284 Abrahae
870 1237 926 1285 et
951 1229 1129 1283 Sarrae
1169 1228 1448 1283 addiderit.
1482 1227 1769 1281 Dicebatur
1796 1227 1941 1280 enim

355 1322 587 1391 primum
629 1320 850 1384 Abram,
879 1320 1023 1388 quod
1074 1319 1462 1388 interpretatur
1500 1327 1648 1386 pater
1674 1315 1940 1377 excelsus;

355 1422 410 1468 et
435 1421 624 1483 postea
653 1413 809 1482 321
860 1418 1082 1467 vocatus
1109 1418 1194 1466 est
1234 1410 1534 1474 Abraham,
1569 1419 1718 1478 pater
1744 1406 1940 1460 multa-

354 1521 493 1559 rum.
524 1503 659 1558 Nam
689 1506 919 1574 gentium
948 1518 1055 1558 non
1082 1503 1313 1556 habetur
1338 1502 1392 1554 in
1424 1500 1660 1562 nomine,
1691 1497 1786 1553 sed
1816 1496 1945 1551 sub-

357 1595 589 1649 auditur.
621 1593 731 1648 Nec
758 1593 1060 1647 mirandum
1085 1607 1278 1661 quare,
1305 1605 1426 1645 cum
1469 1589 1611 1660 apud
1639 1587 1859 1643 Graecos
1889 1595 1945 1642 et

357 1683 619 1754 quosdam
639 1682 773 1736 alios
797 1699 829 1735 a
854 1681 1034 1736 littera
1053 1680 1297 1734 videatur
1315 1678 1521 1742 addita,
1540 1693 1640 1731 nos
1656 1688 1702 1735 τι·
1718 1674 1845 1748 [Με.
1858 1715 1872 1741 ,
1888 1673 1942 1747 e]

2039 501 2253 572 (Matth.
2283 503 2356 575 v).

2113 590 2272 646 Inter.
2307 594 2426 647 176.
2453 595 2631 661 Quare
2681 595 2904 668 [autem]
2955 597 3178 654 Sarram
3222 600 3488 656 ridentem
3538 619 3626 657 re-

2039 684 2253 754 darguit
2300 685 2583 751 Dominus,
2635 685 2779 758 (cum
2828 688 3102 743 Abraham
3152 691 3333 744 riserit
3375 699 3433 745 et
3477 690 3625 747 illum

2040 790 2146 827 non
2179 776 2472 846 redarguit)
2503 775 2654 846 (Gen.
2678 791 2833 841 xvm,
2860 778 3066 848 13)?—-
3087 779 3243 851 Resp.
3271 775 3464 853 {Quia}
3483 786 3628 840 risus

2039 864 2269 919 Abrahae
2311 866 2682 920 admirationis
2711 875 2767 921 et
2808 867 3002 924 laetitiae
3046 868 3180 924 fuit:
3217 871 3396 927 Sarrae
3438 884 3620 929 autem

2041 954 2386 1010 dubitationis
2431 965 2486 1010 et
2531 957 2855 1025 diﬁidentize,
2904 963 3046 1030 quod
3091 964 3160 1018 ab
3207 965 3295 1020 illo
3339 967 3623 1036 dijudicari

2040 1046 2232 1114 potuit,
2261 1047 2352 1115 qui
2380 1048 2543 1102 corda
2588 1050 2863 1105 hominum
2893 1054 3058 1108 novit.
3094 1055 3245 1110 Unde
3290 1058 3406 1112 hac
3432 1060 3623 1115 eadem

2043 1132 2209 1188 Sarra
2263 1135 2444 1190 ridens
2490 1138 2801 1208 corripitur,
2845 1151 3094 1212 correpta
3141 1146 3388 1214 protinus
3439 1145 3627 1204 fecun-

2043 1223 2223 1289 datur,
2256 1234 2312 1278 et
2337 1234 2526 1281 contra
2569 1243 2719 1298 spem
2747 1243 2814 1284 ex
2852 1230 3034 1287 divina
3075 1237 3434 1304 promissione
3474 1255 3630 1295 acce-

2042 1314 2155 1384 pit,
2201 1317 2342 1384 quod
2387 1317 2692 1372 habituram
2732 1336 2792 1375 se
2833 1335 2900 1376 ex
2947 1323 3181 1379 humana
3225 1327 3435 1383 ratione
3475 1328 3632 1384 dubi-

2044 1404 2197 1459 tavit.

2114 1512 2278 1569 Inter.
2309 1517 2428 1571 177.
2457 1518 2599 1586 Quot
2623 1522 2676 1575 in
2695 1523 2874 1578 Veteri
2893 1525 3240 1582 Testamento
3268 1533 3500 1600 pr0priis
3531 1549 3631 1588 no—

2043 1605 2279 1660 minibus
2321 1609 2582 1665 nominati
2629 1621 2774 1678 sunt,
2822 1623 3111 1686 antequam
3151 1624 3632 1677 nascerentur?—

2047 1696 2202 1768 Resp.
2247 1689 2521 1765 Quatuor:
2551 1702 2761 1771 lsmael,
2807 1706 2978 1772 Isaac,
3025 1708 3276 1767 Salomon
3325 1723 3381 1800 et
3427 1713 3631 1782 Josias,

356 1775 590 1828 litteram
619 1773 899 1828 Hebraeam
943 1771 1179 1826 additam
1210 1769 1541 1860 dixerimus;
1569 1766 1943 1860 idiomaenim
1976 1777 2022 1840 Β
2047 1766 2210 1845 emis
2233 1791 2551 1860 quihusda
2581 1809 2644 1849 ex
2676 1766 2875 1852 magis.

355 1866 550 1936 lingua:
596 1861 782 1936 [illius]
813 1871 897 1918 est
941 1877 1038 1932 per
1063 1873 1102 1918 Π
1130 1858 1283 1932 μη,
1314 1858 1366 1931 e]
1418 1859 1638 1928 quidem
1685 1857 1943 1922 scribere,

355 1957 451 2010 sed
480 1971 578 2025 per
604 1973 636 2008 a
663 1954 872 2024 legere;
902 1955 1041 2007 sicut
1069 1968 1100 2006 e
1137 1959 1327 2007 contra
1358 1969 1391 2005 a
1416 1951 1652 2005 litteram
1680 1963 1826 2019 saepe
1848 1962 1946 2018 per

354 2060 383 2096 e
401 2044 768 2113 pronuntiant.
797 2042 860 2096 Et
884 2041 1018 2096 dixit
1042 2041 1184 2094 Deus
1205 2041 1273 2094 ad
1295 2039 1598 2093 Abraham:
1618 2036 1772 2093 Sarri
1795 2035 1942 2108 [ms.,

359 2132 566 2203 Sarrai]
599 2148 732 2185 uxor
766 2141 891 2194 tua,
922 2147 1028 2183 non
1055 2129 1260 2183 vocabis
1285 2144 1401 2182 eam
1444 2126 1627 2191 Sarri,
1657 2126 1750 2181 sed
1776 2124 1943 2181 Sarra

360 2226 457 2278 erit
485 2240 669 2277 nomen
691 2223 806 2292 ejus
829 2220 978 2292 (Gen.
1005 2236 1139 2285 IV“,
1155 2219 1263 2290 15).
1288 2220 1488 2274 Errant
1509 2216 1664 2290 [Ms.,
1687 2218 1753 2272 Et
1771 2215 1939 2287 sunt},

358 2318 452 2387 qui
504 2323 697 2386 putant
745 2316 979 2384 primum
1026 2311 1191 2368 Sarra
1245 2327 1344 2382 per
1390 2326 1560 2365 unum
1609 2327 1639 2363 r
1683 2310 1942 2381 scriptum

358 2406 547 2470 fuisse,
577 2411 633 2458 et
673 2411 859 2474 postea
887 2402 936 2457 ei
982 2401 1210 2456 alterum
1241 2417 1268 2453 r
1296 2401 1556 2466 additum,
1598 2401 1724 2469 quia
1749 2416 1776 2452 r
1801 2399 1944 2469 apud

357 2496 574 2553 Graecos
598 2497 939 2551 centenarias
965 2509 1222 2549 numerus
1244 2501 1348 2549 est.
1378 2493 1530 2548 Sarri
1557 2493 1714 2565 [Ms.,
1732 2491 1940 2565 Sarrai]

357 2599 488 2655 ergo
531 2585 766 2654 primum
803 2591 996 2638 vocata
1022 2591 1108 2638 est
1129 2597 1228 2652 per
1254 2589 1316 2641 Ἶτ
1362 2579 1516 2654 [Ms.,
1558 2597 1658 2651 per
1693 2581 1799 2646 sin,
1831 2595 1942 2645 res,

350 2671 494 2745 joth]
522 2672 732 2728 sublato
753 2671 868 2740 jod,
896 2673 949 2728 id
987 2679 1090 2738 est,
1121 2673 1231 2726 iota
1273 2670 1557 2733 elemento,
1591 2671 1833 2725 additum
1860 2677 1945 2724 est

355 2781 405 2828 e,
435 2768 577 2833 quod
601 2778 697 2833 per
723 2780 755 2816 a
776 2762 989 2835 legitur,
1017 2769 1074 2816 et
1099 2769 1290 2816 vocata
1319 2768 1403 2816 est
1429 2760 1616 2816 Sarra.
1645 2761 1823 2817 Causa
1848 2777 1944 2816 au-

359 2863 468 2910 tem
513 2853 748 2908 nominis
794 2854 984 2907 mutati
1033 2853 1148 2906 haec
1175 2860 1262 2907 est
1287 2853 1430 2922 quod
1467 2860 1624 2906 antea
1666 2851 1946 2906 dicebatur

354 2947 596 3016 princeps
626 2942 809 3015 [mea],
839 2943 999 2996 unius
1041 2941 1412 2997 tantummodo
1440 2942 1634 2998 domus
1677 2939 1940 2995 materfa-

359 3033 568 3098 milias;
600 3040 788 3103 postea
813 3046 942 3086 vero
967 3031 1165 3085 dicitur
1186 3030 1426 3086 absolute
1453 3032 1710 3128 princeps.

431 3183 598 3238 Inter.
629 3183 749 3237 174.
780 3182 960 3250 Quare
985 3184 1260 3239 Abraham
1288 3185 1754 3242 circumcisionem
1785 3203 1940 3244 acce-

356 3273 440 3342 pit
469 3267 620 3343 (vers.
643 3269 770 3342 24)?
787 3302 858 3312 —
886 3271 1043 3342 Resp.
1072 3272 1278 3329 Idcirco
1305 3273 1535 3329 Abrahae
1562 3277 1939 3332 commendata

360 3359 514 3434 [Ms.,
537 3360 684 3432 data]
728 3371 814 3416 est
853 3363 1210 3429 circumcisio,
1238 3372 1300 3417 ut
1343 3365 1443 3419 sub
1467 3364 1582 3436 lege
1607 3376 1771 3434 esset,
1801 3368 1941 3423 sicut

359 3451 481 3526 [et]
525 3452 718 3518 Adam,
756 3468 826 3508 ne
869 3454 937 3508 de
981 3453 1123 3524 ligno
1169 3454 1554 3521 manducaret,
1595 3465 1654 3510 ut
1691 3473 1939 3528 compro-

355 3544 598 3610 baretur,
626 3545 670 3599 si
701 3544 996 3614 compleret
1037 3544 1161 3608 hoc,
1202 3560 1268 3599 an
1317 3546 1463 3601 non?
1507 3546 1747 3604 Credens
1792 3550 1937 3604 enim

359 3634 527 3690 ﬁlium
557 3652 615 3691 se
658 3621 987 3701 habiturum,
1015 3651 1113 3707 per
1140 3636 1293 3706 cujus
1322 3641 1722 3710 generationem
1764 3643 1940 3698 omni-

355 3725 456 3780 bus
485 3726 731 3796 gentibus
758 3727 1060 3782 benedictio
1088 3728 1269 3783 futura
1295 3738 1461 3797 esset,
1491 3719 1547 3786 et
1576 3733 1631 3787 in
1660 3735 1814 3805 cujus
1843 3751 1938 3790 ne-

354 3815 570 3886 potibus
616 3818 878 3873 castitatis
929 3828 983 3872 et
1032 3819 1337 3876 sobrietatis
1389 3825 1604 3878 unicum
1651 3827 1940 3882 mansisset

357 3907 672 3978 exemplar:
706 3909 848 3964 unde
874 3909 926 3964 in
959 3925 1023 3966 ea
1061 3921 1213 3982 parte
1259 3915 1500 3984 corporis
1551 3917 1762 3987 signum
1814 3919 1937 3974 ﬁdei

357 3998 582 4067 accepit,
616 3999 756 4053 unde
785 3999 880 4072 [et]
917 3999 1056 4057 ﬁlius
1087 4002 1208 4057 ﬁdei
1234 4001 1424 4074 [Edit.,
1449 4005 1590 4077 Dei],
1619 4023 1728 4062 non
1756 4011 1938 4066 carnis

361 4087 669 4142 nasciturus
697 4079 846 4155 erat;
878 4107 976 4146 nec
1005 4100 1249 4147 truncata
1282 4097 1524 4164 corporis
1571 4107 1722 4168 parte
1761 4100 1938 4156 defor-

358 4176 516 4242 mior,
547 4179 643 4232 sed
687 4178 809 4234 ﬁdei
836 4182 891 4234 in
922 4180 1091 4236 Deum
1135 4185 1286 4253 signo
1314 4185 1612 4254 gloriosior.
1645 4189 1810 4260 igitur
1837 4209 1936 4262 pro

355 4268 467 4323 Deo
497 4268 694 4339 aliquid
725 4273 949 4341 perdere
995 4273 1202 4328 lucrum
1243 4284 1344 4342 est,
1387 4293 1495 4332 non
1537 4281 1812 4336 damnum.
1857 4285 1935 4341 Ita

355 4359 625 4416 Abraham
656 4361 777 4417 ﬁdei
805 4379 916 4418 sua:
936 4365 1147 4436 signum
1175 4368 1445 4438 accipiens
1471 4386 1574 4429 non
1600 4373 1936 4431 deformatus

2115 1881 2281 1937 Inter.
2309 1883 2429 1938 l't'8.
2475 1883 2765 1954 Quaeritur,
2797 1904 2919 1944 cum
2961 1900 3074 1946 tres
3119 1894 3221 1948 viri
3266 1906 3483 1962 essent,
3531 1901 3628 1969 qui

2044 1970 2274 2028 Abrabte
2320 1986 2707 2044 apparuerunt,
2737 1983 3006 2048 quomodo
3043 1983 3387 2055 singulariter
3433 1987 3610 2043 Domi

2047 2079 2174 2117 num
2204 2065 2436 2134 appellat
2463 2068 2647 2122 dicens
2671 2088 2682 2123 :
2710 2069 2948 2138 Domine,
2976 2075 3021 2127 si
3052 2075 3223 2129 inveni
3247 2080 3470 2147 gratiam
3503 2089 3629 2133 ante

2044 2167 2093 2212 te
2142 2160 2316 2230 (vers.
2343 2161 2535 2232 5η-
2566 2162 2722 2233 Resp.
2768 2163 2934 2236 Igitur
2979 2167 3032 2221 in
3086 2168 3290 2237 angelis
3339 2169 3629 2227 Dominum

2044 2250 2304 2315 sentiens,
2336 2251 2563 2308 Domino
2591 2255 2788 2324 potius,
2821 2257 2980 2325 quam
3011 2258 3216 2327 angelis
3261 2259 3405 2331 loqui
3437 2262 3618 2334 elegit.

2045 2339 2112 2392 Et
2153 2341 2366 2408 quidem
2397 2344 2684 2414 aliquando
2728 2347 3073 2419 imaginibus,
3102 2360 3159 2406 et
3184 2361 3306 2408 ante
3335 2369 3628 2427 corporeos

2043 2431 2246 2496 oculos,
2273 2434 2338 2488 ad
2365 2443 2576 2505 tempus
2597 2452 2663 2493 ex
2693 2454 2818 2494 aere
2849 2443 3140 2512 assumptis
3167 2459 3264 2513 per
3293 2445 3512 2516 angelos
3541 2445 3628 2502 lo-

2043 2523 2225 2590 quitur
2253 2523 2419 2590 Deus,
2468 2527 2606 2581 sicut
2653 2544 2796 2584 nunc
2844 2530 3118 2587 Abraham
3148 2550 3252 2589 non
3301 2536 3476 2590 solum
3517 2546 3630 2594 tres

2042 2614 2186 2668 viros
2232 2615 2415 2671 videre
2468 2619 2662 2688 potuit,
2697 2621 2791 2675 sed
2836 2623 2999 2676 etiam
3052 2632 3268 2679 terreno
3318 2625 3627 2682 habitacula

2041 2706 2282 2775 recipere
2308 2715 2365 2762 et
2387 2723 2580 2762 eorum
2605 2711 2793 2766 usibus
2829 2714 2992 2766 etiam
3023 2715 3171 2770 cibos
3201 2715 3474 2772 adhibere.
3507 2715 3624 2772 Nisi

2043 2799 2189 2852 enim
2218 2799 2416 2868 angeli,
2447 2815 2570 2854 cum
2597 2803 2841 2869 qundam
2872 2803 3026 2858 nobis
3064 2805 3118 2858 in
3170 2814 3311 2860 terra
3350 2810 3626 2874 nuntiant,

2041 2888 2109 2942 ad
2139 2897 2350 2959 tempus
2375 2907 2442 2945 ex
2483 2907 2625 2946 aere.
2649 2907 2847 2964 corpus
2877 2906 3240 2963 assumereut,
3270 2899 3628 2955 exterioribus

2040 2977 2284 3047 profecto
2308 2982 2508 3036 nostris
2532 2982 2805 3040 obtutibus
2838 3001 2943 3040 non
2970 2996 3312 3057 apparerent.
3337 2988 3448 3044 Nec
3473 2989 3626 3045 cibos

1967 3110 2012 3172 ρ
2044 3084 2168 3124 cum
2208 3069 2481 3126 Abraham
2529 3084 2823 3140 sumerent,
2854 3077 2959 3131 nisi
3002 3087 3224 3148 propter
3247 3095 3346 3136 nos
3396 3081 3626 3137 solidum

2044 3159 2243 3230 aliquid
2283 3177 2350 3216 ex
2397 3163 2605 3218 cmlesti
2651 3167 2916 3222 elemento
2961 3178 3256 3238 gestarent.
3289 3171 3400 3228 Nec
3429 3174 3623 3230 mirum

2001 3309 2010 3314 _
2041 3253 2184 3321 quod
2215 3251 2286 3306 illi
2314 3252 2413 3322 ipsi
2445 3255 2535 3325 qui
2567 3259 2804 3328 suscepti
2843 3267 2990 3324 sunt,
3047 3262 3208 3316 modo
3234 3263 3432 3334 angeli,
3465 3267 3628 3321 modo

2041 3341 2298 3398 Dominus
2328 3343 2521 3417 [Edit.,
2551 3347 2789 3421 Domini]
2816 3359 3109 3417 vocantur;
3141 3353 3266 3422 quia
3305 3355 3620 3426 angelorum

2040 3431 2305 3487 vocabulo
2347 3434 2746 3503 exprimuntur,
2792 3440 2883 3507 qui
2933 3443 3173 3496 exterius
3219 3444 3624 3512 ministrabant,

2037 3526 2094 3573 et
2120 3520 2474 3588 appellatione
2524 3523 2734 3580 Domini
2781 3529 3102 3595 ostenditur,
3136 3533 3227 3598 qui
3271 3533 3351 3588 eis
3396 3534 3626 3592 interius

2038 3622 2300 3681 praaerat:
2332 3623 2392 3668 ut
2429 3631 2528 3684 per
2572 3617 2675 3672 hoe
2719 3621 3055 3688 praesidentis
3098 3622 3415 3692 imperium,
3443 3635 3498 3681 et
3524 3642 3626 3697 per

2039 3701 2172 3756 illud
2193 3702 2518 3758 claresceret
2539 3704 2772 3760 oﬁicium
2799 3708 3241 3765 ministrantium.
3458 3774 3462 3780 η

2107 3791 2267 3862 322
2290 3791 2454 3847 Inter.
2478 3794 2597 3849 179.
2623 3794 2761 3862 Quid
2785 3806 2869 3853 est
2888 3797 3099 3854 clamor
3122 3801 3512 3873 Sodomorum;
3539 3811 3623 3864 vel

2038 3883 2166 3950 quid
2191 3891 2292 3947 est,
2319 3885 2462 3952 quod
2489 3885 2746 3956 Dominus
2782 3888 2950 3943 dixit:
2984 3890 3305 3946 Descendunt
3334 3905 3384 3949 et
3416 3897 3622 3966 videbo,

2037 3983 2212 4026 utrum
2243 3974 2520 4029 clamorem
2547 3979 2634 4048 qui
2665 3982 2798 4033 venit
2827 3981 2894 4034 ad
2939 3999 3038 4047 me,
3070 4001 3220 4056 opere
3251 3989 3614 4059 compleverint

2039 4061 2204 4133 (Gen.
2235 4079 2399 4130 xviii,
2423 4066 2512 4131 20,
2551 4068 2766 4140 21)?—-
2796 4071 2952 4143 Resp.
2984 4074 3270 4132 Peccatum
3315 4096 3439 4136 cum
3490 4100 3619 4142 voce

2036 4161 2124 4208 est
2165 4153 2317 4224 culpa
2362 4156 2417 4210 in
2447 4160 2686 4226 actione;
2718 4173 3000 4232 peccatum
3052 4184 3181 4225 vero
3210 4187 3333 4227 cum
3375 4175 3620 4234 clamore

2036 4253 2121 4299 est
2157 4247 2310 4317 culpa
2358 4264 2480 4304 cum
2535 4251 2784 4309 libertate
2829 4253 2884 4311 et
2916 4257 3196 4326 iactantia.
3228 4263 3382 4330 Quod
3435 4279 3615 4324 autem

2036 4337 2209 4391 dixit:
2242 4339 2562 4396 Descendunt
2587 4354 2635 4397 et
2677 4346 2874 4414 videbo,
2907 4359 2962 4406 et
3003 4350 3246 4429 [caetera]
3286 4359 3620 4428 hujusmodi,

355 4459 458 4517 est,
489 4454 581 4507 sed
610 4453 937 4509 melioratus.
984 4432 1038 4510 Si
1082 4459 1225 4513 enim
1254 4459 1420 4516 Adam
1465 4473 1682 4533 pactum
1711 4467 1808 4523 Dei
1838 4486 1934 4525 cu-
1965 4449 2013 4509 θ
2037 4439 2380 4533 ?"T3”"°‘e"s
2407 4432 2740 4533 Βθῖηῃῖυδθί
2765 4454 2946 4496 omnm
2977 4447 3186 4515 δοίθηδῖ
3216 4465 3314 4504 ειη
3345 4461 3466 4506 ante
3489 4469 3604 4522 Pro'

356 4541 627 4607 stodisset,
656 4543 928 4599 Abraham
958 4548 1061 4602 hoc
1088 4560 1305 4618 pactum
1349 4568 1456 4608 non
1483 4559 1796 4628 accepisset.
1830 4560 1937 4620 Sed

355 4633 480 4700 quia
513 4632 598 4686 ille
625 4634 676 4686 in
707 4635 811 4689 hoc
851 4638 1092 4692 membro
1119 4640 1332 4711 culpam
1361 4644 1735 4704 inobedientia:
1761 4653 1936 4722 primo

355 4723 594 4793 agnovit,
627 4723 807 4780 decuit
831 4736 889 4780 ut
932 4729 1032 4782 iste
1057 4730 1110 4783 in
1141 4731 1244 4786 hoc
1269 4735 1513 4790 membro
1555 4739 1766 4810 signum
1808 4745 1936 4801 obe-

355 4813 573 4868 dientim
597 4817 833 4871 secundo
863 4817 996 4889 [ΑΙ.,
1023 4821 1314 4895 secundus]
1343 4827 1639 4894 acciperet;
1671 4839 1730 4885 ut
1756 4843 1934 4888 osten-

356 4902 574 4958 deretur
622 4905 931 4962 obedientes
979 4911 1300 4981 quandoque
1348 4929 1638 4986 generasse
1687 4919 1824 4976 ﬁlios
1865 4926 1933 4980 ad

356 4992 544 5060 vitam,
572 4995 699 5051 dum
723 4996 850 5052 olim
877 5002 1319 5068 praevaricatores
1351 5019 1675 5075 generaruut
1694 5014 1760 5068 ad
1791 5029 1936 5070 mor—

361 5089 492 5137 tem.

425 5208 590 5266 Inter.
616 5213 734 5269 175.
768 5213 1016 5289 Nunquid
1046 5220 1331 5294 [dubitanti
1363 5229 1568 5303 animo]
1613 5234 1787 5290 dixit:
1822 5238 1934 5293 Pu-

358 5309 509 5358 tasne
530 5309 825 5362 centenario
851 5323 1093 5368 nascetur
1117 5316 1281 5386 ﬁlius,
1306 5329 1356 5374 et
1384 5319 1551 5377 Sarra
1577 5333 1932 5398 nonagenaria

356 5397 521 5461 pariet
567 5397 719 5470 (vers.
749 5401 865 5475 l7)?
884 5437 955 5446 ——
976 5406 1133 5479 Resp.
1160 5409 1276 5466 Non
1302 5413 1466 5469 verba
1494 5417 1609 5472 hinc
1637 5397 1933 5478 dubitantis

363 5481 700 5544 difﬁdentiam
721 5495 1028 5563 ostendunt,
1052 5499 1148 5554 sed
1173 5500 1488 5557 admirantis
1513 5506 1784 5575 gaudium.
1809 5511 1931 5566 ldeo

357 5587 466 5642 pne
494 5578 687 5646 gaudio
734 5581 957 5641 ridentis
997 5587 1229 5646 Abrahae
1269 5591 1412 5647 ﬁlius
1443 5594 1721 5652 dicebatur
1754 5600 1925 5657 Isaac.

358 5663 542 5740 [Nam]
573 5668 713 5725 risus
742 5671 842 5729 iste
886 5676 940 5730 in
981 5677 1121 5732 bono
1151 5682 1321 5751 accipi
1352 5684 1529 5750 debet,
1561 5695 1621 5742 ut
1665 5689 1719 5745 in
1755 5692 1929 5748 Evan-

2037 4515 2309 4573 bationem
2357 4523 2512 4589 quasi
2567 4525 2802 4594 dubitat,
2857 4533 2961 4588 nisi
3012 4544 3072 4590 ut
3122 4542 3401 4610 gravitatis
3455 4515 3618 4598 nobis

2035 4608 2338 4678 exemplum
2364 4622 2650 4682 proponat,
2680 4633 2748 4673 ne
2776 4622 2918 4676 mala
2948 4608 3225 4683 hominum
3257 4640 3378 4686 ante
3409 4648 3612 4702 prtesu-

2036 4711 2248 4752 mamus
2278 4701 2500 4758 credere
2545 4720 2706 4775 quam
2740 4712 3003 4779 probare?
3026 4716 3094 4771 Et
3119 4734 3245 4774 ecce
3273 4731 3333 4776 ut
3375 4701 3472 4794 per
3511 4741 3611 4780 an-

2035 4790 2180 4860 gelos
2206 4791 2273 4846 ad
2297 4800 2669 4865 cognoscenda
2711 4803 2852 4858 mala
2880 4806 3178 4875 descendit,
3223 4829 3347 4869 mox
3375 4790 3608 4874 ‘facino-

2037 4895 2187 4980 rosas
2214 4885 2463 4951 percutit.
2491 4886 2669 4959 Atque
2701 4893 2788 4947 ille
2837 4898 3067 4965 patiens,
3116 4902 3204 4957 ille
3246 4907 3414 4974 mitis,
3445 4903 3610 4980 lilio.)

2035 4971 2100 5026 de
2125 4977 2235 5040 quo
2261 4975 2518 5044 scriptum
2545 4988 2629 5034 est
2656 4999 2669 5034 :
2713 4982 2789 5037 Tu
2819 4997 2990 5041 autem
3029 4990 3271 5062 [Domine
3275 5004 3293 5067 J
3325 4971 3614 5056 cum‘tran;

2031 5061 2288 5156 quillitate
2322 5065 2540 5134 judicas
2577 5070 2729 5142 (Sap.
2753 5089 2853 5140 xu,
2883 5077 2988 5150 18).
3021 5080 3110 5137 ille
3138 5083 3203 5140 de
3249 5061 3358 5156 quo
3395 5105 3617 5144 rursum.

2031 5152 2292 5222 scriptum
2335 5165 2455 5211 est:
2485 5158 2739 5217 Dominus
2785 5167 2989 5234 patiens
3035 5182 3132 5237 est,
3159 5152 3282 5230 cuni
3313 5176 3413 5252 [in]
3460 5189 3614 5237 tanto

2032 5243 2256 5299 crimine
2299 5246 2563 5305 involutos
2611 5252 2908 5325 inveniens,
2934 5264 3088 5330 quasi
3135 5243 3447 5337 patientiam
3475 5291 3613 5345 prte-

2034 5337 2282 5403 termisit,
2310 5347 2365 5393 et
2391 5341 2532 5396 diem
2562 5349 2787 5403 extremi
2818 5350 3005 5419 judicii
3051 5371 3367 5428 exspectare
3394 5337 3610 5422 ad-vin-

2032 5425 2226 5482 dictam
2254 5429 2443 5495 noluit,
2475 5434 2569 5487 sed
2599 5452 2691 5493 eos
2718 5439 2843 5510 igne
2875 5441 3066 5511 judicii
3108 5425 3232 5505 ante
3260 5453 3400 5508 diem
3421 5454 3611 5523 judicii

2030 5519 2303 5583 praevenit.
2336 5520 2475 5577 Ecce
2503 5525 2727 5593 malum,
2746 5538 2801 5585 et
2826 5536 2981 5602 quasi
3007 5553 3128 5593 cum
3155 5519 3465 5602 diilicultate
3492 5561 3610 5603 cre-

2031 5607 2166 5663 didit
2189 5627 2312 5667 cum
2342 5616 2576 5684 audivit;
2607 5628 2663 5675 et
2687 5630 2865 5681 tamen
2895 5629 3011 5684 siue
3045 5633 3294 5692 tarditate
3321 5639 3611 5707 percussit,

2031 5712 2150 5753 cum
2182 5716 2368 5760 verum
2398 5715 2770 5778 cognoscendo
2804 5720 3042 5787 reperit:
3078 5732 3136 5778 ut
3162 5726 3317 5782 nobis
3361 5729 3610 5788 videlicet
