4006 6186
350 282 447 338 5-11

957 277 1368 334 EXEGETICA.
1409 309 1479 319 —
1515 279 1891 337 INTERROG.
1932 323 1935 333 .

2062 279 2395 336 RESPONS.
2439 280 2508 336 ΙΝ
2545 282 2814 340 ΟΕΝΕΞ..
2864 285 3014 342 ETC.

3522 294 3630 350 513

352 401 509 448 daret
532 390 864 461 exemplum,
892 391 1021 459 quia
1047 391 1262 461 majora
1282 391 1512 446 crimina
1540 400 1597 446 et
1632 392 1784 448 tarde
1821 407 1940 447 cre—
1966 396 2014 451 A
2043 403 2151 444 non
2178 391 2378 460 poterit
2414 390 2664 446 liberari?
2693 392 2760 447 Et
2789 394 2928 450 hanc
2955 398 3295 453 occasionem
3340 401 3631 458 inﬁdelita—

352 483 528 545 nenda
556 490 685 536 sunt
722 496 845 536 cum
877 481 1192 546 audiuntur,
1222 489 1279 535 et
1304 482 1464 536 citius
1491 482 1784 552 punienda,
1816 497 1936 536 cum

355 585 622 629 veracrter
665 577 1050 640 agnoscuntur.
1179 556 1208 575 ”

421 662 591 716 Inter.
623 660 742 718 180.
775 659 960 728 Quare
1001 660 1277 715 Abraham
1320 661 1456 716 dixit
1483 679 1496 714 :
1536 659 1716 715 Putris
1750 677 1868 714 sunt
1890 669 1939 714 et

354 757 484 810 cinis
509 749 666 822 (Gen.
691 766 845 814 xvm,
867 750 982 823 27),
1009 766 1133 806 cum
1161 759 1346 805 tantas
1361 751 1749 822 promissiones
1773 767 1803 805 a
1829 751 1940 806 Deo

353 843 688 914 accepisset?
704 872 774 882 -—
798 841 953 913 Resp.
979 841 1373 898 Sublimitatem
1401 843 1817 914 promissionum
1845 843 1941 898 hu-

351 934 600 990 militatis
629 934 952 1003 temperavit
978 932 1330 1003 subjectione.
1368 935 1505 1004 Apte
1549 933 1701 1007 [Ms.,
1733 934 1939 1007 aperte]

352 1028 501 1082 enim
530 1025 843 1096 intelligitur
870 1027 927 1080 in
973 1026 1228 1095 quoloco
1256 1041 1314 1082 se
1339 1036 1610 1096 posuerat,
1639 1028 1730 1096 qui
1757 1027 1942 1097 pulve-

351 1134 470 1174 rem
497 1134 560 1174 se
599 1133 664 1173 ac
693 1119 935 1174 cinerem
964 1119 1129 1173 etiam
1174 1128 1290 1174 tum
1320 1136 1442 1175 cum
1471 1120 1584 1177 Deo
1607 1121 1936 1189 loqueretur,

352 1209 674 1264 aestimabat.
708 1208 763 1264 Si
790 1209 952 1281 igitur
973 1224 1034 1265 se
1059 1211 1136 1265 ita
1160 1212 1406 1282 despicit,
1433 1212 1524 1281 qui
1550 1227 1721 1282 usque
1749 1211 1815 1266 ad
1843 1212 1940 1266 ho—

355 1316 545 1356 norem
591 1301 782 1355 divinae
833 1300 1204 1380 collocutionis
1253 1301 1404 1375 [Ms.,
1447 1301 1937 1374 contemplationis]

353 1393 631 1457 ascendit,
682 1391 910 1448 sollicita
953 1394 1251 1450 intentione
1294 1397 1626 1465 pensandum
1671 1402 1786 1461 est,
1834 1410 1939 1464 qua

351 1499 516 1555 pinna
544 1484 618 1539 illi
645 1482 875 1540 feriendi
899 1493 1044 1551 sunt,
1067 1487 1160 1555 qui
1183 1488 1251 1542 ad
1275 1503 1483 1542 summa
1504 1503 1609 1542 non
1631 1487 1935 1558 proﬁciunt,

353 1590 414 1633 et:
434 1587 615 1632 tamen
643 1578 711 1632 de
736 1578 975 1634 minimis
1001 1579 1350 1634 extolluntur.

425 1669 594 1724 Inter.
624 1669 745 1726 181.
778 1669 954 1737 Quaeri
985 1671 1122 1727 solet
1165 1680 1347 1726 utrum
1389 1673 1532 1741 quod
1575 1671 1642 1726 de
1690 1669 1939 1727 Sodomis

353 1761 493 1818 dixit
513 1761 676 1825 Deus,
696 1776 800 1815 non
823 1775 882 1816 se
907 1762 1132 1832 perdere
1151 1762 1350 1825 locum,
1375 1764 1420 1818 si
1443 1763 1816 1818 invenirentur
1835 1763 1942 1818 illic

352 1864 574 1913 centum
597 1856 686 1910 vei
726 1857 910 1912 decem
952 1855 1084 1924 justi
1109 1856 1260 1929 (vers.
1291 1858 1382 1923 26,
1411 1858 1502 1928 52)
1521 1899 1536 1924 ,
1560 1858 1781 1928 Speciali
1808 1873 1943 1928 qua—

351 1951 480 2005 dam
509 1950 779 2005 sententia
808 1949 874 2004 de
902 1948 993 2004 illa
1023 1950 1262 2016 civitate,
1293 1967 1361 2005 an
1399 1950 1466 2006 de
1493 1951 1744 2006 omnibus
1781 1952 1940 2007 intel-

351 2038 624 2111 ligendum
648 2041 721 2095 sit
736 2041 1082 2111 generaliter,
1109 2057 1334 2112 parcere
1365 2043 1699 2110 Deumloco,
1725 2045 1778 2099 in
1807 2061 1941 2115 quo-

349 2147 567 2202 cunque
608 2133 691 2187 vel
729 2134 924 2189 decem
957 2135 1091 2204 justi
1136 2133 1464 2190 fuerint?-—
1493 2136 1646 2208 Resp.
1695 2137 1815 2192 Non
1858 2146 1942 2192 est

353 2220 618 2294 [quidem]
669 2237 915 2290 necesse,
963 2232 1024 2278 ut
1073 2226 1177 2281 hoc
1224 2226 1289 2281 de
1336 2228 1482 2281 omni
1530 2227 1650 2282 loco
1694 2229 1940 2298 accipere

349 2312 755 2383 eompellamur.
788 2315 1171 2371 Verumtamen
1221 2317 1289 2373 de
1346 2317 1595 2373 Sodomis
1641 2321 1818 2388 potuit
1862 2321 1941 2375 sic

349 2403 484 2469 diei,
513 2405 641 2472 quia
683 2405 890 2459 sciebat
933 2406 1096 2471 Deus,
1126 2407 1198 2462 ibi
1232 2423 1338 2463 non
1383 2425 1504 2464 esse
1530 2410 1615 2465 vel
1646 2410 1854 2475 decem,
1885 2419 1940 2464 et

351 2497 478 2552 ideo
505 2498 585 2552 sic
612 2499 1040 2568 respondebatur
1060 2500 1317 2565 Abrahae,
1336 2509 1393 2554 ut
1415 2502 1814 2573 signiﬁcaretur
1836 2518 1938 2558 nec

352 2599 434 2644 tot
460 2589 534 2644 ibi
562 2605 721 2661 posse
761 2591 1007 2657 inveniri,
1039 2592 1107 2647 ad
1135 2596 1606 2665 exaggerationem
1635 2597 1937 2670 iniquitatis

350 2682 585 2736 illorum.

425 2770 591 2825 Inter.
625 2771 746 2826 182.
770 2773 950 2840 Quare
974 2773 1246 2829 Abraham
1275 2777 1328 2830 in
1375 2777 1546 2830 tribus
1573 2777 1704 2830 viris
1735 2777 1857 2840 illis,
1893 2778 1936 2832 si

347 2861 528 2915 Deum.
548 2861 812 2918 intellexit
835 2865 913 2919 vel
943 2866 1178 2937 angelos,
1204 2875 1257 2922 et
1282 2867 1476 2921 iterum
1502 2866 1605 2921 Lot
1631 2869 1684 2921 in
1703 2867 1936 2934 duobus,

347 2965 444 3005 eos
478 2951 717 3007 humano
757 2953 884 3008 cibo
931 2955 1076 3009 vesci
1124 2954 1468 3024 putabat?—
1497 2955 1650 3026 Resp.
1682 2955 1936 3012 Fortasse

351 3041 500 3109 prius
540 3056 636 3096 eos
680 3042 927 3098 homines
973 3058 1098 3098 esse
1144 3045 1388 3099 arbitrati
1433 3053 1593 3111 sunt,
1640 3046 1692 3099 in
1739 3045 1934 3116 quibus

353 3130 520 3185 Deum
550 3131 696 3202 loqui
740 3133 1151 3199 intellexerunt;
1192 3134 1514 3203 quibusdam
1543 3136 1738 3190 divina:
1767 3137 1936 3207 maje-

350 3223 505 3278 statis
554 3224 915 3279 existentibus
962 3232 1020 3278 et
1082 3225 1468 3295 apparentibus
1510 3227 1712 3297 signis,
1752 3235 1942 3296 postea

351 3313 518 3369 fuisse
565 3315 784 3384 angelos
823 3324 1216 3387 cognoverunt,
1257 3331 1379 3371 cum
1425 3318 1506 3372 eis
1533 3318 1840 3373 videntibus
1885 3319 1939 3372 in

354 3406 553 3462 caelum
582 3407 763 3462 issent.
797 3406 904 3463 Sed
952 3408 1267 3463 intuendum
1295 3417 1380 3463 est
1421 3410 1510 3464 hic
1549 3417 1809 3478 quantum
1839 3409 1936 3463 bo-

353 3516 486 3554 num
537 3499 609 3554 sit
660 3499 1010 3570 hospitalitas.
1067 3501 1398 3572 Hospitalem
1447 3502 1668 3557 domum
1712 3501 1940 3572 ingressi

351 3601 478 3648 sunt
499 3592 694 3664 angeli,
717 3593 928 3648 clausas
956 3594 1197 3648 hostium
1221 3593 1373 3666 [Ms.,
1400 3591 1722 3665 hospitibus]
1751 3594 1939 3650 domos

349 3685 624 3756 ingressus
651 3694 737 3739 est
765 3686 920 3756 ignis.

417 3777 583 3831 Inter.
619 3776 740 3831 185.
771 3775 832 3831 Si
852 3777 1110 3847 judicium
1143 3778 1237 3834 Dei
1261 3780 1470 3850 justum
1515 3788 1622 3844 est,
1651 3795 1822 3850 quare
1850 3781 1935 3834 in-

348 3867 523 3922 fantes
570 3869 628 3922 in
666 3868 915 3924 Sodomis
945 3869 1150 3942 [simul]
1196 3886 1318 3925 cum
1347 3872 1666 3942 parentibus
1711 3875 1937 3928 cremati

349 3961 593 4014 sunt?—
624 3959 778 4031 Resp.
812 3961 879 4016 Ut
907 3962 1069 4017 nimis
1100 3963 1325 4032 impium
1370 3962 1580 4018 facinus
1627 3964 1935 4019 Sodomita-

349 4066 464 4105 rum
494 4051 670 4122 possit
696 4052 922 4119 adverti,
953 4061 1236 4123 peccatum
1266 4069 1451 4109 eorum
1491 4056 1737 4124 pervenit
1765 4071 1936 4126 usque

350 4143 416 4197 ad
444 4157 636 4197 necem
665 4142 915 4209 ﬁliorum,
947 4160 1016 4199 ne
1047 4145 1112 4199 de
1144 4146 1352 4216 origine
1379 4147 1590 4201 illorum
1615 4148 1835 4218 aliquod
1857 4133 1933 4202 si.-

349 4249 512 4303 gnum
557 4242 881 4290 remaneret.
922 4235 1113 4291 Nonne
1156 4238 1430 4306 provisum
1473 4247 1560 4293 est
1589 4241 1715 4304 illis,
1745 4255 1812 4294 ne
1841 4242 1932 4295 diu

349 4322 588 4378 viventes
631 4324 874 4394 exempla
906 4336 1262 4396 sequerentur
1289 4336 1537 4397 patrum;
1567 4341 1622 4386 et
1665 4331 1834 4387 levius
1877 4334 1930 4388 in

346 4408 526 4465 futuro
551 4414 883 4479 crucientur,
911 4415 995 4470 vel
1023 4417 1246 4470 omnino
1273 4433 1402 4482 non,
1433 4418 1611 4473 aliena
1640 4435 1805 4474 causa
1835 4436 1929 4476 oc-

345 4503 463 4557 cisi.
493 4503 755 4562 Parentes
797 4506 988 4580 [enim]
1017 4516 1127 4564 tam
1157 4526 1255 4579 pro
1295 4526 1353 4566 se
1391 4528 1553 4582 quam
1593 4529 1694 4583 pro
1737 4515 1820 4569 his
1851 4517 1926 4570 rci

347 4602 488 4648 sunt.
525 4596 666 4667 Ergo
695 4615 842 4655 mors
883 4599 1112 4654 ﬁliorum
1152 4602 1359 4658 crimen
1404 4612 1490 4658 est
1531 4615 1833 4674 parentum,
1879 4616 1934 4662 et

346 4686 464 4743 ideo
491 4688 660 4744 futuri
705 4700 834 4745 sunt
875 4701 1234 4748 accusatores-
1256 4704 1557 4763 parentum.
1603 4697 1700 4751 Est
1743 4699 1930 4767 quale-

345 4793 556 4850 cunque
581 4779 902 4836 beneﬁcium
928 4799 1082 4837 reum
1107 4799 1210 4838 non
1238 4799 1380 4849 esse,
1405 4790 1493 4854 qui
1526 4787 1792 4857 gloriosus
1823 4805 1930 4843 non

347 4877 431 4924 est
457 4889 472 4921 :
503 4863 727 4939 prodest
754 4873 898 4926 enim
939 4889 1228 4944 pauperem
1259 4890 1364 4929 non
1395 4892 1536 4942 esse,
1569 4879 1660 4947 qui
1689 4895 1782 4933 rex
1811 4894 1932 4935 esse

343 4970 448 5015 lion
478 4969 676 5031 potest.

413 5049 578 5105 Inter.
604 5051 724 5106 184.
752 5051 1024 5118 Quaeritur
1068 5071 1236 5124 quare
1265 5056 1371 5112 Lot
1409 5073 1530 5114 cum
1563 5061 1747 5130 jussus
1790 5071 1933 5118 esset

344 5140 409 5195 ad
435 5150 676 5197 montem
707 5141 915 5214 fugere,
945 5143 1118 5217 Segor
1158 5148 1476 5217 prmt'ulerit,
1510 5159 1568 5204 ut
1594 5151 1666 5205 ibi
1695 5152 1932 5207 salvare-

347 5239 461 5297 tur;
493 5241 549 5286 et
574 5249 791 5288 rursum
817 5235 882 5289 de
912 5233 1084 5305 Segor
1104 5237 1170 5290 ad
1201 5248 1439 5293 montem
1465 5241 1751 5311 migrasset
1777 5240 1926 5314 (Gen.

345 5333 460 5385 lux,
483 5320 614 5394 20)?
633 5353 706 5362 —
727 5323 886 5394 Resp.
913 5324 1160 5379 Tradunt
1188 5326 1394 5384 Hebraei
1426 5332 1570 5400 quod
1608 5330 1777 5400 Segor
1819 5333 1928 5387 fre-

345 5422 573 5482 quenter
598 5425 755 5471 terrae
779 5426 930 5471 motu
959 5416 1207 5484 subruta,
1234 5420 1360 5475 Bale
1384 5424 1638 5492 primum,
1664 5433 1720 5478 et
1743 5434 1929 5493 postea

347 5502 548 5560 Salissa
597 5509 862 5577 appellata
914 5509 1018 5574 sit,
1065 5509 1411 5582 timueritque
1458 5514 1558 5569 Lot
1606 5517 1833 5571 dicens:
1873 5517 1929 5573 Si

348 5613 474 5652 cum
505 5609 736 5656 cmterre’
761 5603 937 5657 adhuc
982 5602 1146 5658 urbes
1187 5611 1415 5669 starent,
1460 5607 1564 5661 ista
1615 5624 1756 5679 saepe
1800 5611 1930 5666 sub-

351 5700 502 5742 versa
544 5700 648 5757 est,
693 5702 893 5765 quanto
934 5694 1110 5764 magis
1163 5710 1306 5752 nunc
1359 5697 1410 5751 in
1455 5701 1726 5753 communi
1773 5703 1928 5758 ruina

1960 3090 2010 3158 C

2045 479 2136 545 tis,
2165 479 2328 534 etiam
2360 481 2415 534 in
2446 480 2584 535 ﬁlias
2610 483 2784 537 coitus
2831 486 3156 556 principium
3186 489 3398 546 dedisse
3425 502 3632 547 certum

2041 578 2144 624 est.
2169 570 2271 636 Qui
2300 571 2444 625 enim
2475 579 2699 626 caeteras
2719 573 2879 642 323
2909 576 3117 630 viderat
3144 576 3330 632 subrui
3357 581 3633 645 civitates,

2041 669 2096 715 et
2118 661 2260 716 hanc
2289 660 2480 734 [stare,
2508 677 2672 731 seque
2702 664 2900 718 auxilio
2944 665 3040 720 Dei
3087 677 3298 723 erutum
3347 667 3436 740 (In
3478 670 3634 738 edit.,

2040 749 2308 816 mendose,
2335 761 2391 806 et
2419 753 2560 807 hanc
2587 753 2771 817 fuisse,
2797 771 2915 824 qua:
2939 755 3030 810 Dei
3062 757 3259 812 auxilio
3286 768 3440 814 eruta
3468 759 3632 834 est)];

2042 839 2225 908 utique
2256 841 2326 895 de
2367 857 2431 895 eo
2460 843 2604 912 quod
2637 843 2738 897 sibi
2787 860 3102 901 concessum
3148 849 3412 915 audierat,
3459 853 3634 908 ambi-

2041 945 2170 999 gere
2199 947 2304 986 non
2337 933 2540 988 debuit.
3406 921 3408 924 ’

2112 1021 2280 1077 Inter.
2309 1022 2429 1078 185.
2455 1022 2564 1078 Cur
2586 1025 2750 1095 igitur
2771 1029 2970 1098 angeli,
2988 1032 3140 1098 quasi
3167 1033 3404 1102 hospites
3433 1038 3630 1102 coacti,

2042 1113 2264 1169 domum
2317 1115 2417 1170 Lot
2467 1116 2723 1173 introisse
2761 1121 3059 1176 dicuntur?
3096 1154 3166 1163 —-—
3202 1122 3355 1195 Resp.
3401 1126 3470 1181 Ut
3511 1137 3634 1183 ten-

2043 1214 2153 1262 tata
2197 1217 2343 1263 esset
2397 1209 2636 1265 Charitas
2682 1212 2801 1275 Lot,
2857 1215 3084 1283 probata
3128 1223 3184 1270 et
3249 1228 3634 1274 remunerate:

2039 1305 2092 1352 et
2130 1306 2189 1352 ut
2215 1299 2595 1356 ostenderetur
2630 1313 2888 1372 quantum
2935 1317 3082 1362 esset
3119 1309 3504 1379 hOSpitalitatis
3538 1312 3636 1368 bo-

2040 1403 2189 1442 num.
2242 1388 2574 1460 Hospitalem
2619 1410 2746 1450 vero
2777 1398 2992 1451 domum
3025 1399 3200 1470 angeli
3237 1401 3467 1472 ingressi
3509 1414 3639 1460 sunt

2039 1479 2108 1534 ad
2144 1479 2479 1538 liberandum
2521 1486 2786 1555 hospitem
2829 1505 2986 1543 suum
3019 1505 3032 1543 :
3065 1491 3278 1548 clausas
3305 1504 3488 1551 autem
3539 1496 3636 1552 ho-

2039 1573 2269 1644 spitibus
2290 1575 2479 1633 domos
2491 1578 2630 1650 ignis
2653 1580 2928 1651 ingressus
2951 1580 3079 1656 [est]
3099 1585 3166 1639 ad
3188 1586 3492 1654 perdendos
3511 1602 3640 1657 pec-

2039 1673 2255 1720 catores
2277 1666 2331 1721 in
2348 1668 2447 1724 eis.
2472 1670 2676 1726 idcirco
2704 1671 2944 1743 h09pites
2970 1690 3077 1728 non
3106 1684 3234 1730 sunt
3251 1677 3510 1744 evitandi,
3539 1677 3637 1736 sed

1973 1744 2017 1802 Β
2046 1757 2188 1813 ultro
2215 1759 2500 1815 invitandi.

2118 1848 2294 1904 Inter.
2329 1851 2453 1908 186.
2484 1853 2760 1920 Qumritur
2780 1871 2949 1926 quare
2983 1859 3050 1912 de
3077 1859 3216 1914 ccelo
3239 1861 3478 1918 vindicta
3513 1861 3641 1917 data

2042 1947 2128 1994 est
2147 1956 2309 2010 super
2330 1943 2663 2002 habitatores
2686 1947 2881 2016 impios
2929 1949 3210 2004 civitatum
3237 1951 3451 2006 illarum
3478 1951 3634 2023 (Gen.

2043 2047 2157 2096 mi,
2189 2033 2327 2106 2‘)?
2365 2066 2435 2076 —-
2463 2035 2620 2108 Resp.
2653 2039 2788 2104 Quia
2819 2041 3024 2096 clamor
3051 2046 3394 2112 peccantium
3425 2046 3479 2100 in
3519 2061 3636 2102 cm-

2041 2122 2152 2178 lum
2199 2128 2508 2186 ascendisse
2556 2131 2792 2199 dicitur;
2821 2134 3025 2190 idcirco
3071 2137 3138 2192 de
3186 2139 3328 2194 ctelo
3377 2139 3639 2210 puniendi

2041 2223 2218 2268 erant.

2119 2309 2288 2364 Inter.
2351 2311 2473 2367 187.
2529 2312 2640 2368 Cur
2687 2313 2981 2384 sulphureo
3047 2333 3170 2388 igne
3233 2320 3640 2389 puniebantur?

2039 2435 2112 2444 -
2139 2403 2295 2474 Resp.
2328 2403 2398 2459 Ut
2426 2403 2798 2474 putidissimus
2829 2406 3069 2463 libidinis
3108 2409 3272 2465 ardor
3293 2412 3638 2479 putidissimo

2038 2494 2252 2549 ﬂamma
2261 2510 2378 2549 rum
2414 2496 2608 2550 ardore
2632 2497 2932 2564 puniretur.

2110 2585 2275 2640 Inter.
2311 2585 2431 2642 188.
2462 2585 2573 2642 Cur
2611 2586 2838 2660 [autem]
2870 2605 3006 2644 uxor
3044 2590 3148 2644 Lot
3175 2593 3228 2645 in
3257 2601 3492 2646 statuam
3535 2609 3628 2648 sa-

2039 2679 2104 2734 lis
2167 2693 2428 2734 conversa
2483 2686 2567 2733 est
2623 2677 2796 2749 (vers.
2825 2678 2956 2750 26).
2989 2711 3060 2720 —
3113 2681 3268 2752 Resp.
3309 2681 3387 2737 Ad
3437 2683 3628 2737 condi-

2037 2779 2282 2826 mentum
2328 2769 2606 2836 ﬁdelium;
2660 2771 2787 2838 quia
2831 2772 3041 2837 punitio
3077 2773 3228 2844 impii
3250 2773 3487 2830 eruditio
3541 2784 3628 2831 est

2032 2863 2188 2934 justi.

2108 2955 2276 3010 Inter.
2319 2955 2441 3012 1'89.
2497 2955 2614 3023 Quo
2663 2957 2892 3012 consilio
2939 2956 3064 3013 ﬁliae
3116 2957 3217 3013 Lot
3273 2962 3626 3016 concubitum

2035 3046 2204 3114 patris
2243 3045 2515 3115 petierunt
2581 3044 2598 3116 (
2633 3063 2761 3100 vers.
2801 3047 2889 3109 51,
2923 3047 2992 3102 55
3024 3047 3082 3118 );
3162 3047 3239 3102 vel
3296 3049 3365 3103 ab
3423 3049 3631 3104 incestu

2041 3137 2258 3207 purgari
2314 3145 2559 3206 possunt,
2609 3137 2734 3191 dum
2783 3138 2890 3192 hoc
2929 3139 3162 3192 scientes
3210 3136 3490 3205 fecerunt;
3547 3138 3638 3194 ille

2039 3243 2170 3282 vero
2219 3225 2421 3298 [quasi]
2461 3227 2746 3282 nesciens?
2775 3258 2848 3268 ——
2898 3226 3054 3298 Resp.
3102 3229 3330 3283 Videtur
3352 3227 3633 3301 [namque]

2041 3318 2179 3373 ﬁlias
2214 3319 2314 3373 Lot
2339 3319 2584 3388 quzedam
2624 3319 2878 3374 didicisse
2906 3320 2971 3374 de
3014 3320 3194 3375 szeculi
3244 3319 3399 3392 HIs,
3427 3319 3635 3393 mundi]

2040 3410 2527 3474 consummatione,
2586 3424 2708 3478 qua:
2757 3409 3064 3464 immineret
3122 3425 3220 3479 per
3270 3411 3485 3478 ignem:
3540 3411 3634 3464 sed

2043 3510 2297 3572 tanquam
2321 3501 2511 3571 puella:
2540 3517 2646 3556 non
2670 3502 3044 3569 intelligebant
3067 3501 3326 3571 perfecte,
3349 3515 3468 3569 quae
3495 3501 3634 3554 didi-

2039 3600 2247 3646 cerant.
2310 3588 2678 3662 [Nescierunt]
2727 3591 2870 3658 quod
2897 3588 3245 3644 Sodomiticis
3285 3589 3406 3659 igne
3442 3599 3630 3644 vasta-

2040 3681 2112 3736 tis
2155 3680 2383 3734 multum
2425 3679 2600 3733 adhuc
2644 3679 2875 3747 spatium
2929 3680 3200 3750 integrum.
3253 3678 3520 3734 resideret
3575 3681 3629 3734 in

2038 3770 2236 3825 mundo
2279 3770 2562 3838 suspicatte
2607 3777 2755 3834 sunt,
2797 3768 2903 3823 tale
2951 3769 3159 3839 aliquid
3194 3769 3418 3835 factum,
3472 3771 3633 3842 quale

2037 3861 2092 3913 in
2142 3859 2477 3928 temporibus
2521 3857 2633 3913 Noe
2686 3860 2994 3926 audierant,
3049 3870 3103 3916 et
3156 3863 3224 3915 ob
3274 3864 3628 3932 reparandum

2035 3948 2346 4002 mortalium
2390 3949 2768 4018 posteritatem
2807 3951 2950 4003 solas
2984 3965 3040 4003 se
3079 3966 3200 4004 esse
3237 3967 3362 4005 cum
3406 3962 3632 4022 parente

2035 4047 2300 4094 servatas.
2350 4038 2725 4108 Recuperaudi
2766 4039 2933 4110 igitur
2971 4039 3192 4093 humani
3231 4042 3448 4109 generis
3489 4043 3631 4096 desi-

2035 4131 2243 4186 derium
2296 4137 2536 4193 sumunt,
2578 4137 2740 4198 atque
2784 4129 3118 4184 instaurandi
3168 4129 3353 4184 saeculi
3397 4145 3464 4184 ex
3511 4147 3630 4186 sese

2033 4220 2270 4280 dandum
2316 4221 2605 4290 opinantur
2650 4218 2953 4274 exordium.
2992 4219 3060 4273 Et
3105 4235 3415 4289 quanquam
3465 4237 3628 4292 grave

2033 4311 2113 4366 eis
2139 4311 2345 4366 crimen
2373 4309 2664 4383 [videatur]
2700 4310 2866 4364 furari
2905 4312 3250 4366 concubitum
3284 4312 3473 4380 patris,
3502 4328 3624 4382 gra-

2015 4403 2156 4474 _vior
2183 4412 2362 4456 tamen
2400 4400 2482 4456 eis
2525 4401 2773 4470 impietas
2814 4400 3115 4465 videbatur,
3160 4401 3205 4455 si
3257 4401 3526 4465 humanm,
3566 4412 3626 4456 ut

2034 4493 2314 4562 putabant,
2356 4490 2692 4559 posteritatis
2719 4505 2869 4559 spem
2918 4500 3132 4544 servata
3173 4491 3426 4546 casti-tate
3454 4491 3625 4548 deles-

2031 4591 2169 4638 sent.
2202 4583 2428 4651 Propter
2458 4582 2562 4636 hoc
2585 4597 2714 4653 ergo
2740 4581 3024 4637 consilium
3055 4581 3262 4647 ineunt,
3297 4583 3528 4647 minore,
3563 4593 3624 4638 ut

2030 4673 2286 4737 arbitror,
2334 4672 2489 4741 culpa
2529 4669 2646 4744 [spe
2681 4670 2884 4744 tamen]
2935 4683 3366 4744 argumentoq—ue
3396 4673 3620 4743 majore,

2028 4766 2202 4836 patris
2227 4765 2543 4820 maestitiam
2570 4764 2656 4819 vel
2685 4765 2920 4834 rigorem
2940 4765 3075 4820 vino.
3097 4766 3346 4820 molliunt
3375 4775 3430 4822 et
3453 4767 3624 4822 resol--

2030 4864 2162 4911 vunt
2187 4875 2198 4909 :
2232 4855 2458 4926 singulis
2479 4855 2735 4925 ingressae
2763 4855 3034 4921 noctibus,
3068 4855 3292 4926 singula:
3320 4855 3623 4926 suscipiunt

2030 4949 2097 5004 ab
2139 4948 2418 5020 ignorante
2465 4956 2824 5016 conceptum;
2858 4946 2996 5001 ultra
3047 4962 3153 5002 non
3197 4953 3476 5016 repetunt,
3524 4959 3626 5001 nec

2030 5043 2331 5111 requirunt.
2380 5039 2484 5096 Ubi
2522 5041 2651 5096 hinc
2678 5039 2919 5096 libidinis
2957 5039 3136 5109 culpa,
3166 5040 3240 5094 ibi
3279 5039 3469 5096 incesti
3516 5040 3626 5094 cri-

2029 5145 2152 5184 men
2191 5131 2474 5198 arguitur;
2505 5129 2772 5199 quomodo
2813 5129 3031 5185 dabitur
3065 5131 3120 5185 in
3158 5131 3307 5195 vitio,
3341 5130 3484 5199 quod
3521 5145 3628 5184 non

2031 5223 2258 5277 iteratur
2289 5224 2340 5276 in
2371 5222 2558 5276 facto?

2101 5334 2266 5388 Inter.
2287 5333 2408 5387 190.
2433 5332 2490 5388 Si
2517 5334 2619 5388 Lot
2641 5333 2838 5406 [quasi]
2863 5336 3102 5390 incestus
3126 5334 3260 5407 [Αι.,
3283 5335 3544 5409 incertus]
3567 5337 3625 5394 in

2031 5428 2134 5481 hoc
2170 5427 2310 5480 facto
2345 5424 2640 5493 culpandus
2678 5434 2782 5490 est,
2817 5442 2886 5480 an
2924 5428 3079 5482 non?
3104 5459 3176 5468 —
3204 5427 3359 5501 Resp.
3393 5430 3626 5502 Culpan-

2032 5520 2132 5573 dus
2168 5524 2250 5572 est
2292 5516 2507 5585 quidem
2540 5516 2594 5569 in
2633 5517 2733 5571 hoc
2763 5515 2906 5572 facto
2932 5519 3056 5585 Lot,
3095 5529 3360 5590 quantum
3391 5522 3626 5580 ebrieta-

2034 5611 2103 5665 tis
2142 5607 2296 5682 μὴ,
2327 5605 2588 5679 ebrietas]
2622 5608 2932 5679 ignorantia
2954 5618 3214 5666 uteretur.
3241 5611 3374 5667 Nam
3401 5619 3459 5666 et
3483 5615 3626 5667 hanc

2033 5704 2116 5759 lex
2168 5708 2369 5756 aeterna
2421 5699 2761 5766 condemnat,
2811 5717 2932 5772 qua:
2960 5703 3140 5759 cibum
3193 5714 3247 5759 et
3284 5714 3467 5776 potum
3518 5719 3622 5757 non
