4012 6188
347 326 451 383 545

1192 322 1253 376 Β.
1292 322 1356 377 F.
1396 320 1621 375 ALBlt‘il
1661 317 1788 375 εει]
1829 319 2105 376 ALCUM
2138 319 2434 409 OPRRUM
2461 320 2642 376 PARS
2677 320 2741 375 II.

3477 322 3594 381 εει

347 436 453 492 nisi
489 436 556 490 ad
593 436 815 490 salutem
858 430 1100 500 corporis
1135 445 1348 485 sumere
1383 429 1621 484 mandat.
1672 429 1741 483 Et
1783 429 1910 484 hinc
1936 434 1980 489 Α
2008 459 2080 468 -
2109 429 2261 502 Resp.
2307 432 2450 486 inter
2487 433 2739 488 Hebraeos
2784 432 3008 506 [autem]
3038 435 3188 489 varia
3233 436 3417 505 opinio
3456 450 3540 495 est
3564 484 3579 507 ,

346 528 655 598 diligentius
675 523 1055 579 intendendum
1093 530 1195 585 est,
1237 528 1496 590 quantum
1533 521 1607 576 sit
1633 520 1912 575 ebrietatis

340 616 578 684 malum;
629 628 683 672 et
732 615 886 669 valde
924 612 1219 667 timendum
1268 620 1350 666 est
1404 611 1526 675 illis,
1568 612 1762 680 quibus
1812 610 1945 664 hoc

343 712 541 768 malum
566 709 622 763 in
649 724 749 763 usu
784 717 886 763 est.
926 707 1060 761 Nam
1091 706 1144 760 in
1172 705 1401 759 crimine
1434 704 1668 759 ebrietas
1695 703 1910 771 decipit,

339 816 497 872 quem
524 800 756 854 Sodoma
795 814 903 853 non
939 797 1166 867 decepit.
1200 795 1387 851 Uritur
1417 794 1502 849 ille
1530 793 1744 848 ﬂamma
1790 809 1911 846 mus-

336 892 549 955 lierum,
602 905 762 960 quem
808 887 1021 942 ﬂamma
1069 887 1355 957 sulphurea
1401 900 1507 939 non
1564 883 1719 937 ussit.
1783 881 1914 935 Erat

337 999 465 1053 ergo
499 983 601 1036 Lot
625 990 764 1046 arte,
793 996 899 1035 non
921 979 1193 1033 voluntate
1231 978 1484 1046 deceptus
1508 993 1524 1042 ;
1555 976 1674 1031 ideo
1701 973 1920 1028 medius

335 1075 552 1145 quidam
611 1070 762 1144 [Ms.,
811 1068 1048 1140 quidem]
1082 1068 1224 1123 inter
1265 1074 1579 1136 peccatores
1600 1072 1657 1120 et
1693 1062 1908 1133 justos:

342 1167 539 1237 quippe
592 1165 682 1234 qui
721 1180 787 1219 ex
818 1162 1045 1217 Abrahae
1076 1160 1393 1230 cognatione
1418 1156 1573 1229 [Ms.,
1604 1154 1794 1227 stirpe]
1821 1154 1912 1210 de-

341 1258 644 1320 scenderat,
695 1257 748 1309 in
788 1254 1036 1309 Sodomis
1074 1261 1252 1306 tamen
1299 1249 1640 1304 habitaverit.
1679 1247 1810 1301 Nam
1856 1256 1912 1301 et

336 1351 440 1404 hoc
465 1347 607 1417 quod
636 1361 732 1400 eva
756 1345 814 1398 Lit
840 1361 869 1397 e
901 1343 1169 1406 Sodomis,
1196 1342 1342 1401 sicut,
1375 1339 1652 1408 Scriptura
1687 1337 1908 1401 indicat,

336 1437 508 1507 magis
532 1436 598 1490 ad
626 1436 883 1489 honorem
912 1432 1163 1497 Abrahae,
1193 1445 1355 1500 quam
1381 1429 1447 1483 ad
1473 1429 1725 1483 meritum
1745 1426 1912 1495 perti-

335 1528 571 1674 negito):
652 1616 775 1671 191.
812 1613 991 1680 Quare
1036 1612 1225 1665 diebus
1251 1609 1372 1663 Noe
1405 1614 1690 1676 peccatum
1724 1602 1910 1658 mundi

1964 584 1968 588 ,
2009 523 2375 578 asserentilms
2424 523 2546 578 aliis
2571 526 2758 593 quinto
2805 524 2960 596 [Αἴθη
3009 527 3225 599 quarto]
3251 544 3433 596 anno;
3463 532 3585 590 aliis

2009 612 2326 668 duodecimo
2357 614 2732 670 ablactationis
2760 624 2970 685 tempus
2991 616 3201 686 impleri

2081 701 2247 755 Inter.
2277 703 2400 759 198.
2440 703 2498 758 Si
2547 706 2803 759 tredecim
2837 704 2966 777 [Al.,
3006 711 3438 785 quatuordecim]
3483 730 3584 771 an-

2010 808 2201 846 norum
2247 801 2364 847 erat
2405 794 2594 849 lsmael
2618 798 2835 864 quando
2860 804 3020 853 natus
3057 807 3140 853 est
3193 800 3359 867 Isaac,
3397 803 3595 873 adjun‘

2010 882 2219 951 ctisqne
2254 884 2395 937 aetati
2423 882 2575 956 [Ms.,
2615 886 2715 940 hac
2757 886 2937 959 :etate]
2979 889 3359 947 ablactationis
3402 898 3583 965 annis,

2008 973 2277 1041 quomodo
2309 976 2558 1029 convenit
2585 984 2746 1031 tantm
2766 979 2939 1032 tetatis
2977 978 3367 1037 adolescentem
3395 988 3597 1040 matris

2009 1064 2212 1118 sedisse
2250 1065 2303 1119 in
2346 1066 2670 1132 cervicibus,
2714 1068 2839 1121 dum
2887 1069 3377 1142 dicitur:Sumpsit
3417 1076 3586 1132 Abra-

2009 1153 2131 1206 ham
2158 1170 2317 1224 panes
2336 1164 2385 1209 et
2415 1166 2579 1210 utrem
2608 1173 2759 1228 aqum
2788 1168 2834 1210 et
2866 1158 3006 1212 dedit
3026 1160 3190 1229 Agar,
3210 1176 3407 1231 ponens
3432 1182 3608 1236 snper-

2009 1243 2282 1297 humerum
2302 1245 2417 1315 ejus
2442 1254 2494 1299 et
2509 1246 2802 1316 paruulum,
2846 1257 2892 1301 et
2922 1249 3121 1304 dimisit
3150 1252 3442 1326 eam‘(Gen.
3464 1271 3583 1321 nl,

2012 1332 2231 1405 11)?-—
2250 1333 2407 1405 Resp.
2448 1336 2635 1391 Omnis
2652 1335 2861 1411 [igitur]
2884 1339 3023 1394 ﬁlius
3058 1344 3348 1399 secundum
3386 1345 3601 1401 idioma-

2010 1421 2206 1492 lingua:
2223 1422 2592 1490 Hebrmomm,
2607 1428 2675 1481 ad
2701 1429 3154 1497 comparationem
3174 1441 3479 1501 parentum,
3502 1435 3585 1490 in-

2010 1508 2131 1565 fans
2175 1520 2401 1567 vocatur
2446 1521 2501 1568 et
2545 1516 2820 1583 parvulus.
2877 1517 2944 1571 Et
2987 1527 3068 1573 est
3118 1535 3346 1578 sensus:
3400 1523 3595 1581 Posuit

2008 1598 2281 1654 Abraham
2323 1616 2489 1671 panes
2510 1610 2564 1657 et
2604 1613 2775 1658 utrem
2801 1620 2963 1675 super
2990 1607 3275 1664 humerum
3322 1612 3486 1684 Agar,
3528 1624 3590 1670 et

335 1729 474 1783 aqua
491 1712 788 1775 ulciscitur,
812 1711 913 1763 hoc
933 1721 1064 1761 vero
1091 1704 1489 1760 Sodomitarum
1512 1703 1634 1771 igne
1652 1700 1909 1771 punitur?
1943 1774 1984 1783 _
2011 1689 2115 1783 hoc
2155 1689 2299 1746 facto
2334 1692 2478 1783 dedit
2515 1708 2739 1762 puerum
2790 1697 2974 1761 matri,
3019 1698 3122 1753 hoc
3157 1710 3267 1767 est,
3320 1703 3372 1757 in
3419 1721 3583 1761 manu

334 1774 405 1843 -ί
443 1801 597 1872 Resp.
638 1799 772 1866 Quia
814 1799 943 1853 illud
974 1796 1222 1850 naturale
1256 1794 1494 1849 libidinis
1526 1806 1650 1847 cum
1696 1790 1912 1846 feminis
1942 1774 1986 1833 Β
2014 1780 2131 1849 eius
2173 1798 2296 1836 eum
2343 1782 2586 1849 "adid".
2637 1787 3048 1853 commendaVil,
3104 1798 3160 1844 et
3210 1791 3287 1845 ita
3335 1794 3516 1849 emisit
3550 1810 3585 1851 e

334 1899 611 1964 peccatum
672 1890 824 1959 quasi
883 1886 1069 1941 leviori
1117 1886 1384 1941 elemento
1442 1884 1769 1938 damnatur:
1810 1882 1914 1936 hoc

336 1999 462 2039 vero
487 1990 672 2037 contra
702 1989 949 2034 naturam
980 1975 1216 2031 libidinis
1257 1982 1542 2044 peccatum
1587 1987 1710 2027 cum
1756 1972 1910 2035 viris,

334 2073 559 2130 acrioris
596 2070 847 2126 elementi
883 2068 1186 2122 vindicatur
1227 2065 1477 2119 incendio
1502 2078 1517 2115 :
1545 2071 1599 2116 et
1630 2061 1739 2116 illic
1768 2070 1912 2116 terra

334 2165 488 2234 aquis
510 2162 691 2217 abluta
717 2158 1033 2222 revirescit;
1077 2156 1163 2209 hic
1190 2152 1420 2207 flammis
1449 2159 1687 2206 cremata
1713 2157 1913 2205 aeterna

333 2253 615 2309 sterilitate
643 2234 857 2307 arescit.

402 2341 571 2397 Inter.
616 2338 741 2393 192.
779 2336 888 2391 Cur
912 2334 1186 2389 Abraham
1227 2330 1445 2387 Sarram
1483 2344 1702 2384 uxorem
1732 2344 1910 2393 suam,

335 2445 577 2488 sororem
624 2444 777 2484 suam
822 2425 1058 2482 secundo
1095 2438 1216 2478 esse
1238 2423 1374 2478 dixit
1412 2418 1564 2488 (Gen.
1601 2435 1692 2485 xx,
1714 2419 1814 2489 2)?
1844 2449 1917 2459 -—

339 2522 492 2593 Resp.
535 2520 669 2588 Quia
714 2535 779 2574 ex
819 2517 983 2587 priori
1021 2514 1319 2658 Pharagpf's
1358 2512 1698 2582 correptione
1733 2519 1917 2565 certus

339 2619 451 2658 erat
488 2612 553 2658 de
599 2609 694 2658 Dei
756 2606 1086 2658 defensione.
1112 2618 1200 2658 .uu
1314 2601 1507 2657 violari
1550 2617 1655 2656 non
1703 2600 1913 2658 potuit:

336 2619 451 2666 erat
488 2612 553 2665 de
599 2609 694 2664 Dei
756 2606 1086 2670 defensione,
1112 2600 1273 2672 .quod
1314 2601 1507 2657 violari
1550 2617 1655 2656 non
1703 2600 1913 2670 potuit;

335 2711 571 2758 incertus
618 2703 684 2758 de
728 2717 824 2757 sua
867 2701 975 2754 vita
1010 2740 1025 2766 ,
1068 2713 1135 2752 an
1164 2698 1375 2754 illorum
1414 2696 1671 2751 evaderet
1705 2710 1915 2751 manus.

336 2793 401 2846 Et
438 2793 679 2847 miranda
722 2800 805 2847 est
831 2790 980 2845 Sara:
1019 2788 1437 2860 pulchritudinis
1467 2786 1660 2850 forma,
1696 2801 1816 2855 quae
1861 2786 1922 2840 in

338 2892 485 2937 tanta
514 2890 671 2937 aetate
702 2889 908 2935 tantum
952 2879 1121 2932 amari
1171 2877 1344 2946 potuit
1371 2874 1525 2947 [Ms.,
1554 2874 1817 2949 poterat],
1858 2884 1919 2930 ut

288 2960 293 2969 ’
338 2971 419 3026 vir
456 2985 584 3027 suus
621 2976 841 3041 propter
876 2966 993 3036 ejus
1019 2965 1475 3037 pulchritudinem
1518 2979 1578 3021 se
1620 2965 1916 3036 periclitari

339 3066 604 3113 metueret
611 3097 625 3111 .

2015 1873 2193 1927 domo.
2229 1872 2379 1939 Quod
2403 1872 2457 1928 in
2481 1875 2825 1943 sequentibus
2845 1876 3172 1944 declaratur,
3204 1880 3328 1935 dum
3352 1883 3546 1938 dicitur
3563 1900 3602 1938 εδ

2015 1961 2203 2031 Surge,
2254 1962 2375 2017 tolle
2399 1980 2663 2033 opuerum,
2710 1975 2759 2019 et
2786 1974 2903 2020 tene
2930 1984 3143 2022 manum
3179 1969 3293 2040 ejus
3316 1971 3479 2043 (Ibid.
3529 1991 3601 2029 τι

2013 2050 2100 2121 18)
2132 2068 2151 2117 ;
2177 2067 2283 2105 non
2311 2060 2369 2105 ut
2407 2067 2532 2106 cum
2552 2053 2619 2108 de
2658 2064 2802 2109 terra
2830 2053 3018 2128 [velut]
3041 2057 3308 2126 jacentem
3354 2062 3601 2128 tolleretr

2012 2143 2107 2197 sed
2133 2143 2284 2212 quasi
2314 2145 2564 2199 comitem
2687 2162 2758 2200 nu
2789 2156 3013 2203 teneret.
3038 2148 3190 2215 Quod
3216 2159 3396 2206 autem
3425 2166 3588 2209 manu

2014 2235 2255 2291 parentis
2292 2243 2527 2291 tenetur.
2551 2160 2814 2291 solMcitus
2843 2250 3175 2291 monstratur
3199 2242 3441 2291 affectum

2013 2235 2255 2304 parentis
2292 2243 2527 2301 tenetur,
2551 2235 2814 2294 sollicitus
2843 2250 3175 2296 monstratur
3199 2242 3441 2300 affectus.

2085 2325 2252 2380 Inter.
2300 2328 2420 2383 199.
2472 2328 2611 2396 Quid
2656 2339 2737 2386 est
2766 2334 2910 2401 quod
2953 2334 3171 2403 dicitur,
3220 2346 3446 2393 matrem
3493 2336 3591 2395 ile-

2014 2417 2176 2483 vissc,
2222 2428 2278 2475 et
2318 2420 2487 2476 Deum
2525 2438 2715 2479 vocem
2766 2426 2920 2494 pueri
2974 2429 3260 2485 exaudisse
3312 2429 3476 2499 (Ibid.
3538 2450 3587 2488 υ.

2016 2510 2213 2583 16,17)
2237 2514 2260 2565 ?
2308 2544 2377 2554 —-
2406 2513 2563 2585 Resp.
2597 2515 2779 2590 [Quia]
2808 2528 2982 2574 mater
3005 2535 3113 2575 non
3141 2536 3295 2576 suam
3332 2532 3589 2591 mortem,

2015 2602 2109 2656 sed
2161 2603 2255 2657 lilii
2287 2604 2618 2673 deplorabat,
2672 2610 3020 2680 pepercitque
3067 2611 3211 2667 Deus
3249 2628 3438 2684 puero,
3488 2629 3610 2685 pro-

2014 2707 2122 2763 qno
2143 2686 2301 2750 ﬂetus
2324 2697 2517 2751 matris
2543 2706 2660 2751 erat
2692 2696 2847 2770 [Ms.,
2871 2698 3092 2774 fuerat].

2085 2784 2251 2841 Inter.
2279 2787 2403 2842 200.
2429 2788 2707 2855 Quomodo
2732 2792 2798 2847 ad
2818 2800 3034 2860 puteum
3052 2794 3348 2862 juramenti
3394 2812 3585 2867 agrum

2014 2875 2350 2946 plantaverat
2372 2879 2645 2935 Abraham
2680 2880 2868 2951 (Ibid.,
2911 2899 2958 2940 υ..
2990 2882 3060 2938 29
3080 2884 3232 2957 seq.),
3276 2886 3323 2941 si
3360 2887 3413 2941 in
3443 2896 3587 2942 terra

2014 2966 2125 3032 illa,
2156 2967 2608 3037 quemadmodum
2647 2956 3050 3039 Stephanusait
3091 2974 3145 3028 in
3165 2975 3315 3031 Actis
3342 2978 3461 3048 (vn,
3487 2977 3542 3048 5)
3572 2996 3586 3031 :

2015 3056 2133 3114 Non
2197 3069 2481 3129 acceperat
2534 3061 2900 3116 haereditatem
2954 3079 3054 3120 nec
3105 3067 3335 3136 spatium
3399 3069 3552 3137 pedis
3570 3070 3606 3123 ξ’

409 3145 572 3217 324
593 3145 894 3201 Inter.193.
917 3144 1026 3201 Cur
1039 3144 1331 3199 dixitDeus
1350 3145 1419 3199 ad
1438 3143 1785 3200 Abimelech:
1818 3143 1913 3198 Pe-
1936 3119 1986 3183 C
2012 3179 2083 3188 —
2119 3148 2275 3220 Resp.
2307 3119 2385 3204 ιὲει
2427 3160 2511 3206 est
2538 3150 2879 3221 intelligenda
2909 3119 3425 3226 hereditgsrqu‘amr
3443 3119 3586 3214 iis}.

340 3236 479 3307 perci
499 3236 606 3298 tibi,
635 3244 690 3289 ut
707 3252 808 3290 non
832 3251 1067 3305 peccares
1091 3236 1147 3288 in
1167 3251 1248 3289 me
1275 3232 1429 3306 (Gen.
1444 3249 1539 3299 xx,
1553 3232 1606 3304 6)
1626 3234 1732 3286 ?-—
1751 3232 1908 3303 Resp.

342 3323 414 3379 Ut
438 3323 828 3389 adverteretur,
856 3325 909 3378 in
936 3324 1103 3378 Deum
1124 3324 1358 3393 peccari,
1385 3323 1600 3393 quando
1625 3324 1751 3377 talia
1766 3338 1912 3377 com-

341 3415 645 3481 mittuntur,
698 3432 818 3486 quae
874 3424 1063 3486 putent
1107 3417 1354 3472 homines
1404 3416 1596 3472 leviter
1642 3417 1910 3482 habenda,

343 3512 597 3573 tanquam
623 3505 677 3558 in
707 3519 870 3559 carne
895 3512 1137 3575 peccata.

414 3593 581 3649 Inter.
628 3595 749 3651 191.
790 3595 901 3651 Cur
944 3611 1050 3650 non
1099 3594 1271 3668 [mox]
1302 3594 1615 3652 Abimelecb
1666 3607 1915 3654 mortuus

342 3692 450 3749 est,
504 3686 628 3740 dum
696 3687 831 3741 dixit
881 3687 931 3741 ei
978 3687 1159 3741 Deus:
1192 3686 1326 3740 Ecce
1354 3696 1413 3740 tu
1456 3688 1698 3741 morieris
1747 3686 1910 3760 (Ibid.

344 3793 391 3830 υ.
418 3776 618 3845 5)?—-
667 3775 823 3846 Resp.
868 3776 1067 3846 Utique
1110 3777 1253 3831 Deus
1294 3766 1561 3847 praedixit;
1608 3778 1752 3848 quod
1797 3778 1914 3833 sine

341 3864 505 3920 dubio
536 3862 772 3918 futurum
802 3863 1010 3930 fuisset,
1036 3865 1080 3919 si
1106 3866 1160 3919 in
1191 3866 1293 3920 hac
1326 3867 1708 3932 admonitione,
1737 3883 1765 3921 a
1791 3881 1915 3936 pec—

340 3963 465 4013 cato
500 3956 835 4020 abstinendo,
864 3971 971 4012 non
998 3966 1305 4013 caveretur.

412 4066 577 4122 Inter.
625 4067 745 4122 195.
805 4068 983 4135 Quare
1033 4068 1307 4123 Abraham
1342 4069 1395 4122 in
1425 4068 1511 4123 die
1538 4067 1916 4122 ablactationis

340 4157 510 4221 Isaac,
564 4166 621 4212 et
654 4173 757 4211 non
806 4158 860 4210 in
902 4159 989 4212 die
1033 4158 1332 4211 nativitatis
1360 4158 1444 4212 vel
1489 4159 1916 4212 circumcisionis

340 4248 469 4306 fecit
498 4247 802 4304 convivium
830 4248 1032 4317 grande
1058 4247 1210 4318 (Gen.
1237 4248 1419 4320 xxr,8)
1440 4249 1463 4300 ?
1481 4248 1720 4319 —Resp.
1746 4248 1916 4319 Prop-

2011 3239 2188 3295 fuerat
2224 3257 2447 3297 munere
2486 3258 2582 3297 suo
2617 3243 2853 3314 gratuito
2893 3246 3137 3314 daturus,
3173 3264 3279 3303 non
3327 3251 3428 3304 ista
3472 3266 3593 3319 quae

2010 3331 2187 3399 pretio
2240 3340 2418 3401 empta
2456 3342 2557 3387 est.
2600 3332 2919 3406 lntelligitur
2959 3344 3139 3393 autem
3183 3341 3412 3408 spatium
3444 3342 3591 3398 circa

2010 3428 2232 3494 puteum
2267 3421 2335 3476 ad
2361 3422 2492 3476 illud
2525 3424 2813 3493 emptionis
2838 3434 3053 3495 pactum
3071 3428 3363 3495 pertinuere,
3408 3430 3461 3483 in
3485 3445 3613 3499 quo.

2012 3507 2227 3563 fuerant
2271 3525 2421 3579 agnae
2460 3521 2671 3579 septem
2716 3514 2882 3578 datae;
2914 3516 3132 3583 quando
3179 3515 3489 3574 Abimelech
3538 3530 3606 3576 et.

2010 3597 2280 3653 Abraham
2308 3600 2410 3654 sibi
2449 3599 2656 3672 [etiam]
2680 3601 3016 3668 juraverunt.

2081 3687 2248 3743 Inter.
2291 3689 2414 3743 201.
2466 3690 2604 3757 Quid
2657 3692 2825 3746 illud:
2860 3692 3091 3748 Tentavit
3133 3694 3272 3750 Deus
3320 3696 3609 3755 Abraham

2015 3777 2168 3851 (Gen.
2195 3795 2331 3844 χχιι,
2350 3779 2436 3850 1)?
2469 3780 2536 3833 Et
2565 3778 2797 3835 Iacobus
2831 3781 3107 3850 apostolus
3134 3783 3304 3839 dicit:
3335 3785 3474 3841 Deus
3500 3805 3597 3842 »ιε-
3640 3798 3643 3799 ⁷

2012 3869 2203 3923 minem
2220 3878 2383 3923 tentat
2414 3869 2553 3942 (Jac.
2585 3871 2742 3942 1,15).
2771 3870 3048 3937 Quomodo
3076 3882 3366 3945 utrumque
3390 3878 3605 3933 intellit

2016 3959 2248 4028 gendum
2284 3960 2414 4014 est?
2444 3991 2517 3999 —
2551 3959 2706 4032 Resp.
2737 3961 2954 4017 Duobus
2982 3961 3170 4036 [enim]
3206 3966 3381 4021 modis
3412 3976 3588 4023 tenta-

2013 4051 2090 4105 tio
2138 4052 2193 4106 in
2243 4050 2536 4121 Scripturis
2582 4053 2719 4109 solet
2762 4054 3011 4125 intelligi.
3057 4056 3174 4113 Una
3220 4067 3304 4114 est
3332 4075 3451 4129 quae
3491 4076 3590 4130 per

2017 4142 2184 4198 Deum
2215 4142 2275 4197 fit
2298 4144 2635 4214 probationis
2663 4161 2846 4211 causa,
2882 4158 2943 4201 ut
2969 4145 3301 4215 justificetur
3330 4152 3491 4207 homo
3535 4160 3602 4206 et.

2015 4242 2339 4300 coronetur;
2365 4234 2431 4290 de
2471 4250 2576 4304 qua
2624 4245 2680 4291 et
2727 4237 2959 4293 dicitur:
2987 4239 3168 4294 Tentat
3197 4258 3287 4296 vos
3326 4242 3603 4297 Dominus.

342 4352 428 4398 ter
455 4341 900 4413 signiﬁcationem
932 4339 1263 4410 spiritualem
1293 4359 1306 4393 :
1349 4348 1475 4395 tunc
1500 4340 1642 4395 enim
1663 4340 1914 4409 gaudium

2017 4323 2157 4378 Deus
2186 4335 2368 4388 vester,
2425 4334 2483 4378 ut
2511 4326 2642 4379 sciat
2695 4328 2742 4380 si
2769 4326 3001 4398 diligatis
3026 4346 3144 4383 eum
3171 4330 3348 4401 (Deut.
3372 4348 3491 4397 xm,
3511 4333 3590 4404 ὅ),

342 4435 647 4490 habendum
678 4442 761 4489 est
780 4434 846 4488 de
875 4449 982 4488 uno
1016 4434 1134 4488 viro
1163 4433 1448 4503 spirituali,
1486 4434 1701 4503 quando
1742 4433 1914 4489 solido

2018 4415 2121 4471 hoc
2147 4424 2247 4477 est,
2275 4424 2336 4469 ut
2361 4415 2500 4471 scire
2526 4432 2623 4471 vos
2651 4415 2832 4471 faciat.
2864 4417 2979 4472 Alia
3002 4428 3106 4486 est,
3133 4420 3200 4475 de
3225 4437 3330 4490 qua
3355 4420 3588 4477 Iacobus

340 4528 588 4583 veritatis
622 4528 761 4589 cibo,
805 4525 904 4599 [et]
952 4540 1058 4582 non
1098 4526 1238 4581 lacte
1288 4524 1521 4581 carnalis
1553 4525 1919 4595 intelligentiae

2020 4507 2152 4561 dicit
2176 4522 2190 4560 :
2216 4506 2358 4561 Deus
2403 4509 2658 4562 neminem
2687 4517 2851 4563 tentat
2877 4508 3083 4581 (Iacob.
3116 4529 3157 4576 ι,
3184 4513 3307 4584 1.3);
3337 4528 3438 4583 qua
3461 4528 3592 4581 pec-

344 4615 602 4685 pascitur.
808 4596 824 4598 _
885 4596 903 4599 —
2020 4604 2139 4655 cato
2189 4596 2544 4666 implicamur.
2586 4598 2662 4653 De
2700 4599 2790 4654 illa
2813 4600 3102 4670 Apostolus
3152 4603 3320 4658 dicit:
3350 4602 3432 4657 Ne
3457 4601 3590 4671 forte

419 4705 585 4762 Inter.
615 4706 737 4760 196.
762 4706 840 4761 De
862 4720 968 4774 quo
992 4706 1122 4760 ludo
1145 4707 1324 4775 arguit
1348 4705 1510 4760 Sarra
1534 4705 1726 4760 lsmaei
1748 4704 1916 4759 filium

2020 4689 2288 4746 tentaverit
2343 4704 2428 4743 vos
2472 4688 2516 4743 is
2555 4691 2644 4760 qui
2685 4700 2844 4747 tentat
2882 4692 2935 4763 (I
2972 4692 3151 4748 Thess.
3204 4711 3286 4759 ut,
3313 4693 3389 4765 5).
3426 4694 3592 4764 Igitur

344 4799 489 4870 Agar
528 4797 690 4871 (Ibid.
721 4816 769 4853 ν.
798 4799 850 4863 9,
886 4798 1016 4869 10)?
1052 4828 1124 4839 —-—
1169 4797 1325 4869 Resp.
1367 4797 1662 4867 Dupliciter
1686 4797 1915 4869 [itaque]
2019 4783 2292 4838 Abraham
2325 4797 2357 4835 a
2395 4781 2504 4837 Deo
2535 4788 2772 4838 tentatus
2798 4795 2901 4849 est,
2934 4793 2993 4839 ut
3021 4786 3362 4854 probaretur,
3394 4785 3593 4854 justifi—

342 4893 447 4947 hoc
480 4891 547 4947 ab
581 4890 822 4946 Hebraeis
862 4890 1183 4959 exponitur;
1220 4890 1333 4944 sive
1376 4889 1519 4958 quod
1560 4888 1916 4956 idolothytum

2020 4883 2254 4939 caretur,
2293 4884 2664 4941 coronaretur,
2695 4884 2750 4929 et
2774 4885 2833 4930 ut
2873 4875 2989 4944 ejus
3015 4876 3320 4933 obedientia
3349 4877 3441 4931 tali
3475 4892 3597 4946 pro-

342 4980 571 5046 fecerit;
595 4978 752 5048 juxta
780 4978 908 5033 illud
935 4978 1100 5049 [quod
1137 4977 1266 5032 alibi
1306 4976 1565 5046 scriptum
1597 4974 1703 5047 est]
1730 4991 1742 5027 :
1770 4974 1919 5029 Sedit
2021 4965 2145 5021 bata
2165 4967 2412 5021 examine
2438 4967 2667 5037 posteris
2693 4966 3070 5021 innotesceret.
3520 5002 3523 5007 λ

343 5069 563 5141 populus
602 5070 919 5124 manducare
964 5078 1012 5122 et
1054 5067 1223 5122 bibere
1267 5076 1315 5121 et
1356 5075 1695 5120 surrexerunt
1741 5064 1920 5118 ludere
2091 5055 2256 5111 Inter.
2302 5055 2427 5124 202.
2455 5057 2529 5111 De
2575 5071 2681 5125 quo
2731 5054 2868 5109 dixit
2895 5052 3081 5127 [Deus]
3119 5053 3352 5111 Abraha:
3381 5074 3393 5109 :
3424 5055 3595 5125 Super

345 5162 540 5232 (Exod.
570 5177 741 5227 χχχιι,
768 5159 822 5231 6)
848 5179 862 5226 ;
916 5159 1028 5214 sive
1064 5158 1208 5229 quod
1237 5157 1518 5211 adversum
1550 5157 1721 5219 lsaac,
1764 5156 1918 5226 quasi

346 5254 568 5324 majoris
608 5254 807 5320 aetatis,
850 5251 976 5322 joco
1013 5250 1116 5305 sibi
1145 5258 1202 5305 et
1237 5249 1360 5304 ludo
1404 5248 1760 5318 primogenita
1796 5248 1919 5302 vin-

347 5348 594 5404 dicaret:
621 5348 763 5419 quod
809 5346 1005 5420 [Edit.,
1065 5342 1300 5416 quando]
1354 5343 1570 5412 quidem
1622 5341 1784 5397 Sarra
1824 5357 1920 5396 au-

344 5439 498 5496 diens
531 5456 638 5496 non
667 5440 811 5495 tulit.
845 5439 912 5494 Et
952 5439 1056 5493 hoc
1109 5452 1175 5492 ex
1227 5434 1397 5506 ipsius
1432 5433 1762 5504 approbatur
1805 5448 1921 5488 ser-

352 5545 513 5587 mone
527 5529 778 5604 [dicentis
799 5529 902 5603 ei]:
926 5528 1073 5599 Ejice
1091 5526 1337 5583 ancillam
1355 5527 1490 5581 hanc
1518 5540 1636 5579 cum
1655 5523 1767 5593 filio
1789 5540 1917 5589 suo;

348 5636 456 5676 non
475 5621 611 5676 enim
632 5623 727 5676 erit
747 5623 913 5677 [iteres
934 5618 1077 5689 ﬁlius
1100 5616 1306 5673 ancilla:
1324 5631 1442 5671 cum
1469 5614 1577 5672 lilio
1604 5630 1717 5669 meo
1738 5612 1913 5669 Isaac.

400 5704 587 5765 'Inter.
624 5710 743 5765 197.
778 5709 905 5765 Post
937 5716 1068 5777 quot
1105 5721 1275 5763 annos
1299 5716 1434 5775 puer
1456 5703 1715 5759 ablactari
1743 5703 1919 5760 solet?

2020 5165 2181 5203 unum
2207 5149 2644 5218 montium,quem
2669 5154 3021 5199 monstravere
3049 5145 3140 5199 tibi
3158 5143 3311 5216 (Gen.
3337 5145 3550 5215 xxu,2)
3573 5146 3595 5196 ?

2017 5268 2089 5280 —
2126 5237 2282 5310 Resp.
2313 5224 2670 5308 Aiunt[ergo]
2690 5235 2898 5290 Hebraei
2933 5235 3076 5290 hunc
3104 5242 3341 5290 montem
3366 5250 3506 5300 esse,
3542 5235 3595 5289 in

2020 5344 2127 5398 quo
2174 5336 2361 5399 postea
2413 5325 2667 5396 templum
2712 5324 2986 5381 conditum
3029 5332 3132 5390 est,
3165 5317 3251 5392 [in
3283 5340 3406 5380 area
3446 5340 3593 5379 urna:

2018 5419 2291 5494 Jebusati].
2720 5424 2725 5430 '
3466 5442 3473 5451 ε

2089 5510 2251 5582 325
2284 5509 2449 5564 Inter.
2490 5505 2616 5564 205.
2658 5504 2767 5562 Cur
2792 5505 2845 5561 in
2876 5504 3174 5562 tentatione
3199 5503 3430 5560 Abrahae
3453 5503 3595 5559 Deus

2021 5608 2193 5664 dixit:
2224 5605 2367 5662 Tolle
2403 5606 2572 5675 ﬁlium
2602 5613 2751 5659 tuum
2791 5604 3181 5669 charissimam,
3216 5619 3366 5674 quem
3391 5600 3587 5672 diligis,

2022 5698 2177 5755 Isaac
2220 5694 2371 5767 (Gen.
2401 5712 2512 5762 ut,
2539 5693 2625 5766 12)
2689 5724 2760 5735 —
2785 5691 2943 5763 Resp.
2985 5691 3057 5750 Ut
3082 5706 3153 5748 ex
3193 5690 3471 5749 charitatis
3499 5689 3593 5744 ad-
