4012 6188
448 300 585 401 IMR

1062 316 1466 378 EXEGETICA.
1492 353 1564 365 -
1597 322 1968 382 INTERROG.
2009 325 2099 381 ET
2138 327 2467 389 BESPONS.
2509 335 2577 391 Di
2614 335 2888 406 GENES.,
2928 340 3080 398 ETC.

3609 344 3719 406 Si?

466 422 793 490 monitione,
824 433 879 480 et
909 429 1140 486 nominis
1173 434 1542 491 recordatione
1578 437 1890 493 tentationis
1912 453 2048 509 pon-
2071 443 2118 499 Δ
2146 449 2204 496 et
2246 443 2302 499 in
2344 446 2556 516 signum
2584 449 2695 506 dati
2729 452 2914 510 arietis
2951 455 3125 512 solent
3166 458 3329 513 etiam
3377 476 3518 516 nunc
3550 477 3715 521 etimit

369 548 375 554 ι
477 516 579 573 dus
613 518 1064 588 accumularetur,
1093 533 1147 580 et
1169 536 1426 595 paternus
1453 529 1678 587 affectus
1708 539 2051 603 torqueretur

476 621 545 661 ex
572 608 832 662 memoria
876 611 1285 678 promissionis:
1316 631 1440 670 cum
1484 623 1610 673 ante
1637 619 1777 674 Deus
1826 621 2048 676 dixisset

466 696 541 749 ‘ad
568 709 690 749 eum
721 712 735 748 :
771 695 839 750 In
864 697 1022 755 Isaac
1047 702 1315 758 vocabitur
1347 705 1441 759 tibi
1466 725 1657 762 semen.
1698 709 1862 772 Quasi
1888 709 2042 783 [Ms.,

472 781 620 856 quia]
644 784 688 839 si
713 785 799 839 ille
823 789 1176 857 occideretur,
1207 800 1314 847 tota
1344 806 1465 866 spes
1492 799 1861 865 promissionis
1891 781 2041 871 [Ms.,

458 875 912 949 promissionum]
937 877 1304 937 frustraretur.

540 980 704 1036 Inter.
734 982 859 1038 204.
909 986 977 1040 Ει
1021 1003 1120 1043 cur
1164 1005 1270 1045 non
1312 992 1494 1048 statim
1542 994 1693 1052 licuit
1720 999 1769 1053 ei
1797 1000 2049 1055 occidere

455 1070 656 1139 'ﬁlium,
684 1075 778 1129 sed
802 1075 1279 1137 triduana‘itineris
1303 1099 1474 1150 mora,
1500 1100 1622 1141 eum
1651 1089 2040 1160 immolaturus,

466 1177 651 1218 secum
679 1166 875 1221 ducere
900 1167 1084 1236 jussus
1108 1173 1479 1247 est?—Resp.
1509 1177 1781 1245 Quatenus
1812 1182 2043 1252 longitu-

468 1250 590 1310 dine
606 1258 880 1326 temporis,
895 1265 1206 1318 tentationis
1218 1279 1429 1336 quoque
1443 1278 1729 1340 augeretur
1746 1250 2043 1329 incremen-

454 1353 600 1400 tum.
632 1347 764 1402 Nam
775 1364 886 1418 .per
903 1348 1139 1407 triduum
1170 1355 1274 1409 iter
1289 1360 1650 1427 protenditur,
1675 1369 1731 1416 et
1748 1378 1844 1432 per
1867 1373 2039 1420 totum

450 1437 700 1492 triduum
744 1442 1111 1499 crescentibus
1146 1447 1291 1501 curis
1311 1457 1535 1516 paterna
1555 1452 1763 1507 viscera
1787 1455 2037 1511 crucian-

466 1536 552 1580 tur
580 1545 593 1580 :
624 1538 682 1583 ut
708 1532 851 1585 omni
901 1532 1005 1589 hoc
1032 1535 1206 1604 spatio
1248 1546 1360 1615 tam
1384 1541 1597 1608 prolixo
1642 1542 1947 1599 intueretur
1973 1546 2039 1600 ﬁ-

463 1616 591 1672 lium
613 1629 784 1687 pater,
814 1622 991 1678 cibum
1017 1640 1139 1680 cum
1172 1643 1237 1683 eo
1265 1640 1524 1697 sumeret,
1550 1641 1610 1686 ut
1632 1632 1755 1706 [tot]
1785 1638 2035 1693 noctibus

459 1723 596 1777 puer
622 1711 880 1780 penderet
921 1713 974 1769 in
1020 1717 1352 1786 amplexibus
1391 1723 1579 1795 patris,
1627 1724 1914 1783 inhaereret
1934 1745 2034 1799 pe-

2152 533 2422 603 clangere.

2220 626 2388 682 Inter.
2414 629 2537 684 208.
2571 632 2794 689 Vocavit
2821 634 3044 711 [autem]
3070 641 3291 711 angelus
3312 642 3522 701 Domini
3545 645 3719 703 Abra-

2147 718 2271 772 ham
2301 723 2532 777 secundo
2561 722 2628 778 de
2654 724 2789 780 ccelo
2821 727 3004 784 dicens
3026 744 3047 782 ς
3080 729 3216 796 Quia
3256 732 3423 802 fecisti
3450 752 3555 791 rem
3577 737 3715 793 hanc

2144 815 2193 858 et
2232 823 2336 861 non
2361 812 2634 878 pepercisti
2659 813 2774 880 ﬁlio
2805 823 2893 868 tuo
2918 818 3179 887 unigenito
3199 832 3407 890 propter
3429 840 3508 877 me
3527 824 3715 896 (Ibid.,

2145 912 2193 949 ιι.
2219 896 2328 966 16).
2378 897 2627 968 Nunquid
2651 902 2921 957 Abraham
2961 915 3180 974 prepter
3216 910 3461 979 angelum
3491 929 3596 968 non
3624 925 3717 985 pe-

2142 987 2317 1053 percit
2338 988 2449 1044 ﬁlio
2478 1006 2595 1056 suo,
2626 1000 2680 1046 et
2707 1009 2813 1048 non
2842 1004 3061 1064 propter
3084 998 3289 1053 Deum?
3307 1030 3377 1040 -—
3404 1001 3559 1074 Resp.
3587 1003 3715 1075 [Aut

2141 1075 2309 1149 enim]
2358 1079 2530 1147 angeli
2560 1082 2776 1137 nomine
2809 1083 3068 1140 Dominus
3093 1086 3338 1142 Christus
3382 1092 3715 1161 signiﬁcatus

2140 1173 2244 1233 est,
2271 1168 2364 1236 qui
2390 1170 2506 1224 sine
2530 1171 2690 1226 dubio
2717 1172 2856 1227 Deus
2881 1182 2984 1238 est,
3014 1188 3070 1229 et
3100 1176 3380 1232 manifeste
3401 1195 3430 1232 a
3453 1183 3711 1249 propheta

2141 1258 2318 1313 dictus
2341 1268 2445 1326 est,
2489 1264 2665 1332 magni
2688 1265 2892 1319 consilii
2921 1267 3157 1338 angelus.
3202 1270 3310 1324 Aut
3359 1270 3528 1346 [quia]
3573 1275 3713 1330 Deus

2141 1345 2301 1419 [erat]
2328 1350 2381 1403 in
2407 1354 2625 1420 angelo;
2658 1362 2712 1408 et
2730 1353 2922 1425 [Edit.,
2944 1357 3056 1428 aut]
3076 1373 3147 1414 ex
3172 1375 3401 1429 persona
3430 1345 3522 1419 Dei
3551 1381 3709 1436 ange—

2137 1443 2221 1498 lus
2256 1443 2596 1514 loquebatur,
2641 1449 2781 1504 sicut
2819 1451 2871 1505 in
2906 1453 3188 1521 prophetis
3218 1456 3381 1511 etiam
3410 1458 3523 1513 fieri
3552 1459 3707 1514 solet.

2136 1531 2269 1586 Nam
2300 1534 2355 1588 in
2385 1539 2836 1604 consequentibus
2860 1538 2967 1594 hoc
2990 1543 3161 1611 magis
3186 1544 3405 1619 videtur
3427 1561 3709 1616 apparens,

2136 1623 2228 1676 ubi
2246 1623 2476 1693 legitur:
2508 1623 2623 1699 [Et]
2677 1630 2871 1683 vocavit
2921 1628 3135 1700 angelus
3194 1633 3401 1691 Domini
3443 1637 3706 1691 Abraham

2134 1713 2321 1783 iterum
2347 1716 2412 1770 de
2435 1716 2581 1776 calo.
2607 1718 2784 1774 dicens
2804 1737 2824 1776 :
2850 1719 2954 1776 Per
2974 1726 3328 1796 memelipsum
3356 1728 3553 1797 juravi,
3572 1729 3705 1785 dicit

460 1799 620 1865 ctori,
668 1803 935 1859 cubitarct
990 1806 1045 1861 in
1094 1810 1326 1878 gremio;
1377 1787 1643 1881 quatenus
1681 1831 1786 1886 .per
1823 1787 2031 1890 singula
2062 1787 2108 1846 B
2137 1802 2412 1860 θοθηίηυδ·
3462 1840 3467 1847 ’

461 1898 730 1946 momenta
765 1893 818 1949 in
846 1903 1069 1964 paterno
1102 1897 1297 1953 aﬁ‘ectu
1323 1901 1477 1956 dolor
1513 1906 1790 1962 occidendi
1820 1909 1915 1964 ﬁlii
1943 1927 2033 1965 ac—
2105 1938 2111 1944 ~

447 1985 844 2042 cumularetur.

526 2091 692 2149 Inter.
747 2095 871 2150 205.
930 2096 987 2152 Si
1032 2098 1303 2156 Abraham
1357 2103 1723 2163 indubitanter
1773 2118 1827 2163 et
1874 2111 2030 2168 ﬁrmo

450 2183 636 2240 animo
677 2185 948 2255 cogitabat
996 2198 1233 2246 mactare
1257 2207 1482 2261 puerum
1512 2195 1740 2252 Domino
1782 2199 1838 2253 in
1881 2200 2032 2257 holo—

443 2284 722 2341 caustum,
744 2279 872 2347 quid
896 2289 979 2335 est
999 2283 1143 2352 quod
1169 2283 1303 2357 dixit
1325 2287 1507 2354 pueris
1535 2288 1647 2344 suis
1674 2306 1687 2341 :
1726 2287 1827 2344 Vos
1851 2307 2030 2363 exspe-

438 2380 586 2424 ctate
612 2372 735 2427 hic:
762 2390 854 2444 ego
883 2385 929 2428 et
956 2393 1100 2446 puer,
1136 2395 1254 2432 rum
1280 2380 1691 2449 adoraverimus,
1717 2396 2030 2442 revertemur

364 2528 367 2529 ν
450 2461 523 2515 ad
551 2479 636 2516 eos
677 2461 828 2533 (Gen.
860 2467 1198 2539 xw,5)‘?-—
1230 2470 1390 2543 Resp.
1436 2472 1625 2545 [Igitur
1666 2486 1722 2531 et
1763 2478 2028 2536 dubitanti

452 2548 631 2605 animo
683 2565 918 2610 maelare
961 2571 1186 2625 puerum
1235 2562 1549 2632 cogitabat,
1595 2573 1651 2620 et
1706 2566 2029 2627 indubitanti

435 2642 630 2697 animo
675 2643 728 2698 in
757 2644 923 2700 Deum
972 2650 1283 2705 resuscitari
1319 2655 1573 2710 credebat
1604 2658 1774 2731 eum.]
1822 2660 2027 2717 idcirco

437 2739 736 2802 utrumque
765 2734 935 2792 laudis
958 2735 1111 2808 [Ms.,
1130 2739 1436 2816 laudabilis]
1463 2753 1547 2799 est
1571 2755 1628 2800 et
1649 2749 1702 2802 in
1722 2753 2023 2807 constantia

449 2814 728 2889 oﬁ'erendi,
756 2833 811 2879 et
834 2827 888 2881 in
916 2826 1021 2883 ﬁde
1046 2814 1434 2889 resuscitandi.‘
1482 2834 1698 2892 Sciebat
1723 2842 2024 2898 certissime

451 2908 619 2965 Deum
661 2910 844 2983 fallere
872 2931 976 2970 non
1021 2932 1216 2986 posse:
1246 2929 1301 2975 et
1340 2921 1465 2978 licet
1488 2941 1625 2995 puer
1662 2930 2021 3003 occideretur,

436 3004 855 3072 promissionem
902 3016 1079 3065 tamen
1106 3011 1202 3068 Dei
1246 3013 1448 3070 salvam
1481 3033 1825 3087 permanere.
1870 3025 2022 3081 Unde

436 3099 505 3146 «et
522 3091 717 3149 Paulus
745 3098 1017 3165 apostolus
1044 3116 1143 3171 per
1166 3101 1425 3172 Spiritum
1458 3119 1701 3166 sanctum
1735 3114 2017 3181 didicerat,
2046 3121 2092 3183 C

451 3183 576 3254 quid
614 3186 777 3242 animi
809 3188 1081 3246 habuisset
1105 3190 1378 3251 Abraham
1409 3197 1547 3253 intra
1585 3216 1667 3267 se,
1700 3203 1826 3258 dum
1857 3205 2018 3261 ﬁdem

448 3276 566 3346 ejus
610 3279 789 3337 laudat
832 3281 986 3355 [Ms.,
1013 3283 1268 3360 laudavit]
1317 3290 1545 3347 dicens:
1592 3294 1721 3350 Fide
1744 3296 2018 3352 Abraham

436 3384 557 3424 'nou
579 3371 861 3439 haesitavit,
881 3391 1003 3430 cum
1031 3377 1247 3433 unicum
1274 3379 1513 3448 oﬁ‘errct,
1529 3384 1583 3438 in
1607 3402 1711 3453 quo
1736 3398 2017 3460 acceperat

450 3459 854 3528 promissionem
880 3464 1032 3537 [Ms.,
1049 3470 1537 3545 repromissiones],
1567 3459 2014 3552 [cogitans]iquia

450 3568 479 3605 a
512 3553 735 3608 mortuis
764 3570 886 3610 eum
917 3560 1238 3616 resuscitare
1263 3570 1454 3633 potens
1483 3577 1565 3621 est
1585 3567 1724 3625 Deus
1743 3570 2011 3641 (Ronan,

332 3653 343 3662 ο
432 3644 559 3734 βο).

513 3758 676 3815 Inter.
698 3761 821 3817 206.
868 3764 1017 3821 Unde
1039 3767 1182 3824 aries
1206 3769 1328 3835 iste,
1353 3773 1441 3841 qui
1467 3788 1567 3843 pro
1594 3775 1741 3831 Isaac
1764 3777 2013 3835 immola-

432 3854 529 3902 tus
554 3856 639 3904 est
667 3849 818 3918 (Gen.
846 3868 979 3918 xm,
1004 3855 1115 3927 15),
1152 3861 1379 3926 venerit,
1400 3863 1534 3917 solet
1561 3865 1728 3933 quaeri
1762 3883 1774 3919 ε
1804 3883 1872 3926 an
1899 3868 2010 3943 [de]
2065 3925 2075 3934 ,

441 3948 588 3994 terra
627 3942 700 3997 ibi
734 3944 911 4000 subito
936 3956 1151 4004 creatus
1176 3959 1340 4016 esset,
1371 3953 1454 4008 vel
1489 3954 1703 4011 aliunde
1729 3958 1798 4011 ab
1823 3942 2012 4031 angelo

438 4029 758 4095 allatus?-_-
783 4032 938 4106 Resp.
965 4036 1121 4093 Aries
1159 4040 1262 4096 iste
1288 4057 1394 4096 non
1438 4046 1709 4113 putativns
1732 4043 1886 4119 [Ms.,
1904 4029 2013 4119 [pn-

441 4119 633 4193 tatus],
681 4123 773 4178 sed
802 4140 961 4182 verus
987 4142 1107 4184 esse
1141 4131 1439 4188 credendus
1481 4144 1581 4190 est.
1629 4137 1752 4193 ideo
1779 4139 1952 4209 magis
1978 4155 2011 4196 a

439 4210 751 4270 doctoribus
777 4217 1097 4285 aestimatur,
1133 4221 1348 4277 aliunde
1397 4238 1520 4279 eum
1565 4228 1813 4297 angelum
1864 4239 2009 4285 attu-

438 4302 591 4369 lisse,
641 4320 799 4375 quam
847 4308 919 4363 ibi
970 4308 1037 4365 de
1084 4320 1251 4374 terra,
1280 4324 1403 4384 post
1448 4331 1539 4370 sex
1585 4318 1794 4373 dierum
1823 4336 2005 4394 opera,

436 4391 722 4447 Dominum
760 4411 1091 4465 procreasse.

509 4502 674 4559 Inter.
703 4507 828 4562 207.
866 4508 1041 4575 Quare
1069 4513 1353 4580 appellavit
1372 4517 1650 4572 Abraham
1678 4534 1875 4576 nomen
1904 4523 2006 4579 loci

431 4592 582 4648 illius
607 4611 620 4646 :
645 4594 900 4653 Dominus
922 4600 1046 4655 vidit
1075 4601 1236 4673 (Ibid.
1263 4606 1454 4676 v.14);
1494 4624 1616 4664 cum
1645 4627 1907 4683 nusquam
1941 4617 2012 4670 sit

437 4684 582 4751 quod
604 4683 862 4742 Dominus
893 4704 998 4744 non
1028 4692 1240 4746 videat?
1263 4726 1334 4735 —
1363 4695 1515 4768 Resp.
1564 4697 1703 4754 Vidit
1724 4714 1823 4771 pro
1844 4723 2009 4775 appa—

434 4774 541 4827 ruit
566 4774 703 4830 dixit
728 4794 742 4834 :
771 4777 871 4835 hoc
898 4790 999 4846 est,
1036 4783 1204 4839 videri
1253 4784 1401 4850 fecit,
1432 4790 1571 4845 sicut
1616 4793 1687 4847 ibi
1715 4811 1729 4848 :
1776 4795 1843 4848 Et
1873 4774 2010 4853 nunc

433 4873 649 4940 cognovi
671 4874 795 4944 quia
815 4877 962 4933 times
982 4878 1168 4945 Deum,
1204 4881 1259 4936 id
1293 4892 1393 4947 est,
1425 4882 1527 4939 feci
1573 4893 1633 4939 ut
1665 4893 2011 4957 cognoscaris

438 4956 590 5029 (Mm,
616 4976 1000 5035 cognoscatur;
1034 4969 1132 5037 aL,
1159 4973 1504 5047 cognoscar],
1539 4990 1605 5030 eo
1632 4956 1829 5047 genere
1856 4980 2008 5041 locu-

436 5049 621 5119 tionis,
650 5054 775 5110 dum
803 5072 900 5127 per
926 5060 1241 5120 eﬁicientem
1282 5064 1617 5136 signiﬁcatur
1643 5069 1696 5123 id
1724 5071 1867 5138 quod
1897 5070 2012 5125 elﬁ-

433 5140 574 5197 citur
603 5160 615 5196 :
642 5145 783 5200 sicut
805 5149 1014 5219 pigrum
1048 5150 1216 5224 frigus
1242 5147 1492 5220 dicimus,
1518 5171 1585 5211 eo
1609 5156 1755 5226 quod
1780 5157 2006 5232 [pigros]

433 5229 618 5287 faciat.
654 5234 788 5292 Illud
823 5249 1000 5295 autem
1045 5245 1189 5313 quod
1217 5246 1353 5302 dixit
1395 5264 1409 5302 ε
1462 5246 1617 5303 Unde
1654 5264 1816 5320 usque
1855 5229 2011 5306 hodie

434 5320 631 5377 dicitur
656 5323 911 5384 Dominus
936 5332 991 5386 in
1010 5344 1234 5390 montem
1262 5337 1469 5393 uidebit.
1504 5337 1711 5395 Exinde
1734 5341 1874 5410 apud
1899 5340 2009 5397 He-

434 5410 612 5469 braeos
638 5420 979 5499 proverbium
1005 5424 1149 5478 venit
1177 5424 1332 5497 [Ms..
1358 5427 1513 5501 exiit]
1539 5438 1598 5487 ut
1635 5429 1682 5485 si
1710 5431 1925 5499 quando
1951 5432 2006 5486 in
2033 5478 2043 5489 .

433 5505 685 5589 angustia
713 5510 990 5567 constituti
1018 5521 1162 5578 sunt,
1196 5512 1295 5587 [et]
1319 5515 1530 5572 Domini
1557 5534 1774 5591 quoque
1815 5528 2007 5591 optant

434 5594 635 5651 auxilio
661 5599 951 5670 sublevari,
976 5604 1156 5660 dicant
1182 5622 1197 5659 :
1225 5603 1293 5659 In
1319 5617 1491 5662 monte
1513 5608 1770 5666 Dominus
1796 5612 2005 5676 videbit,

435 5681 539 5738 hoc
569 5691 675 5754 est,
715 5687 856 5744 sicut
880 5690 1130 5763 Abrahae,
1168 5693 1512 5752 miserebitur
1537 5707 1593 5754 et
1617 5702 1810 5757 nostri.
1853 5702 2007 5758 Unde

2202 1892 2368 1948 Inter.
2416 1896 2542 1951 209.
2587 1898 2725 1965 Quid
2763 1910 2846 1956 est
2864 1904 3015 1971 quod
3063 1907 3298 1960 secundo
3340 1909 3405 1961 ad
3432 1907 3704 1964 Abraham

2130 1984 2331 2039 eaedem
2367 1996 2422 2041 et
2460 2004 2565 2043 non
2607 1991 2727 2045 alia:
2764 1994 3149 2061 promissiones
3186 1996 3339 2051 factae
3367 2006 3490 2051 sunt
3509 1998 3703 2069 .(Ibid..,

2130 2075 2431 2142 v.17)?—
2477 2078 2632 2150 Resp.
2681 2081 2961 2153 Signiﬁcat
3008 2086 3197 2155 duplex
3249 2101 3431 2142 semen
3475 2088 3705 2144 Abraha:

2130 2164 2369 2221 futurum
2397 2184 2536 2230 esse.
2567 2187 2730 2225 unum
2780 2175 3012 2235 carnale.
3061 2177 3205 2232 aliud
3246 2178 3541 2247 spirituale.
3581 2181 3704 2236 [deo

2130 2252 2264 2308 dixit
2290 2256 2339 2309 ei
2365 2256 2622 2314 Dominus
2650 2278 2662 2314 :
2690 2259 2812 2333 [sic]
2842 2264 2945 2317 erit
2971 2279 3152 2320 semen
3176 2276 3347 2333 tuum,
3375 2270 3513 2324 sicut
3537 2270 3704 2325 stellae

2129 2343 2272 2408 cceli,
2300 2352 2357 2399 et
2383 2346 2521 2401 sicut
2545 2363 2710 2403 arena
2738 2351 2904 2406 maris
2931 2369 2943 2404 :
2988 2353 3043 2407 in
3085 2354 3252 2410 stellis
3275 2357 3425 2422 caeli,
3450 2359 3702 2428 spiritua-
3751 2403 3770 2420 .

2129 2433 2238 2500 les;
2267 2436 2320 2489 in
2344 2452 2507 2492 arena
2539 2441 2726 2507 maris,
2750 2443 2992 2515 carnales
3018 2443 3223 2516 [volens
3254 2446 3477 2519 intelligi
3503 2449 3695 2521 (Edit.,

2128 2524 2564 2602 intelliguntur“.

2200 2616 2364 2671 Inter.
2396 2618 2519 2673 210.
2567 2619 2677 2677 Cur
2703 2620 2894 2694 [enim]
2920 2624 3219 2681 nominavit
3250 2626 3528 2695 Scriptura
3558 2629 3698 2686 ﬁlios

2126 2705 2343 2760 hachor
2384 2706 2568 2763 fratris
2608 2708 2840 2765 Abrahae
2891 2710 3078 2784 (Ibid.,
3110 2730 3241 2769 vers.
3271 2714 3502 2787 20)?—
3539 2718 3694 2791 Resp.

2125 2796 2261 2865 Quia
2303 2797 2369 2851 de
2412 2797 2536 2863 illis,
2574 2799 2657 2854 vel
2698 2800 2765 2855 de
2810 2800 3025 2857 illorum
3067 2804 3232 2873 stirpe
3258 2805 3461 2876 aliquid
3488 2807 3700 2867 celebre

2124 2897 2308 2956 postea
2337 2896 2545 2957 gestum
2573 2904 2692 2944 esse
2735 2890 2949 2960 legitur.
2978 2892 3163 2963 Itaque
3189 2894 3301 2949 llus
3336 2894 3693 2969 [Ms.,.Chns]

2124 2993 2261 3032 unus
2303 2984 2434 3039 erat,
2477 2978 2543 3031 de
2578 2977 2728 3047 cujus
2768 2981 2934 3050 stirpe
2956 2980 3058 3038 Job
3096 2984 3388 3041 descendit.
3417 2986 3579 3059 326
3605 2986 3697 3047 Sic

2123 3067 2266 3123 enim
2312 3067 2574 3137 scriptum
2615 3078 2699 3124 est
2737 3070 2796 3125 in
2838 3072 3060 3128 exordio
3090 3074 3375 3131 voluminis
3414 3076 3569 3145 ejus:
3603 3075 3697 3131 Vir

2121 3156 2220 3226 fuit
2242 3159 2300 3211 in
2321 3167 2460 3210 terra
2479 3156 2604 3212 .Hus
2627 3157 2774 3231 [δίδη
2800 3160 2962 3235 Chus]
2995 3166 3202 3218 nomine
3221 3165 3340 3219 Job.
3368 3165 3504 3221 Male
3533 3167 3696 3239 igitur

2119 3249 2459 3304 aestimabant
2488 3248 2639 3323 [Ms.,
2667 3253 2961 3327 mstimant]
3009 3257 3246 3325 quidam,
3278 3256 3379 3314 Joh
3405 3259 3471 3314 de
3499 3274 3696 3330 genere

2118 3338 2259 3394 Esau
2307 3348 2515 3402 natum.
2567 3340 2623 3396 in
2669 3342 2823 3412 cujus
2864 3359 3063 3416 genere
3108 3356 3191 3402 est
3234 3347 3412 3402 Balam
3445 3345 3597 3421 [Ms.,
3624 3349 3690 3404 de

2116 3437 2277 3502 gente
2300 3431 2463 3486 Esau.
2494 3430 2774 3490 Secundus
2816 3444 2946 3491 natu
2988 3445 3073 3492 est
3109 3439 3173 3494 de
3213 3438 3414 3494 Melcha
3441 3439 3590 3503 Buzi,
3622 3455 3689 3495 ex

2115 3522 2268 3594 cujus
2292 3540 2486 3596 genere
2516 3535 2598 3582 est
2617 3526 2824 3593 Balam,
2846 3528 2979 3601 etc.]
3016 3530 3106 3583 ille
3138 3526 3369 3595 divinus,
3396 3539 3455 3584 ut
3480 3531 3688 3588 Hebraei

2116 3618 2350 3682 tradunt,
2383 3616 2471 3688 qui
2514 3617 2567 3673 in
2600 3617 2743 3671 libro
2770 3616 2870 3670 Job
2897 3617 3094 3672 dicitur
3123 3612 3274 3673 Helm
3310 3637 3321 3671 :
3347 3621 3583 3688 primum
3604 3623 3689 3675 vir

2114 3715 2333 3761 sanctus
2360 3705 2456 3778 [et]
2485 3707 2742 3776 propheta
2770 3705 2890 3774 Dei,
2921 3702 3102 3781 postea
3133 3723 3230 3781 per
3271 3710 3687 3769 inubedieutiam

2113 3806 2167 3851 et
2194 3797 2519 3853 desiderium
2546 3814 2830 3856 munerum
2859 3814 3179 3869 excaecatus,
3209 3805 3334 3860 dum
3375 3805 3536 3860 lsrael
3562 3789 3679 3861 inao

2112 3886 2342 3942 ledicere
2366 3888 2546 3958 coepit,
2573 3889 2739 3944 divini
2762 3893 3018 3947 vocabulo
3048 3904 3404 3964 nuncupatus.
3432 3895 3688 3967 [Dicitur-

2110 3993 2218 4048 que
2244 3979 2299 4035 in
2322 3981 2509 4036 eodem
2538 3980 2680 4037 libro
2711 3999 2725 4036 :
2756 3983 2824 4037 Et
2853 3984 3020 4038 iratus
3048 3984 3200 4039 Helia
3232 3987 3374 4041 ﬁlius
3400 3988 3682 4043 Barachiel

2110 4071 2349 4128 Buzites.
2400 4072 2477 4129 De
2504 4073 2664 4143 hujus
2691 4074 2942 4129 videlicet
2974 4074 3104 4128 Buzi
3148 4075 3329 4131 radice
3357 4076 3686 4132 descendens
3771 4128 3781 4141 ,

2110 4161 2281 4219 Cham
2323 4163 2409 4219 vel
2451 4171 2607 4233 pater
2652 4162 2768 4233 ejus
2810 4163 3078 4219 Damasci.
3130 4163 3250 4234 lpsa
3294 4165 3436 4219 enim
3462 4174 3688 4247 vocatur

2108 4254 2277 4319 Aran,
2307 4269 2428 4324 qua:
2451 4255 2539 4310 hic
2571 4269 2670 4324 pro
2698 4253 2851 4326 Syria
2887 4256 3084 4325 scripta
3112 4264 3195 4311 est
3220 4263 3273 4310 et
3301 4255 3418 4327 ipso
3461 4254 3680 4311 nomine

2110 4346 2308 4415 legitur
2351 4346 2406 4400 in
2446 4345 2605 4401 Isaia.
2646 4345 2842 4402 Caseth
2869 4361 3081 4416 quoque
3105 4355 3333 4416 quartus
3370 4354 3472 4411 est,
3517 4361 3551 4400 a
3575 4361 3684 4417 quo

2111 4437 2377 4502 Casiadei,
2418 4437 2470 4492 id
2518 4446 2601 4493 est
2642 4436 2897 4504 Chaldaai,
2944 4446 3129 4507 postea
3175 4439 3347 4493 vocati
3390 4444 3536 4493 sunt.
3580 4436 3682 4503 Ba-

2114 4530 2285 4594 thuel,
2314 4530 2380 4583 de
2420 4543 2527 4598 quo
2564 4528 2806 4585 Rebecca
2854 4538 2908 4585 et
2934 4529 3113 4584 Laban
3148 4538 3301 4601 pater
3342 4529 3453 4585 Liae
3495 4536 3548 4587 et
3574 4529 3682 4585 Ra-

2110 4618 2250 4672 chel.

2180 4616 2347 4763 iiber.
2388 4709 2513 4763 2H.
2555 4707 2665 4763 Cur
2706 4725 2810 4763 una
2836 4710 3259 4767 civitasliebron
3286 4712 3457 4767 tribus
3497 4707 3682 4780 appel-

2108 4798 2217 4853 lata
2261 4809 2346 4855 est
2389 4798 2715 4863 nominibus,
2763 4800 3039 4864 videlicet,
3084 4800 3320 4867 lichron,
3367 4800 3534 4865 Arbe,
3581 4794 3679 4870 [et]

2109 4889 2350 4946 Mambre
2376 4888 2529 4962 (Gen.
2560 4905 2721 4956 χχιιι,
2751 4891 2807 4961 2)
2827 4892 2851 4944 ?
2870 4922 2936 4931 —
2959 4891 3112 4961 Resp.
3148 4890 3357 4946 Hebron
3384 4889 3617 4964 [civitas]
3648 4906 3679 4945 a

2107 4979 2447 5051 Gigantibus,
2479 4997 2511 5036 a
2542 4982 2737 5051 quibus
2764 4982 3032 5051 quondam
3066 4981 3279 5036 condita
3303 4990 3386 5036 est
3411 4998 3425 5034 :
3466 4988 3522 5037 et
3543 4980 3681 5035 Arbe

2107 5084 2140 5123 a
2168 5086 2416 5135 numero,
2461 5072 2715 5127 videlicet
2756 5079 3004 5141 quatuor,
3047 5069 3230 5142 [habet
3253 5069 3492 5144 nomen],
3534 5071 3678 5141 quo.l

2108 5160 2181 5215 ibi
2225 5170 2457 5231 quatuor
2479 5164 2801 5233 patriarchae
2846 5163 3038 5234 sepulti
3070 5172 3227 5228 sunt,
3257 5162 3424 5219 Adam
3450 5178 3677 5235 magnus

2107 5250 2327 5306 humani
2370 5255 2586 5323 generis
2610 5263 2793 5325 pater;
2827 5254 3119 5320 Abraham,
3146 5252 3245 5327 [et]
3270 5254 3417 5311 Isaac
3457 5252 3554 5329 [et]
3581 5253 3674 5309 Ja-

2106 5342 2226 5395 coh.
2294 5342 2419 5398 Haec
2464 5345 2653 5400 eadem
2701 5360 2732 5400 a
2777 5347 3010 5416 quodam
3063 5345 3355 5402 amicorum
3402 5343 3673 5403 Abraham

2108 5433 2347 5489 Mambre
2370 5444 2560 5490 vocata
2586 5443 2688 5491 est.

2177 5520 2343 5577 Inter.
2369 5523 2495 5578 2l2.
2538 5523 2851 5597 [Quaeritur]
2879 5525 3005 5595 quid
3048 5523 3315 5594 signiﬁcat
3339 5523 3479 5595 quod
3502 5525 3674 5582 Abra-

2105 5613 2230 5667 ham
2257 5627 2423 5683 puero
2449 5629 2547 5668 suo
2574 5614 2703 5671 dicit
2728 5613 2902 5669 :l’one
2922 5630 3132 5669 manum
3161 5621 3305 5668 tuam
3331 5631 3484 5686 super
3501 5613 3669 5684 femur

2106 5719 2296 5768 meum,
2324 5713 2372 5757 et
2408 5704 2536 5774 jura
2563 5720 2654 5775 per
2673 5705 2951 5760 Dominum
2981 5705 3144 5760 Deum
3193 5707 3304 5762 ειτῖὶ
3334 5706 3484 5780 (Gen.
3517 5703 3667 5765 1hr,
