4006 6186
323 333 429 389 547

1181 322 1240 376 s.
1281 319 1342 376 ιη.
1385 317 1611 373 AL'BINl
1645 315 1781 371 seu
1822 291 2097 369 meum
2136 309 2419 367 omum
2456 305 2638 362 PARS
2672 308 2735 364 ιι.

3491 308 3594 365 518

324 445 713 520 1,3]1—Resp.
737 439 978 495 Tradunt
1003 433 1375 504 Hebraei-quod
1401 429 1905 488 in-sanctiﬁcati'one
1937 431 1980 486 Α
2009 421 2189 496 uxor].
2231 423 2304 520 ἐι
2353 423 2436 478 sic
2481 423 2696 477 videtur
2737 419 2990 493 [depositi
3027 419 3171 520 jam]
3212 420 3447 520 Abrahae
3471 432 3606 520 aetas

327 539 464 610 ejus,
495 539 598 592 hoc
633 545 715 589 est
760 529 1194 593 circumcisione,
1235 525 1522 596 juraverit.
1571 521 1679 577 Sed
1725 521 1918 575 melius

321 623 730 697 intelligendum
758 628 843 675 est
861 617 1076 687 iurasse
1106 618 1162 672 in
1193 615 1400 671 semine
1422 612 1676 676 Abrahae,
1699 611 1809 664 “hoc
1835 618 1918 664 est

319 718 559 774 Christo.
603 713 741 779 Quia
789 713 905 781 ipse
930 710 1188 765 Dominus
1211 709 1358 761 Dens
1389 705 1510 760 cmli
1545 704 1602 757 in
1649 717 1712 755 ea
1757 716 1919 755 carne

325 815 438 862 tum
485 814 749 859 venturus
792 809 933 859 erat.
987 815 1105 868 qua:
1144 800 1210 853 de.
1251 797 1348 852 illo
1390 796 1591 852 femore
1625 803 1917 864 propagata

326 904 434 950 est.

404 986 568 1040 inter.
609 985 732 1038 215.
756 982 1045 1049 Quomodo
1094 994 1283 1034 servus
1316 976 1546 1031 Abrahzc
1575 975 1627 1028 in
1653 973 1919 1043 petitione

328 1078 468 1146 signi
501 1074 874 1146 augurationis
898 1072 1034 1125 vitio
1062 1067 1360 1138 culpandus
1383 1081 1489 1120 non
1511 1073 1593 1118 est
1621 1062 1774 1133 ('vers.
1796 1061 1922 1131 ll)?

329 1167 578 1236 —Resp.
624 1165 782 1220 Aliud
809 1171 900 1217 est
945 1159 1138 1234 [enim]
1195 1159 1397 1212 mirum
1459 1154 1663 1224 aliquid
1704 1163 1920 1223 petere,

328 1257 475 1327 quod
509 1257 624 1326 ipso
655 1253 913 1308 miraculo
942 1250 1280 1320 significatur
1327 1245 1484 1318 [Ms.,
1507 1244 1651 1314 quod
1678 1258 1776 1312 pro
1807 1243 1922 1312 ipso

337 1351 598 1406 miraculo
632 1350 843 1418 signum
865 1345 997 1417 sit];
1032 1343 1176 1398 aliud
1203 1351 1311 1414 [est
1333 1337 1518 1410 etiam]
1538 1339 1809 1392 humanos
1836 1351 1921 1389 er-

335 1456 489 1497 rores
536 1438 908 1508 superstitiosa
933 1433 1176 1488 vanitate
1211 1432 1264 1485 in
1305 1429 1580 1498 auspiciis,
1612 1424 1924 1497 auguratio-

333 1532 496 1587 nibus
519 1529 616 1603 [et]
642 1527 1062 1583 divinationibus
1104 1525 1416 1578 observare.
1465 1519 1728 1586 Quaedam
1775 1517 1922 1571 enim

335 1629 496 1693 pacta
531 1619 689 1692 μίση
718 1617 881 1690 facta]
909 1624 1035 1672 sunt
1081 1613 1360 1669 diabolica:
1413 1609 1816 1670 familiaritatis,
1863 1614 1925 1660 et

337 1729 446 1769 non
493 1712 609 1768 sine
639 1711 836 1792 grandi
883 1716 1107 1779 peccato
1144 1706 1300 1770 ﬁunt,
1348 1704 1562 1774 quando
1591 1701 1744 1756 ﬁunt.
1789 1700 1923 1755 Illud

2019 515 2286 579 excusari,
2313 529 2381 569 ne
2407 529 2571 568 senex
2609 519 2732 584 post
2756 521 2985 567 mortem
3015 513 3205 568 uxoris
3233 513 3425 568 vetula:
3451 514 3610 569 novis

2020 605 2222 673 nuptiis
2275 611 2534 671 arguatur
2577 602 2872 658 lascivisse.
2926 600 3166 675 [Fertur]
3207 618 3430 673 quoque
3482 605 3610 674 quia

2022 698 2113 752 ﬁlii
2138 697 2386 761 Abrahae,
2411 698 2502 768 qui
2531 698 2580 752 ei
2605 697 2670 751 de
2695 696 2927 751 Cethura
2968 699 3076 752 nati
3107 707 3254 760 sunt,
3281 698 3607 770 [occupave-

2023 799 2149 843 runt
2195 798 2399 844 terram
2445 806 2566 859 qua:
2609 788 2808 843 Arabia
2842 798 3080 852 vocatur,
3116 807 3288 860 usque
3331 791 3401 846 ad
3442 795 3610 848 utaris

2023 880 2215 952 Rubri]
2254 881 2453 934 littora.
2484 879 2691 934 Dicitur
2724 888 2903 933 autem
2937 896 3074 934 unus
3097 897 3163 934 ex
3189 883 3422 951 posteris
3443 883 3608 938 Abra-

2022 973 2120 1033 hm,
2149 972 2238 1041 qui
2288 971 2588 1041 appellatur
2611 971 2776 1025 Asser
2822 968 2972 1042 [Ms.,
2998 971 3372 1041 appellabatur
3394 974 3608 1049 Assur].

2017 1063 2240 1117 duxisse
2279 1063 2538 1116 adversus
2579 1061 2786 1115 Lubian
2837 1058 2990 1132 [:lls.,
3033 1061 3242 1134 Laban]
3288 1053 3609 1127 exercitum,

2023 1160 2079 1205 et
2107 1153 2179 1206 ibi
2209 1152 2435 1206 devictis
2454 1151 2709 1205 hostibus
2735 1151 3064 1216 consedisse,
3097 1152 3320 1223 ejusque
3362 1165 3610 1226 posteros

2013 1259 2088 1297 ex
2120 1243 2336 1299 nomine
2351 1242 2510 1296 Αιδνί
2532 1241 2771 1297 Africam
2811 1259 3171 1315 nuncupasse.
3223 1245 3370 1301 Alios
3396 1262 3614 1318 quoque

2025 1332 2164 1388 ﬁlios
2188 1333 2418 1388 Abrahae
2447 1347 2513 1387 ex
2542 1332 2777 1388 Cethura
2827 1350 3120 1404 occupasse
3150 1334 3334 1391 Judea:
3363 1339 3612 1408 regiones

2025 1421 2175 1494 [Ms.,
2207 1423 2422 1477 Indiam
2457 1423 2756 1497 regionem]
2785 1426 3105 1480 aestimatur.

2096 1513 2260 1568 Inter.
2286 1515 2410 1568 220.
2441 1515 2718 1581 Quomodo
2742 1517 2993 1571 convenit
3020 1516 3252 1571 Abraba:
3280 1525 3390 1571 tam
3419 1529 3614 1575 sancto

2024 1605 2142 1659 viro
2177 1604 2326 1674 quod
2367 1604 2562 1658 dicitur
2599 1620 2612 1658 :
2666 1604 2733 1658 Et
2776 1606 3019 1675 deﬁciens
3055 1618 3292 1661 mortuus
3334 1617 3407 1662 est
3451 1607 3609 1682 (Gen.

2025 1713 2151 1761 xxv,
2184 1696 2274 1766 8)?
2304 1725 2372 1736 -
2400 1696 2554 1767 Resp.
2583 1697 2639 1751 lu
2673 1695 2907 1753 Hebraeo
2933 1715 3038 1754 non
3071 1701 3301 1755 habetur
3343 1702 3613 1771 deﬁciens,

341 1803 505 1875 igitur
548 1784 794 1872 superius
838 1799 1111 1869 petitionis
1157 1812 1326 1868 genus
1365 1794 1734 1865 comprobatio
1769 1792 1924 1865 [Ms.,
1960 1784 2003 1844 Β
2032 1788 2125 1844 sed
2153 1803 2182 1842 a
2214 1788 2559 1858 Septuaginta
2585 1789 2971 1858 lnterpretibus
3002 1791 3242 1847 additum
3267 1802 3368 1847 est.

341 1893 675 1962 computatio
701 1889 846 1961 ﬁdei]
888 1905 981 1943 seu
1033 1888 1341 1957 conjunctio
1371 1886 1490 1942 ﬁdei
1517 1893 1600 1941 est
1632 1887 1699 1940 ad
1727 1885 1924 1949 Deum;

343 1986 450 2039 hoc
471 1983 742 2056 posterius
767 1981 1099 2036 inﬁdelitatis
1122 1979 1432 2048 coniunctio
1471 1977 1536 2032 ad
1563 1977 1854 2030 diabolum.

411 2072 578 2128 Inter.
603 2072 729 2126 2H.
755 2070 892 2138 Quid
915 2073 1039 2134 hoc,
1063 2070 1440 2140 proticiscente
1461 2069 1702 2122 Rebecca
1730 2085 1743 2120 :
1766 2064 1931 2120 Soror

341 2172 522 2218 nostra
553 2179 629 2225 es,
677 2177 880 2215 crescas
925 2162 979 2214 in
1022 2159 1191 2213 millia
1231 2159 1454 2212 millium
1495 2167 1544 2212 et
1573 2157 1929 2212 hwreditatem

343 2255 570 2309 obtineat
610 2252 757 2316 [Ms.,
785 2251 1071 2324 possideat]
1098 2267 1269 2304 semen
1301 2259 1448 2303 tuum
1475 2258 1654 2320 portas
1685 2249 1928 2303 inimico-

345 2362 462 2399 runt
484 2361 699 2398 suorum
731 2345 885 2415 (vers.
909 2342 1036 2412 60)?
1072 2343 1210 2397 Num
1235 2342 1512 2412 prophetm
1540 2340 1779 2406 fuerunt,
1803 2341 1928 2411 quia

347 2434 503 2508 μὴ,
531 2433 646 2508 qui]
681 2435 785 2488 hoc
812 2435 1064 2489 dixerunt
1094 2434 1237 2504 quod
1283 2433 1336 2486 in
1376 2432 1558 2486 futuro
1601 2431 1802 2486 factum
1848 2439 1932 2488 est

350 2527 505 2600 [Αἴθη
549 2529 690 2598 quod
739 2527 980 2582 futurum
1010 2528 1210 2583 factum
1253 2525 1578 2599 fuerat]?—
1619 2525 1775 2598 Resp.
1813 2525 1931 2581 Non

347 2620 626 2689 prophetzc
671 2617 910 2683 fuerunt,
954 2627 1047 2672 aut
1076 2618 1318 2673 vanitate
1355 2625 1461 2672 tam
1501 2632 1692 2687 magna
1717 2625 1934 2686 optave-

349 2718 500 2777 runt,
528 2710 622 2766 sed
653 2723 766 2775 eos,
801 2724 922 2781 quae
951 2710 1275 2782 promiserat
1306 2709 1450 2764 Deus
1485 2708 1736 2772 Abrahre,
1767 2707 1934 2763 latere

350 2817 458 2856 non
487 2809 797 2872 potuerunt.

421 2891 588 2948 Inter.
636 2892 761 2948 215.
817 2891 947 2958 Quae
998 2901 1081 2946 est
1131 2892 1447 2947 exercitatio
1493 2891 1660 2956 Isaac,
1712 2908 1817 2962 qua
1877 2906 1936 2949 se

354 3002 612 3044 exemere
661 2987 858 3042 dicitur
893 2986 947 3040 in
993 3000 1183 3054 campo
1209 2985 1276 3039 ad
1302 3001 1580 3054 vesperam
1625 2984 1783 3055 (vers.
1809 2984 1936 3056 63)?

353 3110 422 3119 —
446 3078 602 3149 Resp.
638 3077 920 3148 Signiﬁcat
963 3075 1188 3152 [autem]
1239 3078 1327 3133 illa
1371 3079 1692 3135 exercitatio
1733 3080 1935 3135 oratio-

354 3185 520 3232 nem,
595 3169 890 3224 secundum
950 3170 1079 3225 illud
1145 3171 1289 3240 quod
1333 3169 1581 3227 Christus
1629 3172 1822 3228 orabat
1877 3173 1932 3226 in

354 3266 534 3312 monte
561 3276 574 3310 :
614 3266 674 3312 ut
701 3259 866 3313 etiam
896 3260 1022 3316 hinc
1063 3259 1212 3315 Isaac
1239 3270 1422 3333 typum
1449 3261 1663 3316 Domini
1707 3261 1937 3330 gesserit

355 3348 509 3417 (vers.
542 3348 656 3420 se).

427 3438 591 3494 Inter.
620 3439 745 3495 2l6.
769 3439 904 3508 Quae
926 3449 1010 3497 est
1035 3441 1126 3497 illa
1153 3449 1295 3496 terra
1320 3441 1523 3508 Austri,
1549 3443 1639 3498 ubi
1659 3443 1937 3500 habitabat

349 3531 528 3597 Isaac,
557 3541 860 3589 revertente
897 3549 1055 3590 servo
1095 3534 1269 3605 patris
1303 3535 1384 3590 sui
1419 3550 1543 3590 cum
1567 3536 1937 3592 Rebecca?—

357 3621 511 3693 Resp.
565 3621 754 3695 [Terra
780 3623 987 3698 Austri]
1034 3623 1303 3696 signiﬁcat
1350 3634 1551 3681 terram
1597 3626 1741 3682 illam
1779 3627 1934 3700 [Ms.,

353 3713 584 3785 Gerara]
631 3715 772 3769 unde
818 3730 848 3768 a
877 3725 1032 3785 patre
1080 3717 1148 3770 ad
1178 3715 1566 3772 immolandum
1613 3717 1934 3790 [quondam]

355 3803 531 3859 fuerat
559 3806 822 3861 adductus
849 3805 1002 3866 (vers.
1033 3807 1145 3862 65L

429 3913 598 3970 Inter.
633 3915 760 3970 2l7.
810 3916 949 3985 Quid
995 3927 1080 3975 est
1127 3921 1601 3995 theristrum,-quo
1642 3942 1700 3982 se
1727 3929 1939 3997 operuit

357 3999 733 4058 Rebecca?—-
772 4004 927 4079 Resp.
975 4008 1129 4065 Pallii
1177 4027 1347 4081 genus
1388 4022 1487 4078 est,
1518 4025 1581 4070 ut
1617 4033 1766 4073 nunc
1814 4026 1940 4074 sum

354 4093 587 4150 Arabica
631 4096 950 4154 vestimenta
984 4098 1136 4172 [Ms.,
1181 4104 1695 4176 teristrumpallium
1719 4109 1935 4175 dicitur,

356 4200 526 4255 genus
553 4187 714 4241 etiam
748 4204 893 4243 nunc
916 4188 1135 4246 Arabici
1180 4194 1534 4268 vestimenti],
1579 4199 1776 4267 quibus
1821 4216 1939 4256 mu-

355 4275 517 4332 lieres
539 4278 830 4345 provincia:
856 4280 1001 4334 illius
1026 4279 1292 4337 velantur.

425 4363 592 4422 Inter.
634 4369 758 4425 2l8.
791 4369 902 4425 Cur
926 4371 1199 4428 Abraham
1239 4383 1361 4445 post
1385 4378 1711 4446 promissum
1739 4382 1845 4437 sibi
1885 4392 1941 4439 et

2100 1879 2266 1934 Inter.
2294 1879 2389 1934 22f
2405 1921 2417 1933 .
2453 1879 2592 1946 Quid
2621 1879 2747 1952 [est]
2771 1881 2916 1950 quod
2941 1882 3130 1952 plenus
3153 1883 3358 1937 dierum
3382 1885 3616 1941 dicitur?

2027 2002 2098 2012 —
2125 1970 2280 2042 Resp.
2309 1969 2462 2038 Quod
2483 1971 2618 2027 lucis
2643 1979 2698 2027 et
2719 1971 2824 2027 diei
2850 1973 3102 2042 operibus
3130 1973 3321 2044 plenus
3349 1977 3618 2030 occubue-

2029 2064 2121 2118 rit.

2101 2153 2266 2208 Inter.
2298 2153 2423 2208 222.
2448 2153 2592 2222 Quid
2627 2163 2710 2209 est
2738 2156 2882 2226 quod
2925 2156 3055 2212 dicit
3079 2155 3368 2228 Scriptura
3395 2159 3462 2215 de
3494 2161 3623 2216 ﬁliis

2023 2245 2220 2300 lsmael
2248 2263 2260 2298 :
2291 2245 2670 2301 Habuavertmt
2701 2247 2764 2300 ab
2788 2247 2943 2301 Ebila
2967 2265 3126 2320 usque
3153 2250 3221 2303 ad
3252 2250 3380 2316 Sur,
3405 2267 3522 2321 quis:
3544 2265 3621 2307 est

2023 2339 2427 2408 contrafaciem
2465 2339 2684 2410 Ερυρή
2721 2340 2874 2408 (vers.
2909 2341 3033 2409 18)?
3063 2369 3133 2381 --
3181 2339 3335 2414 Resp.
3359 2343 3517 2399 'Ebila
3538 2355 3624 2399 est

2020 2431 2181 2503 regio
2205 2447 2367 2502 quam
2391 2429 2715 2486 circumfluit
2741 2430 2893 2503 [Ms.,
2915 2430 3128 2504 circuit]
3148 2432 3350 2488 Phison
3372 2449 3437 2488 ex
3460 2449 3623 2504 para-

2032 2524 2149 2579 diso
2187 2522 2382 2588 ﬂuens,
2415 2523 2557 2578 dicta
2600 2538 2630 2577 a
2671 2523 2904 2592 quodam
2945 2521 3101 2579 Ebiia
3147 2533 3340 2595 nepote
3383 2524 3534 2583 Noe:
3566 2537 3626 2581 et

2031 2622 2116 2670 est
2143 2615 2378 2670 solitudo
2405 2623 2594 2670 contra
2635 2614 2827 2671 faciem
2865 2614 3108 2686 Egypti.
3157 2615 3265 2670 Sur
3296 2631 3507 2688 quoque
3541 2629 3627 2674 est

2033 2707 2265 2762 solitudo
2289 2707 2438 2761 inter
2463 2705 2635 2762 Gades
2676 2716 2730 2762 et
2761 2706 2967 2774 Barad,
3013 2709 3311 2764 extendens
3356 2710 3622 2765 desertum

2033 2815 2206 2869 usque
2229 2799 2298 2852 ad
2326 2811 2477 2852 mare
2505 2797 2747 2853 Rubrum
2777 2807 2832 2854 et
2859 2798 3080 2870 Egypti
3111 2799 3364 2855 conﬁnia.

2103 2891 2273 2952 Inter.
2301 2890 2428 2944 223.
2460 2888 2600 2956 Quid
2624 2899 2708 2944 est
2733 2891 2875 2960 quod
2899 2891 3098 2945 dicitur
3123 2892 3187 2946 de
3216 2891 3438 2948 lsmaele
3468 2891 3621 2966 (vers.

2038 2981 2147 3054 16),
2176 2982 2318 3052 quod
2354 2982 2638 3038 duodecim
2670 2992 2979 3054 generasset
3017 2985 3306 3054 principes,
3338 2986 3422 3042 vel
3459 2987 3626 3044 duces

2039 3070 2152 3143 [qui
2169 3073 2483 3144 regionibus
2505 3073 2588 3128 vel
2613 3075 2862 3129 tribubus
2885 3075 3102 3130 nomina
3127 3076 3391 3132 dederunt
3412 3076 3626 3149 (omissa

2038 3167 2094 3219 in
2127 3164 2420 3236 ms.)]?—
2448 3164 2604 3238 Resp.
2653 3166 2931 3236 Signiﬁcat
2977 3169 3120 3238 quod
3161 3169 3357 3240 singuli
3399 3170 3622 3226 ﬁliorum

2037 3259 2278 3314 lsmaelis
2305 3257 2638 3331 [regionibus
2667 3260 2752 3314 vel
2779 3261 3027 3316 tribubus
3058 3262 3280 3316 nomina
3318 3261 3624 3336 dederunt],

2035 3363 2066 3402 e
2086 3348 2287 3417 quibus
2319 3349 2710 3418 primogenitus
2738 3349 2854 3418 ejus
2893 3349 2996 3405 fuit
3035 3349 3308 3408 Nahaioth
3335 3351 3487 3425 [Hs.,
3515 3353 3614 3409 Na.

2034 3439 2230 3504 haoth;
2281 3439 2378 3504 al.,
2424 3438 2715 3514 Nabeoth],
2779 3457 2809 3496 a
2843 3457 2952 3512 quo
2995 3443 3173 3498 omnis
3217 3444 3364 3514 regio
3403 3445 3472 3499 ab
3515 3445 3626 3500 Eu-

2025 3531 2230 3600 ..phrote
2251 3531 2320 3585 ad
2342 3546 2494 3586 mare
2520 3531 2762 3588 Rubrum
2788 3533 3102 3589 Nabathena
3147 3549 3314 3604 usque
3339 3535 3498 3589 hodie
3538 3536 3625 3590 di-

2037 3625 2199 3689 citur,
2227 3639 2348 3694 qua:
2385 3640 2511 3695 pars
2535 3633 2618 3680 est
2649 3625 2882 3681 Arabiae.
2929 3625 3065 3680 Nam
3101 3635 3154 3681 et
3193 3624 3405 3680 familia:
3430 3640 3620 3680 eorum

2037 3715 2342 3787 oppidaque
2363 3724 2416 3770 et
2439 3716 2561 3786 pagi
2585 3731 2650 3772 ac
2669 3717 2874 3771 munita
2901 3715 3144 3782 castella,
3167 3717 3412 3771 ettribus
3431 3717 3624 3771 horum

2028 3807 2395 3878 appellatione
2432 3807 2794 3863 celebrantur.
2839 3807 2923 3863 Ab
2947 3824 3057 3864 uno
3083 3822 3154 3862 ex
3195 3807 3281 3862 his
3311 3806 3528 3863 Cedaar
3570 3805 3626 3862 in

2038 3901 2276 3966 deserto,
2304 3901 2545 3957 Eoduma
2575 3902 2677 3956 alia
2700 3903 2873 3974 regio,
2906 3911 2960 3958 et
2994 3903 3267 3958 Remane:
3299 3903 3456 3977 [ιιι.
3485 3901 3624 3960 The-

2041 3994 2221 4066 mana]
2253 3997 2320 4049 ad
2356 4005 2600 4049 austrum
2634 4005 2687 4050 et
2721 3995 2953 4051 Cedema
2992 3997 3060 4052 ad
3095 3996 3372 4054 Orientem
3410 3999 3623 4054 dicitur.

2110 4087 2276 4141 Inter.
2292 4087 2416 4141 224.
2441 4086 2577 4154 Quid
2601 4096 2685 4142 est
2703 4089 2844 4158 quod
2865 4087 3061 4144 dicitur
3081 4090 3146 4144 de
3164 4090 3350 4146 eodem
3373 4089 3626 4145 lsmaele:

2039 4178 2231 4232 Coram
2266 4178 2507 4232 omnibus
2537 4178 2790 4248 fratribus
2810 4181 2920 4234 suis
2947 4180 3074 4234 obiit
3096 4178 3251 4253 (vers.
3281 4181 3404 4243 i7)?
3423 4181 3508 4236 vel
3537 4182 3628 4251 qui

2039 4277 2166 4323 sunt
2202 4267 2431 4323 fratrum
2475 4269 2693 4324 nomine
2727 4270 2858 4326 dicti
2889 4268 3041 4342 [Ms.,
3073 4269 3325 4344 eensiti]?
3358 4301 3430 4311 —
3473 4269 3625 4341 Resp.

2038 4359 2096 4414 ld
2123 4369 2227 4426 est,
2250 4362 2305 4416 in
2332 4361 2581 4417 manibus
2603 4363 2842 4418 omnium
2871 4363 3161 4418 liberorum
3191 4363 3342 4436 μισ..
3372 4363 3623 4437 ﬁliorum]

354 4466 543 4512 mmm
573 4456 742 4526 Isaac,
773 4460 826 4515 in
855 4477 961 4532 quo
985 4463 1034 4518 ei
1062 4464 1434 4536 multiplicatio
1464 4471 1652 4541 prolis,
1682 4481 1738 4528 ει
1772 4474 1935 4529 Μ,
1965 4480 2013 4540 D
2038 4464 2257 4541 suorum
2286 4458 2533 4506 mortuus
2572 4460 2677 4516 est,
2719 4453 3104 4522 superstitibus
3143 4453 3395 4510 omnibus
3421 4455 3622 4518 liberis,

355 4548 524 4604 dictio
554 4551 792 4620 gentium
827 4555 1093 4621 promissa
1119 4565 1203 4611 est
1235 4573 1266 4612 a
1296 4559 1426 4623 Deo,
1458 4561 1617 4616 aliam
1645 4563 1812 4619 voluit
1841 4565 1936 4620 du-

357 4653 482 4694 eere
533 4655 754 4694 uxorem
802 4641 958 4713 (Gen.
987 4661 1110 4710 xxv,
1138 4646 1190 4718 1)
1211 4647 1234 4700 ?
1255 4678 1329 4688 —
1358 4648 1514 4721 Resp.
1564 4651 1680 4708 Non
1714 4665 1938 4725 propter

356 4728 826 4797 incontinentiam,
863 4748 982 4786 cum
1007 4733 1120 4802 jam
1148 4746 1292 4792 esset
1320 4743 1670 4810 grandaevus;
1709 4746 1804 4800 sed
1832 4747 1937 4802 sic-

2038 4549 2094 4596 et
2121 4540 2266 4596 nullo
2311 4542 2459 4611 prius
2509 4552 2684 4598 morte
2718 4553 3007 4614 praerepto.
3055 4545 3276 4602 Fratres
3315 4557 3493 4602 autem
3527 4563 3625 4618 pro

2038 4634 2163 4688 ﬁliis
2198 4634 2479 4705 appellari,
2506 4635 2573 4690 ad
2596 4632 2766 4692 Jacob
2793 4636 2979 4693 Laban
3021 4639 3355 4694 demonstrat
3401 4640 3620 4696 dicens:

2037 4723 2279 4778 Ponatur
2316 4741 2494 4778 coram
2535 4723 2812 4798 [fratribus
2845 4729 2973 4783 meis
2997 4729 3069 4802 et]
3115 4729 3368 4800 fratr-ibus
3397 4732 3532 4786 tuis.
3569 4741 3626 4786 ut

354 4825 413 4872 ut
449 4818 595 4889 Agar
634 4828 689 4874 et
726 4819 919 4877 lsmael
962 4825 1271 4895 signiﬁcant
1323 4831 1568 4887 carnales
1600 4834 1807 4890 Veteris
1835 4837 1937 4893 'l‘e-

2040 4815 2267 4882 iudicent
2290 4816 2426 4870 inter
2456 4834 2551 4872 nos
2582 4816 2734 4889 (Gen.
2765 4834 2919 4885 xxxi,
2942 4821 3055 4891 37).
3088 4821 3198 4878 Nec
3223 4824 3370 4879 enim
3398 4823 3625 4894 legimus

355 4911 639 4979 stamenti;
673 4912 754 4968 sic
778 4913 1012 4969 Cethura
1040 4923 1094 4969 et
1121 4916 1216 4972 ﬁlii
1238 4917 1354 4987 ejus
1391 4921 1697 4992 signiﬁcant
1724 4925 1937 4981 haereti-

355 5015 468 5064 cos,
493 5001 584 5070 qui
622 5017 680 5057 se
706 5004 772 5057 ad
798 5003 1003 5059 Novum
1026 5006 1429 5066 Testamentum
1451 5013 1725 5082 pertinere
1752 5019 1936 5073 existi-

357 5099 524 5145 mant.
574 5090 680 5149 Sed
727 5105 972 5166 utraeque
1012 5101 1328 5156 concubina:
1368 5102 1651 5172 dicuntur;
1683 5109 1763 5164 sic
1790 5111 1934 5165 enim

355 5181 553 5237 dicitur
599 5182 802 5240 :Filiis
866 5185 1086 5262 [autem]
1133 5193 1542 5250 concubinarum
1589 5195 1816 5268 largitus
1860 5212 1936 5256 est

357 5287 572 5326 munera
602 5273 755 5346 (vers.
773 5275 848 5347 6).
883 5275 1006 5333 Sola
1042 5278 1205 5335 Sarra
1237 5299 1373 5340 uxor
1403 5300 1615 5357 semper
1642 5299 1885 5345 vocatur.

425 5361 927 5437 lnter.2[9.—Quze
943 5385 1027 5428 est
1041 5372 1188 5447 [ista]
1206 5373 1462 5443 Cethura,
1489 5389 1585 5434 aut
1603 5381 1746 5436 unde
1768 5398 1938 5454 genus

356 5454 511 5509 duxit
527 5455 684 5528 [Ms.,
711 5461 972 5537 ducens]?
988 5495 1060 5506 —
1079 5465 1236 5538 Resp.
1265 5467 1522 5541 [Cethura
1553 5474 1938 5543 inwrpretatur

357 5546 625 5618 copulata,
658 5561 750 5606 aut
779 5553 989 5620 vincta;
1029 5571 1190 5625 quam
1222 5559 1292 5612 ob
1321 5560 1564 5632 causam]
1595 5565 1938 5632 suspicantur

359 5637 568 5716 ηεξ)τωὶ
592 5639 753 5708 327
773 5643 1014 5697 eamdem
1037 5660 1160 5700 esse
1181 5649 1327 5715 Agar
1343 5665 1486 5717 qum,
1513 5652 1677 5706 Sarra
1706 5665 1933 5718 mortua,

359 5741 426 5781 ex
483 5730 778 5783 concubina
833 5731 1105 5784 transierit
1154 5735 1207 5786 in
1256 5752 1476 5790 uxorem
1534 5740 1667 5809 [.ι1Ι.,
1701 5741 1838 5797 facta
1867 5745 1936 5798 sit

2035 4904 2170 4961 alios
2206 4905 2401 4962 fratres
2426 4907 2594 4964 Iacob
2620 4909 2693 4964 ibi
2719 4910 2940 4978 habere,
2977 4914 3220 4983 exceptis
3245 4915 3428 4970 liberis
3453 4915 3586 4971 suis.

2106 5018 2275 5073 'Inter.
2292 5019 2418 5075 235.
2434 5019 2718 5089 (inseritur
2741 5039 2849 5094 quo
2871 5025 2997 5081 ierit
3020 5026 3264 5084 Rebecca
3292 5029 3630 5104 interrogare

2037 5111 2346 5178 Durnium,
2373 5128 2499 5168 cum
2523 5115 2734 5183 parvuli
2765 5114 2927 5190 [ejus]
2959 5119 3014 5173 in
3041 5129 3199 5177 utero
3234 5122 3632 5182 mﬁidebantur

2039 5203 2193 5275 (Gen.
2224 5222 2350 5271 xxv,
2369 5207 2503 5278 22)"?
2525 5237 2597 5250 —-
2627 5207 2783 5280 Resp.
2821 5209 2986 5266 Forte
3030 5214 3096 5268 ad
3143 5213 3320 5270 locum
3351 5217 3439 5271 ubi
3475 5231 3627 5272 aram

2038 5297 2395 5352 constth
2411 5296 2706 5362 Abraham,
2729 5313 2891 5356 orare
2911 5303 3056 5357 venit
3085 5321 3097 5357 :
3125 5306 3207 5360 vel
3235 5305 3445 5380 [etiam]
3471 5315 3627 5363 erant

2013 5385 2201 5454 .aiiqui
2239 5385 2420 5460 [sales]
2453 5388 2507 5442 in
2535 5403 2601 5445 eo
2630 5397 2874 5461 tempore
2910 5393 3158 5450 homines
3193 5397 3308 5462 Dei,
3349 5396 3403 5452 in
3429 5399 3624 5468 quibus

2037 5485 2220 5546 posse!
2247 5478 2388 5534 Dens
2412 5480 2764 5551 interrogati.

2111 5566 2276 5621 Inter.
2329 5569 2452 5623 sas.
2512 5570 2593 5624 An
2650 5576 2945 5628 secundum
2998 5576 3279 5632 historiam
3325 5583 3406 5635 vel
3459 5582 3624 5638 etiam

2039 5659 2348 5728 allegoriam
2381 5663 2783 5734 inteﬂigendum
2815 5677 2896 5720 est
2921 5670 3066 5736 quod
3103 5670 3362 5726 Dominus
3406 5689 3622 5744 respon—

2041 5749 2118 5803 dit
2153 5749 2408 5807 Rcbeeea:
2440 5769 2452 5806 :
2486 5754 2615 5807 Dure
2653 5766 2826 5823 gentes
2872 5767 2992 5808 sunt
3036 5759 3088 5810 in
3139 5770 3282 5813 utero
3325 5771 3416 5815 tuo
3445 5773 3494 5816 et
3519 5763 3621 5816 duo
