4012 6188
349 339 455 396 τις)

914 333 1325 390 EXEGETICA.
1365 366 1435 374 —
1473 332 1843 389 INTERROG.
1885 332 1971 387 ET
2008 332 2317 390 RESPONS
2376 333 2443 388 IN
2481 333 2745 398 GENES.,
2791 335 2940 391 ETC.

3507 331 3610 389 550

352 452 812 527 populiexrentre
851 459 941 502 tuo
967 447 1291 513 dividentur,
1339 445 1660 517 populusque
1683 443 1929 514 populum
1957 452 2004 510 Α
2035 443 2334 497 idololatria
2365 442 2518 514 [.Ils.,
2562 460 2665 498 non
2709 444 3022 499 idololatria:
3066 442 3190 500 fecit
3239 443 3472 518 simile]:
3514 458 3612 498 nec

347 543 633 616 superabit,
659 552 707 596 et
729 541 902 611 major
923 539 1104 593 seruiet
1133 538 1322 591 minori
1349 535 1500 607 (vers.
1530 534 1654 606 23)?
1675 565 1744 573 —
1771 532 1927 603 Resp.

349 635 660 691 Secundum
688 640 975 700 utrumque
1006 629 1221 683 modum
1254 642 1267 679 :
1307 625 1656 694 spiritualiter
1692 638 1818 677 vero
1856 623 1932 676 sic

349 729 483 782 solet
514 725 738 795 intelligi
767 725 908 794 quod
935 723 1136 777 dictum
1163 728 1264 784 est,
1292 718 1394 791 [ut]
1425 719 1476 772 in
1507 719 1646 771 Esau
1675 716 1934 786 figuratus

349 820 418 873 sit
449 819 622 888 major
656 817 888 886 populus
931 815 1046 876 Dei,
1095 814 1196 867 hoc
1241 820 1343 876 est,
1389 810 1716 866 lsracliticus
1745 823 1935 863 secun-

350 917 475 966 dum
513 923 763 971 carnem;
794 922 889 976 per
915 905 1082 959 Iacob
1106 912 1283 957 autem
1317 902 1576 972 figuratus
1604 908 1686 954 est
1708 899 1820 970 ipse
1845 896 1936 951 Ja-

346 999 451 1056 cob
475 999 527 1052 in
549 996 744 1066 populo
771 996 1102 1058 Christiano,
1127 993 1421 1048 secundum
1453 990 1784 1061 spiritualem
1810 1003 1936 1058 pro-

350 1089 560 1158 geniem
607 1095 905 1156 propagato
965 1083 1128 1155 [Ms.,
1181 1099 1344 1153 quam
1395 1079 1762 1152 propagavit].
1829 1079 1936 1134 Sed

355 1180 518 1233 etiam
550 1178 804 1230 historica
834 1175 1161 1246 proprietate
1196 1174 1466 1228 invenitur
1485 1173 1588 1226 hoc
1620 1183 1934 1238 responsum

353 1283 477 1322 esse
512 1267 855 1335 completum,
889 1265 976 1318 ubi
1020 1264 1249 1336 populus
1271 1263 1452 1326 Israel,
1498 1263 1602 1317 hoc
1635 1269 1737 1323 est,
1769 1257 1936 1313 Iacob

361 1359 536 1411 minor
559 1355 699 1410 filius
727 1354 997 1424 superavit
1028 1353 1308 1417 Idummos,
1335 1368 1471 1422 quos
1499 1351 1650 1424 [Ms.,
1687 1352 1790 1405 hoc
1831 1356 1935 1414 est,

356 1458 568 1517 gentem
599 1445 853 1517 quam...]
887 1445 1203 1515 propagavit
1239 1444 1402 1509 Esau,
1441 1459 1641 1511 eosque
1681 1442 1808 1496 fecit
1837 1441 1935 1496 tri-

356 1543 596 1593 butarios
630 1553 726 1608 per
777 1538 962 1600 David,
1015 1538 1156 1607 quod
1205 1537 1297 1592 diu
1347 1535 1473 1591 fecit
1521 1535 1726 1590 scilicet
1771 1549 1938 1604 usque

356 1629 511 1700 [Ms.,
554 1629 788 1698 quandiu
821 1626 1038 1681 fuerunt
1068 1642 1239 1696 usque
1271 1625 1358 1698 ...]
1395 1629 1461 1681 ad
1500 1641 1684 1696 regem
1710 1625 1810 1680 sub
1831 1641 1938 1695 quo

353 1717 571 1771 ldumaai
614 1717 1028 1779 rebellaverunt,
1067 1725 1122 1771 et
1155 1716 1342 1787 jugum
1381 1717 1730 1771 lsraeliticum
1762 1731 1791 1770 a
1817 1729 1936 1770 cer-

359 1809 476 1863 vice
497 1825 592 1863 sua
622 1809 1002 1878 deposuerunt.

432 1901 598 1954 Inter.
627 1901 750 1954 227.
783 1901 910 1966 Quae
945 1907 1068 1954 sunt
1103 1901 1456 1970 primogenita
1486 1914 1605 1968 qum
1634 1899 1774 1952 Esau
1804 1913 1935 1951 ven-

359 1991 495 2046 didit
533 1977 698 2047 Iacob
734 1992 886 2046 fratri
927 2007 1026 2046 suo
1067 1993 1219 2064 (vers.
1253 1990 1381 2061 5i)?
1413 2021 1472 2032 --
1495 1991 1650 2061 Rcsp.
1697 1989 1937 2044 Tradunt

357 2081 568 2137 Πεδτωί
595 2097 784 2136 omnes
827 2083 1216 2153 primogenitos
1253 2080 1401 2153 fungi
1447 2081 1633 2136 solitos
1659 2079 1834 2135 ofﬁcio
1859 2095 1940 2133 sa-

355 2172 616 2226 cerdotali
642 2171 792 2243 [Ms.,
812 2171 1173 2244 sacerdotum]
1196 2180 1483 2240 antequam
1499 2170 1675 2224 Aaron
1696 2171 1749 2224 in
1769 2183 1940 2222 sacer-

355 2265 536 2320 dotem
573 2263 722 2336 [Ms.,
747 2264 1128 2336 sacerdotium]
1153 2264 1471 2334 eligeretur;
1496 2271 1549 2316 et
1576 2261 1826 2316 habuisse
1852 2273 1939 2312 ve-

359 2355 611 2409 stimenta
651 2355 1038 2421 sacerdotalia,
1080 2356 1275 2424 quibus
1321 2353 1492 2410 induti
1541 2351 1786 2407 victimas
1830 2350 1941 2402 Deo

355 2445 657 2503 offerebant
683 2459 698 2498 ε
723 2453 776 2500 et
810 2445 926 2500 lucc
948 2459 1067 2501 esse
1091 2445 1412 2499 vestimenta
1442 2441 1606 2513 328
1632 2441 1794 2516 Esau,
1824 2438 1943 2508 qui—

363 2540 464 2593 bus
511 2537 751 2592 Rebecca
805 2536 978 2591 induit
1033 2534 1198 2591 Jacob
1249 2535 1424 2594 ﬁlium
1482 2549 1662 2598 suum,
1712 2546 1941 2601 quorum

354 2630 527 2686 odore
552 2639 707 2699 pater
743 2629 1042 2685 oblectatus
1085 2628 1472 2684 benedictionis
1508 2627 1718 2682 initium
1748 2622 1944 2679 astruit

367 2719 519 2790 (Gen.
549 2736 717 2784 xxv",
751 2720 859 2792 i5).

439 2811 600 2866 Inter.
631 2812 757 2867 228.
791 2811 848 2866 Si
876 2812 976 2866 viri
997 2813 1127 2883 justi
1150 2813 1397 2868 voluntas
1421 2813 1560 2867 bona
1587 2820 1690 2876 est,
1715 2810 1844 2880 quid
1864 2816 1946 2864 est

363 2905 509 2974 quod
539 2905 688 2960 Isaac
715 2921 823 2958 non
850 2905 1010 2970 Esau,
1041 2921 1199 2974 quem
1230 2905 1415 2969 voluit,
1441 2905 1536 2960 sed
1563 2903 1749 2969 Iacob,
1785 2917 1946 2972 quem

369 2995 557 3060 noluit,
591 2995 899 3050 benedixit?
927 3025 997 3036 —
1025 2995 1181 3066 Resp.
1216 2994 1354 3050 Iusti
1395 2995 1648 3060 hominis,
1688 3003 1947 3063 quantum

363 3087 438 3142 ad
463 3088 847 3143 conscientiam
886 3089 1135 3158 pertinet,
1180 3089 1429 3144 voluntas
1465 3089 1603 3143 bona
1633 3097 1748 3153 est;
1775 3101 1948 3156 quan-

372 3189 484 3234 tum
507 3189 685 3234 autem
715 3181 780 3234 ad
815 3181 1208 3248 prmscientiam
1258 3179 1413 3252 [Ms.,
1457 3177 1822 3250 praesentiam]
1849 3177 1950 3232 im-

373 3271 551 3324 munis
575 3279 658 3325 est
681 3271 750 3325 ab
781 3271 1040 3326 adversis.
1085 3271 1229 3326 Deus
1259 3272 1404 3326 enim
1454 3271 1600 3326 solus
1645 3277 1728 3325 est
1754 3269 1847 3340 qui
1885 3270 1952 3324 de

374 3358 571 3414 futuris
593 3359 817 3429 iudicat.
849 3361 926 3416 Ac
945 3376 1043 3431 per
1080 3361 1181 3416 hoc
1204 3361 1354 3416 Isaac
1369 3361 1565 3431 justus,
1595 3370 1854 3430 quantum
1883 3360 1951 3414 ad

373 3459 694 3517 przesentcm
716 3460 913 3512 statum
942 3451 1096 3523 [Hs.,
1125 3451 1536 3523 humanitatem]
1573 3451 1828 3522 pertinet,
1870 3451 1950 3505 di-

378 3555 543 3609 gnum
565 3555 680 3596 esse
704 3541 960 3610 majorem
991 3541 1156 3596 lilium
1182 3542 1555 3598 benedictione
1575 3544 1797 3611 putabat
1823 3541 1951 3614 [ma-

375 3627 502 3703 gis].
537 3629 642 3687 Sed
675 3631 836 3699 Deus,
867 3633 1199 3689 occultorum
1229 3634 1498 3706 cognitor,
1545 3633 1805 3688 minorem
1836 3648 1950 3688 me-

377 3721 484 3777 reri
509 3723 934 3778 benedictionem
975 3725 1228 3789 ostendit,
1258 3724 1339 3797 [ut
1367 3725 1419 3779 in
1447 3725 1817 3780 benedictione
1842 3738 1950 3778 non

377 3810 608 3870 hominis
643 3815 938 3870 ostenderit
982 3831 1100 3871 esse
1133 3817 1467 3877 beneﬁcium.
1504 3817 1598 3871 sed
1634 3817 1728 3872 Dei
1759 3816 1950 3888 (Edit.,

379 3913 439 3960 ut
467 3907 894 3964 benedictionem
919 3925 1025 3965 non
1053 3909 1305 3974 hominis,
1327 3908 1421 3963 sed
1456 3909 1551 3963 Dei
1577 3905 1950 3980 ostenderet)].

381 3996 502 4053 Ideo
525 3995 729 4054 dictum
753 4007 837 4054 est
863 4000 916 4053 in
943 3998 1192 4056 Numeris
1211 3999 1278 4055 ad
1305 3999 1519 4069 Moysen
1555 4005 1610 4054 et
1643 3997 1824 4052 Aaron
1865 4013 1953 4052 sa-

381 4092 695 4146 cerdotem:
727 4090 913 4145 Ponite
947 4108 1131 4146 nomen
1176 4107 1347 4145 meum
1378 4107 1534 4158 super
1579 4090 1717 4160 ﬁlios
1764 4088 1953 4155 Israel,

379 4194 473 4248 ego
501 4178 756 4234 Dominus
785 4181 1082 4235 benedicens
1109 4197 1195 4234 eos
1225 4180 1413 4253 (Nam.
1455 4197 1530 4246 vr,
1559 4180 1670 4253 27).
1697 4180 1960 4236 Sacerdo-

383 4268 456 4322 tis
485 4275 571 4324 est
594 4269 908 4326 benedicere
926 4312 940 4336 ,
985 4272 1079 4326 Dei
1103 4279 1186 4328 est
1209 4270 1455 4327 effectum
1480 4271 1718 4326 tribuere
1742 4271 1960 4326 benedi-

381 4360 600 4415 ctionis.
629 4360 776 4415 Unde
805 4362 1066 4418 intellexit
1083 4362 1232 4418 lsaac
1256 4377 1353 4432 per
1375 4363 1622 4434 spiritum
1646 4361 1957 4431 prophetiae,

2036 535 2178 588 enim
2201 543 2343 598 tunc,
2370 550 2470 590 nec
2490 544 2674 603 postea
2694 535 3050 605 frcquentavit
3070 534 3296 606 lapidem
3320 533 3607 596 adorando,

2036 623 2200 678 autei
2231 623 2614 689 sacrificando;
2653 625 2745 679 sed
2784 625 2994 693 signum
3037 624 3138 678 fuit
3169 624 3465 695 prophetiae
3502 624 3609 678 evi-

2035 713 2360 770 dentissima:
2385 713 2544 785 [Ms.,
2565 715 2616 768 in
2639 716 2916 784 pmpbctia
2957 715 3378 788 evidentissima]
3414 715 3599 769 consti-

2038 814 2228 869 tutum,
2255 805 2395 872 quod
2422 803 2571 875 [Ms.,
2589 803 2729 876 qum]
2758 805 2988 874 pertinet
3015 806 3081 859 ad
3109 806 3432 859 unctionem.
3461 803 3612 859 Unde

2035 906 2093 951 et
2120 897 2321 951 Cluisti
2355 910 2548 948 nomen
2571 911 2601 948 a
2628 896 2920 949 chrismate
2944 905 3044 948 est.

2107 985 2272 1040 Inte'r.
2298 985 2424 1038 251.
2453 983 2831 1054 [Quzerendum
2854 984 2958 1054 est]
2985 985 3252 1052 quomodo
3279 985 3478 1037 dictum
3507 983 3609 1036 sit:

2037 1079 2255 1133 Servivit
2278 1075 2442 1130 Jacob
2471 1092 2563 1144 pro
2599 1072 2794 1126 Rachel
2823 1084 3012 1143 septem
3043 1074 3215 1134 annis,
3240 1081 3286 1125 et
3311 1072 3613 1124 videbantur

2035 1171 2114 1224 illi
2153 1170 2308 1241 pauci
2336 1168 2445 1221 dies
2488 1165 2642 1237 (Cen.
2688 1181 2840 1229 χχιι,
2886 1163 3009 1235 20);
3041 1179 3162 1218 cum
3199 1163 3369 1232 magis
3409 1159 3613 1232 [etiam]

2035 1263 2196 1316 breve
2242 1268 2451 1328 tempus
2493 1257 2708 1324 longum
2773 1270 2890 1309 esse
2943 1255 3113 1309 soleat
3166 1251 3511 1307 amantibus?
3548 1279 3601 1291 ~—

2041 1350 2194 1422 Resp.
2229 1350 2439 1403 Dictum
2474 1355 2556 1401 est
2594 1345 2765 1418 [ergo]
2803 1354 3022 1415 propter
3048 1344 3284 1398 laborem
3319 1341 3612 1401 servitutis,

2037 1455 2197 1510 quem
2225 1439 2438 1493 facilem
2465 1446 2519 1492 ct
2540 1438 2710 1492 levem
2734 1452 2886 1491 amor
2917 1436 3168 1490 faciebat.

2110 1551 2272 1605 Inter.
2297 1550 2422 1606 252.
2458 1549 2586 1604 Post
2626 1551 2941 1604 servitutem
2980 1558 3183 1618 septem
3225 1561 3487 1602 annorum
3523 1545 3614 1602 Ja-

2039 1645 2159 1708 cob,
2188 1644 2359 1697 soceri
2391 1643 2473 1696 sui
2522 1642 2711 1697 fraude
2746 1643 3018 1710 deceptus,
3060 1640 3339 1710 copulatus
3367 1649 3450 1695 est
3477 1639 3614 1703 ἰδίως

2043 1749 2110 1786 an
2150 1734 2312 1787 etiam
2348 1741 2469 1801 post
2515 1733 2650 1786 alios
2689 1741 2893 1800 septem
2925 1731 3200 1786 servitutis
3227 1745 3394 1784 annos
3420 1729 3621 1785 Rachel

2038 1834 2356 1894 accepturus
2394 1824 2544 1878 erat?
2580 1853 2649 1862 —
2682 1822 2838 1891 Resp.
2872 1821 2988 1876 Non
3036 1820 3268 1892 [igitur],
3311 1829 3369 1874 ut
3402 1821 3618 1890 quidam

2037 1915 2175 1970 male
2207 1915 2496 1978 aestimant,
2522 1924 2644 1983 post
2665 1922 2868 1982 septem
2895 1928 3064 1967 annos
3079 1914 3212 1968 alios
3241 1912 3440 1966 Rachel
3468 1925 3613 1967 acce-

2037 2005 2116 2074 pit
2142 2020 2394 2066 uxorem;
2426 2006 2518 2059 sed
2541 2014 2661 2072 post
2679 2012 2886 2072 septem
2916 2003 3033 2057 dies
3063 2003 3370 2072 nuptiarum
3399 2001 3618 2071 primae;

2039 2110 2162 2149 nam
2196 2094 2474 2164 sequitur:
2509 2093 2575 2146 Et
2611 2095 2873 2163 ingressus
2905 2101 2980 2145 est
3006 2093 3075 2145 ad
3119 2090 3334 2156 Rachel,
3360 2099 3407 2144 et
3438 2089 3618 2144 dilexit
3653 2094 3656 2096 ’

2042 2182 2234 2242 Rachel
2277 2187 2443 2257 magis
2483 2202 2641 2256 quam
2676 2185 2850 2249 Nam,
2874 2193 2921 2238 et
2953 2184 3157 2238 seruiuit
3185 2184 3232 2237 ei
3253 2191 3443 2253 septem
3471 2181 3622 2235 annis

2041 2278 2161 2331 aliis
2187 2277 2342 2349 (vers.
2373 2275 2487 2346 se).

2112 2366 2279 2421 Inter.
2307 2366 2432 2422 255.
2457 2364 2585 2437 [An]
2616 2365 2736 2419 dua:
2762 2363 2966 2419 ancilla:
3004 2361 3130 2417 Bala
3176 2368 3233 2416 et
3264 2359 3465 2430 Zelpha
3494 2375 3618 2414 uxo-

2043 2474 2154 2524 res,
2187 2473 2255 2513 an
2281 2457 2594 2512 concubinae
2624 2455 2862 2512 dicendae
2891 2461 3018 2508 sunt
3043 2451 3196 2517 (Gen.
3225 2451 3426 2517 xxx,4,
3443 2451 3495 2523 9)
3513 2451 3536 2504 ?
3557 2481 3615 2492 -

2043 2548 2202 2618 Resp.
2251 2547 2412 2602 Forte
2463 2546 2640 2600 omnis
2691 2544 3022 2607 concubina,
3074 2559 3235 2607 uxor;
3296 2557 3400 2596 non
3447 2549 3623 2594 autem

2045 2638 2266 2712 [omnis]
2306 2654 2443 2693 uxor
2475 2637 2796 2701 concubina,
2827 2650 2975 2689 more
3009 2634 3259 2704 loquendi
3301 2633 3355 2687 in
3387 2631 3636 2701 Scriptu-

2045 2733 2121 2786 ris
2152 2730 2303 2804 [Ms.,
2335 2726 2782 2798 Scripturarum],
2816 2726 3134 2797 appellatur,
3157 2725 3208 2778 id
3243 2731 3342 2787 est,
3373 2733 3433 2777 ut
3463 2723 3632 2778 Sarra

2045 2832 2100 2878 et
2124 2823 2388 2887 Rebecca,
2417 2818 2558 2892 [Litt]
2588 2826 2644 2874 et
2666 2817 2863 2873 Rachel
2897 2817 3208 2872 concubina:
3242 2815 3346 2870 dici
3375 2830 3479 2869 non
3502 2829 3633 2883 pos-

2047 2912 2198 2968 sint:
2235 2910 2381 2982 Agar
2423 2924 2555 2964 vero
2602 2915 2658 2962 et
2698 2907 2949 2971 Cethura,
2999 2915 3055 2960 et
3091 2907 3217 2960 Bala
3255 2913 3311 2960 et
3339 2905 3536 2975 Zelpha
3574 2914 3627 2958 et

2049 3023 2248 3064 uxores
2285 3015 2339 3062 et
2363 3005 2696 3062 concubinae.

2125 3097 2290 3152 Inter.
2318 3097 2442 3152 23-5.
2467 3094 2744 3162 Quomodo
2763 3108 2863 3164 pro
2895 3100 3114 3164 aspectu
3151 3091 3427 3160 virgarum
3449 3087 3612 3142 varia-

2052 3203 2172 3242 rum
2209 3186 2344 3240 varii
2390 3197 2644 3256 pecorum
2693 3181 2834 3237 fetus
2881 3182 3246 3236 nascebantur
3297 3177 3451 3249 (vers.
3504 3173 3629 3246 38)?

2046 3307 2118 3317 —
2144 3275 2297 3346 Resp.
2326 3275 2663 3330 Observabat
2700 3272 2868 3328 Iacob
2917 3281 3154 3342 tempora
3197 3269 3392 3339 quibus
3432 3281 3628 3338 pecora

2048 3368 2502 3433 ascendebantur,
2544 3374 2602 3421 et
2643 3372 2764 3436 post
2803 3363 3039 3420 calonem
3085 3363 3191 3417 diei
3231 3362 3299 3416 ad
3344 3360 3634 3430 potandum

2049 3461 2206 3516 avida
2245 3460 2537 3530 pergebant
2565 3475 2578 3512 :
2605 3457 2901 3514 discolores
2947 3456 3129 3524 virgas
3172 3454 3261 3508 hic
3301 3453 3535 3521 ponebat
3573 3440 3636 3507 in

2051 3551 2354 3615 canalibus,
2377 3560 2432 3605 et
2448 3550 2700 3606 admissis
2726 3549 2988 3603 arietibus
3017 3554 3071 3600 et
3101 3544 3269 3599 hircis
3301 3544 3354 3596 iu
3383 3543 3497 3612 ipsa
3533 3555 3624 3611 po.

2051 3641 2197 3698 tendi
2225 3641 2478 3696 aviditate
2507 3654 2635 3693 oves
2659 3647 2712 3693 et
2739 3648 2930 3705 capras
2955 3634 3185 3688 findebat
3205 3633 3448 3698 ascendi,
3475 3641 3536 3688 ut
3549 3647 3626 3688 ex

2051 3731 2248 3802 duplici
2278 3729 2567 3792 desiderio,
2603 3729 2731 3782 dum
2769 3726 2924 3781 avide
2965 3725 3154 3780 bibunt
3189 3731 3242 3778 et
3266 3712 3632 3779 ascenduntur

2053 3840 2082 3879 a
2106 3824 2378 3885 maribus,
2419 3821 2556 3875 tales
2599 3818 2739 3874 fetus
2783 3817 3146 3887 conciperent,
3184 3816 3377 3886 quales
3414 3817 3636 3871 umbras

2053 3915 2283 3969 arietum
2315 3921 2372 3967 et
2392 3911 2666 3966 hircorum
2701 3910 2929 3977 desuper
2955 3907 3358 3963 ascendentium
3387 3908 3438 3961 in
3464 3922 3624 3976 aqua-

2055 4017 2174 4056 rum
2223 4000 2436 4070 speculo
2491 3998 3010 4068 contmplabmtur.
3053 3996 3137 4050 Ex
3180 3997 3347 4066 virgis
3389 3996 3533 4050 enim
3579 3997 3637 4048 in

2056 4094 2333 4150 canalibus
2351 4092 2542 4163 positis
2562 4092 2744 4146 varius
2763 4087 2974 4163 [etiam]
3000 4096 3118 4144 erat
3141 4089 3437 4159 imaginum
3465 4084 3630 4140 color.

2058 4186 2170 4243 Nec
2191 4186 2389 4240 mirum
2416 4185 2558 4240 hanc
2593 4185 2646 4239 in
2689 4191 2953 4252 conceptu
2980 4179 3302 4237 feminarum
3331 4192 3450 4232 esse
3481 4183 3623 4230 natu-

2060 4291 2196 4340 ram,
2224 4283 2283 4329 ut
2307 4274 2492 4345 quales
2517 4273 2909 4344 perspexerint,
2937 4273 3050 4326 sive
3073 4277 3249 4325 mente
3273 4267 3644 4336 conceperint.

2060 4367 2116 4422 in
2140 4375 2384 4422 extremo
2424 4366 2714 4436 voluptatis
2757 4374 2912 4428 aestu,
2960 4379 3065 4434 quo
3106 4361 3431 4430 concipiunt,
3477 4359 3633 4414 talem

382 4467 412 4508 εὶ
437 4451 550 4506 Deo
574 4452 998 4509 benedictionem
1028 4468 1188 4523 super
1206 4456 1466 4510 minorem
1489 4454 1658 4508 filium
1683 4451 1959 4523 praedesti-
1989 4481 2037 4540 υ
2062 4458 2298 4514 sobolem
2326 4465 2628 4528 procreent,
2657 4471 2779 4510 cum
2820 4455 2924 4510 hoc
2968 4455 3141 4523 ipsum
3182 4453 3343 4506 etiam
3385 4451 3437 4505 in
3470 4467 3630 4521 equa-

385 4557 601 4606 natam,
649 4543 832 4598 dicens
863 4562 876 4596 :
914 4543 1164 4599 Beaedixi
1185 4546 1251 4610 ei,
1279 4556 1326 4600 et
1353 4547 1448 4599 erit
1473 4545 1769 4600 benedictus
1802 4542 1956 4613 (Cen.

387 4649 553 4696 xxvn,
583 4633 696 4703 55).

455 4723 625 4778 Inter.
657 4725 780 4779 229.
815 4725 954 4792 Quid
987 4734 1069 4780 est
1096 4728 1238 4797 quod
1272 4726 1436 4782 Iacob
1477 4727 1612 4782 dixit
1645 4741 1660 4780 :
1696 4725 1962 4781 Terribilis

383 4829 456 4870 est
486 4817 634 4871 locus
659 4818 774 4883 iste,
800 4835 901 4874 non
923 4829 997 4873 est
1016 4820 1100 4874 hic
1121 4819 1268 4874 aliud
1293 4820 1391 4874 nisi
1417 4820 1602 4873 domus
1625 4819 1720 4872 Dei
1743 4828 1790 4872 et
1813 4829 1964 4888 porta

385 4907 500 4961 cceli
531 4907 685 4978 (Gen.
722 4925 910 4974 xxvm,
938 4909 1060 4980 l7)?
1095 4941 1165 4950 —
1196 4909 1351 4980 Resp.
1384 4908 1510 4964 Haec
1542 4910 1704 4964 verba
1745 4907 1813 4962 ad
1840 4923 1966 4977 pro-

391 5001 629 5068 phetiam
655 5001 938 5070 pertinent,
971 5002 1112 5071 quod
1142 5000 1288 5073 [Hs.,
1318 4999 1466 5073 quia]
1507 4999 1745 5054 futurum
1769 5009 1885 5054 erat
1912 4999 1966 5052 in

393 5100 538 5145 terra
567 5091 962 5161 promissionis,
1006 5094 1175 5149 Deum
1204 5110 1386 5149 verum
1437 5095 1626 5148 timere
1664 5104 1719 5148 et
1767 5092 1964 5157 colere,

392 5181 905 5254 tabernaculumque
946 5185 997 5238 ei
1045 5183 1160 5238 ﬁeri
1195 5203 1208 5238 :
1243 5200 1491 5254 eumque,
1538 5184 1630 5254 qui
1677 5191 1760 5239 est
1810 5199 1969 5253 super

389 5271 572 5326 omnia
609 5273 925 5329 benedictus
953 5274 1111 5341 Deus,
1154 5277 1376 5346 pedibus
1415 5273 1571 5349 [suis]
1612 5274 1885 5330 ambulare
1914 5274 1966 5328 in

389 5378 474 5417 ea.
504 5361 722 5419 Portam
751 5375 929 5420 autem
965 5366 1086 5422 cteli
1117 5369 1194 5422 sic
1221 5369 1518 5440 intelligere
1544 5368 1817 5431 debemus,
1853 5373 1970 5419 tan-

390 5471 554 5524 quam
597 5456 722 5514 inde
765 5459 860 5515 ﬁat
902 5461 1077 5516 aditus
1105 5461 1444 5517 credentibus
1476 5462 1545 5517 ad
1584 5460 1968 5531 capessendum

394 5563 620 5628 regnum
648 5552 928 5608 ccelorum.

463 5639 634 5696 Inter.
663 5642 789 5698 230.
823 5643 932 5700 Cur
957 5643 1121 5699 Jacob
1149 5644 1324 5699 oleum
1357 5645 1492 5699 fudit
1533 5661 1692 5714 super
1716 5645 1966 5714 lapidem,

393 5746 556 5797 quem
588 5735 762 5788 erexit
792 5735 844 5788 in
875 5734 1084 5790 titulum
1114 5735 1264 5793 (rers.
1309 5733 1432 5793 '18)?
1465 5766 1537 5775 ——
1564 5734 1716 5805 Resp.
1754 5735 1868 5788 Non
1905 5750 1969 5788 ex

2063 4569 2179 4607 rum
2207 4553 2459 4624 gregibus
2485 4552 2623 4621 apud
2653 4550 2918 4620 Hispanos
2957 4550 3170 4604 dicatur
3206 4547 3340 4602 fieri.
3374 4547 3440 4602 Et
3468 4547 3635 4614 Quin-

2061 4644 2276 4698 tilianus
2303 4644 2356 4697 in
2383 4658 2445 4698 ea
2469 4642 2834 4698 controversia
2861 4660 2872 4694 :
2905 4642 2956 4696 in
2993 4657 3097 4711 qua
3130 4641 3482 4695 accusabatur
3526 4655 3641 4696 ma-

2061 4741 2217 4787 trona
2270 4733 2548 4803 quaedam,
2598 4747 2718 4801 qua:
2769 4731 3078 4801 Ethiopem
3135 4739 3417 4801 pepererat
3471 4729 3638 4803 [Ms.,

2063 4825 2271 4896 quod...
2296 4820 2610 4897 pepererit],
2654 4839 2750 4893 pro
2782 4823 3092 4879 defensione
3129 4824 3271 4878 illius
3299 4831 3642 4894 argumente-

2066 4927 2174 4981 tur,
2196 4918 2251 4970 in
2277 4918 2377 4970 hoc
2399 4925 2660 4984 conceptu
2697 4912 2804 4986 [Ms
2836 4954 2850 4977 ,
2890 4915 3030 4969 hanc
3061 4911 3373 4984 conceptus]
3399 4928 3518 4967 esse
3546 4927 3642 4965 na-

2067 5016 2265 5072 turam,
2294 5020 2453 5075 quam
2487 5019 2647 5073 supra
2675 5003 2838 5074 329
2863 5003 3114 5058 diximus.
3153 5003 3221 5057 Et
3253 5002 3418 5057 multa
3447 5001 3640 5057 dicun-

2068 5105 2158 5152 tur
2180 5097 2373 5151 similia
2400 5094 2553 5166 [Ms.,
2581 5093 2846 5166 similiter]
2870 5093 2986 5148 ﬁeri
3011 5094 3063 5148 in
3089 5092 3398 5148 animalium
3420 5091 3639 5146 fetibus.

2070 5185 2221 5260 [Sed]
2243 5195 2297 5242 et
2317 5186 2528 5240 mulieri
2551 5185 2810 5239 accidisse
2839 5183 3081 5246 traditur,
3111 5190 3172 5237 ut
3200 5182 3458 5252 scriptum
3491 5195 3643 5250 repe-

2069 5280 2206 5334 ritur
2226 5279 2281 5332 in
2311 5277 2460 5332 libris
2489 5276 2847 5344 antiquissimi
2873 5283 2927 5329 et
2952 5273 3260 5345 peritissimi
3291 5272 3484 5328 medici
3517 5271 3645 5341 Hip-

2069 5372 2320 5443 pocratis,
2349 5384 2468 5440 qua:
2505 5367 2810 5437 suspicione
2850 5365 3095 5421 adulterii
3134 5364 3308 5421 fuerat
3349 5365 3642 5436 punienda,

2070 5480 2193 5520 cum
2243 5461 2662 5533 pulcherrimum
2713 5475 2940 5530 puerum
2989 5461 3317 5532 peperisset,
3366 5461 3647 5532 utriusque

2071 5555 2311 5626 parentis
2340 5550 2522 5623 generi
2549 5550 2702 5624 [λιι.
2728 5549 2942 5620 utrique
2961 5550 3171 5620 parenti
3207 5549 3518 5624 generique]
3543 5549 3648 5608 dis-

2074 5643 2322 5706 similem,
2353 5639 2455 5696 nisi
2487 5646 2813 5695 memoratus
2846 5641 3088 5696 medicus
3125 5640 3372 5697 solvisset
3396 5641 3647 5713 quastio.

2063 5753 2216 5805 nem.
2261 5736 2364 5790 illis
2396 5733 2700 5797 admonitis,
2731 5739 3053 5805 quatrerent,
3087 5732 3130 5786 si
3163 5731 3300 5788 forte
3325 5732 3499 5800 aliqua
3527 5728 3648 5782 talis
