4012 6188
364 376 461 433 551

1201 369 1272 424 ιι.
1308 367 1371 422 r.
1408 363 1632 422 ALBINI
1671 332 1815 418 seu
1837 359 2112 416 ALCUIN]
2144 345 2426 416 obesum
2458 361 2642 416 rans
2675 359 2738 416 ιι.

3505 351 3617 414 εἱδέ

368 507 574 562 pictura
620 497 760 546 esset
810 489 864 541 in
907 483 1182 548 cubiculo;
1231 497 1336 552 qua
1375 480 1614 544 inventa,
1663 474 1856 530 mulier
1904 489 1936 526 a
1962 478 2012 534 Α
2037 472 2253 562 quidem
2277 477 2484 562 tantum
2517 471 2864 562 timuitEsau
2891 471 3119 562 fratrem
3155 481 3312 562 suum
3344 467 3499 540 (vers.
3522 465 3622 524 7ὶῖ

371 587 676 651 suspicione
704 579 929 632 liberata
960 583 1062 630 est.

437 678 598 725 Inter.
627 667 750 723 2‘55.
783 665 959 733 Quare
999 663 1165 718 Iacob
1197 661 1360 732 primi
1392 657 1654 728 temporis
1689 670 1786 710 sua
1827 669 1948 709 esse

371 761 554 823 voluit,
581 765 634 811 el.
657 756 890 812 scrotiua
922 753 1138 809 Lahan?
1173 751 1258 805 vel
1289 748 1440 822 [Hs.,
1469 747 1544 822 et]
1580 761 1678 802 cur
1698 746 1802 802 hac
1833 749 1948 798 arte

371 863 474 903 non
523 861 618 900 sua
677 846 848 916 magis
893 843 1075 899 omnia
1127 855 1246 895 esse
1301 833 1736 907 fecit?—Resp.
1783 832 1949 888 Iacob

371 938 603 1008 prudens
633 945 686 990 et
722 935 947 991 callidus
983 932 1242 1002 justitiam
1285 939 1337 985 et
1381 929 1692 998 aequitatem
1721 926 1774 980 in
1813 939 1949 980 nova

371 1036 489 1082 arte
519 1027 785 1081 servabat.
811 1025 866 1079 Si
894 1024 1039 1079 enim
1065 1037 1254 1078 omnes
1287 1035 1455 1090 agnos
1484 1030 1538 1074 et
1565 1019 1746 1074 hmdos
1773 1017 1951 1072 varios

375 1131 568 1186 pecora
602 1121 994 1186 procreassent,
1025 1121 1144 1167 erat
1191 1109 1370 1180 aliqua
1417 1109 1651 1178 suspicio
1684 1105 1860 1178 [doli],
1898 1114 1952 1162 et

373 1215 556 1275 aperte
586 1206 716 1261 huic
731 1205 818 1260 rei
845 1204 1026 1259 Laban
1059 1203 1270 1257 invidus
1301 1202 1662 1256 contraiissct.
1693 1201 1836 1269 Ergo
1877 1200 1952 1254 ita

374 1299 556 1353 omnia
587 1297 924 1366 temperavit,
953 1303 1012 1350 ut
1043 1295 1154 1364 ipse
1183 1292 1412 1348 fructum
1456 1293 1536 1347 sui
1569 1293 1766 1347 laboris
1813 1293 1954 1348 acci—

379 1397 550 1458 peret,
581 1396 635 1442 et
655 1388 846 1441 'Laban
879 1401 985 1441 non
1023 1385 1236 1454 penitus
1281 1383 1623 1454 spoliaretur.
1655 1376 1710 1438 Si
1741 1383 1954 1452 quando

375 1497 504 1538 oves
541 1491 596 1536 et
639 1495 814 1550 caprae
846 1479 1023 1549 primo
1067 1485 1306 1545 tempore
1347 1475 1794 1539 ascendebantur,
1830 1475 1955 1543 quia

378 1591 573 1632 vernus
601 1584 682 1632 est
709 1574 868 1639 fetus,
895 1579 1021 1627 ante
1052 1572 1197 1640 ipsas
1223 1569 1454 1639 ponebat
1492 1569 1690 1638 virgas,
1722 1577 1781 1622 ιιι
1805 1567 1955 1622 varia

377 1667 590 1723 soboles
625 1671 957 1720 nasceretur.
1008 1661 1350 1728 Quaecunque
1384 1675 1511 1712 oves
1541 1669 1596 1712 et
1629 1673 1806 1728 caprae
1835 1673 1957 1712 sero

379 1758 690 1829 qumrebant
719 1770 912 1818 mares,
955 1763 1079 1808 ante
1117 1754 1309 1806 barum
1339 1749 1522 1805 oculos
1565 1764 1672 1804 non
1701 1749 1951 1819 ponebat,

2042 573 2122 600 —-'
2136 559 2290 631 Resp.
2322 561 2470 616 Satis
2497 562 2550 616 in
2574 561 2754 617 verbis
2781 561 3021 630 ejusdem
3049 560 3234 626 Iacob,
3257 575 3375 629 quae
3393 573 3625 629 sequun-

2046 659 2151 712 tur,
2187 660 2239 705 et
2267 651 2498 705 humana
2528 651 2832 716 inﬁrmitas,
2866 661 2920 706 et
2949 651 3084 706 ﬁdes
3123 651 3340 723 pietatis
3367 651 3622 721 apparet;

2047 751 2107 796 ut
2139 751 2194 798 et
2219 741 2358 797 Deus
2391 741 2648 798 iibcrarct
2685 759 2805 796 eum
2838 753 2891 798 et
2927 759 3046 814 qua:
3073 743 3320 813 promisit
3356 741 3625 814 impleret.

2045 836 2378 891 Admonendi
2405 841 2595 890 sumus"
2619 844 2796 890 tamen
2824 834 2975 908 (Mm,
3007 835 3174 908 enim]
3221 834 3326 890 hoc
3356 834 3620 908 exemplo.

2047 936 2108 983 ut
2134 930 2380 999 quamvis
2408 928 2692 983 credamus
2715 930 2769 983 in
2797 928 2984 992 Deum,
3018 928 3280 984 faciamus
3305 936 3480 984 tamen
3506 946 3625 1000 qua:

2049 1018 2292 1074 facienda
2339 1027 2461 1074 sunt
2503 1017 2592 1090 [ab
2643 1017 2971 1092 hominibus]
3025 1019 3077 1073 in
3125 1019 3430 1088 praesidium
3486 1021 3630 1076 salu-

2051 1108 2159 1162 tis:
2187 1116 2248 1162 ut
2274 1107 2744 1177 prietermittentcs
2767 1122 2830 1161 ea
2863 1107 3032 1164 Deum
3071 1115 3280 1162 tentare
3316 1123 3420 1164 non
3451 1107 3634 1165 videa-

2053 1210 2198 1249 mur.

2127 1305 2288 1358 Inter.
2332 1305 2456 1360 ω.
2483 1304 2760 1372 Quomodo
2797 1322 2925 1378 ergo
2971 1303 3138 1362 Iacob
3181 1309 3250 1361 ab
3293 1323 3358 1363 eo
3391 1307 3634 1380 postulat

2052 1394 2317 1457 benedici,
2351 1395 2434 1448 cui
2463 1394 2716 1449 luctando
2744 1395 3025 1465 praevaluit
3053 1398 3204 1466 (vers.
3235 1397 3360 1471 26)?
3378 1429 3449 1440 -—
3472 1397 3630 1471 Resp.

2055 1481 2243 1552 Magna
2272 1481 2430 1555 [haec]
2467 1493 2548 1538 est
2581 1484 2646 1540 de
2679 1483 2894 1540 Christo
2923 1487 3224 1556 prophetia.
3257 1487 3460 1558 Duplex
3488 1489 3634 1543 enim

2053 1573 2216 1643 330
2242 1571 2374 1646 [hic]
2397 1573 2562 1630 Iacob
2591 1575 2923 1648 intelligitur,
2964 1577 3016 1632 id
3050 1588 3152 1640 est,
3180 1579 3411 1634 carnalis
3444 1587 3499 1634 et
3521 1580 3628 1652 spi-

2056 1665 2281 1720 ritualis.
2333 1667 2614 1722 Praevaluit
2649 1669 2790 1722 enim
2829 1667 2993 1724 Iacob
3038 1667 3281 1738 Christo,
3327 1671 3411 1727 vel
3453 1674 3637 1744 potius

2056 1754 2344 1822 prmvalcre
2387 1756 2535 1811 visus
2568 1765 2651 1811 est
2693 1772 2854 1828 super
2896 1771 2988 1813 eos
3029 1759 3322 1825 lsraelitas,
3362 1776 3392 1814 a
3441 1762 3637 1831 quibus

380 1818 440 1904 ιίι
488 1848 646 1903 unius
692 1845 1511 1912 coloris'pecoranaseerentur
1547 1857 1563 1892 :
1613 1847 1668 1893 et
1705 1837 1958 1908 quiequid
1991 1818 2034 1877 Β
2060 1845 2349 1900 cruciﬁxus
2373 1855 2455 1900 est
2493 1818 2774 1910 Christus;
2804 1857 2858 1902 et
2885 1849 2951 1901 ab
2981 1863 3046 1902 eo
3074 1847 3407 1904 bent-dicitur
3436 1818 3639 1922 [isme-

381 1937 615 2008 primum
661 1935 1002 1998 nascebatur,
1045 1947 1199 1986 suum
1247 1939 1384 1995 erat,
1418 1929 1544 2000 quia
1583 1928 1838 2001 [discolor
1880 1925 1956 1998 et]

385 2029 591 2083 varium
627 2033 780 2082 erat:
812 2025 1065 2095 quicquid
1099 2033 1302 2093 postea,
1340 2023 1562 2078 Laban:
1600 2023 1761 2076 unius
1793 2021 1956 2086 enim,

385 2129 492 2174 tam
523 2117 664 2186 nigri
691 2131 852 2187 quam
880 2115 989 2170 albi
1015 2114 1234 2179 coloris,
1273 2129 1435 2184 pecus
1465 2113 1764 2170 oriebatur.

459 2205 626 2259 Inter.
655 2205 780 2260 256.
811 2205 920 2259 Cur
953 2219 1058 2259 nec
1099 2202 1264 2258 Iacob
1299 2201 1508 2258 fraudis
1547 2204 1602 2256 in
1637 2203 1740 2258 hoc
1773 2200 1960 2275 [facto]

385 2297 691 2368 arguendus
718 2296 832 2350 est?
863 2325 932 2334 —
967 2294 1123 2366 Resp.
1160 2293 1264 2348 Per
1289 2293 1392 2349 hoc
1419 2293 1560 2364 cogit
1593 2293 1791 2363 inquiri
1832 2309 1962 2364 pro--

384 2389 641 2461 pbctiam,
691 2396 746 2443 et
791 2387 1022 2456 aliquam
1076 2383 1357 2456 ﬁguratam
1393 2385 1838 2456 signiﬁcationem
1879 2401 1964 2442 res

386 2479 511 2544 ista,
540 2493 698 2548 quam
731 2477 845 2533 sine
870 2477 1032 2532 dubio
1060 2485 1120 2530 ut
1148 2476 1411 2544 propheta
1451 2473 1585 2530 fecit
1629 2474 1818 2533 Iacob.
1846 2475 1964 2531 Non

385 2569 528 2624 enim
557 2568 660 2622 tale
685 2567 902 2636 aliquid,
930 2567 1036 2622 nisi
1061 2566 1394 2622 revelatione
1427 2565 1697 2636 spirituali
1733 2582 1856 2622 eum
1889 2565 1966 2622 fe-

393 2659 532 2714 cisse
555 2656 878 2713 credendum
909 2663 1011 2711 est.

461 2747 624 2802 Inter.
661 2747 787 2802 257.
831 2745 1108 2812 Quomodo
1155 2746 1340 2801 decem
1379 2745 1586 2802 vicibus
1627 2746 1756 2802 dicit
1801 2745 1966 2803 Iacob

391 2852 578 2894 socero
599 2849 716 2900 suo,
741 2844 977 2891 mutasse
996 2849 1118 2890 eum
1143 2836 1444 2892 mercedem
1465 2849 1615 2892 suam
1638 2835 1790 2909 (Cen.
1813 2852 1966 2901 ιιικι,

389 2927 518 3002 Il)?
538 2959 609 2970 -
630 2927 785 3001 Resp.
816 2927 916 2983 H-ic
941 2935 1024 2981 est
1051 2941 1260 2992 sensus,
1283 2927 1426 2998 quod
1446 2943 1546 2998 per
1569 2927 1807 2998 singulos
1827 2928 1970 2984 fetus

393 3035 605 3090 semper
651 3019 827 3073 Laban
880 3017 1237 3073 conditionem
1291 3017 1597 3072 mutaverit.
1649 3017 1708 3074 Si
1756 3018 1969 3074 videbat

395 3111 605 3164 varium
633 3109 782 3163 nasci
806 3121 972 3176 pecus
1011 3105 1152 3179 [post
1187 3105 1377 3180 fetum]
1413 3107 1658 3163 dicebat:
1686 3105 1818 3161 Nolo
1844 3103 1962 3178 [F.,

394 3198 538 3270 volo]
569 3200 624 3254 in
645 3199 884 3254 futurum
907 3199 1055 3254 varia
1084 3199 1214 3254 mihi
1245 3207 1555 3256 nascantur.
1584 3198 1820 3254 Rursum
1843 3213 1967 3254 cum

391 3288 613 3343 vidisset
645 3288 804 3344 unius
847 3288 1044 3344 coloris
1085 3289 1234 3343 nasci
1273 3301 1468 3358 peoora
1505 3286 1696 3358 [Iacob
1731 3303 1964 3359 quoque,

396 3379 498 3434 hoc
526 3379 727 3443 audito,
761 3378 941 3450 virgas
977 3379 1034 3432 in
1072 3379 1350 3434 canalibus
1385 3394 1491 3434 non
1529 3379 1782 3452 ponebat]
1819 3380 1966 3435 dice-

393 3473 487 3528 bat
519 3489 533 3526 :
573 3470 784 3527 futuros
805 3470 948 3527 fetus
991 3471 1150 3526 unius
1187 3471 1382 3526 coloris
1415 3485 1610 3540 pecora
1661 3471 1792 3526 mihi
1841 3485 1970 3542 pro—

394 3563 672 3619 creabant.
701 3562 768 3617 Et
793 3562 922 3632 quid
949 3559 1138 3632 plura?
1164 3575 1333 3632 usque
1351 3563 1420 3617 ad
1447 3563 1630 3618 decem
1661 3564 1805 3618 vices
1829 3578 1970 3619 sem-

393 3665 488 3719 per
509 3649 565 3723 [ι
592 3651 770 3705 Laban
796 3651 1008 3720 pecoris
1033 3649 1140 3722 sui]
1164 3648 1330 3706 Iacob
1353 3658 1560 3706 mutata
1585 3653 1825 3708 conditio
1845 3661 1962 3708 est:

394 3741 823 3810 etquodcunque
851 3741 952 3796 sibi
985 3750 1338 3810 proposuerat
1375 3741 1580 3806 Laban,
1605 3752 1686 3798 -ut
1722 3759 1970 3800 nascere—

394 3838 505 3896 tur,
527 3831 581 3886 in
595 3831 932 3886 contrarium
960 3830 1195 3886 colorem
1223 3819 1549 3887 vertebatur.
1579 3833 1654 3888 Ne
1680 3833 1764 3888 eui
1790 3843 1970 3888 autem

397 3921 452 3978 in
489 3937 584 3978 sex
613 3923 770 3978 annis
815 3923 1004 3978 decem
1036 3924 1276 3993 pariendi
1307 3925 1455 3980 vices
1501 3925 1846 3982 incredibiles
1892 3927 1974 3980 vi.

394 4013 640 4080 deantur,
671 4013 788 4084 lege
821 4013 1122 4083 Virgiliu,
1165 4014 1219 4068 in
1247 4029 1354 4084 quo
1381 4015 1578 4071 dicitur
1603 4033 1622 4068 τ

761 4125 845 4176 Bis
866 4125 1080 4186 gravida:
1105 4125 1424 4188 pecudes.....

394 4225 594 4282 Natura
621 4233 801 4282 autem
823 4225 1130 4281 Italicarum
1151 4225 1331 4280 ovium
1359 4233 1412 4280 et
1441 4223 1836 4295 Mesopotamiae
1864 4243 1968 4280 una

397 4331 519 4372 esse
544 4315 879 4387 perhibetur.

479 4405 644 4462 Inter.
671 4404 800 4462 258.
833 4403 1009 4472 Quare
1042 4404 1319 4461 constituit
1353 4404 1518 4461 Iacob
1545 4403 1771 4475 lapidem
1816 4420 1976 4476 super

398 4499 611 4554 titulum
641 4495 792 4572 (vers.
819 4497 1030 4570 ιδῃ-
1056 4497 1210 4568 Resp.
1236 4495 1529 4570 Diligenter
1553 4497 1976 4553 animadvertcu-
2008 4525 2054 4584 υ

400 4591 527 4646 dum
563 4597 645 4644 est
675 4589 814 4659 quod
844 4589 977 4643 istos
1005 4589 1192 4644 titulos
1229 4589 1284 4644 in
1326 4589 1404 4644 rei
1434 4587 1802 4661 cujuscunque
1830 4587 1978 4644 testi-

402 4680 641 4736 monium
669 4679 1085 4738 constituebant.
1114 4695 1218 4734 non
1243 4689 1305 4734 ut
1341 4697 1434 4735 eos
1468 4695 1565 4750 pro
1588 4681 1689 4734 diis
1719 4679 1976 4745 colerent,

401 4770 496 4826 sed
521 4779 578 4826 ut
601 4771 681 4825 eis
708 4769 910 4841 aliquid
938 4771 1322 4842 signiﬁcarent.

473 4859 636 4915 Inter.
658 4859 784 4916 E59.
818 4857 956 4927 Quid
1003 4875 1085 4915 ρει
1127 4861 1266 4930 quod
1297 4861 1461 4917 Iacob
1481 4864 1682 4934 juravit
1709 4881 1800 4935 per
1828 4867 1980 4920 timo-

405 4967 511 5006 rem
541 4951 707 5024 patris
743 4951 827 5006 sui
866 4949 1024 5005 Isaac
1053 4951 1203 5022 (τοῖς.
1245 4952 1372 5025 53)?
1397 4983 1468 4993 —
1495 4951 1649 5024 Resp.
1677 4953 1776 5010 Per
1814 4956 1978 5011 Deum

401 5043 608 5111 utique,
646 5057 806 5111 quem
844 5039 1066 5096 timebat
1113 5041 1261 5097 lsaac
1296 5052 1450 5112 pater
1494 5041 1628 5112 ejus,
1669 5043 1857 5113 jurare
1899 5045 1979 5098 in-

363 5147 368 5152 ·
401 5131 678 5201 tclligitur.
701 5130 870 5200 Quem
897 5133 1142 5186 timorem
1179 5133 1340 5186 etiam
1371 5133 1616 5203 superius
1637 5136 1979 5190 commcnda-

401 5221 492 5285 vit,
522 5235 646 5276 cum
686 5221 922 5278 diceret:
956 5219 1094 5275 Deus
1123 5221 1288 5294 patris
1328 5223 1427 5276 mei
1464 5223 1706 5288 Abrahae,
1738 5235 1786 5279 et
1825 5227 1980 5280 timor

408 5313 572 5378 patris
602 5313 702 5367 mei
729 5311 886 5368 Isaac
916 5310 1068 5385 (vers.
1101 5310 1212 5383 4‘2).

475 5399 638 5456 Inter.
664 5401 788 5457 240.
819 5401 950 5468 Qua:
973 5411 1102 5456 sunt
1127 5410 1302 5458 castra
1350 5401 1462 5467 Dei,
1493 5417 1614 5474 qua:
1657 5405 1789 5460 vidit
1812 5403 1981 5462 Iacob

400 5487 456 5541 in
491 5489 680 5546 itinere
709 5491 863 5565 (Gen.
900 5507 1077 5558 xxxii,
1125 5495 1173 5557 l,
1201 5492 1296 5566 2)?
1321 5524 1390 5534 -—
1421 5493 1578 5568 Resp.
1623 5495 1778 5551 Nulla
1828 5497 1980 5552 dubi-

399 5580 536 5632 tatio
558 5591 640 5636 est
663 5585 791 5650 quin
822 5585 1132 5655 angelorum
1164 5585 1325 5641 fuerit
1347 5585 1652 5641 multitudo.
1685 5587 1758 5641 Ea
1785 5589 1980 5658 quippe

399 5671 452 5726 in
486 5671 778 5742 Scripturis
803 5677 992 5732 militia
1019 5679 1140 5733 ραιΙί
1163 5677 1430 5732 nominari
1462 5677 1616 5732 solet.

471 5762 634 5819 Inter.
665 5763 789 5818 ΞΗ.
821 5764 1098 5832 Οιιοωο.ιο
1122 5766 1277 5820 ﬁdem
1305 5765 1492 5818 lini-uit
1527 5766 1712 5834 Iacob,
1741 5771 1971 5839 quando.

2061 1935 2262 2008 liticus]
2285 1937 2338 1990 in
2363 1937 2442 1991 eis
2463 1937 2552 2008 qui
2575 1937 2915 1992 crediderunt
2940 1939 2992 1993 in
3022 1939 3326 2006 Christum;
3354 1955 3418 1995 ex
3441 1941 3641 2010 quibus

2060 2033 2176 2080 erat
2199 2025 2292 2094 qui
2317 2025 2526 2080 dicebat
2559 2044 2572 2078 :
2607 2025 2674 2080 Et
2705 2041 2796 2096 ego
2826 2025 3068 2082 Israelita
3099 2047 3164 2083 ex
3187 2047 3369 2100 genere
3394 2029 3634 2104 Abrahrr,

2061 2133 2125 2170 ex
2151 2115 2288 2170 tribu
2324 2115 2603 2186 Benjamin
2642 2115 2819 2187 (Rom.
2867 2135 2944 2183 xi,
2992 2117 3066 2186 l).
3117 2119 3266 2176 Unus
3309 2136 3437 2192 ergo
3477 2133 3641 2192 atque

2063 2207 2202 2261 idem
2227 2204 2392 2262 Iacob
2416 2217 2470 2260 et
2495 2207 2718 2264 claudus
2754 2218 2808 2264 et
2836 2211 3145 2266 benedictus
3174 2231 3186 2265 :
3225 2213 3446 2268 claudus
3473 2213 3526 2267 in
3562 2213 3640 2266 la-

2063 2303 2291 2359 titudine
2327 2301 2566 2366 femoris,
2622 2313 2875 2373 tanquam
2931 2304 2984 2358 in
3034 2303 3370 2358 multitudine
3408 2302 3637 2374 generis,

2064 2393 2129 2449 de
2161 2411 2266 2463 quo
2296 2395 2499 2450 dictum
2528 2402 2646 2449 est:
2677 2404 2724 2448 et
2754 2393 3176 2448 claudicmverunt
3221 2409 3252 2446 a
3295 2392 3488 2445 semitis
3529 2391 3642 2446 suis

2065 2483 2236 2555 (Paul.
2288 2501 2416 2548 χιιι,
2465 2485 2578 2557 26).
2623 2485 2943 2539 Benedictus
2979 2492 3156 2538 autem
3199 2482 3254 2538 in
3292 2483 3392 2548 eis,
3429 2482 3492 2537 de
3516 2481 3642 2551 qui-

2065 2577 2166 2632 bus
2189 2576 2386 2632 dictum
2413 2585 2493 2632 est
2525 2594 2539 2630 :
2576 2574 2826 2646 Reliquite
2849 2592 2942 2645 per
2963 2574 3260 2629 electionem
3281 2572 3463 2644 gratim
3483 2571 3643 2628 salvat

2066 2667 2222 2736 {actm
2255 2675 2377 2720 sunt
2413 2665 2588 2738 (Rom.
2613 2681 2712 2731 xu,
2739 2664 2816 2737 5).

2136 2799 2304 2853 Inter.
2325 2798 2449 2854 255.
2465 2796 2596 2866 Quae
2616 2805 2700 2854 est
2721 2812 2882 2854 causa
2909 2796 3174 2852 immutati
3201 2793 3430 2851 nominis
3451 2793 3640 2857 Iacob,

2067 2897 2130 2944 ut
2150 2887 2313 2944 Israel
2342 2896 2627 2944 vocaretur
2665 2886 2816 2959 (Cen.
2853 2889 3024 2952 sim,
3057 2887 3184 2958 28)?
3209 2917 3279 2928 —
3299 2885 3456 2957 Resp.
3479 2885 3641 2940 Varia

2068 2986 2224 3056 hujus
2262 2984 2495 3040 nominis
2533 2983 2902 3054 interpretatio
2937 2983 3267 3047 :estimatur;
3315 2979 3409 3038 sed
3452 2980 3646 3036 beatus

2069 3072 2424 3144 Hieronymus
2477 3073 2658 3130 taliter
2701 3073 2770 3129 de
2818 3071 2936 3142 ejus
2983 3073 3422 3142 interpretatione
3465 3071 3639 3126 dixit:

1993 3159 2040 3226 C
2069 3180 2259 3221 sensus
2305 3165 2484 3234 itaque
2523 3165 2612 3222 hic
2651 3172 2736 3220 est
2765 3183 2777 3218 :
2806 3180 2914 3220 non
2943 3164 3223 3220 vocabitur
3259 3177 3452 3220 nomen
3491 3172 3645 3218 tuum

2069 3253 2460 3325 supplantator,
2493 3255 2594 3310 hoc
2630 3263 2730 3318 est,
2757 3253 2954 3321 Iacob;
2984 3255 3076 3310 sed
3101 3254 3378 3310 vocabitur
3395 3254 3646 3323 princeps

2067 3358 2190 3398 cum
2221 3344 2350 3408 Deo,
2371 3345 2475 3400 hoc
2503 3351 2606 3404 est.
2655 3343 2834 3399 Israel.
2871 3342 3150 3411 Quomodo
3185 3343 3326 3400 enim
3373 3359 3471 3416 ego
3498 3343 3646 3414 prin-

2068 3445 2194 3502 ceps
2219 3447 2356 3496 sum,
2397 3433 2475 3487 sic
2509 3431 2610 3504 [et]
2646 3441 2724 3498 tu,
2772 3433 2865 3503 qui
2912 3448 3120 3488 mecum
3167 3433 3358 3488 luctari
3403 3433 3652 3504 potuisti.

2067 3520 2314 3589 princeps
2341 3521 2640 3576 vocaberis.
2691 3519 2749 3574 Si
2791 3529 2970 3575 autem
3001 3536 3124 3578 eum
3163 3521 3274 3576 Deo
3305 3523 3419 3576 sive
3457 3521 3652 3594 angelo

2070 3608 2344 3681 (quoniam
2371 3608 2614 3680 plerique
2638 3609 2788 3664 varie
2817 3609 3257 3680 interpretantur)
3286 3626 3524 3680 pugnare
3547 3627 3654 3682 po-

2071 3701 2239 3764 tuisti,
2269 3707 2471 3771 querito
2497 3701 2664 3770 magis
2687 3715 2808 3756 cum
2847 3701 3170 3764 hominibus.
3199 3702 3303 3761 hoc
3339 3709 3440 3767 est.
3471 3701 3658 3778 {cum}

2070 3791 2227 3855 Esau,
2263 3789 2464 3864 [quan]
2497 3789 2789 3848 formidare
2817 3806 2925 3848 non
2963 3791 3142 3848 debes.

2141 3923 2308 3978 Inter.
2338 3923 2463 3978 244.
2499 3923 2636 3991 Quid
2667 3923 2794 3998 [sibi
2819 3923 2955 3996 vult]
2990 3926 3132 3995 quod
3159 3925 3324 3982 Iacob
3360 3927 3436 3982 sit
3469 3925 3651 4002 [fratri

2072 4013 2194 4087 suo]
2223 4032 2238 4064 ε
2273 4012 2364 4068 Sic
2385 4013 2491 4068 vidi
2517 4015 2702 4084 facient
2730 4025 2894 4080 tuam,
2917 4017 3068 4086 quasi
3089 4016 3312 4070 viderem
3337 4015 3522 4087 faciem
3549 4016 3652 4072 De!

2074 4100 2226 4171 (Gen.
2255 4117 2451 4167 χχχιιι,
2472 4102 2580 4176 10).
2604 4102 2798 4159 Utrum
2822 4105 3062 4174 paventis
3087 4111 3140 4159 et
3158 4105 3454 4174 perturbati
3483 4104 3652 4160 animi

2076 4193 2238 4248 verba
2274 4207 2444 4262 usque
2478 4195 2531 4248 in
2571 4195 2711 4250 hanc
2745 4195 3102 4252 adulationem
3149 4197 3541 4266 proruperunt?
3579 4225 3654 4239 —-

2083 4283 2234 4355 Resp.
2277 4285 2402 4340 Huic
2445 4287 2608 4340 verba
2658 4285 2894 4342 fraterna
2939 4296 3064 4342 sunt
3102 4293 3157 4341 et
3203 4287 3434 4360 benigno
3472 4287 3652 4342 animo

2076 4375 2237 4437 dicta,
2277 4377 2529 4444 quoniam
2569 4385 2688 4446 post
2714 4377 2998 4448 benignam
3043 4379 3435 4448 susceptionem
3475 4387 3654 4435 metus

2077 4466 2191 4535 ipse
2227 4466 2536 4521 transierat.
2579 4466 2644 4520 Et
2679 4466 2924 4523 lorzassis
2954 4467 3047 4522 Dei
3094 4469 3308 4523 nomine
3343 4468 3651 4535 angelorum

2078 4555 2311 4625 aliquem
2336 4554 2420 4608 vel
2453 4565 2760 4611 sanctorum
2787 4555 2942 4630 [Ms.,
2991 4557 3072 4614 vel
3111 4558 3340 4628 aliquem
3379 4554 3648 4629 sanctum]

2080 4649 2180 4702 hoc
2218 4648 2337 4703 loco
2373 4648 2672 4721 intelligere
2697 4649 2976 4716 debemus,
3007 4651 3296 4706 secundum
3318 4648 3650 4720 Apostolum,

2078 4738 2167 4807 qui
2195 4739 2367 4794 dixit:
2395 4738 2512 4793 Etsi
2533 4742 2765 4811 suntqui
2789 4741 3038 4796 dicuntur
3056 4741 3152 4806 dii,
3181 4742 3287 4796 sive
3306 4742 3360 4794 in
3382 4739 3526 4804 caelo,
3547 4740 3654 4794 sive

2077 4827 2132 4881 in
2151 4835 2312 4892 terra,
2337 4827 2769 4898 quemadmodum
2800 4837 2920 4883 sunt
2939 4829 3014 4882 dii
3041 4828 3192 4883 multi
3213 4839 3260 4884 et
3284 4830 3482 4884 domini
3502 4828 3656 4884 stulti

2079 4915 2131 4984 (I
2163 4915 2283 4970 Cor.
2310 4932 2430 4980 vm,
2465 4918 2541 4989 5).

2149 5025 2312 5080 Inter.
2346 5027 2470 5081 245.
2498 5027 2774 5094 Quomodo
2812 5029 3058 5100 promisit
3081 5029 3250 5086 Iacob
3278 5029 3429 5086 iratri
3457 5045 3574 5097 suo,
3593 5039 3658 5088 ut

2078 5128 2395 5187 sequeretur
2441 5121 2665 5191 vestigia
2707 5121 2824 5191 ejus
2871 5135 2992 5176 cum
3035 5121 3140 5176 alio
3182 5121 3374 5178 itinere
3419 5125 3660 5181 tenderet

2081 5209 2234 5280 (Gen.
2278 5225 2470 5274 χχχιιι,
2516 5210 2638 5282 id)?
2664 5243 2732 5252 ——
2757 5211 2912 5284 Resp.
2953 5213 3117 5270 Forte
3147 5215 3212 5270 ad
3249 5215 3435 5271 horam
3469 5233 3656 5287 seque-
3748 5282 3755 5288 ι

2077 5301 2357 5358 batur.\’el
2379 5305 2552 5374 primo
2575 5303 2778 5376 [veraci
2806 5303 3006 5380 animo]
3027 5307 3366 5376 promiserat,
3393 5309 3486 5364 sed
3513 5309 3655 5365 aliud

2079 5401 2264 5462 postea
2295 5391 2600 5465 [cogitando
2624 5392 2819 5466 [Edit.,
2847 5395 3138 5470 cogitabat]
3166 5395 3404 5472 delegit].

2150 5505 2314 5560 Inter.
2340 5506 2465 5561 246.
2489 5505 2764 5574 Quomodo
2793 5507 2898 5562 duo
2921 5508 3010 5564 ﬁlii
3037 5503 3204 5565 Iacob
3225 5519 3430 5566 tantam
3456 5511 3654 5566 aedem

2078 5603 2133 5648 et
2157 5593 2606 5663 deprtedationem
2633 5611 2732 5667 per
2758 5611 2816 5653 se
2858 5599 2912 5652 in
2959 5606 3103 5654 terra
3138 5598 3312 5655 aliena
3354 5599 3532 5657 facere
3561 5615 3659 5673 po-

2081 5691 2298 5737 tuerunt
2325 5682 2478 5752 (Gen.
2509 5701 2697 5752 xxxrv,
2727 5686 2855 5759 23)?
2878 5719 2950 5730 —
2971 5687 3124 5760 Resp.
3154 5688 3438 5745 Multitudo
3465 5687 3654 5764 [enim]

2081 5791 2184 5833 non
2231 5792 2393 5846 parva
2435 5785 2553 5831 erat
2596 5792 2719 5832 cum
2763 5775 2947 5847 Iacob,
3002 5781 3090 5850 qui
3135 5781 3422 5851 plurimum
3460 5779 3660 5835 ditatus
