4012 6188
332 312 450 369 ,ειει

960 311 1369 370 EXEGE'NCA.
1412 342 1479 356 -ο
1513 310 1891 369 ΙΝΤΕΒΒΟΕ.
1934 310 1960 365 Ε

2065 311 2394 370 RESPONS.
2433 312 2503 368 IN
2543 312 2811 381 ϐΕΝΕδ..
2857 314 3008 371 ETC.

3524 314 3630 371 δσς

348 438 542 481 verum
584 423 713 492 quia
750 431 996 479 mortuus
1020 433 1125 489 est,
1154 433 1211 479 et
1249 438 1353 478 non
1380 424 1700 488 resurrexit,
1730 431 1787 477 et
1812 436 1937 476 rur-
1966 422 2011 480 Δ
2038 420 2176 477 lenta
2216 432 2365 489 sunt,
2389 424 2570 494 lupum
2597 426 3025 496 sanguinarium,
3056 426 3238 497 lupum
3259 442 3511 485 voracem
3538 444 3631 491 su-

345 532 473 575 mm
511 515 707 572 ductus
749 523 943 586 captus
986 524 1073 571 est
1111 515 1298 582 lsrael,
1334 515 1472 570 alius
1523 515 1653 570 mihi
1693 514 1943 570 Salvator

344 605 510 683 {Ed.,
535 621 749 672 verum,
781 606 873 676 qui
904 614 1147 661 mortuus
1189 615 1274 662 est
1301 614 1359 662 et
1386 606 1702 671 resurrexit,
1727 605 1815 660 ille
1844 605 1944 676 igi-

349 706 443 754 tur
466 696 599 753 mihi
624 696 882 761 salvator,
906 695 1039 768 etc.]
1060 697 1246 752 mundi
1274 705 1331 751 et
1356 697 1463 752 mei
1487 696 1699 766 generis
1720 702 1946 766 praesto-

348 788 547 845 landus
584 795 693 855 est,
724 797 780 842 ut
808 789 1000 852 ueniat,
1041 788 1128 841 cui
1171 788 1454 858 repositum
1495 795 1591 853 est,
1633 796 1680 841 et
1710 786 1820 857 ipse
1845 786 1943 840 erit

340 883 668 953 exspectatio
694 882 950 951 gentium.

420 973 587 1044 336
610 970 728 1026 Gud
756 971 1020 1025 accinctus
1063 970 1394 1043 praeliabitur
1434 980 1557 1026 ante
1582 987 1733 1035 eum,
1763 977 1812 1023 et
1836 970 1946 1040 ipse

322 1065 647 1134 accingunt
682 1070 988 1128 retrorsum,
1017 1061 1174 1134 (vers.
1207 1061 1296 1134 l9)
1326 1061 1619 1134 signiﬁcat,
1648 1060 1794 1132 quod
1819 1067 1947 1114 ante

350 1153 568 1220 Ruben,
593 1160 651 1210 et
682 1152 962 1209 dimidiam
992 1153 1190 1208 tribum
1235 1152 1503 1219 Manasse,
1533 1162 1590 1209 et
1613 1153 1771 1218 filios.
1811 1164 1949 1223 quos

345 1251 507 1299 trans
531 1242 824 1299 Jordanem
869 1242 1026 1316 [Με.,
1055 1243 1194 1300 filios
1214 1257 1341 1299 suos
1373 1252 1526 1300 trans
1552 1241 1868 1316 Iordanem]
1894 1242 1947 1298 in

350 1331 757 1402 possessionem
772 1331 1072 1397 dimiserat,
1091 1339 1212 1404 post
1239 1332 1648 1403 quatuordecim
1668 1346 1842 1387 annos
1863 1347 1952 1388 re-

349 1427 592 1485 vertens,
627 1419 870 1491 praelium
898 1421 1186 1476 adversum
1223 1435 1320 1476 eos
1362 1421 1604 1492 gentium
1647 1420 1949 1475 vicinarum

345 1509 559 1580 grande
604 1510 809 1581 reperit
840 1518 901 1566 et
925 1510 1082 1567 tictis
1119 1511 1366 1567 hostibus
1406 1509 1621 1567 fortiter
1651 1510 1945 1566 dimicavit.

349 1598 495 1672 Lege
530 1599 727 1659 librum
771 1598 900 1658 Jesu
945 1600 1095 1657 Nave
1134 1599 1293 1673 (xm,
1318 1600 1462 1675 7)et
1500 1600 1950 1672 Paralipomenon

350 1690 494 1762 (Ly,
522 1693 580 1755 ι.
609 1692 718 1765 ιι).

2042 527 2141 583 per
2178 512 2369 569 altaris
2416 514 2861 586 interpretatione
2903 524 3186 587 ponentes,
3239 526 3297 573 et
3333 517 3630 589 spoliorum

2028 604 2360 658 .divisionem
2385 620 2548 675 super
2583 606 2971 672 sacerdotibus,
3018 607 3112 678 qui
3137 607 3438 663 servientes
3476 608 3632 667 altari

2042 694 2233 748 vivunt
2280 694 2348 751 de
2407 694 2564 750 altari
2603 693 2923 768 [Hucusque
2965 712 3033 752 ex
3078 696 3459 770 Hieronymo].
3510 698 3638 756 lianc

2044 786 2307 841 hactenus
2333 784 2485 858 [Ms.,
2514 785 2720 860 autem]
2744 787 3025 851 historice.

2115 874 2485 945 Spiritualiter
2526 885 2706 932 autem
2745 876 2846 949 [in]
2875 877 3064 933 Ruben
3091 878 3293 949 prioris
3322 878 3507 951 populi
3540 877 3638 934 Ju-

2045 965 2283 1021 daeorum
2320 968 2562 1022 ostendit
2597 982 2913 1038 personam,
2951 968 3039 1023 cui
3067 983 3099 1023 a
3134 968 3364 1025 Domino
3391 983 3489 1039 per
3511 982 3639 1041 pro-

2043 1057 2269 1127 phetam
2293 1057 2494 1113 dicitur
2519 1075 2532 1110 :
2556 1057 3123 1129 lsraclprimogenims
3142 1074 3288 1114 meus
3308 1056 3464 1129 (Gen.
3486 1074 3638 1124 χιιι.

2041 1148 2124 1220 5).
2151 1148 2363 1206 Etenim
2378 1148 2533 1218 juxta
2555 1149 2697 1220 quod
2718 1147 3091 1221 primogenitis
3128 1148 3446 1217 debebatur.
3459 1148 3641 1223 ipsius

2043 1250 2168 1298 erat
2192 1243 2442 1312 accipere
2485 1242 2846 1300 sacerdotium
2873 1250 2931 1296 et
2956 1257 3201 1312 regnum.
3250 1240 3482 1297 Additur
3507 1257 3549 1296 ι.
3565 1239 3645 1297 Tu

2045 1335 2217 1397 τὶηιιε,
2248 1350 2385 1388 mea.
2423 1333 2618 1406 Utique
2663 1334 2807 1404 quod
2833 1332 2960 1388 huic
3006 1332 3203 1404 populo
3231 1330 3644 1389 fundamentum

2047 1425 2269 1482 tideiex
2316 1426 2434 1496 ipsa
2491 1426 2691 1483 virtute
2741 1426 2836 1480 Dei
2880 1423 3039 1497 [Ms.,
3088 1424 3213 1494 quia
3269 1439 3337 1479 ex
3377 1423 3497 1494 ipso
3547 1436 3648 1494 po-

2045 1516 2175 1588 pulo
2203 1515 2616 1572 fundamentum
2644 1515 2802 1580 ﬁdei;
2830 1530 2897 1570 ex
2924 1515 3043 1587 ipso
3071 1515 3243 1569 virtus
3267 1512 3410 1586 Dei],
3439 1513 3531 1583 qui
3560 1518 3650 1568 est

2048 1606 2315 1672 Christus,
2358 1606 2592 1661 advenit.
2624 1604 2905 1672 Quomodo
2947 1611 3132 1660 autem
3162 1604 3277 1675 ipse
3320 1604 3397 1661 sit
3437 1600 3646 1673 primi-

2048 1701 2198 1773 pium
2224 1698 2490 1763 dolorum,
2523 1698 2627 1753 nisi
2680 1697 2809 1751 dum
2855 1696 3005 1750 Patri
3053 1694 3417 1766 semper
3442 1694 3650 1764 inrogat

426 1781 733 1854 Nephtalim
768 1801 947 1840 ceram
971 1786 1224 1851 emissus,
1255 1785 1388 1841 dans
1416 1785 1624 1858 eloquia
1651 1783 1947 1858 pulchritu—
1979 1769 2024 1827 Β
2051 1769 2301 1859 injurias,
2326 1795 2649 1845 convertens
2677 1787 2746 1842 ad
2773 1801 2897 1843 eum
2922 1785 3143 1843 dorsum
3165 1784 3391 1857 [etlnon
3417 1782 3648 1845 faciem?

288 1926 297 1935 ,
351 1873 495 1936 diuis
542 1874 656 1930 sive
688 1874 993 1946 Nephtalint
1039 1893 1164 1948 ager
1205 1877 1437 1949 irrigatus
1468 1877 1625 1950 (Gen.
1652 1894 1802 1944 rtus,
1832 1875 1945 1949 2i).

356 1963 662 2034 Utrumque
704 1965 849 2021 enim
895 1967 1168 2038 significat
1200 1968 1483 2025 Hebraeum
1528 1970 1755 2026 verbum
1794 1969 1949 2024 Aiala

354 2056 556 2113 Selvha
591 2056 790 2129 [Edit.,
819 2056 1069 2132 Silvam].
1099 2058 1382 2131 Significat
1406 2068 1588 2115 autem
1626 2060 1771 2130 quod
1796 2073 1951 2130 aqua:

352 2149 547 2206 calida
569 2149 624 2205 in
645 2150 760 2220 ipsa
783 2158 1082 2206 nascuntur
1101 2152 1268 2216 tribu,
1292 2152 1408 2207 sive
1432 2151 1577 2223 quod
1595 2166 1757 2223 super
1775 2149 1950 2206 lacum

354 2240 604 2299 Genesar
630 2238 831 2296 ﬂuenta
852 2238 987 2313 [Al.,
1010 2240 1230 2314 attento]
1251 2240 1506 2299 Jordanis
1528 2249 1674 2297 esset
1695 2242 1950 2313 irrigans.

359 2331 570 2391 Βοιδιωὶ
601 2339 783 2388 autem
811 2332 1000 2387 volunt
1032 2344 1255 2405 propter
1282 2334 1645 2400 Tiberiadem,
1674 2349 1795 2405 qua
1821 2334 1955 2404 legis

354 2424 655 2481 videbatur.
672 2424 877 2480 habere
916 2427 1184 2492 notitiam,
1216 2427 1700 2499 agrumirrignnm
1751 2427 1841 2483 hic
1871 2427 1955 2482 in-

364 2514 531 2587 telligi
554 2515 768 2586 eloquia
794 2516 1620 2589 pulchriuidinispropbetarum
1646 2515 1802 2590 [Ms.,
1831 2518 1957 2572 irri-

356 2622 531 2678 guum
552 2614 610 2662 et
637 2606 853 2676 eloquia
898 2602 1319 2677 pulchritudinis
1354 2606 1722 2680 prophetari].
1749 2606 1956 2663 Cervus

359 2706 549 2760 autem
585 2698 824 2754 emissus
867 2688 1248 2769 temporaneas
1293 2697 1475 2770 fruges
1514 2707 1571 2756 et
1612 2697 1957 2753 velocitatem

360 2795 524 2843 torrat
541 2786 810 2845 uberioris
836 2788 1093 2844 ostendit.
1123 2787 1232 2845 Sed
1253 2789 1467 2854 melius,
1489 2790 1537 2845 si
1562 2790 1632 2845 ad
1654 2791 1957 2857 doctrinam

363 2880 666 2938 Salvatoris
705 2892 900 2938 cuncta
925 2881 1250 2948 referamus,
1294 2884 1436 2954 quod
1482 2883 1556 2940 ibi
1589 2883 1675 2939 vel
1722 2884 1958 2942 maxime

359 2977 611 3034 docuerit
633 2974 906 3041 Salvator,
945 2984 1007 3030 ut
1032 2975 1087 3031 in
1121 2974 1414 3048 Evangelia
1449 2989 1664 3046 quoque
1695 2974 1957 3044 scriptum

236 3154 253 3162 _
328 3067 696 3162 -est_(.lfatth.
722 3083 799 3133 ιν,
839 3068 948 3141 ts).

444 3156 615 3214 Filius
658 3174 808 3215 meus
849 3175 1149 3215 accrescens
1188 3160 1405 3231 Joseph,
1436 3159 1583 3231 ﬁlius
1605 3176 1752 3215 meus
1779 3175 1959 3215 accre-

361 3266 517 3304 scens
558 3256 609 3303 et
657 3248 880 3303 decorus
928 3258 1162 3320 aspectu.
1216 3247 1376 3305 Filias
1421 3248 1764 3304 decurrerunt
1806 3264 1963 3318 super

366 3356 605 3406 siturum,
628 3340 718 3397 sed
763 3353 1199 3413 czasperauerunt
1227 3358 1367 3408 eum,
1394 3350 1443 3395 et
1468 3340 1675 3412 jurgati
1700 3350 1844 3406 sunt,
1874 3341 1960 3397 in-

344 3433 628 3503 sidiisque
663 3431 762 3506 [lla
808 3432 947 3498 Mm;
992 3433 1082 3489 Al.
1129 3433 1527 3505 iaaidernntque
1570 3431 1673 3505 illi]
1717 3432 1963 3488 habentes

367 3525 574 3598 iacula.
625 3526 771 3582 Sedit
808 3528 864 3582 in
905 3526 1033 3596 forti
1077 3543 1235 3581 arcus
1279 3526 1418 3597 ejus,
1462 3534 1512 3581 et
1552 3524 1811 3581 dissoluta
1841 3532 1965 3579 sunt

370 3615 581 3676 vincula
605 3617 941 3672 brachion
962 3624 1012 3670 et
1033 3632 1288 3671 manuum
1312 3616 1428 3687 ejus
1452 3632 1544 3687 per
1570 3632 1760 3670 manus
1779 3622 1964 3685 poten-

366 3707 439 3765 tis
463 3706 652 3761 Iacob.
682 3705 712 3760 I
716 3705 817 3762 nde
842 3713 1025 3777 pastor
1048 3721 1285 3776 egressus
1321 3715 1420 3770 est,
1445 3705 1580 3776 lapis
1607 3703 1779 3761 Israel
1804 3701 1959 3776 (Gen.

372 3811 522 3861 ιιιιι,
551 3795 770 3867 22-24).
792 3793 840 3851 0
864 3795 939 3851 fili
961 3793 1182 3882 Joseph,
1213 3795 1306 3866 qui
1335 3802 1442 3850 tam
1465 3795 1691 3866 pulcher
1713 3807 1795 3858 es,
1824 3801 1885 3847 ut
1912 3800 1965 3849 te

370 3898 484 3947 tota
512 3891 583 3946 de
627 3890 802 3946 muris
836 3896 892 3946 et
935 3889 1199 3954 turribus,
1248 3903 1314 3944 ac
1357 3886 1612 3943 fenestris
1659 3885 1963 3957 puellarum

371 3979 595 4052 Egypti
624 3979 781 4035 turba
823 3986 1198 4051 prospectaret
1220 3976 1380 4051 [Ms.,
1422 3973 1788 4049 prospectet];
1833 3977 1967 4031 iuvi-

369 4072 575 4127 derunt
601 4070 696 4128 tibi
727 4068 807 4143 [et
830 4079 885 4125 te
917 4070 984 4125 ad
1016 4070 1351 4125 iracundiam
1377 4067 1828 4141 provocavernnt]
1852 4066 1966 4123 fra-

372 4170 486 4219 tres
515 4160 593 4222 tui
611 4199 627 4226 ,
657 4160 920 4219 habentes
948 4160 1135 4216 livoris
1161 4160 1388 4231 sagittas
1416 4166 1472 4215 et
1510 4158 1613 4215 zeli
1634 4158 1831 4228 jacnlis
1854 4158 1970 4213 vul-

372 4252 595 4309 nerati:
630 4266 817 4311 verum
843 4250 952 4326 itu]
990 4268 1179 4309 arcum
1209 4261 1360 4307 tuum
1404 4260 1462 4307 et
1497 4267 1649 4306 arma
1695 4238 1968 4322 pugnandi

373 4344 604 4414 posuisti
633 4344 688 4399 in
714 4344 852 4410 Deo.
871 4344 964 4416 qui
984 4343 1142 4400 fortis
1163 4352 1249 4400 est
1266 4351 1663 4415 propugnator;
1681 4352 1739 4397 et
1755 4341 1969 4396 vincula

2051 1886 2157 1941 Iste
2202 1884 2353 1955 prior
2382 1883 2436 1937 in
2483 1881 2660 1945 donis,
2708 1880 2836 1951 quia
2883 1879 2987 1950 ipsi
3012 1878 3248 1948 primum
3289 1876 3494 1934 credita
3524 1884 3652 1930 sunt

2051 1975 2266 2046 eloquia
2295 1974 2413 2038 Dei,
2455 1982 2509 2028 et
2535 1971 2822 2044 legislatio,
2867 1978 2923 2026 et
2950 1975 3331 2029 testamentum
3360 1964 3497 2038 [sive
3524 1979 3650 2038 pio-

2053 2065 2283 2138 missio].
2314 2064 2421 2120 Iste
2448 2061 2624 2131 major
2663 2063 2927 2133 imperio,
2945 2062 3132 2132 utique
3152 2074 3254 2131 pro
3282 2057 3652 2134 magnitudine

2053 2158 2275 2221 virium,
2302 2156 2431 2226 quia
2460 2155 2732 2226 copiosius
2774 2153 2987 2209 caeteris
3014 2153 3070 2207 in
3112 2152 3218 2207 hoc
3240 2150 3439 2209 saculo
3458 2164 3653 2221 regna-

2053 2249 2133 2303 vit
2158 2245 2313 2321 [Ed.,
2343 2246 2511 2301 Deum
2541 2245 2778 2316 negavit,
2806 2241 3096 2314 mendose].
3122 2240 3341 2297 Effusas
3364 2246 3452 2297 est
3470 2247 3651 2296 autem

2050 2341 2197 2395 sicut
2222 2353 2388 2408 aqua,
2431 2336 2709 2408 peccando
2737 2336 2790 2391 in
2829 2335 3069 2399 Christo,
3116 2349 3238 2404 quae
3282 2334 3503 2390 vasculo
3545 2346 3652 2388 non

2056 2438 2310 2494 tenetur;
2342 2428 2636 2482 voluntatis
2666 2425 2800 2498 [Al.,
2848 2425 3161 2498 voluptatis]
3209 2426 3413 2483 effusus
3436 2433 3522 2481 est
3547 2426 3654 2481 im-

2034 2527 2183 2591 petu
2214 2538 2227 2573 :
2259 2526 2316 2574 et
2334 2519 2538 2575 idcirco
2564 2518 2771 2573 addidit
2798 2516 2937 2571 ultra
2959 2534 3064 2571 non
3090 2533 3315 2571 crescas.
3344 2516 3504 2588 [Quia
3527 2528 3657 2588 pec-

2059 2615 2223 2681 cavit,
2250 2621 2307 2669 et
2352 2611 2626 2668 Christum
2674 2610 2936 2682 negavit],
2981 2617 3311 2680 quapropter
3357 2610 3473 2679 ipse
3508 2617 3657 2679 post-

2059 2722 2222 2777 quam
2243 2706 2298 2760 in
2314 2706 2627 2761 universum
2656 2701 2845 2758 orbem
2874 2701 3151 2772 dispersus
3178 2709 3283 2765 est,
3303 2698 3460 2754 valde
3478 2699 3659 2762 immi-

2037 2806 2224 2853 nutus
2249 2809 2353 2853 est.
2387 2795 2494 2852 Sed
2515 2808 2687 2866 quare
2719 2792 2846 2848 talia
2875 2792 3095 2856 meruit,
3127 2791 3202 2844 ita
3230 2788 3462 2858 subjecit
3487 2789 3685 2861 aquis,

2062 2887 2348 2943 ascendisti
2396 2885 2571 2941 cubile
2622 2884 2796 2955 patris
2848 2881 2948 2947 tui,
2998 2889 3056 2936 et
3102 2880 3386 2936 maculasti
3424 2888 3689 2953 stratum~

2061 2978 2213 3048 ejus;
2236 2977 2455 3048 quando
2481 2974 2677 3049 [Edit.,
2697 2972 2976 3045 quoniam]
2998 2987 3197 3043 corpus
3214 2971 3577 3035 Dominicum,
3600 2970 3653 3049 in

2062 3082 2171 3142 quo
2224 3068 2502 3141 plenitudo
2536 3065 2844 3121 Divinitatis
2876 3056 3301 3135 'reqniescebat,
3352 3060 3674 3137 rapturum.

2064 3174 2228 3217 cruce
2253 3157 2617 3229 suspendium
2642 3153 2788 3211 ferro
2815 3152 3249 3223 commaculavit.

2138 3269 2353 3327 Simeon
2399 3276 2449 3322 et
2494 3265 2616 3321 Levi
2660 3266 2851 3337 fratres
2901 3279 3025 3319 uasa
3069 3262 3369 3333 iniquitatis
3412 3260 3664 3335 bellantia

2066 3361 2219 3434 (vers.
2245 3359 2322 3431 5).
2351 3360 2457 3415 Per
2483 3358 2792 3414 Simeonem
2814 3363 2871 3410 et
2897 3354 3035 3410 Levi
3052 3354 3263 3417 scribta,
3291 3359 3355 3409 et
3375 3351 3661 3417 Pharismi,

2065 3462 2121 3508 et
2137 3451 2449 3509 sacerdotes
2466 3447 2673 3505 Judaiei
2689 3444 3285 3519 populiintelliguntnr.
3310 3443 3386 3499 De
3406 3441 3662 3498 Simeono

2064 3543 2223 3599 enim
2261 3540 2455 3597 scribae
2500 3548 2658 3595 erant
2704 3526 3043 3596 Iudaeorum;
3092 3533 3163 3588 de
3190 3533 3331 3587 tribu
3356 3546 3488 3588 vero
3531 3530 3661 3588 Levi

2064 3632 2339 3704 principes
2378 3629 2748 3690 sacerdotum,
2777 3624 2950 3695 337v
2979 3624 3069 3695 qui
3103 3622 3379 3678 consilium
3402 3622 3658 3693 fecerunt.

2068 3733 2126 3777 ut
2151 3723 2333 3778 Iesum
2360 3720 2482 3774 dolo
2505 3724 2737 3774 tenerent
2765 3725 2815 3770 et
2836 3714 3161 3770 occiderent.
3192 3713 3272 3771 De
3299 3729 3408 3784 quo
3434 3708 3665 3771 concilio

2069 3816 2199 3871 dicit
2226 3831 2240 3868 :
2268 3814 2335 3868 in
2364 3810 2643 3867 concilium
2672 3825 2853 3864 eorum
2885 3824 2949 3863 ne
2970 3809 3141 3864 veniat
3161 3809 3339 3863 anima
3358 3824 3498 3863 mea.
3526 3806 3667 3863 1101·-

2067 3910 2222 3966 rebat
2251 3909 2393 3964 enim
2425 3913 2506 3961 tot
2529 3904 2737 3961 scelera
2763 3917 2884 3972 quae
2913 3900 2967 3957 in
2997 3901 3306 3956 novissimis
3331 3899 3665 3970 temporibus

2068 4001 2281 4074 facturi
2315 4006 2475 4055 erant
2516 3995 2716 4062 Judaei;
2743 3994 2869 4066 quia
2899 3993 2955 4047 in
2997 3990 3183 4046 lurore
3211 4004 3309 4045 suo
3351 3990 3672 4044 occiderunt

2040 4094 2267 4158 virum,
2314 4091 2368 4147 id
2419 4097 2506 4145 est
2547 4087 2847 4150 Christum,
2892 4084 2960 4140 de
3009 4097 3117 4154 quo
3154 4081 3353 4136 dicitur
3381 4094 3397 4133 :
3427 4078 3565 4133 Ecce
3589 4079 3670 4132 uir

2070 4182 2245 4237 oriens
2291 4195 2481 4235 nomen
2526 4177 2643 4249 ejus
2674 4173 2860 4248 (Zach.
2888 4188 2967 4239 vr,
3007 4170 3119 4242 12).
3149 4171 3216 4226 Et
3241 4169 3368 4226 alibi
3398 4183 3414 4222 :
3442 4164 3670 4221 Femina

2070 4269 2417 4326 circumdabit
2457 4268 2626 4323 virum
2666 4263 2810 4336 (Jer.
2842 4279 2996 4328 xxxi,
3023 4261 3148 4335 2‘2).
3180 4258 3523 4330 Suﬂ'oderunt
3549 4270 3668 4310 mu-

2072 4377 2212 4427 rum,
2240 4361 2294 4416 id
2321 4367 2425 4423 est,
2471 4355 2806 4429 spiritualem
2848 4354 2996 4409 illum
3044 4350 3400 4407 fortissimum
3428 4362 3668 4429 murum,

375 4447 491 4502 tua,
522 4437 725 4508 quibus
749 4446 807 4493 te
831 4436 1030 4493 fratres
1056 4437 1378 4508 ligaverunt,
1409 4436 1478 4492 ab
1503 4436 1619 4507 ipso
1646 4434 1960 4490 solutasunt

2073 4454 2164 4525 qui
2192 4423 2422 4508 custodit
2443 4423 2719 4512 lsraelem,
2739 4446 2931 4502 lancea
2951 4442 3330 4500 confoderunt.
3354 4423 3670 4495 Maledictus

374 4537 432 4585 et
447 4487 716 4600 disiupta.
741 4528 813 4585 Ut
834 4544 901 4584 ex
928 4537 1022 4583 tuo
1042 4487 1245 4585 seinine
1266 4487 1440 4582 tribus
1465 4487 1960 4586 narscaturEtfraim

2113 4487 2164 4508 ur
2192 4487 2422 4508 υιιουυυ..
2445 4487 2719 4512 "mea..."
2741 4487 2931 4502 ......,....
2952 4487 3200 4500 πων.-.
3216 4487 3330 4496 _-.--
3354 4487 3666 4495 ..πψτη

2073 4487 2228 4612 Furor
2272 4554 2475 4603 eorum,
2510 4538 2635 4608 quia
2678 4536 2939 4607 pertinax.
2984 4531 3184 4602 Utique
3228 4529 3446 4602 quando
3486 4528 3673 4583 furore

348 4646 353 4650 -
378 4619 552 4686 fortis,
582 4619 816 4684 stabilis,
842 4627 900 4677 et
936 4620 1111 4676 instar
1131 4618 1327 4690 lapidis
1351 4617 1831 4680 duriorisinvicta,
1872 4616 1973 4672 im-

377 4729 578 4787 perans
602 4712 863 4787 [quoque]
885 4713 1071 4770 decem
1101 4711 1351 4767 tribubus
1378 4710 1565 4779 Israel.

449 4804 734 4877 Benjantin
774 4802 931 4875 lupus
970 4819 1159 4874 rapax,
1208 4817 1365 4856 mane
1403 4800 1627 4855 comedit
1661 4800 1896 4871 praedam
1923 4810 1973 4856 et

382 4909 588 4965 vespere
626 4893 822 4949 dividet
854 4893 1023 4965 spolia
1046 4891 1198 4966 (vers.
1222 4891 1335 4962 27).
1365 4889 1539 4958 Quam
1565 4891 1631 4947 de
1659 4891 1824 4947 Paulo
1846 4905 1976 4961 apo-

382 4988 521 5044 stola
550 4987 995 5046 manifestissima
1024 4988 1096 5044 sit
1121 4985 1406 5059 prophetia
1431 4984 1683 5041 omnibus
1709 4993 1877 5057 patet.
1919 4984 1974 5039 In

383 5082 751 5139 adolescentia
770 5083 915 5139 enim
941 5090 1259 5153 persecutus
1275 5088 1360 5135 est
1372 5077 1670 5135 Ecclesiam
1692 5076 1830 5148 (Act.
1854 5092 1972 5138 vm,

381 5173 489 5243 3);
545 5173 601 5229 in
646 5181 928 5230 senectute
973 5172 1299 5244 pradicator
1343 5169 1621 5242 Evangelii
1675 5166 1853 5224 factus
1895 5176 1982 5223 est

354 5263 529 5336 (Gal.
552 5282 595 5326 ι,
631 5264 742 5335 13).
774 5263 988 5321 Hebraei
1015 5270 1195 5319 autem
1232 5264 1310 5320 ita
1345 5262 1603 5321 dixerunt
1628 5257 1778 5332 [Ms.,
1807 5258 1980 5321 disse-

352 5355 534 5429 runt]
562 5374 576 5410 :
607 5356 781 5412 altare
812 5356 867 5410 in
900 5369 1010 5425 quo
1038 5354 1460 5411 immolabantur
1500 5351 1709 5415 hostire,
1742 5356 1795 5406 et
1827 5348 1981 5404 victi-

383 5460 602 5503 marum
640 5447 862 5516 sanguis
886 5446 942 5502 in
964 5445 1141 5502 basim
1187 5445 1332 5501 illius
1356 5443 1700 5507 fundebatur,
1735 5442 1790 5498 in
1828 5450 1980 5511 parte

387 5540 562 5596 tribus
580 5539 864 5611 Benjamin
889 5538 993 5595 fuit
1008 5539 1142 5612 [Al.,
1161 5536 1351 5610 fuisse]
1377 5554 1392 5590 :
1414 5537 1531 5592 Hoc
1553 5537 1828 5608 inquiunt,
1850 5550 1981 5605 ergo

362 5633 658 5704 significat
673 5632 816 5704 quod
842 5632 1155 5688 sacerdotes
1175 5630 1460 5691 immolant
1478 5644 1637 5685 mane
1662 5630 1888 5694 hostias,
1913 5627 1980 5681 ad

356 5762 363 5765 -
388 5741 674 5798 vesperam
705 5725 949 5783 dividunt
971 5740 1058 5791 ea,
1090 5739 1209 5796 opta:
1236 5722 1337 5779 sibi
1368 5740 1397 5778 a
1420 5722 1616 5794 populo
1645 5737 1709 5780 ex
1733 5723 1846 5795 lcgc
1873 5721 1983 5778 col-

2076 4629 2292 4686 accensi
2337 4630 2391 4684 in
2423 4629 2504 4683 ira
2529 4626 2837 4683 obtulerunt
2859 4623 3134 4681 Christum
3167 4622 3361 4678 Pontio
3385 4620 3559 4676 Pilato
3582 4618 3669 4673 di-

2076 4728 2260 4778 centes
2290 4739 2304 4774 :
2333 4718 2622 4790 Cruci/Ege,
2667 4716 2915 4787 crucifige
2938 4730 3057 4770 eum
3105 4712 3298 4785 (Joan.
3332 4728 3448 4778 xix,
3478 4709 3566 4782 6).
3600 4707 3672 4763 Et

2075 4811 2371 4884 indignatio
2402 4825 2607 4873 comat,
2631 4808 2802 4881 [quia]
2833 4807 2991 4861 dura.
3020 4805 3159 4861 Dum
3178 4802 3480 4858 Barabbam
3503 4801 3671 4855 latroo

2077 4920 2203 4961 nem
2244 4911 2512 4976 peterent,
2541 4909 2598 4955 et
2631 4900 2930 4972 principem
2972 4898 3098 4954 vitae
3124 4893 3543 4966 crncitigcndnm
3573 4905 3672 4962 po.

2077 4996 2345 5052 stularcnt
2389 4991 2614 5065 (Matth.
2646 5006 2819 5055 xxv",
2847 4989 2910 5043 il
2932 4988 2975 5061 ).
3007 4987 3249 5043 Dividam
3289 5000 3375 5040 eos
3398 4984 3456 5038 in
3480 4980 3671 5044 Iacob,

2077 5096 2127 5141 et
2159 5084 2460 5156 dispertiunt
2489 5082 2645 5156 [Ms.,
2671 5078 3003 5153 dispergam]
3049 5077 3213 5152 [illos]
3242 5078 3301 5132 in
3330 5072 3517 5137 Israel,
3545 5072 3670 5144 quia

2079 5173 2320 5231 nonnulli
2347 5188 2415 5228 es
2460 5172 2567 5228 illis
2595 5172 2966 5236 crediderunt,
2994 5168 3213 5240 quidam
3242 5172 3424 5222 autem
3448 5163 3505 5219 in
3550 5160 3673 5218 inﬁ-

2079 5267 2300 5324 delitate
2331 5272 2770 5338 permanserunt.
2807 5263 3068 5318 Dicuntur
3091 5261 3236 5316 enim
3264 5257 3421 5316 divisi
3450 5254 3553 5329 (hi,
3580 5253 3671 5325 qui

2081 5360 2152 5416 ab
2176 5358 2280 5432 eis]
2308 5363 2651 5429 separantur,
2678 5362 2734 5410 et
2748 5354 2976 5409 veniunt
3001 5350 3069 5406 ad
3095 5350 3293 5415 iidem;
3322 5345 3555 5419 dispersi
3576 5358 3677 5401 su-

2082 5461 2191 5506 tcm
2223 5448 2333 5523 [AL
2359 5446 2512 5520 ergo]
2539 5456 2686 5512 sunt,
2710 5442 3149 5517 quorum'patria
3175 5449 3234 5498 et
3260 5438 3516 5513 templum
3540 5437 3676 5494 sub—

2079 5554 2298 5598 versum
2325 5547 2430 5604 est,
2455 5545 2513 5592 et
2534 5550 2634 5608 per
2659 5535 2847 5590 orbem
2876 5541 3035 5589 terrm
3061 5547 3194 5604 gens
3215 5528 3495 5588 incredula
3518 5526 3675 5603 uls,

2052 5630 2419 5688 .incredulnm
2447 5625 2640 5701 genus]
2671 5624 2965 5698 spargitur.

2153 5722 2298 5776 .huta
2327 5730 2375 5775 te
2397 5719 2688 5774 laudabunt
2732 5717 2921 5788 fratres
2952 5716 3029 5772 tui
3061 5715 3240 5791 (Gem,
3267 5730 3395 5771 χιιι
3416 5751 3429 5776 ,
3462 5709 3537 5774 8)·
3569 5704 3677 5758 Ρυΐ
