4012 6188
1262 336 1320 388 Β.
1363 333 1424 387 F.
1466 329 1691 385 ALBlNl
1730 328 1862 383 SEU
1898 326 2174 382 ALCUINI
2217 326 2499 383 OPERUM
2541 329 2719 384 PARS
2756 329 2812 385 ll.
3579 331 3682 388 505

413 455 558 510 hunc
602 451 796 506 Judam
851 463 1010 502 verus
1064 444 1340 499 confessor
1375 442 1696 513 exprimitur
1721 439 1990 500 Christus,
2022 442 2069 496 Α
2099 452 2326 505 quorum
2369 446 2640 507 praecepta
2691 437 2824 510 [Al.,
2873 440 3096 514 scripta]
3150 443 3520 498 austeritatem
3576 449 3685 504 vini

411 545 504 613 qui
555 557 621 596 ex
672 537 788 606 eius
827 535 968 589 tribu
1020 533 1314 589 secundum
1361 545 1582 586 carnem
1629 537 1713 584 est
1755 527 1987 600 genitus.

409 633 587 703 Ipsum
615 627 837 681 laudant
867 623 1067 678 fratres
1108 624 1213 689 sui,
1246 621 1472 693 apostoli
1499 620 1703 677 scilicet
1729 627 1784 675 et
1802 633 1992 673 omnes

408 719 718 777 cohaeredes
761 718 900 788 ejus,
928 716 1018 785 qui
1049 730 1147 784 per
1175 715 1514 784 adoptionem
1543 710 1661 766 Filii
1694 711 1787 764 Dei
1815 709 1992 764 Patris

408 819 463 864 et
483 808 682 865 Christi
699 807 894 860 fratres
914 803 1090 860 eﬁ‘ecti
1107 814 1230 859 sunt
1246 820 1340 874 per
1354 804 1604 874 gratiam,
1622 803 1849 870 quorum
1877 802 1992 869 ipse

405 908 492 956 est
527 899 785 954 Dominus
822 911 920 966 per
964 904 1234 949 naturam.
1273 894 1465 947 Manus
1493 903 1598 946 tua:
1626 893 1682 944 in
1708 888 1990 944 cervicibus

407 992 743 1046 inimicorum
787 999 1018 1042 tuorum.
1048 986 1242 1041 Iisdem
1271 985 1416 1039 enim
1446 981 1694 1037 manibus
1719 990 1774 1034 et
1799 979 1989 1034 eodem

411 1083 592 1141 crucis
617 1082 856 1152 trophaeo
882 1088 936 1134 et
961 1093 1089 1134 suos
1111 1078 1290 1140 textit,
1335 1085 1390 1131 et
1436 1075 1685 1129 inimicas
1729 1073 1987 1127 adversa-

406 1176 628 1246 riasque
680 1181 976 1245 potestates
1026 1170 1226 1226 devicit
1279 1168 1440 1242 [Ms.,
1492 1165 1779 1238 curvavit].
1828 1163 1989 1219 Juxta

409 1267 553 1337 quod
573 1274 629 1321 et
647 1264 811 1319 Pater
830 1263 1096 1334 promittit
1121 1262 1172 1316 ei
1193 1261 1377 1315 dicens
1409 1277 1422 1312 :
1455 1257 1596 1313 Sede
1617 1258 1685 1312 ad
1711 1258 1989 1312 dexteram

406 1371 607 1420 meam,
628 1355 800 1412 donec
821 1368 1019 1424 ponam
1059 1351 1307 1406 inimicos
1336 1358 1455 1405 tuos
1480 1348 1772 1404 scabellum
1792 1347 1990 1418 pedum

409 1457 644 1502 tuorum.
676 1441 984 1498 Adorabunt
1025 1451 1075 1496 te
1103 1440 1203 1509 ﬁlii
1243 1440 1410 1511 patris
1440 1439 1536 1503 tui,
1565 1439 1818 1509 quoniam
1839 1437 1990 1492 multi

405 1555 472 1593 ex
504 1538 629 1594 ﬁliis
648 1535 816 1593 Iacob
838 1535 1127 1590 adorantes
1152 1533 1320 1606 [eum]
1348 1549 1445 1603 per
1463 1533 1781 1588 electionem
1803 1531 1991 1602 gratiae

407 1629 542 1684 salvi
569 1627 701 1683 facti
747 1635 892 1681 sunt.
922 1623 1141 1680 Catulus
1181 1624 1345 1678 leonis
1383 1622 1528 1676 Iuda
1559 1621 1714 1694 (vers.
1747 1621 1823 1692 9),
1857 1636 1990 1691 quo-

407 1720 556 1774 niam
599 1717 871 1774 naseendo
908 1715 1168 1786 parvulus
1207 1714 1386 1770 factus
1417 1721 1518 1777 est,
1550 1715 1690 1768 sicut
1729 1713 1988 1782 scriptum

2091 528 2281 598 priscae
2331 527 2464 598 legis
2521 537 2800 598 superant,
2833 531 2961 599 quia
3010 530 3168 602 longe
3195 531 3399 587 leviora
3444 545 3590 589 sunt.
3619 536 3687 592 Et

2093 619 2270 672 dentes
2315 618 2449 672 lacte
2489 619 2838 674 candidiores.
2900 620 3101 676 Dentes
3150 632 3513 693 praeceptores
3564 638 3692 684 sunt

2093 710 2286 773 sancti,
2317 710 2408 778 qui
2437 710 2733 780 praecidunt
2773 711 2843 765 ab
2868 713 3150 766 erroribus
3189 715 3460 780 homines,
3510 727 3566 772 et
3591 731 3687 774 eos

2092 801 2245 870 quasi
2292 801 2624 856 comedenda
2681 803 2734 856 in
2789 802 2991 858 Christi
3047 819 3242 874 corpus
3291 810 3684 867 transmittunt.

2091 894 2444 948 Candidiores
2493 903 2675 950 autem
2733 896 2910 951 effecti
2967 905 3094 952 sunt
3139 899 3394 956 doctores
3445 903 3688 961 ecclesiae

2093 982 2232 1037 lacte
2257 985 2463 1038 veteris
2497 985 2651 1056 legis.

2165 1074 2400 1128 Zabulon
2422 1077 2477 1130 in
2492 1075 2669 1131 littore
2692 1079 2874 1141 maris,
2897 1088 2944 1132 et
2965 1080 3019 1132 in
3047 1079 3272 1134 statione
3292 1084 3508 1136 navium
3539 1084 3689 1138 babi-

2091 1174 2164 1219 tat
2201 1164 2644 1238 [Ms.,habitabit]
2678 1167 2830 1239 (vers.
2865 1169 2974 1239 15).
3020 1169 3259 1225 Zabulon
3301 1173 3688 1243 interpretatur

2093 1254 2456 1309 habitaculum
2485 1256 2900 1326 pulchritudinis
2923 1257 3052 1328 (AL,
3080 1257 3454 1332 fortitudinis],
3490 1273 3546 1318 et
3586 1264 3688 1318 Ee—

2092 1345 2312 1400 clesiam
2333 1346 2620 1417 signiﬁcat,
2650 1363 2770 1417 qua:
2795 1349 2848 1402 in
2872 1349 3054 1404 littore
3080 1350 3244 1421 338
3265 1353 3434 1407 maris
3456 1354 3682 1420 habitat,

2094 1435 2191 1508 [et]
2241 1438 2295 1492 in
2335 1439 2569 1493 statione
2623 1439 2864 1505 navium,
2911 1450 2971 1495 ut
3019 1442 3368 1497 credentibus
3418 1445 3685 1518 refugium

2095 1526 2228 1599 [sit].
2276 1535 2333 1582 et
2376 1529 2810 1597 periclitantibus
2866 1531 3204 1587 demonstret
3263 1533 3388 1589 ﬁdei
3445 1544 3683 1605 portum.

2094 1617 2219 1672 Haec
2245 1625 2432 1672 contra
2459 1633 2648 1673 omnes
2682 1620 2924 1676 turbines
2950 1623 3134 1677 smeuli
3157 1625 3482 1680 inconcussa
3517 1627 3688 1683 ﬁrmi—

2095 1717 2205 1762 tate
2259 1709 2432 1764 solida
2493 1720 2774 1780 exspectat
2832 1713 3173 1783 naufragium
3225 1714 3570 1782 Judarorum,
3631 1728 3686 1775 et

412 1821 502 1867 est
532 1829 545 1865 ε
581 1811 846 1866 Parvulas
887 1820 1042 1864 natus
1095 1818 1170 1862 est
1198 1807 1363 1862 nobis.
1395 1807 1477 1860 Ad
1527 1806 1760 1877 puellam
1805 1805 1884 1874 ﬁli
1919 1805 1990 1857 mi
2022 1793 2066 1852 Β
2095 1798 2472 1854 haereticorum
2543 1803 2837 1870 procellas,
2893 1804 2984 1872 qui
3039 1805 3492 1861 circumferuntur
3532 1811 3682 1864 omni

413 1903 728 1968 ascendisti,
768 1903 821 1958 id
867 1909 970 1966 est,
1021 1901 1317 1957 ascendens
1358 1901 1412 1955 in
1469 1914 1718 1964 crucem,
1749 1900 1991 1968 captivos

410 1993 634 2063 populos
680 1993 954 2049 redemisti
983 1991 1079 2064 [et]
1107 2007 1244 2062 quos
1273 1991 1617 2046 adversarius
1669 1987 1796 2060 [Με.
1818 2029 1832 2054 ,
1864 2004 1992 2043 con—

407 2084 631 2156 trarius]
661 2085 749 2139 ille
779 2085 1052 2139 invaserat
1093 2082 1173 2154 [tu
1222 2083 1462 2137 moriens
1512 2082 1776 2151 eripuisti.
1827 2081 1989 2136 Deni-

405 2190 513 2242 que
543 2175 745 2228 rediens
771 2174 836 2227 ab
877 2173 1064 2242 inferis
1109 2171 1411 2244 ascendisti]
1442 2174 1496 2227 in
1526 2171 1708 2232 altum,
1736 2172 1990 2242 captivam

406 2265 607 2319 duxisti
636 2265 1004 2334 captivitatem.
1058 2262 1400 2333 Requiescens
1442 2263 1731 2317 accubuisti
1778 2274 1836 2316 ut
1887 2262 1986 2316 leo.

408 2355 840 2411 Manifestissime
858 2355 1106 2412 Christus
1130 2357 1378 2411 accubuit
1399 2357 1451 2410 in
1474 2356 1745 2426 passione,
1774 2355 1990 2425 quando

405 2444 662 2502 inclinato
714 2447 890 2516 capite
929 2447 1150 2501 tradidit
1192 2445 1471 2516 spiritum,
1519 2448 1633 2501 sive
1670 2447 1886 2517 quando
1935 2448 1988 2501 in

405 2535 654 2606 sepulcro
703 2533 973 2607 [securus]
1026 2535 1173 2590 velut
1217 2536 1453 2605 quodam
1503 2537 1748 2606 corporis
1797 2551 1990 2591 somno

405 2628 628 2696 quievit.
652 2625 759 2681 Sed
782 2641 952 2696 quare
972 2636 1028 2681 ut
1057 2625 1136 2681 leo
1163 2636 1219 2681 et
1261 2625 1441 2699 [velut]
1467 2626 1674 2682 catulus
1700 2626 1864 2682 leonis
1880 2629 1906 2681 .9
1930 2626 1989 2682 In

405 2733 596 2773 somno
628 2731 729 2773 suo
772 2717 857 2773 leo
884 2715 1006 2782 fuit,
1056 2718 1313 2786 quoniam
1357 2732 1466 2772 non
1514 2719 1864 2783 necessitate,
1894 2718 1988 2773 sed

405 2819 672 2881 potestate
725 2811 830 2865 hoc
878 2810 1058 2880 ipsum
1110 2808 1370 2879 implevit,
1425 2809 1568 2864 sicut
1619 2809 1736 2879 ipse
1787 2810 1920 2865 dicit
1973 2830 1985 2864 :

409 2901 578 2954 .V'emo
611 2899 756 2954 tollet
808 2917 840 2953 a
885 2915 966 2952 me
1009 2899 1241 2952 animam
1296 2915 1487 2963 meam,
1517 2897 1608 2952 sed
1655 2915 1749 2970 ego
1795 2915 1986 2970 ponam

403 3009 539 3047 eam.
573 2992 727 3059 Quod
750 3006 882 3046 vero
908 2990 1115 3045 addidit
1141 3009 1154 3044 :
1189 2990 1257 3044 Et
1302 3000 1356 3044 ut
1400 2989 1607 3045 catulus
1636 2990 1834 3055 leonis;
1865 2991 1989 3046 inde

403 3088 549 3141 enim
600 3093 844 3140 mortuus
897 3091 1002 3148 est,
1049 3084 1190 3138 unde
1243 3081 1352 3156 [et]
1394 3092 1568 3138 natus.
1616 3083 1762 3139 Bene
1809 3082 1982 3155 [ergo]

403 3176 654 3231 Christus
702 3183 761 3230 ut
815 3175 898 3230 leo
945 3176 1228 3245 requievit,
1275 3175 1367 3244 qui
1420 3190 1526 3230 non
1567 3174 1744 3230 solum
1797 3175 1989 3230 mortis

402 3267 755 3324 acerbitatem
803 3282 909 3321 non
950 3268 1147 3322 timuit.
1193 3268 1288 3322 sed
1341 3267 1506 3321 etiam
1550 3267 1604 3321 in
1655 3268 1770 3337 ipsa
1815 3278 1988 3322 morte

400 3359 594 3416 mortis
640 3358 925 3428 imperium
971 3357 1119 3412 vicit.
1171 3357 1326 3424 Quod
1381 3365 1562 3412 autem
1609 3359 1743 3414 dicit
1794 3377 1806 3412 :
1857 3358 1987 3425 Quis

400 3453 670 3506 suscitabit
715 3451 876 3506 eum?
919 3450 1057 3517 Quid
1083 3458 1169 3505 est
1195 3449 1339 3504 aliud
1379 3448 1481 3504 nisi
1509 3449 1654 3519 quod
1691 3450 1808 3519 ipse
1859 3451 1989 3504 dicit

403 3540 558 3613 (iis,
587 3544 714 3612 quia
757 3542 956 3606 nullus,
990 3541 1093 3596 nisi
1137 3542 1273 3610 ipse,
1297 3539 1453 3609 juxta
1480 3540 1626 3610 quod
1678 3540 1793 3610 ipse
1839 3539 1936 3612 ait]
1970 3559 1981 3592 :

403 3634 600 3690 Solvite
642 3633 890 3706 templum
949 3634 1084 3697 hoc,
1137 3642 1186 3687 et
1214 3633 1268 3686 in
1298 3631 1474 3686 triduo
1519 3631 1782 3686 suscitabo
1831 3629 1981 3684 illud.

405 3724 527 3780 Non
557 3725 762 3793 deﬁciet
789 3726 900 3778 duo:
919 3725 984 3777 de
1011 3723 1154 3778 Juda
1178 3723 1256 3796 [et
1280 3722 1509 3795 reliqua]
1541 3723 1697 3791 (vers.
1733 3722 1839 3792 iO).
1874 3720 1987 3778 Hoc

408 3814 845 3879 manifestissime
873 3814 939 3868 ad
974 3811 1168 3868 Judam
1196 3811 1448 3868 refertur.
1480 3813 1580 3868 Diu
1609 3813 1753 3868 enim
1780 3812 1881 3867 fuit
1917 3827 1984 3867 ex

400 3905 607 3960 semine
635 3904 778 3958 illius
818 3904 1140 3960 intemerata
1181 3905 1322 3974 apud
1344 3903 1559 3959 Judzeos
1599 3904 1870 3959 successio
1899 3918 1987 3958 re-

398 3998 511 4067 gni.
526 3997 698 4052 donec
714 3995 961 4051 Christus
988 4005 1334 4052 nasceretur:
1351 4005 1406 4050 et
1427 3997 1530 4050 hoc
1544 4011 1706 4066 supra
1728 3997 1978 4051 diximus.

398 4089 634 4158 .tlligans
672 4089 741 4142 ad
783 4090 986 4142 vineam
1031 4088 1233 4158 pullum
1274 4103 1431 4141 suum
1471 4087 1622 4159 (vers.
1659 4087 1767 4156 il).
1802 4087 1984 4142 Pullus

397 4197 551 4247 suus,
579 4181 808 4252 populus
847 4188 932 4235 est
979 4195 1045 4233 ex
1076 4179 1340 4249 gentibus,
1372 4179 1457 4232 cui
1503 4179 1680 4233 adhuc
1708 4196 1982 4250 nunquam

397 4273 578 4328 fuerat
603 4271 894 4342 onuslegis
918 4270 1249 4340 impositum.
1295 4268 1449 4323 Hune
1476 4269 1832 4339 alligaverunt
1857 4285 1985 4340 apo-

397 4363 542 4426 stoli,
569 4363 660 4431 qui
687 4376 750 4416 ex
779 4359 979 4415 ludatis
1000 4367 1142 4423 sunt,
1175 4359 1244 4413 ad
1270 4359 1483 4413 vineam
1514 4358 1582 4413 de
1611 4374 1716 4428 qua
1744 4359 1941 4413 dicitur
1967 4379 1978 4412 :

411 4449 572 4510 Vinea
592 4452 805 4507 Domini
825 4450 1058 4507 Sabaoth
1087 4450 1521 4542 [Al.,4copulavit
1557 4449 1889 4542 adgvineam,
1916 4452 1982 4506 ad
2009 4484 2059 4542 Β

397 4544 669 4616 apostolos
697 4544 926 4609 scilicet,
972 4544 1062 4612 qui
1101 4559 1167 4597 ex
1213 4539 1414 4597 Judzeis
1459 4549 1602 4596 sunt.
1636 4540 1772 4596 Nam
1825 4541 1981 4595 vinea

397 4636 607 4692 Domini
647 4635 886 4690 Sabaoth
935 4634 1128 4689 domus
1165 4633 1333 4688 lsrael
1377 4633 1482 4705 est]
1526 4651 1540 4687 :
1576 4633 1644 4687 Et
1683 4634 1751 4687 ad
1791 4635 1940 4687 uitem
1967 4672 1981 4695 ,

397 4742 519 4798 qua:
539 4725 671 4781 dicit
702 4744 714 4779 :
749 4725 862 4796 Ego
890 4742 1007 4779 sum
1038 4726 1154 4780 vitis
1180 4741 1318 4779 vera.
1347 4724 1429 4780 Ad
1472 4726 1612 4780 hanc
1648 4741 1777 4795 ergo
1821 4725 1986 4779 vitem

397 4817 581 4888 alligat
623 4818 832 4872 asinam
873 4831 1051 4879 suam,
1082 4817 1186 4870 hoc
1213 4822 1300 4869 est
1327 4829 1654 4885 synagogam
1706 4815 1984 4886 gravidam

398 4909 551 4978 |.t!s.,
582 4909 948 4979 tat-.ligrazlam
995 4905 1220 4977 scilicet]
1266 4915 1322 4960 et
1356 4908 1507 4977 gravi
1561 4906 1694 4976 legis
1747 4908 1986 4976 pondere

395 5001 732 5070 depressam.
783 4999 928 5052 Lavit
977 4998 1032 5050 in
1085 4998 1202 5051 vino
1229 4996 1417 5051 stolam
1451 5013 1621 5052 suam.
1655 4996 1827 5068 [Sive]
1859 5012 1983 5051 car-

395 5109 518 5149 nem
549 5109 700 5148 saam
751 5093 802 5148 in
835 5090 1097 5161 sanguine
1124 5090 1420 5160 passionis;
1453 5089 1566 5144 sive
1615 5097 1853 5144 sanetam
1886 5090 1986 5144 Ec-

395 5187 616 5242 clesiam
645 5186 735 5241 illo
774 5186 918 5248 vino,
943 5182 1086 5253 quod
1116 5197 1214 5253 pro
1259 5182 1443 5236 multis
1490 5180 1786 5236 effunditur
1812 5183 1865 5236 in
1902 5198 1985 5236 re-

396 5278 707 5333 missionem
735 5284 1102 5348 peccatorum.
1137 5275 1206 5330 Et
1232 5277 1288 5330 in
1311 5277 1569 5348 sanguine
1610 5293 1720 5331 uva:
1764 5275 1981 5347 pallium

396 5390 569 5428 suum.
593 5374 842 5438 Pallium,
869 5381 1055 5444 gentes
1082 5381 1227 5438 sunt,
1257 5389 1395 5445 quas
1419 5377 1633 5444 corpori
1663 5389 1762 5430 suo
1781 5373 1980 5442 iunxit,

397 5464 540 5519 sicut
565 5467 826 5537 scriptum
855 5474 939 5520 est
963 5483 975 5517 :
1013 5463 1134 5518 Vivo
1161 5483 1277 5534 ego,
1299 5466 1426 5521 dicit
1452 5466 1732 5530 Dominus,
1761 5467 1862 5520 nisi
1888 5467 1982 5521 ltos

399 5569 575 5609 omnes
599 5557 814 5611 induant
855 5558 992 5611 sicut
1034 5558 1410 5611 vestimentum.
1463 5556 1802 5612 Pulcltriores
1843 5555 1984 5608 oculi

396 5647 514 5720 ejus
541 5649 656 5702 riuo
701 5649 852 5718 (vers.
889 5649 997 5716 1'2).
1041 5649 1191 5704 Oculi
1231 5649 1430 5704 Christi
1483 5648 1711 5719 apostoli
1749 5655 1876 5702 sunt
1927 5655 1982 5702 et

399 5739 769 5810 Evangelistm,
800 5740 888 5806 qui
932 5740 1108 5792 lumen
1149 5741 1386 5794 scicntia:
1415 5740 1668 5794 Ecclesiae
1695 5745 1954 5808 pn'estaut.

2096 1899 2258 1943 vento
2301 1889 2580 1956 doctrinae,
2612 1907 2841 1960 quorum
2873 1895 2974 1948 etsi
3021 1896 3264 1949 tunditur
3283 1895 3542 1962 fluctibus,
3572 1915 3683 1954 non

2097 1987 2275 2033 tamen
2299 1978 2583 2050 frangitur.
2612 1983 2882 2037 Pertendit
2915 1996 3090 2038 autem
3128 2003 3289 2057 usque
3308 1989 3376 2040 ad
3406 1989 3682 2055 Sidonem,

2094 2073 2197 2126 hoc
2218 2081 2320 2138 est,
2350 2088 2520 2142 usque
2553 2075 2620 2129 ad
2642 2085 2862 2145 gentes;
2891 2076 3086 2147 legitur
3109 2079 3272 2133 etiam
3297 2081 3347 2133 in
3372 2080 3686 2150 Evangelia,

2094 2161 2218 2217 inde
2242 2173 2548 2234 assumptos
2593 2180 2713 2220 esse
2742 2166 2950 2236 aliquos
2975 2168 3275 2237 apostolos;
3308 2170 3361 2223 in
3394 2171 3525 2238 ipsis
3553 2170 3686 2226 locis

2094 2252 2381 2308 Dominum
2425 2270 2568 2326 szepe
2607 2257 2880 2322 docuisse,
2915 2259 3056 2314 sicut
3079 2261 3337 2330 scriptum
3369 2271 3454 2316 est
3483 2279 3496 2315 :
3525 2261 3687 2317 Terra

2093 2346 2355 2412 Zabulon,
2385 2357 2432 2402 ct
2459 2359 2600 2404 terra
2639 2349 2961 2418 Nephtalim,
3008 2353 3230 2422 populus
3255 2354 3346 2424 qui
3387 2353 3597 2408 sedebat
3629 2355 3687 2407 in

2093 2440 2335 2505 tenebris,
2379 2443 2507 2496 vidit
2535 2441 2703 2496 lucem
2753 2460 3018 2514 magnam.
3072 2444 3287 2515 (Matth.
3319 2461 3388 2508 tv,
3422 2445 3517 2510 16;
3549 2445 3683 2500 lsai.

2093 2545 2177 2592 Ix,
2221 2531 2271 2593 i,
2296 2531 2374 2602 ἓ).
2401 2531 2569 2588 Sidon
2608 2535 3000 2604 interpretatur
3026 2544 3252 2590 venator
3291 2536 3376 2590 vel
3410 2538 3684 2594 venatrix.

2094 2622 2392 2677 Venatores
2420 2638 2550 2678 vero
2577 2625 2669 2694 qui
2708 2633 2854 2688 sunt,
2880 2626 2984 2679 nisi
3008 2627 3270 2695 apostoli?
3296 2629 3407 2696 qui,
3435 2637 3497 2682 ut
3521 2643 3688 2698 supra

2092 2712 2346 2774 diximus,
2379 2726 2447 2766 ex
2484 2712 2588 2767 illis
2617 2713 2751 2769 locis
2779 2717 3040 2785 assumpti
3090 2726 3245 2782 sunt;
3289 2719 3356 2772 de
3382 2717 3578 2787 quibus
3607 2717 3692 2772 di-

2093 2804 2235 2859 citur
2275 2823 2289 2858 :
2321 2803 2532 2859 Mittam
2581 2816 2848 2862 venatores
2886 2808 3113 2874 multos,
3152 2820 3199 2864 et
3239 2812 3565 2865 venabantur
3595 2826 3686 2865 vos

2091 2895 2145 2949 in
2167 2897 2308 2950 omni
2344 2907 2517 2952 monte
2544 2897 2676 2969 [Al.,
2701 2897 2836 2971 loco]
2869 2900 3002 2970 (Jer.
3025 2918 3135 2966 xvr,
3163 2903 3270 2974 16).

2165 2988 2393 3044 Isacltar
2431 2993 2614 3046 asinus
2648 2991 2801 3062 {ortis
2838 2993 2992 3064 (Gen.
3019 3011 3167 3061 xux,
3206 2997 3290 3061 Η,
3326 2997 3434 3070 15),
3466 2998 3694 3057 lsacliar

2092 3080 2234 3149 quod
2257 3081 2646 3151 interpretatur
2669 3098 2900 3148 merces,
2930 3084 3167 3140 refertur
3192 3088 3258 3140 ad
3283 3087 3534 3158 populum
3557 3105 3693 3160 gen-

2094 3175 2250 3240 tium,
2277 3190 2440 3245 quem
2471 3176 2732 3232 Dominus
2777 3179 2954 3248 pretio
2987 3181 3268 3251 sanguinis
3291 3182 3373 3236 sui
3412 3192 3694 3238 mercatus

2089 3275 2191 3322 est.
2222 3266 2321 3322 Hic
2358 3267 2581 3323 lsachar
2625 3269 2812 3324 asinus
2854 3269 3008 3324 fortis
3051 3271 3326 3336 scribitur,
3360 3272 3484 3342 quia
3529 3272 3693 3342 prius

2087 3357 2316 3426 populus
2351 3359 2587 3428 gentilis,
2637 3361 2793 3430 quasi
2826 3359 3043 3414 brutum
3082 3370 3136 3416 et
3187 3361 3516 3417 luxuriosum
3562 3362 3694 3418 ani-

2087 3451 2196 3505 mal
2220 3451 2450 3523 [egerat]
2475 3453 2727 3523 nullaque
2777 3454 2987 3507 ratione
3013 3455 3346 3517 subsistens;
3378 3471 3522 3510 nunc
3547 3469 3690 3512 vero

2088 3540 2245 3597 fortis
2293 3541 2670 3613 Redemptoris
2725 3544 2962 3597 dominio
2991 3544 3187 3597 collum
3237 3544 3563 3600 submittens
3611 3547 3689 3601 ad

2086 3631 2272 3704 iugum
2301 3634 2596 3703 disciplina:
2619 3633 2954 3703 Evangelicae
2979 3634 3225 3701 pervenit
3245 3632 3378 3704 [A-l.,
3409 3636 3502 3688 sed
3531 3644 3695 3704 post-

2087 3722 2308 3776 modum
2348 3719 2624 3792 iugum...
2658 3721 2886 3776 libenter
2936 3721 3212 3793 portavit].
3263 3720 3364 3774 Hic
3415 3724 3690 3780 accubans

2085 3813 2222 3866 inter
2257 3815 2501 3867 terminos
2528 3811 2652 3867 vidit
2690 3814 2937 3882 requiem,
2965 3811 3104 3882 quod
3139 3823 3269 3866 esset
3305 3814 3474 3877 bona;
3499 3824 3547 3867 et
3579 3823 3690 3868 ter-

2089 3919 2222 3968 ram,
2249 3904 2389 3975 quod
2429 3905 2646 3975 optima.
2670 3903 2815 3958 Inter
2837 3904 3097 3958 terminos
3128 3902 3358 3976 [autem]
3391 3905 3684 3965 accubare.

2086 4001 2171 4048 est
2214 3994 2525 4063 praestolato
2553 3995 2738 4049 mundi
2790 3995 2898 4049 ﬁne
2928 3996 3290 4064 requiescere,
3319 3995 3560 4066 nihilque
3589 4011 3687 4050 eo-

2086 4102 2227 4148 rum,
2265 4101 2386 4156 quas
2411 4096 2702 4142 versantur
2743 4089 2798 4143 in
2830 4090 3028 4150 medio,
3057 4104 3321 4158 qucerere,
3367 4091 3462 4144 sed
3492 4090 3682 4144 ultima

2085 4178 2417 4234 desiderare.
2452 4180 2518 4232 Et
2547 4179 2704 4235 fortis
2731 4181 2916 4234 asinus
2953 4181 3191 4250 requiem
3220 4189 3276 4234 et
3310 4190 3510 4234 terram
3539 4183 3683 4250 opti-

2085 4284 2232 4324 mam
2265 4271 2431 4334 videt,
2476 4286 2598 4325 cum
2627 4271 2855 4341 simplex
2910 4271 3185 4340 gentilitas
3232 4270 3479 4342 [idcirco]
3511 4251 3568 4325 se
3611 4271 3682 4325 ad

2087 4360 2252 4415 robur
2277 4360 2400 4415 boni
2443 4362 2624 4429 operis
2648 4361 2810 4430 erigit
2837 4360 3008 4432 [quia]
3055 4362 3123 4415 ad
3147 4371 3364 4417 mterna:
3393 4362 3516 4416 vitae
3540 4375 3685 4431 prte-

2086 4451 2254 4504 mium
2277 4450 2467 4503 tendit.
2497 4447 2650 4504 Unde
2693 4451 2858 4503 etiam
2889 4452 3104 4520 apponit
3130 4452 3400 4505 humerum
3425 4466 3577 4504 suum
3605 4451 3680 4503 ad

2086 4539 2422 4610 portandum,
2449 4539 2576 4609 quia
2603 4540 2730 4594 dum
2753 4541 2821 4594 ad
2842 4542 3168 4610 promissam
3214 4543 3452 4612 requiem
3483 4555 3680 4611 perve-

2085 4635 2204 4688 nire
2233 4633 2530 4697 desiderat,
2569 4641 2761 4687 cuneta
2807 4633 3188 4689 mandatorum
3229 4649 3396 4689 onera
3446 4632 3680 4688 libenter
3723 4623 3726 4626 Α

2086 4733 2286 4794 portat.
2327 4724 2479 4781 Unde
2509 4724 2680 4793 [actus
2701 4731 2776 4777 est
2798 4724 3008 4778 tributis
3033 4727 3275 4788 serviens,
3305 4726 3408 4780 hoc
3426 4731 3532 4787 est,
3561 4726 3676 4795 regi

2084 4815 2303 4872 Christo
2331 4831 2429 4871 suo
2459 4814 2583 4870 ﬁdei
2610 4815 2753 4869 dona
2782 4823 2838 4868 et
2877 4829 3102 4884 cperam
3148 4815 3414 4869 honorum
3443 4813 3676 4867 olferens

2087 4925 2334 4966 munera.

2159 5001 2279 5056 Dan
2328 5002 2594 5072 judicabit
2649 5000 2901 5072 populum
2941 5017 3116 5065 suum,
3147 5000 3283 5055 sicut
3336 5000 3459 5054 alia:
3511 4998 3678 5052 tribus

2088 5092 2278 5147 Israel.
2334 5093 2461 5148 Fiat
2497 5094 2619 5149 Dan
2650 5095 2861 5151 coluber
2885 5094 2940 5147 in
2974 5095 3077 5156 via,
3127 5102 3352 5147 cerastes
3386 5092 3443 5145 in
3469 5092 3674 5153 semita,

2089 5183 2166 5257 [ct
2195 5185 2426 5259 reliqua]
2450 5186 2603 5257 (vers.
2640 5186 2748 5256 l6).
2783 5187 2976 5242 Dicunt
3013 5185 3235 5256 quidam
3281 5183 3678 5238 Antichristum

2085 5289 2183 5344 per
2209 5277 2322 5332 hazc
2344 5277 2507 5332 verba
2531 5277 2749 5348 praedici
2772 5277 2840 5332 de
2865 5276 3009 5330 tribu
3037 5275 3150 5329 Dan
3173 5273 3436 5338 futurum,
3463 5287 3564 5344 pro
3587 5285 3676 5333 eo.

2084 5369 2227 5435 quod
2244 5370 2347 5424 hoc
2367 5369 2484 5423 loco
2496 5370 2608 5422 Dan
2629 5376 2684 5423 et
2695 5367 2915 5423 coluber
2927 5368 3191 5422 asseritur
3204 5374 3261 5421 et
3274 5366 3548 5421 mordens.
3567 5362 3680 5419 Un-

2085 5463 2152 5516 de
2174 5465 2315 5516 inter
2335 5461 2508 5514 tribus
2526 5461 2688 5516 lsrael
2705 5462 2913 5531 primus
2929 5461 3043 5515 Dan
3059 5459 3128 5514 ad
3150 5457 3472 5528 Aquilonem
3495 5461 3674 5510 castra

2083 5558 2317 5605 metatus
2330 5559 2431 5612 est,
2450 5550 2598 5605 illum
2615 5551 2950 5622 signiﬁcans,
2965 5551 3055 5622 qui
3086 5564 3144 5604 se
3161 5549 3213 5602 in
3237 5547 3497 5602 lateribus
3513 5543 3647 5615 Aqui
3659 5573 3675 5581 -

2081 5641 2221 5695 lonis
2251 5640 2438 5697 sedere
2463 5643 2621 5704 dicit,
2659 5651 2716 5697 et
2737 5642 2804 5698 de
2825 5657 2933 5712 quo
2974 5639 3272 5712 ﬁguraliter
3296 5638 3561 5711 propheta
3585 5633 3672 5689 di-

2082 5735 2154 5788 cit
2174 5752 2183 5784 :
2202 5733 2238 5785 Α
2263 5732 2375 5786 Dan
2399 5735 2612 5788 auditus
2630 5743 2704 5788 cst
2732 5733 2968 5802 fremitus
2987 5747 3234 5802 equorum
3257 5731 3372 5800 ejus
3392 5728 3526 5799 (Jcr.
3552 5741 3640 5780 νηί
3661 5761 3677 5776 .
