4012 6188
347 343 464 399 .565

1320 337 1729 396 EXEGETICA.
1772 369 1840 382 -—-
1876 341 1942 396 IN
1981 343 2226 399 GENES.
2268 344 2307 411 l,
2350 341 2549 401 VERS.
2593 344 2682 401 26.

3544 350 3649 407 366

363 455 448 526 l6)
477 473 490 509 :
523 456 617 525 qui
640 471 747 510 non
770 453 944 509 soluat
971 451 1213 518 coluber,
1239 452 1336 507 sed
1355 453 1526 508 etiam
1546 461 1808 519 cerastes,
1840 456 1952 508 sive
1986 467 2026 514 Α
2059 455 2259 511 tionem
2281 472 2434 511 suam
2465 459 2518 513 in
2561 472 2722 514 cursu
2752 456 3048 514 labentium
3080 467 3642 530 tempummspumat.

353 557 624 605 cornutos
645 555 894 602 vocatur.
925 545 1094 602 Ceras
1136 545 1282 600 enim
1324 544 1516 600 Grece
1552 561 1722 601 cornu
1756 547 1957 601 dicitur

353 654 482 696 esse
506 638 642 712 [Αι.,
673 640 984 713 κόραι-κη...
1035 653 1239 692 cornua
1294 637 1592 710 dicuntur].
1634 639 1788 695 Unde
1837 655 1956 694 ser-

355 746 494 804 pens
536 730 628 786 ille
653 729 916 787 cornutos
955 744 1079 786 esse
1102 729 1439 800 perhibetur,
1471 745 1570 800 per
1607 745 1769 802 quem
1793 732 1954 804 digne

355 821 725 878 Antichristus
768 820 1069 883 asseritur,
1111 819 1204 888 qui
1254 827 1443 874 contra
1498 820 1670 874 vitam
1714 820 1950 876 ﬁdelium

349 927 482 969 .cum
507 925 691 966 morsu
717 908 989 981 pestifera:
1015 909 1415 980 praedicationis
1441 910 1744 965 armabitur
1785 911 1952 966 etiam

349 1005 611 1061 cornibus
640 1003 924 1074 potestatis
952 1001 1146 1074 [Edit.,
1175 1010 1232 1056 et
1254 1003 1420 1057 etiam
1464 1001 1719 1057 caminis
1761 1011 1949 1057 contra

345 1093 698 1166 potestates].-
754 1093 885 1158 Cuis
933 1101 1113 1146 autem
1163 1093 1338 1148 nescit
1373 1093 1628 1148 semitam
1673 1093 1950 1164 angustio-

347 1200 473 1241 rem
510 1199 663 1248 esse,
693 1197 860 1253 quam
941 1182 1124 1237 viam?
1173 1181 1214 1236 Ε
1219 1183 1262 1237 it
1307 1197 1438 1254 ergo
1487 1181 1712 1238 coluber
1751 1183 1805 1238 in
1839 1184 1947 1248 via,

341 1277 484 1347 quia
513 1275 568 1329 in
596 1275 876 1345 praesentis
903 1274 1026 1329 vita:
1054 1274 1338 1328 latitudine
1375 1287 1472 1329 eos
1500 1273 1780 1328 ambulare
1826 1290 1952 1345 pro-

347 1375 536 1430 vocat,
567 1365 765 1436 quibus
792 1366 946 1435 quasi
973 1364 1245 1434 parcendo
1275 1363 1564 1418 blanditur.
1589 1363 1696 1419 Sed
1719 1365 1948 1424 mordet,

341 1473 478 1513 eum
505 1472 603 1514 eos
630 1458 826 1526 quibus
870 1457 1176 1512 libertatem
1224 1456 1432 1521 tribuit,
1487 1457 1692 1511 erroris
1735 1457 1822 1510 sui
1859 1471 1951 1511 ve—

355 1561 498 1602 neno
525 1545 813 1602 consumit.
844 1543 933 1598 Fit
968 1544 1166 1598 iterum
1194 1551 1434 1598 cerastes
1484 1543 1537 1598 in
1577 1544 1792 1607 semita,
1821 1545 1948 1612 quia

341 1651 492 1708 quos
539 1637 728 1693 ﬁdeles
761 1636 982 1705 reperit,
1014 1645 1071 1692 et
1120 1651 1241 1692 sese
1287 1636 1429 1690 inter
1474 1643 1704 1705 angusta
1754 1635 1948 1690 itinera

340 1730 607 1802 «praecepti
633 1728 872 1784 cmlcstis
901 1729 1275 1798 constringere
1299 1726 1464 1791 videt,
1501 1741 1609 1781 non
1650 1725 1825 1779 solum
1854 1740 1948 1780 nc—

2060 545 2128 600 Et
2171 547 2297 616 quia
2335 548 2699 604 Antichristus
2747 557 2991 604 extrema
3042 550 3236 605 mundi
3279 551 3650 620 apprehendet

2060 634 2211 708 [Hs.,
2229 639 2636 708 apprehendere
2657 638 2890 710 nititur].
2905 649 3146 696 cerastes
3159 639 3248 694 ille
3267 641 3391 710 equi
3419 641 3648 710 ungulas

2057 728 2655 798 mordereperhibetur.
2681 729 2815 799 Equi
2847 730 2991 784 enim
3020 728 3269 800 ungulas—
3287 729 3538 784 mordere
3561 739 3649 784 est

2053 829 2300 877 extrema
2351 820 2530 874 saeculi
2596 819 2922 892 [feriendo]
2975 821 3310 892 contingeret
3365 818 3436 874 Ut
3487 820 3647 876 cadat

2054 929 2300 967 assensor
2336 913 2452 982 ejus
2505 921 2663 966 retro.
2691 912 2965 966 Ascensor
3002 909 3172 980 hujus
3201 911 3457 980 equitest,
3487 910 3640 982 quis—

2053 1006 2176 1075 quis
2199 1003 2574 1073 iuiquitatibus
2615 1004 2801 1058 mundi
2827 1001 3036 1075 [hujus}
3078 1003 3372 1068 extollitur,
3406 1003 3550 1058 unde
3588 1010 3649 1058 et

2055 1104 2203 1151 retro
2229 1093 2426 1148 cadere
2453 1093 2672 1148 dicitur.

2127 1185 2254 1240 [ltro
2299 1181 2830 1239 commentatiuncula
2875 1183 3012 1236 inter
3039 1179 3211 1253 Opera
3240 1180 3462 1252 S.-Attg.
3495 1181 3644 1236 Edit.

2053 1275 2248 1330 Bened.
2303 1273 2366 1330 S.
2403 1272 2583 1327 Mauri
2619 1282 2747 1326 tom.
2801 1271 2922 1336 111,
2980 1270 3219 1341 Appendi
3258 1286 3389 1344 pug.
3441 1269 3532 1334 28,
3567 1270 3658 1322 ita.

2051 1366 2259 1434 linitur.

2125 1455 2196 1511 Ut
2231 1455 2393 1511 cadat
2434 1470 2693 1512 ascensor
2736 1453 2855 1523 ejus
2897 1461 3064 1509 retro.
3089 1421 3524 1509 Plelis’inﬁd'clis
3554 1450 3656 1509 ,σὺ-ι

2051 1547 2188 1611 ἀίω,
2239 1546 2445 1602 erroris
2482 1547 2596 1600 suis
2635 1545 2844 1614 laqueis
2892 1552 3051 1614 capta
3077 1559 3193 1615 pro!
3223 1543 3441 1600 Christo
3489 1544 3647 1599 Anti-

2048 1638 2318 1693 christum
2340 1646 2638 1708 exspectat.
2668 1639 2811 1693 Bene
2831 1636 2998 1693 Iacob
3032 1639 3237 1694 eodem:
3275 1637 3394 1694 loco
3421 1646 3644 1708 repente

2051 1731 2107 1784 in
2143 1729 2437 1784 electorum
2480 1745 2667 1786 vocem
2707 1745 2998 1786 conversus
3026 1739 3114 1786 est
3139 1731 3367 1786 dicens:-
3399 1729 3647 1786 Satutare

343 1821 525 1890 quitia
547 1819 756 1874 callida:
778 1818 1150 1888 persuasionis
1171 1817 1400 1887 impetit,
1428 1830 1618 1870 verum
1643 1816 1810 1870 etiam
1837 1823 1948 1868 ter-
1983 1821 2025 1881 Β
2050 1830 2200 1874 tuam
2221 1822 2548 1892 exspectabo,
2578 1821 2796 1875 Domine
2836 1821 2988 1893 (vers.
3019 1822 3128 1894 18).
3155 1821 3213 1877 ld
3239 1833 3344 1887 est,
3374 1837 3478 1878 non
3507 1823 3648 1878 sicut

343 1926 482 1967 mre
510 1911 800 1981 potestatis
831 1909 1058 1980 perimit
1083 1907 1217 1981 [Αι.,
1252 1906 1495 1978 premit],
1543 1905 1644 1978 [et]
1677 1907 1729 1960 in
1760 1920 1949 1976 perse-

337 2001 590 2056 cutionis
605 2013 832 2071 angore,
854 2006 978 2068 post
997 1997 1264 2053 beneficia
1303 1997 1427 2052 [icta
1453 1996 1606 2069 [Ms.,
1642 1994 1803 2066 ﬁctae]
1835 1994 1955 2049 dul-

337 2093 582 2156 cedinis,
597 2098 1036 2146 exercetcornua
1057 2091 1368 2159 potestatis.
1388 2087 1468 2159 [lu
1491 2102 1600 2156 quo
1621 2085 1762 2158 loco]
1777 2101 1954 2154 equus

346 2183 500 2256 {iste}
516 2185 661 2239 hunc
676 2182 935 2238 mundum
959 2181 1224 2245 insinuat,
1249 2179 1343 2249 qui
1363 2177 1512 2250 [Μεη
1537 2176 1704 2249 quod]
1719 2191 1818 2247 per
1836 2176 1949 2231 ela-

2059 1912 2303 1968 intideles
2351 1912 2771 1976 Antichristum,
2828 1913 2923 1967 sed
2975 1928 3132 1974 eum,
3183 1914 3274 1982 qui
3321 1914 3388 1967 in»
3433 1913 3644 1967 redem-

2053 2005 2293 2075 ptionem
2333 2011 2574 2060 nostram
2610 2013 2872 2058 venturus
2895 2011 3003 2068 est,
3035 2018 3222 2058 verum
3264 2003 3429 2058 crede
3451 2001 3646 2056 .lideli-

2055 2105 2138 2150 ter
2157 2094 2452 2150 Christum.
2491 2093 2683 2148 Amen.

374 2330 3649 2359 w—W

1270 2435 1436 2510 339
1471 2435 1712 2497 DICTA
1759 2431 2001 2494 BEATI
2044 2434 2316 2496 ALBINI
2358 2435 2680 2498 LEVITIE

348 2587 557 2666 Super
589 2583 751 2646 illud
785 2583 1114 2644 Geneseos
1141 2601 1155 2640 :
1182 2576 1514 2638 Faciamus
1548 2574 1854 2635 hominem
1889 2571 1972 2633 ad
2006 2573 2410 2654 tmaginem‘et
2436 2570 2915 2638 similitudinem
2933 2588 3213 2641 nostram.
3237 2581 3410 2662 (Gen.
3441 2603 3486 2659 ι,

790 2765 1106 2824 ΜΟΝΠἬΜ
1152 2765 1314 2820 ΡῐὶιιΕ
1324 2762 1511 2820 νιυΜ.

423 2866 576 2922 Hanc
606 2857 1205 2918 commentatiuneulam
1228 2858 1284 2911 in
1311 2872 1411 2911 ms.
1445 2856 1564 2910 cod.
1589 2856 1637 2910 J.
1665 2855 1942 2913 Sirmundi

345 2937 466 3006 sub,
481 2934 651 3006 priori
691 2931 845 3006 titulo
892 2937 1162 3000 repertam
1186 2927 1583 3006 Quaestionibus
1615 2928 1674 3006 _i_n
1705 2925 1940 3006 Genesin

346 2996 630 3076 subiungit
668 3003 736 3058 cl.
788 2996 1181 3076 Quercetanus.
1213 2997 1393 3076 Elita
1421 2996 1539 3076 jam
1578 2997 1707 3076 olim
1760 2996 1944 3076 [uerat

349 3066 498 3132 inter
533 3066 908 3146 Operasancti
933 3069 1205 3146 Ambrosii
1230 3067 1468 3146 sub__hoc
1499 3068 1661 3146 _titulo
1705 3085 1716 3120 :
1748 3066 1943 3146 pe‘di-

350 3149 552 3219 gnitate
579 3136 901 3219 randitionis
930 3141 1184 3219 _Itumanre
1223 3137 1449 3219 libellus.
1498 3136 1564 3192 Et
1606 3138 1780 3219 sancti
1828 3137 1944 3219 ᾼιιτ

391 3217 573 3278 ustini,
614 3229 734 3269 cum
781 3212 884 3266 hac
926 3209 1278 3278 inscriptione
1308 3226 1320 3258 :
1352 3206 1428 3260 De
1475 3209 1737 3278 creatione
1785 3209 1942 3278 primi

391 3233 573 3278 llSlll'll,
614 3233 734 3269 cum
781 3233 884 3266 nat;
929 3233 1278 3278 lltscrtptluut:
1309 3233 1320 3258 ;
1352 3233 1428 3260 νε
1475 3233 1737 3261 crcmwnc
1785 3233 1942 3278 pnmt

348 3233 596 3342 geminis.
627 3283 866 3338 Habetur
900 3279 1119 3334 nuncin
1139 3278 1390 3349 Ambros.
1411 3285 1486 3349 _et
1510 3278 1644 3349 Aug.
1671 3276 1943 3349 Qpp._Ap«

349 3357 512 3427 pend.
547 3355 677 3427 [ius
698 3349 1179 3427 illaminveuiinus
1211 3348 1262 3401 in
1288 3346 1463 3427 codd._
1489 3346 1618 3401 mss'.
1670 3346 1944 3427 Salisbur-

389 3427 528 3490 ensi,
543 3421 873 3493 Frisingensi
891 3418 1030 3493 etS.‘
1049 3418 1397 3493 Emmerami,
1416 3417 1617 3493 absque
1648 3417 1803 3493 titulo
1823 3419 1944 3487 qui-

391 3511 479 3552 em
500 3487 750 3555 auctoris,
763 3501 1002 3545 attamen
1019 3489 1158 3543 inter
1173 3489 1277 3542 alia
1293 3487 1502 3542 Aleuisi
1519 3487 1774 3556 opuscula
1796 3503 1947 3544 com—

351 3567 700 3635 prehensam.
730 3564 786 3617 ln
813 3561 1006 3635 eodem
1027 3559 1146 3614 cod.
1167 3556 1384 3619 Salisb.,
1404 3575 1457 3612 n.
1474 3557 1541 3635 67
1559 3566 1762 3635 notato,
1780 3558 1945 3612 habe—

352 3628 442 3690 iur
467 3635 626 3690 simul
653 3631 969 3705 opusculum
993 3630 1046 3684 in
1076 3644 1182 3705 quo
1210 3636 1477 3705 tractatur
1495 3628 1558 3680 de
1579 3630 1821 3698 aperibus
1851 3646 1944 3682 sea:

349 3707 557 3759 dierum
605 3714 653 3758 et
688 3700 819 3756 'aliis
841 3702 1002 3772 juxta
1049 3700 1466 3772 disputationem
1494 3715 1780 3772 puerorum
1822 3715 1943 3752 cum

345 3767 856 3843 interrogationibus
882 3779 928 3824 et
956 3767 1414 3843 νςξρρηὶξίοηξὺηξ.Δ
1429 3767 1510 3843 lb_i
1538 3767 1716 3843 agitur
1745 3769 1812 3843 de
1845 3785 1942 3843 na-

351 3855 470 3900 tura
498 3836 756 3925 hominis,
777 3851 950 3925 atque
975 3836 1102 3894 illud
1126 3838 1261 3925 Cen.
1285 3856 1324 3901 ι,
1348 3837 1437 3903 26,
1461 3836 1747 3920 Faciamus
1776 3839 1945 3892 homi-

347 3932 489 3980 nem,
517 3924 648 3980 ete.,
687 3909 950 3984 dialogice
993 3915 1352 3984 examinator,
1374 3909 1782 3984 responsiones
1817 3923 1944 3963 vero

348 3979 652 4040 redduntur
678 3999 777 4053 per
805 3979 993 4038 eadem
1019 3979 1185 4053 verba
1215 3995 1336 4053 quze
1372 3979 1424 4033 in
1469 3981 1590 4038 hac,
1621 3994 1785 4053 quam
1831 3994 1944 4048 prae

343 4055 518 4110 oculis
550 4049 742 4118 habes,
779 4049 1326 4107 commentatiuncula
1347 4065 1456 4102 uno
1482 4057 1734 4102 contextu
1759 4049 1945 4119 legun-

348 4136 455 4180 tur.
501 4125 776 4180 Incertum
832 4137 964 4178 sane
999 4129 1179 4175 utrum
1225 4121 1343 4174 haec
1376 4119 1542 4173 verba
1593 4120 1769 4188 prius,
1797 4119 1944 4188 quod

345 4211 582 4266 pronum
614 4203 717 4266 est,
737 4194 982 4266 credere,
1021 4189 1592 4266 diaglogice_di_sposita_,
1623 4198 1946 4266 posteaper

345 4258 572 4321 inodum
633 4265 791 4318 unius
848 4258 1244 4317 dissertationis
1288 4259 1412 4313 inde
1463 4259 1647 4313 avulsa
1700 4258 1938 4321 fuerint;

343 4345 533 4389 utrum
558 4350 685 4388 vero
711 4335 864 4404 prius
889 4348 997 4386 uno
1020 4338 1273 4404 contextu
1301 4329 1538 4398 prolata,
1584 4329 1779 4404 deinde
1817 4343 1961 4404 _am~—

382 4406 506 4461 liori
531 4398 742 4475 dialogo
772 4405 999 4458 incerta.
1026 4401 1557 4475 PersuasumAtamen
1581 4399 1712 4452 mihi
1745 4398 1938 4463 habeo,

451 4485 567 4530 tum
611 4469 896 4530 Alcuinum
936 4488 1042 4528 non
1093 4480 1302 4525 tantum
1353 4469 1577 4536 hujusce
1607 4477 1942 4524 commenta-

343 4546 620 4610 tiuueulzc,
661 4545 754 4600 sed
781 4545 945 4598 etiam
977 4542 1170 4612 integri
1200 4541 1341 4594 illius
1365 4539 1560 4610 dialogi
1582 4580 1608 4612 ,_
1612 4609 1624 4612 _
1631 4555 1733 4612 seu
1758 4539 1954 4610 dispu—-

346 4626 398 4672 ta
408 4617 569 4671 tionis
588 4629 881 4687 puerorum
901 4609 1237 4687 verum—esse
1266 4609 1562 4687 auctorem.
1587 4609 1738 4664 Illam
1761 4609 1941 4687 tamen

346 4681 606 4742 dabimus
642 4686 784 4740 inter
807 4683 1067 4754 opuscula
1108 4682 1300 4742 dubia,
1329 4681 1420 4734 ubi
1448 4681 1635 4735 videas
1676 4681 1940 4734 monitum

346 4773 633 4826 prmvrum.

414 4870 590 4924 Tanta
631 4867 824 4940 [Edit.,
857 4865 994 4938 tota]
1043 4865 1278 4934 dignitas
1320 4864 1571 4918 humana:
1620 4863 1944 4918 conditionis

345 4977 464 5016 esse
490 4960 857 5031 cognoscitur,
880 4966 940 5013 ut
964 4974 1072 5013 non
1099 4956 1218 5011 solo
1238 4954 1478 5023 iubentis
1506 4969 1776 5020 sermone,
1804 4956 1945 5010 sicut

348 5051 451 5106 alia
480 5067 573 5106 sex
600 5051 812 5105 dierum
832 5065 1000 5120 Opera
1020 5091 1036 5115 ,
1059 5048 1154 5104 sed
1186 5047 1411 5102 consilio
1437 5056 1639 5102 sanctze
1661 5048 1942 5104 Trinitatis

343 5150 401 5196 et
427 5155 590 5211 opere
614 5141 916 5211 maiestatis
941 5141 1137 5194 divinae
1166 5145 1386 5194 creatus
1427 5145 1512 5192 est
1554 5137 1685 5209 [Al.,
1727 5138 1817 5210 sit]
1848 5140 1945 5193 ho-

347 5244 464 5294 mo;
484 5237 546 5284 ut
565 5245 631 5284 ex
647 5231 836 5300 prima:
856 5230 1178 5286 conditionis
1192 5231 1402 5285 honore
1419 5228 1761 5300 intelligeret,
1777 5246 1944 5299 quan-

346 5326 461 5374 tum
506 5319 732 5376 deberet
778 5335 878 5376 suo
903 5319 1212 5386 Conditori,
1251 5321 1378 5375 dum
1406 5327 1615 5375 tantum
1664 5320 1718 5374 in
1757 5323 1945 5375 condi-

348 5410 494 5466 tione
521 5427 648 5467 mox
691 5413 972 5484 dignitatis
1008 5413 1347 5484 privilegium
1368 5413 1620 5484 praestitit
1660 5414 1708 5468 ei
1741 5413 1933 5470 Condi-

347 5509 451 5562 tor,
481 5510 544 5556 ut
575 5511 729 5558 tanto
758 5504 1038 5558 ardentius
1079 5512 1291 5558 amaret
1340 5504 1709 5569 Conditorem,
1743 5512 1945 5574 quanto

347 5595 650 5651 mirabilius
679 5611 739 5652 se
787 5596 859 5651 ab
882 5611 948 5651 eo
976 5610 1098 5650 esse
1129 5596 1406 5650 conditum
1457 5597 1796 5667 intelligeret.
1833 5595 1943 5650 Nec

345 5685 418 5740 ob
451 5687 557 5743 hoc
594 5688 768 5743 solum
817 5687 961 5758 quod
1009 5685 1234 5741 consilio
1281 5695 1482 5740 sancta!
1529 5687 1811 5743 Trinitatis
1864 5687 1946 5740 sic

345 5779 678 5836 excellenter
700 5794 730 5834 a
764 5779 1058 5836 Conditore
1087 5777 1333 5831 conditus
1365 5784 1468 5840 cst,
1498 5778 1588 5830 sed
1614 5779 1776 5832 etiam
1799 5779 1940 5848 quod

2052 2767 2121 2821 ad
2164 2765 2454 2837 imaginem
2501 2770 2557 2821 et
2608 2762 3014 2823 similitudinem
3065 2785 3216 2824 suam
3265 2771 3381 2842 ipse
3413 2772 3648 2831 Creator

2049 2859 2293 2913 omnium
2324 2873 2448 2912 eum
2479 2858 2706 2922 creavit,
2752 2857 2895 2928 quod
2943 2859 3072 2914 nulli
3120 2861 3209 2914 alii
3257 2877 3322 2915 ex
3372 2867 3655 2924 creaturis-

2049 2949 2286 3004 donavit.
2317 2946 2447 3014 Qua:
2495 2948 2672 3019 imago
2708 2949 3016 3021 diligentius
3044 2967 3110 3006 ex
3140 2953 3412 3010 interioris
3463 2949 3640 3014 liomio

2049 3042 2134 3097 nis
2185 3037 2466 3099 nobilitate
2512 3049 2595 3098 est
2634 3043 3047 3098 consideranda.
3097 3044 3281 3102 Primo
3312 3049 3550 3118 quidem,
3582 3061 3650 3106 ut:

1975 3141 2020 3202 c
2051 3134 2208 3189 sicuti
2257 3133 2399 3188 Deus
2438 3147 2580 3189 unus
2633 3149 2850 3205 semper
2896 3135 3095 3205 ubique
3141 3145 3287 3193 totus
3325 3149 3424 3203 est,
3459 3144 3649 3198 omnia-

2048 3224 2362 3291 viviﬁcans,
2397 3237 2624 3280 movens
2678 3234 2734 3281 et
2779 3223 3124 3298 gubernans,
3172 3229 3315 3284 sicut
3367 3234 3640 3302 apostolus

2046 3315 2348 3383 conﬁrmat,
2382 3318 2526 3387 quod
2553 3319 2608 3372 in
2633 3335 2693 3372 eo
2720 3319 2957 3384 vit-imus,
2987 3329 3036 3374 et
3067 3337 3352 3386 movemur,
3381 3333 3429 3377 et
3458 3339 3640 3378 sumus

2045 3405 2186 3478 (Act.
2216 3422 2351 3473 xvu,
2379 3407 2471 3478 28)
2498 3427 2511 3462 :
2545 3409 2626 3464 sic
2661 3416 2717 3464 et
2753 3411 2934 3464 anima
2965 3411 3018 3470 in
3049 3425 3150 3465 suo
3177 3426 3406 3482 corpore
3441 3413 3642 3484 ubique

2045 3505 2160 3551 tota
2187 3498 2349 3568 viget,
2371 3499 2652 3554 vivificaris
2676 3500 2825 3566 illud,
2854 3514 3077 3556 movens
3096 3511 3151 3558 et
3187 3502 3513 3573 gubernans.
3531 3503 3643 3560 Nec

2043 3588 2190 3643 enim
2219 3589 2273 3642 in
2301 3588 2597 3658 majoribus
2625 3591 2871 3661 corporis
2903 3593 2984 3646 sui
3002 3591 3260 3646 membris
3285 3592 3646 3662 majorest,et

2046 3679 2098 3734 in
2115 3680 2418 3734 minoribus
2439 3682 2636 3744 minor;
2662 3681 2757 3734 sed
2774 3681 2827 3733 in
2843 3681 3080 3734 minimis
3109 3691 3216 3737 tota
3233 3692 3287 3738 et
3305 3685 3357 3738 iu
3386 3687 3640 3741 maximis

2047 3776 2177 3823 tota.
2195 3755 2388 3822 Etluee
2400 3778 2486 3822 est
2501 3767 2680 3837 imago
2693 3768 2919 3822 unitatis
2940 3768 3033 3823 Dei
3054 3772 3458 3843 omnipotentis,
3475 3792 3639 3845 quam

2045 3859 2226 3912 anima
2282 3857 2445 3912 habet
2495 3858 2549 3911 in
2596 3872 2674 3911 se.
2705 3856 2833 3924 Quae
2861 3875 3074 3930 quoque
3114 3864 3406 3930 quamdam
3439 3869 3641 3922 sancta:

2046 3947 2328 4002 Trinitatis
2374 3947 2538 4002 habet
2566 3949 2875 4018 imaginem.
2921 3949 3104 4005 Primo
3132 3953 3186 4006 in
3229 3970 3293 4007 eo
3323 3958 3474 4025 quia,
3498 3960 3640 4012 sicut

2043 4036 2188 4093 Deus
2215 4044 2321 4101 est,
2351 4037 2485 4091 vivit
2508 4045 2563 4092 et
2589 4039 2763 4108 sapit;
2800 4038 2870 4092 ita
2920 4039 3100 4093 anima
3147 4044 3442 4097 secundum
3478 4060 3638 4100 suum

2043 4129 2263 4184 modum
2283 4136 2388 4191 est,
2422 4129 2556 4183 vivit
2583 4137 2639 4184 et
2667 4130 2825 4200 sapit.
2857 4129 2953 4184 Est
2985 4145 3201 4200 quoque
3225 4139 3282 4185 et
3307 4132 3412 4187 alia
3458 4133 3638 4190 Trini-

2043 4230 2129 4276 tas
2159 4222 2211 4276 in
2241 4236 2344 4286 ea,
2364 4236 2470 4291 qua
2499 4222 2566 4275 ad
2600 4221 2890 4292 imaginem
2909 4224 2991 4278 sui
3018 4223 3348 4287 Conditoris,
3383 4225 3638 4294 perfecta:

2043 4315 2262 4384 quidem
2283 4322 2337 4370 et
2363 4328 2588 4370 summae
2615 4313 2919 4379 Trinitatis,
2944 4330 3064 4385 qua!
3095 4313 3222 4387 [est]
3273 4316 3324 4370 in
3353 4315 3536 4381 Patre,
3580 4326 3636 4372 et

2044 4405 2203 4469 Filio,
2230 4414 2286 4458 et
2309 4404 2512 4474 Spiritu
2551 4413 2740 4458 sancto
2763 4402 2895 4475 [At.,
2926 4419 3046 4473 qua:
3089 4420 3156 4458 ex
3185 4404 3365 4470 Patre,
3393 4413 3449 4460 et
3474 4405 3630 4470 Filio.

1969 4491 2018 4549 D
2045 4506 2102 4551 et
2127 4497 2330 4566 Spiritu
2365 4494 2600 4567 sancto],
2631 4495 2845 4550 condita
2885 4505 2988 4550 est.
3020 4496 3085 4551 Et
3113 4496 3243 4552 licet
3261 4497 3422 4553 unius
3452 4499 3524 4553 sit
3545 4498 3636 4553 illa

2043 4595 2274 4649 naturae,
2303 4594 2417 4640 tres
2465 4583 2692 4657 [tamen]
2726 4586 2779 4639 in
2809 4601 2870 4638 se
2915 4586 3207 4656 dignitates
3235 4588 3418 4653 habet,
3451 4589 3502 4645 id
3529 4599 3636 4652 est,

2043 4675 2394 4739 intellectum,
2433 4675 2766 4730 voluntatem
2799 4685 2857 4731 et
2897 4679 3234 4732 memoriam.
3265 4678 3420 4746 Quod
3469 4681 3636 4743 idem,

2044 4764 2170 4820 licet
2201 4762 2322 4820 aliis
2348 4766 2548 4830 verbis,
2589 4767 2641 4821 in
2671 4767 2960 4838 Evangelio
2987 4768 3320 4839 designatur,
3349 4787 3474 4828 cum
3503 4773 3639 4828 dici-

2047 4865 2136 4910 tur
2167 4875 2178 4910 :
2215 4856 2410 4928 Diliges
2437 4857 2720 4913 Dominum
2745 4858 2913 4912 Deum
2937 4869 3085 4914 tuum
3110 4878 3175 4916 ex
3209 4873 3316 4917 toto
3340 4863 3498 4917 corde
3521 4872 3636 4928 tuo,

2046 4958 2093 5001 et
2123 4965 2188 5002 ea:
2218 4957 2327 5002 tota
2357 4950 2535 5003 anima
2570 4959 2682 5014 tua,
2731 4958 2780 5004 et
2807 4966 2873 5004 ea:
2918 4961 3027 5005 tota
3080 4963 3250 5007 mente
3292 4963 3384 5007 tua
3421 4951 3636 5024 (Matth.

2045 5039 2332 5112 “11.57);
2375 5041 2428 5095 id
2469 5049 2591 5106 est,
2626 5050 2680 5096 et
2726 5059 2792 5098 ex
2837 5050 2954 5100 toto
3008 5044 3303 5110 intellectu,
3332 5055 3388 5100 et
3417 5061 3484 5100 ex
3527 5054 3640 5100 tota

2046 5131 2345 5196 voluntate,
2375 5141 2430 5187 et
2457 5148 2522 5187 ex
2548 5140 2658 5187 tota
2683 5135 2965 5189 memoria.
2997 5133 3117 5188 Jam
3140 5133 3293 5206 [δίδη
3317 5133 3476 5206 Nam]
3499 5138 3640 5190 sicut
3709 5204 3715 5209 ε

2045 5235 2111 5275 ex
2143 5221 2304 5276 Patre
2331 5231 2622 5294 generatur
2644 5224 2831 5290 Filius,
2864 5241 2929 5280 ex
2961 5225 3122 5280 Patre
3159 5225 3403 5296 Filioque
3446 5241 3638 5297 proce-

2046 5314 2127 5368 dit
2157 5313 2392 5384 Spiritus
2411 5325 2666 5380 sanctus;
2699 5316 2773 5370 ita
2819 5333 2886 5371 ex
2929 5317 3204 5372 intellectu
3229 5329 3521 5390 generatur
3545 5335 3639 5377 vo-

2047 5406 2248 5472 luntas,
2275 5422 2340 5461 ex
2368 5409 2454 5462 his
2482 5409 2612 5462 item
2647 5409 2908 5465 ambobus
2944 5411 3190 5481 procedit
3214 5412 3499 5477 memoria,
3527 5412 3638 5468 sic-

2046 5511 2104 5553 ut
2147 5499 2304 5555 facile
2340 5499 2392 5572 [τι
2438 5501 2680 5569 sapiente
2714 5502 2974 5574 quolibet]
3015 5503 3236 5574 inwlligi
3288 5512 3486 5574 potest.
3518 5505 3632 5562 Nec

2048 5593 2192 5647 enim
2217 5592 2396 5646 anima
2417 5592 2656 5662 perfecta
2685 5602 2859 5662 potest
2887 5609 3006 5648 esse
3033 5597 3150 5650 sine
3176 5597 3261 5650 bis
3307 5596 3504 5660 tribus,
3530 5606 3635 5652 nec

2052 5686 2242 5738 horum
2274 5683 2439 5738 trium
2466 5699 2629 5737 unum
2654 5683 2890 5752 aliquod,
2924 5694 3184 5756 quantum
3216 5687 3283 5741 ad
3313 5703 3469 5742 suam
3516 5699 3640 5754 per-

2051 5778 2184 5832 liuet
2234 5776 2640 5841 beatitudinem,
2673 5778 2788 5834 sine
2819 5778 2938 5834 aliis
2968 5779 3174 5834 duobus
3215 5780 3478 5848 integrum
3504 5789 3636 5829 conr-
