  <div class='ocr_page' id='page_1' title='image "/cluster/home/n/w/nwhite01/storage/ocr_20150623/100/hvd.32044052819521/289.png"; bbox 0 0 4012 6188; ppageno 0'>
   <div class='ocr_carea' id='block_1_1' title="bbox 407 321 510 374">
    <p class='ocr_par' dir='ltr' id='par_1_1' title="bbox 407 321 510 374">
     <span class='ocr_line' id='line_1_1' title="bbox 407 321 510 374; baseline 0 -1"><span class='ocrx_word' id='word_1_1' title='bbox 407 321 510 374; x_wconf 64' lang='grc'><strong>567</strong></span> 
     </span>
    </p>
   </div>
   <div class='ocr_carea' id='block_1_2' title="bbox 1257 316 2824 379">
    <p class='ocr_par' dir='ltr' id='par_1_2' title="bbox 1257 316 2824 379">
     <span class='ocr_line' id='line_1_2' title="bbox 1257 316 2824 379; baseline 0.001 -8"><span class='ocrx_word' id='word_1_2' title='bbox 1257 320 1318 371; x_wconf 82' lang='grc' dir='ltr'><strong>Β.</strong></span> <span class='ocrx_word' id='word_1_3' title='bbox 1359 319 1421 374; x_wconf 84' lang='lat' dir='ltr'><strong>F.</strong></span> <span class='ocrx_word' id='word_1_4' title='bbox 1460 317 1685 374; x_wconf 63' lang='grc' dir='ltr'><strong>ΑΙ.Βίἃί</strong></span> <span class='ocrx_word' id='word_1_5' title='bbox 1725 316 1856 374; x_wconf 72' lang='grc' dir='ltr'><strong>εει]</strong></span> <span class='ocrx_word' id='word_1_6' title='bbox 1897 318 2176 379; x_wconf 72' lang='lat' dir='ltr'><strong>ALCUNI</strong></span> <span class='ocrx_word' id='word_1_7' title='bbox 2215 316 2502 374; x_wconf 74' lang='lat' dir='ltr'><strong>OPERUM</strong></span> <span class='ocrx_word' id='word_1_8' title='bbox 2541 317 2721 374; x_wconf 75' lang='lat' dir='ltr'><strong>PARS</strong></span> <span class='ocrx_word' id='word_1_9' title='bbox 2760 320 2824 374; x_wconf 89' lang='lat' dir='ltr'><strong>ll.</strong></span> 
     </span>
    </p>
   </div>
   <div class='ocr_carea' id='block_1_3' title="bbox 3565 323 3668 380">
    <p class='ocr_par' dir='ltr' id='par_1_3' title="bbox 3565 323 3668 380">
     <span class='ocr_line' id='line_1_3' title="bbox 3565 323 3668 380; baseline 0 0"><span class='ocrx_word' id='word_1_10' title='bbox 3565 323 3668 380; x_wconf 80' lang='lat'><strong>568</strong></span> 
     </span>
    </p>
   </div>
   <div class='ocr_carea' id='block_1_4' title="bbox 410 430 3675 508">
    <p class='ocr_par' dir='ltr' id='par_1_4' title="bbox 410 430 3675 508">
     <span class='ocr_line' id='line_1_4' title="bbox 410 430 3675 508; baseline 0.002 -22"><span class='ocrx_word' id='word_1_11' title='bbox 410 441 538 495; x_wconf 83' lang='lat' dir='ltr'><strong>stat.</strong></span> <span class='ocrx_word' id='word_1_12' title='bbox 570 432 640 487; x_wconf 79' lang='lat' dir='ltr'><strong>Et</strong></span> <span class='ocrx_word' id='word_1_13' title='bbox 660 435 800 488; x_wconf 89' lang='lat' dir='ltr'><strong>sicut</strong></span> <span class='ocrx_word' id='word_1_14' title='bbox 819 434 960 486; x_wconf 84' lang='lat' dir='ltr'><strong>Deus</strong></span> <span class='ocrx_word' id='word_1_15' title='bbox 986 433 1167 496; x_wconf 89' lang='lat' dir='ltr'><strong>Pater,</strong></span> <span class='ocrx_word' id='word_1_16' title='bbox 1197 434 1338 488; x_wconf 85' lang='lat' dir='ltr'><strong>Deus</strong></span> <span class='ocrx_word' id='word_1_17' title='bbox 1365 431 1555 497; x_wconf 83' lang='lat' dir='ltr'><strong>Filius,</strong></span> <span class='ocrx_word' id='word_1_18' title='bbox 1578 431 1722 492; x_wconf 82' lang='lat' dir='ltr'><strong>Deus</strong></span> <span class='ocrx_word' id='word_1_19' title='bbox 1752 430 1984 502; x_wconf 73' lang='lat' dir='ltr'><strong>Spiritus</strong></span> <span class='ocrx_word' id='word_1_20' title='bbox 2011 438 2060 495; x_wconf 79' lang='grc' dir='ltr'><strong>Α</strong></span> <span class='ocrx_word' id='word_1_21' title='bbox 2087 431 2274 498; x_wconf 87' lang='lat' dir='ltr'><strong>habet,</strong></span> <span class='ocrx_word' id='word_1_22' title='bbox 2301 441 2450 492; x_wconf 87' lang='lat' dir='ltr'><strong>tanto</strong></span> <span class='ocrx_word' id='word_1_23' title='bbox 2479 435 2698 504; x_wconf 84' lang='lat' dir='ltr'><strong>propius</strong></span> <span class='ocrx_word' id='word_1_24' title='bbox 2743 443 2830 489; x_wconf 87' lang='lat' dir='ltr'><strong>est</strong></span> <span class='ocrx_word' id='word_1_25' title='bbox 2870 434 3001 500; x_wconf 87' lang='lat' dir='ltr'><strong>Deo,</strong></span> <span class='ocrx_word' id='word_1_26' title='bbox 3030 445 3087 490; x_wconf 89' lang='lat' dir='ltr'><strong>et</strong></span> <span class='ocrx_word' id='word_1_27' title='bbox 3114 436 3376 508; x_wconf 81' lang='lat' dir='ltr'><strong>majorem</strong></span> <span class='ocrx_word' id='word_1_28' title='bbox 3421 441 3504 496; x_wconf 83' lang='lat' dir='ltr'><strong>sui</strong></span> <span class='ocrx_word' id='word_1_29' title='bbox 3533 441 3675 496; x_wconf 66' lang='lat' dir='ltr'><strong>Coit-</strong></span> 
     </span>
    </p>
   </div>
   <div class='ocr_carea' id='block_1_5' title="bbox 410 525 1988 590">
    <p class='ocr_par' dir='ltr' id='par_1_5' title="bbox 410 525 1988 590">
     <span class='ocr_line' id='line_1_5' title="bbox 410 525 1988 590; baseline 0.001 -10"><span class='ocrx_word' id='word_1_30' title='bbox 410 536 635 582; x_wconf 82' lang='lat' dir='ltr'><strong>sanctus</strong></span> <span class='ocrx_word' id='word_1_31' title='bbox 659 535 763 589; x_wconf 90' lang='lat' dir='ltr'><strong>est,</strong></span> <span class='ocrx_word' id='word_1_32' title='bbox 793 541 898 580; x_wconf 92' lang='lat' dir='ltr'><strong>non</strong></span> <span class='ocrx_word' id='word_1_33' title='bbox 929 535 1106 582; x_wconf 87' lang='lat' dir='ltr'><strong>tamen</strong></span> <span class='ocrx_word' id='word_1_34' title='bbox 1129 534 1240 581; x_wconf 88' lang='lat' dir='ltr'><strong>tres</strong></span> <span class='ocrx_word' id='word_1_35' title='bbox 1266 525 1340 580; x_wconf 89' lang='lat' dir='ltr'><strong>dii</strong></span> <span class='ocrx_word' id='word_1_36' title='bbox 1373 534 1519 590; x_wconf 92' lang='lat' dir='ltr'><strong>sunt,</strong></span> <span class='ocrx_word' id='word_1_37' title='bbox 1546 527 1640 582; x_wconf 87' lang='lat' dir='ltr'><strong>sed</strong></span> <span class='ocrx_word' id='word_1_38' title='bbox 1667 543 1806 581; x_wconf 84' lang='lat' dir='ltr'><strong>unus</strong></span> <span class='ocrx_word' id='word_1_39' title='bbox 1846 527 1988 583; x_wconf 88' lang='lat' dir='ltr'><strong>Deus</strong></span> 
     </span>
    </p>
   </div>
   <div class='ocr_carea' id='block_1_6' title="bbox 413 618 1989 685">
    <p class='ocr_par' dir='ltr' id='par_1_6' title="bbox 413 618 1989 685">
     <span class='ocr_line' id='line_1_6' title="bbox 413 618 1989 685; baseline 0.001 -12"><span class='ocrx_word' id='word_1_40' title='bbox 413 629 526 673; x_wconf 88' lang='lat' dir='ltr'><strong>tres</strong></span> <span class='ocrx_word' id='word_1_41' title='bbox 540 618 743 672; x_wconf 89' lang='lat' dir='ltr'><strong>habens</strong></span> <span class='ocrx_word' id='word_1_42' title='bbox 763 631 1052 685; x_wconf 81' lang='lat' dir='ltr'><strong>personas;</strong></span> <span class='ocrx_word' id='word_1_43' title='bbox 1085 618 1160 672; x_wconf 87' lang='lat' dir='ltr'><strong>ita</strong></span> <span class='ocrx_word' id='word_1_44' title='bbox 1185 627 1240 673; x_wconf 91' lang='lat' dir='ltr'><strong>et</strong></span> <span class='ocrx_word' id='word_1_45' title='bbox 1264 619 1444 674; x_wconf 88' lang='lat' dir='ltr'><strong>anima</strong></span> <span class='ocrx_word' id='word_1_46' title='bbox 1472 619 1794 685; x_wconf 89' lang='lat' dir='ltr'><strong>intellectus,</strong></span> <span class='ocrx_word' id='word_1_47' title='bbox 1809 620 1989 675; x_wconf 88' lang='lat' dir='ltr'><strong>anima</strong></span> 
     </span>
    </p>
   </div>
   <div class='ocr_carea' id='block_1_7' title="bbox 411 707 1988 774">
    <p class='ocr_par' dir='ltr' id='par_1_7' title="bbox 411 707 1988 774">
     <span class='ocr_line' id='line_1_7' title="bbox 411 707 1988 774; baseline 0.003 -12"><span class='ocrx_word' id='word_1_48' title='bbox 411 707 680 773; x_wconf 72' lang='lat' dir='ltr'><strong>voluntas,</strong></span> <span class='ocrx_word' id='word_1_49' title='bbox 707 709 886 761; x_wconf 89' lang='lat' dir='ltr'><strong>anima</strong></span> <span class='ocrx_word' id='word_1_50' title='bbox 910 710 1203 774; x_wconf 83' lang='lat' dir='ltr'><strong>memoria;</strong></span> <span class='ocrx_word' id='word_1_51' title='bbox 1235 726 1342 770; x_wconf 88' lang='lat' dir='ltr'><strong>non</strong></span> <span class='ocrx_word' id='word_1_52' title='bbox 1383 718 1562 765; x_wconf 87' lang='lat' dir='ltr'><strong>tamen</strong></span> <span class='ocrx_word' id='word_1_53' title='bbox 1588 711 1781 768; x_wconf 72' lang='lat' dir='ltr'><strong>animae</strong></span> <span class='ocrx_word' id='word_1_54' title='bbox 1801 719 1914 767; x_wconf 89' lang='lat' dir='ltr'><strong>tres</strong></span> <span class='ocrx_word' id='word_1_55' title='bbox 1935 714 1988 767; x_wconf 88' lang='lat' dir='ltr'><strong>in</strong></span> 
     </span>
    </p>
   </div>
   <div class='ocr_carea' id='block_1_8' title="bbox 411 800 1986 874">
    <p class='ocr_par' dir='ltr' id='par_1_8' title="bbox 411 800 1986 874">
     <span class='ocr_line' id='line_1_8' title="bbox 411 800 1986 874; baseline 0.004 -22"><span class='ocrx_word' id='word_1_56' title='bbox 411 814 517 854; x_wconf 91' lang='lat' dir='ltr'><strong>uno</strong></span> <span class='ocrx_word' id='word_1_57' title='bbox 542 813 791 868; x_wconf 90' lang='lat' dir='ltr'><strong>corpore,</strong></span> <span class='ocrx_word' id='word_1_58' title='bbox 812 800 907 858; x_wconf 88' lang='lat' dir='ltr'><strong>sed</strong></span> <span class='ocrx_word' id='word_1_59' title='bbox 933 816 1040 855; x_wconf 90' lang='lat' dir='ltr'><strong>una</strong></span> <span class='ocrx_word' id='word_1_60' title='bbox 1072 803 1252 857; x_wconf 83' lang='lat' dir='ltr'><strong>anima</strong></span> <span class='ocrx_word' id='word_1_61' title='bbox 1282 810 1392 858; x_wconf 89' lang='lat' dir='ltr'><strong>tres</strong></span> <span class='ocrx_word' id='word_1_62' title='bbox 1430 802 1635 858; x_wconf 86' lang='lat' dir='ltr'><strong>habens</strong></span> <span class='ocrx_word' id='word_1_63' title='bbox 1663 805 1986 874; x_wconf 78' lang='lat' dir='ltr'><strong>dignitates;</strong></span> 
     </span>
    </p>
   </div>
   <div class='ocr_carea' id='block_1_9' title="bbox 409 889 1991 964">
    <p class='ocr_par' dir='ltr' id='par_1_9' title="bbox 409 889 1991 964">
     <span class='ocr_line' id='line_1_9' title="bbox 409 889 1991 964; baseline 0.006 -21"><span class='ocrx_word' id='word_1_64' title='bbox 409 889 573 961; x_wconf 67' lang='lat' dir='ltr'><strong>3m</strong></span> <span class='ocrx_word' id='word_1_65' title='bbox 620 897 784 961; x_wconf 89' lang='lat' dir='ltr'><strong>atque</strong></span> <span class='ocrx_word' id='word_1_66' title='bbox 807 891 862 945; x_wconf 93' lang='lat' dir='ltr'><strong>in</strong></span> <span class='ocrx_word' id='word_1_67' title='bbox 891 892 976 948; x_wconf 92' lang='lat' dir='ltr'><strong>his</strong></span> <span class='ocrx_word' id='word_1_68' title='bbox 1003 892 1177 946; x_wconf 89' lang='lat' dir='ltr'><strong>tribus</strong></span> <span class='ocrx_word' id='word_1_69' title='bbox 1207 891 1324 961; x_wconf 86' lang='lat' dir='ltr'><strong>ejus</strong></span> <span class='ocrx_word' id='word_1_70' title='bbox 1354 894 1640 964; x_wconf 81' lang='lat' dir='ltr'><strong>imaginem</strong></span> <span class='ocrx_word' id='word_1_71' title='bbox 1670 896 1991 952; x_wconf 86' lang='lat' dir='ltr'><strong>mirabiliter</strong></span> 
     </span>
    </p>
   </div>
   <div class='ocr_carea' id='block_1_10' title="bbox 409 982 1990 1056">
    <p class='ocr_par' dir='ltr' id='par_1_10' title="bbox 409 982 1990 1056">
     <span class='ocr_line' id='line_1_10' title="bbox 409 982 1990 1056; baseline 0.004 -21"><span class='ocrx_word' id='word_1_72' title='bbox 409 982 549 1052; x_wconf 88' lang='lat' dir='ltr'><strong>gerit</strong></span> <span class='ocrx_word' id='word_1_73' title='bbox 569 982 622 1036; x_wconf 92' lang='lat' dir='ltr'><strong>in</strong></span> <span class='ocrx_word' id='word_1_74' title='bbox 649 997 746 1036; x_wconf 91' lang='lat' dir='ltr'><strong>sua</strong></span> <span class='ocrx_word' id='word_1_75' title='bbox 770 991 963 1037; x_wconf 88' lang='lat' dir='ltr'><strong>natura</strong></span> <span class='ocrx_word' id='word_1_76' title='bbox 1003 992 1186 1038; x_wconf 81' lang='lat' dir='ltr'><strong>noster</strong></span> <span class='ocrx_word' id='word_1_77' title='bbox 1209 984 1434 1039; x_wconf 85' lang='lat' dir='ltr'><strong>interior</strong></span> <span class='ocrx_word' id='word_1_78' title='bbox 1463 986 1624 1039; x_wconf 91' lang='lat' dir='ltr'><strong>homo</strong></span> <span class='ocrx_word' id='word_1_79' title='bbox 1651 1003 1663 1038; x_wconf 90' lang='lat'><strong>:</strong></span> <span class='ocrx_word' id='word_1_80' title='bbox 1697 1001 1764 1040; x_wconf 77' lang='lat' dir='ltr'><strong>ex</strong></span> <span class='ocrx_word' id='word_1_81' title='bbox 1795 986 1990 1056; x_wconf 86' lang='lat' dir='ltr'><strong>quibus</strong></span> 
     </span>
    </p>
   </div>
   <div class='ocr_carea' id='block_1_11' title="bbox 407 1074 1992 1146">
    <p class='ocr_par' dir='ltr' id='par_1_11' title="bbox 407 1074 1992 1146">
     <span class='ocr_line' id='line_1_11' title="bbox 407 1074 1992 1146; baseline 0.003 -19"><span class='ocrx_word' id='word_1_82' title='bbox 407 1074 560 1143; x_wconf 90' lang='lat' dir='ltr'><strong>quasi</strong></span> <span class='ocrx_word' id='word_1_83' title='bbox 605 1075 1076 1129; x_wconf 78' lang='lat' dir='ltr'><strong>excellentioribus</strong></span> <span class='ocrx_word' id='word_1_84' title='bbox 1108 1075 1300 1130; x_wconf 74' lang='lat' dir='ltr'><strong>anima:</strong></span> <span class='ocrx_word' id='word_1_85' title='bbox 1347 1076 1695 1146; x_wconf 79' lang='lat' dir='ltr'><strong>dignitatibus</strong></span> <span class='ocrx_word' id='word_1_86' title='bbox 1737 1077 1992 1146; x_wconf 89' lang='lat' dir='ltr'><strong>jubemur</strong></span> 
     </span>
    </p>
   </div>
   <div class='ocr_carea' id='block_1_12' title="bbox 405 1165 1991 1240">
    <p class='ocr_par' dir='ltr' id='par_1_12' title="bbox 405 1165 1991 1240">
     <span class='ocr_line' id='line_1_12' title="bbox 405 1165 1991 1240; baseline 0.003 -20"><span class='ocrx_word' id='word_1_87' title='bbox 405 1167 628 1237; x_wconf 82' lang='lat' dir='ltr'><strong>diligere</strong></span> <span class='ocrx_word' id='word_1_88' title='bbox 645 1165 1012 1232; x_wconf 77' lang='lat' dir='ltr'><strong>Conditorem,</strong></span> <span class='ocrx_word' id='word_1_89' title='bbox 1039 1175 1101 1221; x_wconf 91' lang='lat' dir='ltr'><strong>ut</strong></span> <span class='ocrx_word' id='word_1_90' title='bbox 1132 1175 1392 1237; x_wconf 89' lang='lat' dir='ltr'><strong>quantum</strong></span> <span class='ocrx_word' id='word_1_91' title='bbox 1418 1167 1771 1238; x_wconf 82' lang='lat' dir='ltr'><strong>intelligatur,</strong></span> <span class='ocrx_word' id='word_1_92' title='bbox 1804 1169 1991 1240; x_wconf 86' lang='lat' dir='ltr'><strong>diliga-</strong></span> 
     </span>
    </p>
   </div>
   <div class='ocr_carea' id='block_1_13' title="bbox 407 1255 1992 1328">
    <p class='ocr_par' dir='ltr' id='par_1_13' title="bbox 407 1255 1992 1328">
     <span class='ocr_line' id='line_1_13' title="bbox 407 1255 1992 1328; baseline 0.003 -20"><span class='ocrx_word' id='word_1_93' title='bbox 407 1256 638 1328; x_wconf 82' lang='lat' dir='ltr'><strong>tur[Al.,</strong></span> <span class='ocrx_word' id='word_1_94' title='bbox 664 1256 994 1326; x_wconf 86' lang='lat' dir='ltr'><strong>intelligitur.</strong></span> <span class='ocrx_word' id='word_1_95' title='bbox 1017 1297 1029 1309; x_wconf 93' lang='lat'><strong>.</strong></span> <span class='ocrx_word' id='word_1_96' title='bbox 1049 1295 1062 1307; x_wconf 93' lang='lat'><strong>.</strong></span> <span class='ocrx_word' id='word_1_97' title='bbox 1093 1297 1106 1315; x_wconf 85' lang='lat'><strong>.</strong></span> <span class='ocrx_word' id='word_1_98' title='bbox 1129 1295 1143 1310; x_wconf 96' lang='lat'><strong>.</strong></span> <span class='ocrx_word' id='word_1_99' title='bbox 1176 1255 1470 1327; x_wconf 82' lang='lat' dir='ltr'><strong>diligitur];</strong></span> <span class='ocrx_word' id='word_1_100' title='bbox 1501 1266 1556 1311; x_wconf 89' lang='lat' dir='ltr'><strong>et</strong></span> <span class='ocrx_word' id='word_1_101' title='bbox 1585 1266 1843 1326; x_wconf 89' lang='lat' dir='ltr'><strong>quantum</strong></span> <span class='ocrx_word' id='word_1_102' title='bbox 1873 1259 1992 1312; x_wconf 89' lang='lat' dir='ltr'><strong>dili-</strong></span> 
     </span>
    </p>
   </div>
   <div class='ocr_carea' id='block_1_14' title="bbox 403 1345 1992 1416">
    <p class='ocr_par' dir='ltr' id='par_1_14' title="bbox 403 1345 1992 1416">
     <span class='ocr_line' id='line_1_14' title="bbox 403 1345 1992 1416; baseline 0.001 -16"><span class='ocrx_word' id='word_1_103' title='bbox 403 1356 582 1416; x_wconf 89' lang='lat' dir='ltr'><strong>gatur,</strong></span> <span class='ocrx_word' id='word_1_104' title='bbox 612 1361 826 1416; x_wconf 85' lang='lat' dir='ltr'><strong>semper</strong></span> <span class='ocrx_word' id='word_1_105' title='bbox 851 1348 904 1400; x_wconf 94' lang='lat' dir='ltr'><strong>in</strong></span> <span class='ocrx_word' id='word_1_106' title='bbox 927 1345 1188 1400; x_wconf 81' lang='lat' dir='ltr'><strong>memoria</strong></span> <span class='ocrx_word' id='word_1_107' title='bbox 1219 1345 1499 1400; x_wconf 84' lang='lat' dir='ltr'><strong>habeatur.</strong></span> <span class='ocrx_word' id='word_1_108' title='bbox 1528 1345 1638 1401; x_wconf 88' lang='lat' dir='ltr'><strong>Nec</strong></span> <span class='ocrx_word' id='word_1_109' title='bbox 1661 1346 1806 1402; x_wconf 90' lang='lat' dir='ltr'><strong>solus</strong></span> <span class='ocrx_word' id='word_1_110' title='bbox 1845 1346 1992 1402; x_wconf 78' lang='lat' dir='ltr'><strong>selli-</strong></span> 
     </span>
    </p>
   </div>
   <div class='ocr_carea' id='block_1_15' title="bbox 403 1436 1992 1506">
    <p class='ocr_par' dir='ltr' id='par_1_15' title="bbox 403 1436 1992 1506">
     <span class='ocr_line' id='line_1_15' title="bbox 403 1436 1992 1506; baseline 0.003 -16"><span class='ocrx_word' id='word_1_111' title='bbox 403 1437 479 1492; x_wconf 85' lang='lat' dir='ltr'><strong>cit</strong></span> <span class='ocrx_word' id='word_1_112' title='bbox 507 1437 572 1492; x_wconf 89' lang='lat' dir='ltr'><strong>de</strong></span> <span class='ocrx_word' id='word_1_113' title='bbox 601 1451 667 1491; x_wconf 88' lang='lat' dir='ltr'><strong>eo</strong></span> <span class='ocrx_word' id='word_1_114' title='bbox 697 1436 1021 1501; x_wconf 89' lang='lat' dir='ltr'><strong>intellectus,</strong></span> <span class='ocrx_word' id='word_1_115' title='bbox 1070 1439 1174 1493; x_wconf 90' lang='lat' dir='ltr'><strong>nisi</strong></span> <span class='ocrx_word' id='word_1_116' title='bbox 1219 1438 1313 1492; x_wconf 88' lang='lat' dir='ltr'><strong>ﬁat</strong></span> <span class='ocrx_word' id='word_1_117' title='bbox 1339 1439 1392 1491; x_wconf 89' lang='lat' dir='ltr'><strong>in</strong></span> <span class='ocrx_word' id='word_1_118' title='bbox 1421 1453 1603 1493; x_wconf 76' lang='lat' dir='ltr'><strong>artiore</strong></span> <span class='ocrx_word' id='word_1_119' title='bbox 1641 1437 1759 1506; x_wconf 86' lang='lat' dir='ltr'><strong>ejus</strong></span> <span class='ocrx_word' id='word_1_120' title='bbox 1804 1440 1992 1494; x_wconf 67' lang='lat' dir='ltr'><strong>volun-</strong></span> 
     </span>
    </p>
   </div>
   <div class='ocr_carea' id='block_1_16' title="bbox 402 1526 1992 1590">
    <p class='ocr_par' dir='ltr' id='par_1_16' title="bbox 402 1526 1992 1590">
     <span class='ocr_line' id='line_1_16' title="bbox 402 1526 1992 1590; baseline 0.002 -10"><span class='ocrx_word' id='word_1_121' title='bbox 402 1536 488 1581; x_wconf 86' lang='lat' dir='ltr'><strong>tas</strong></span> <span class='ocrx_word' id='word_1_122' title='bbox 517 1545 529 1579; x_wconf 88' lang='lat'>:</span> <span class='ocrx_word' id='word_1_123' title='bbox 561 1526 668 1580; x_wconf 90' lang='lat' dir='ltr'><strong>imo</strong></span> <span class='ocrx_word' id='word_1_124' title='bbox 692 1539 792 1581; x_wconf 86' lang='lat' dir='ltr'><strong>nec</strong></span> <span class='ocrx_word' id='word_1_125' title='bbox 826 1527 941 1583; x_wconf 70' lang='lat' dir='ltr'><strong>haec</strong></span> <span class='ocrx_word' id='word_1_126' title='bbox 986 1528 1090 1582; x_wconf 91' lang='lat' dir='ltr'><strong>duo</strong></span> <span class='ocrx_word' id='word_1_127' title='bbox 1120 1526 1415 1590; x_wconf 80' lang='lat' dir='ltr'><strong>sufﬁciunt,</strong></span> <span class='ocrx_word' id='word_1_128' title='bbox 1462 1527 1563 1581; x_wconf 90' lang='lat' dir='ltr'><strong>nisi</strong></span> <span class='ocrx_word' id='word_1_129' title='bbox 1598 1529 1857 1583; x_wconf 84' lang='lat' dir='ltr'><strong>memoria</strong></span> <span class='ocrx_word' id='word_1_130' title='bbox 1899 1530 1992 1583; x_wconf 88' lang='lat' dir='ltr'><strong>ad-</strong></span> 
     </span>
    </p>
   </div>
   <div class='ocr_carea' id='block_1_17' title="bbox 399 1615 1994 1688">
    <p class='ocr_par' dir='ltr' id='par_1_17' title="bbox 399 1615 1994 1688">
     <span class='ocr_line' id='line_1_17' title="bbox 399 1615 1994 1688; baseline 0.001 -18"><span class='ocrx_word' id='word_1_131' title='bbox 399 1617 582 1680; x_wconf 80' lang='lat' dir='ltr'><strong>datur,</strong></span> <span class='ocrx_word' id='word_1_132' title='bbox 611 1630 716 1684; x_wconf 90' lang='lat' dir='ltr'><strong>qua</strong></span> <span class='ocrx_word' id='word_1_133' title='bbox 746 1631 960 1686; x_wconf 90' lang='lat' dir='ltr'><strong>semper</strong></span> <span class='ocrx_word' id='word_1_134' title='bbox 994 1616 1048 1673; x_wconf 90' lang='lat' dir='ltr'><strong>in</strong></span> <span class='ocrx_word' id='word_1_135' title='bbox 1081 1626 1261 1671; x_wconf 87' lang='lat' dir='ltr'><strong>mente</strong></span> <span class='ocrx_word' id='word_1_136' title='bbox 1301 1615 1646 1687; x_wconf 81' lang='lat' dir='ltr'><strong>intelligentis</strong></span> <span class='ocrx_word' id='word_1_137' title='bbox 1671 1625 1728 1671; x_wconf 90' lang='lat' dir='ltr'><strong>et</strong></span> <span class='ocrx_word' id='word_1_138' title='bbox 1771 1617 1994 1688; x_wconf 79' lang='lat' dir='ltr'><strong>diligen-</strong></span> 
     </span>
    </p>
   </div>
   <div class='ocr_carea' id='block_1_18' title="bbox 405 1705 1994 1776">
    <p class='ocr_par' dir='ltr' id='par_1_18' title="bbox 405 1705 1994 1776">
     <span class='ocr_line' id='line_1_18' title="bbox 405 1705 1994 1776; baseline 0.003 -17"><span class='ocrx_word' id='word_1_139' title='bbox 405 1706 477 1760; x_wconf 91' lang='lat' dir='ltr'><strong>tis</strong></span> <span class='ocrx_word' id='word_1_140' title='bbox 501 1715 718 1768; x_wconf 87' lang='lat' dir='ltr'><strong>maneat</strong></span> <span class='ocrx_word' id='word_1_141' title='bbox 739 1705 910 1771; x_wconf 84' lang='lat' dir='ltr'><strong>Deus;</strong></span> <span class='ocrx_word' id='word_1_142' title='bbox 957 1708 1185 1762; x_wconf 87' lang='lat' dir='ltr'><strong>utsicut</strong></span> <span class='ocrx_word' id='word_1_143' title='bbox 1233 1706 1438 1762; x_wconf 88' lang='lat' dir='ltr'><strong>nullum</strong></span> <span class='ocrx_word' id='word_1_144' title='bbox 1489 1715 1669 1776; x_wconf 86' lang='lat' dir='ltr'><strong>potest</strong></span> <span class='ocrx_word' id='word_1_145' title='bbox 1713 1723 1833 1764; x_wconf 87' lang='lat' dir='ltr'><strong>esse</strong></span> <span class='ocrx_word' id='word_1_146' title='bbox 1879 1723 1994 1763; x_wconf 89' lang='lat' dir='ltr'><strong>mo-</strong></span> 
     </span>
    </p>
   </div>
   <div class='ocr_carea' id='block_1_19' title="bbox 402 1800 1981 1873">
    <p class='ocr_par' dir='ltr' id='par_1_19' title="bbox 402 1800 1981 1873">
     <span class='ocr_line' id='line_1_19' title="bbox 402 1800 1981 1873; baseline 0 -17"><span class='ocrx_word' id='word_1_147' title='bbox 402 1811 661 1862; x_wconf 90' lang='lat' dir='ltr'><strong>mentum,</strong></span> <span class='ocrx_word' id='word_1_148' title='bbox 696 1817 804 1871; x_wconf 89' lang='lat' dir='ltr'><strong>quo</strong></span> <span class='ocrx_word' id='word_1_149' title='bbox 847 1803 1010 1857; x_wconf 89' lang='lat' dir='ltr'><strong>homo</strong></span> <span class='ocrx_word' id='word_1_150' title='bbox 1054 1800 1205 1873; x_wconf 91' lang='lat' dir='ltr'><strong>[non]</strong></span> <span class='ocrx_word' id='word_1_151' title='bbox 1248 1808 1454 1866; x_wconf 84' lang='lat' dir='ltr'><strong>utatur,</strong></span> <span class='ocrx_word' id='word_1_152' title='bbox 1493 1800 1579 1855; x_wconf 80' lang='lat' dir='ltr'><strong>vel</strong></span> <span class='ocrx_word' id='word_1_153' title='bbox 1631 1800 1843 1855; x_wconf 84' lang='lat' dir='ltr'><strong>fruatur</strong></span> <span class='ocrx_word' id='word_1_154' title='bbox 1884 1801 1981 1856; x_wconf 89' lang='lat' dir='ltr'><strong>Dei</strong></span> 
     </span>
    </p>
   </div>
   <div class='ocr_carea' id='block_1_20' title="bbox 401 1891 1984 1958">
    <p class='ocr_par' dir='ltr' id='par_1_20' title="bbox 401 1891 1984 1958">
     <span class='ocr_line' id='line_1_20' title="bbox 401 1891 1984 1958; baseline -0.001 -8"><span class='ocrx_word' id='word_1_155' title='bbox 401 1895 640 1950; x_wconf 86' lang='lat' dir='ltr'><strong>bonitate</strong></span> <span class='ocrx_word' id='word_1_156' title='bbox 684 1904 740 1950; x_wconf 91' lang='lat' dir='ltr'><strong>et</strong></span> <span class='ocrx_word' id='word_1_157' title='bbox 784 1895 1189 1958; x_wconf 87' lang='lat' dir='ltr'><strong>misericordia;</strong></span> <span class='ocrx_word' id='word_1_158' title='bbox 1241 1894 1316 1948; x_wconf 88' lang='lat' dir='ltr'><strong>ita</strong></span> <span class='ocrx_word' id='word_1_159' title='bbox 1373 1891 1578 1948; x_wconf 91' lang='lat' dir='ltr'><strong>nullum</strong></span> <span class='ocrx_word' id='word_1_160' title='bbox 1625 1892 1819 1947; x_wconf 89' lang='lat' dir='ltr'><strong>debeat</strong></span> <span class='ocrx_word' id='word_1_161' title='bbox 1866 1908 1984 1948; x_wconf 89' lang='lat' dir='ltr'><strong>esse</strong></span> 
     </span>
    </p>
   </div>
   <div class='ocr_carea' id='block_1_21' title="bbox 399 1982 1986 2054">
    <p class='ocr_par' dir='ltr' id='par_1_21' title="bbox 399 1982 1986 2054">
     <span class='ocr_line' id='line_1_21' title="bbox 399 1982 1986 2054; baseline 0 -16"><span class='ocrx_word' id='word_1_162' title='bbox 399 1992 757 2049; x_wconf 87' lang='lat' dir='ltr'><strong>momentum,</strong></span> <span class='ocrx_word' id='word_1_163' title='bbox 787 1999 894 2054; x_wconf 90' lang='lat' dir='ltr'><strong>quo</strong></span> <span class='ocrx_word' id='word_1_164' title='bbox 921 1993 1241 2054; x_wconf 61' lang='lat' dir='ltr'><strong>praesentem</strong></span> <span class='ocrx_word' id='word_1_165' title='bbox 1275 1999 1397 2038; x_wconf 91' lang='lat' dir='ltr'><strong>eum</strong></span> <span class='ocrx_word' id='word_1_166' title='bbox 1427 1997 1533 2037; x_wconf 92' lang='lat' dir='ltr'><strong>non</strong></span> <span class='ocrx_word' id='word_1_167' title='bbox 1562 1983 1762 2037; x_wconf 86' lang='lat' dir='ltr'><strong>habeat</strong></span> <span class='ocrx_word' id='word_1_168' title='bbox 1790 1982 1844 2036; x_wconf 93' lang='lat' dir='ltr'><strong>in</strong></span> <span class='ocrx_word' id='word_1_169' title='bbox 1874 1997 1986 2038; x_wconf 84' lang='lat' dir='ltr'><strong>me-</strong></span> 
     </span>
    </p>
   </div>
   <div class='ocr_carea' id='block_1_22' title="bbox 399 2074 1405 2144">
    <p class='ocr_par' dir='ltr' id='par_1_22' title="bbox 399 2074 1405 2144">
     <span class='ocr_line' id='line_1_22' title="bbox 399 2074 1405 2144; baseline -0.004 -15"><span class='ocrx_word' id='word_1_170' title='bbox 399 2078 594 2130; x_wconf 88' lang='lat' dir='ltr'><strong>moria.</strong></span> <span class='ocrx_word' id='word_1_171' title='bbox 619 2075 686 2129; x_wconf 85' lang='lat' dir='ltr'><strong>Et</strong></span> <span class='ocrx_word' id='word_1_172' title='bbox 711 2075 826 2131; x_wconf 66' lang='lat' dir='ltr'><strong>haec</strong></span> <span class='ocrx_word' id='word_1_173' title='bbox 854 2074 917 2128; x_wconf 88' lang='lat' dir='ltr'><strong>de</strong></span> <span class='ocrx_word' id='word_1_174' title='bbox 938 2075 1166 2144; x_wconf 79' lang='lat' dir='ltr'><strong>imagine</strong></span> <span class='ocrx_word' id='word_1_175' title='bbox 1188 2074 1405 2128; x_wconf 90' lang='lat' dir='ltr'><strong>habeto.</strong></span> 
     </span>
    </p>
   </div>
   <div class='ocr_carea' id='block_1_23' title="bbox 471 2161 1984 2233">
    <p class='ocr_par' dir='ltr' id='par_1_23' title="bbox 471 2161 1984 2233">
     <span class='ocr_line' id='line_1_23' title="bbox 471 2161 1984 2233; baseline -0.001 -15"><span class='ocrx_word' id='word_1_176' title='bbox 471 2164 584 2220; x_wconf 82' lang='lat' dir='ltr'><strong>Hoc</strong></span> <span class='ocrx_word' id='word_1_177' title='bbox 614 2180 746 2220; x_wconf 80' lang='lat' dir='ltr'><strong>vero</strong></span> <span class='ocrx_word' id='word_1_178' title='bbox 772 2179 914 2218; x_wconf 92' lang='lat' dir='ltr'><strong>nunc</strong></span> <span class='ocrx_word' id='word_1_179' title='bbox 935 2164 999 2217; x_wconf 89' lang='lat' dir='ltr'><strong>de</strong></span> <span class='ocrx_word' id='word_1_180' title='bbox 1017 2161 1361 2216; x_wconf 78' lang='lat' dir='ltr'><strong>similitudine</strong></span> <span class='ocrx_word' id='word_1_181' title='bbox 1383 2161 1560 2230; x_wconf 90' lang='lat' dir='ltr'><strong>aliqua</strong></span> <span class='ocrx_word' id='word_1_182' title='bbox 1591 2162 1846 2233; x_wconf 83' lang='lat' dir='ltr'><strong>intelligo,</strong></span> <span class='ocrx_word' id='word_1_183' title='bbox 1863 2177 1984 2231; x_wconf 61' lang='lat' dir='ltr'><strong>qua</strong></span> 
     </span>
    </p>
   </div>
   <div class='ocr_carea' id='block_1_24' title="bbox 399 2252 2004 2332">
    <p class='ocr_par' dir='ltr' id='par_1_24' title="bbox 399 2252 2004 2332">
     <span class='ocr_line' id='line_1_24' title="bbox 399 2252 2004 2332; baseline -0.003 -21"><span class='ocrx_word' id='word_1_184' title='bbox 399 2259 453 2328; x_wconf 82' lang='lat' dir='ltr'><strong>in</strong></span> <span class='ocrx_word' id='word_1_185' title='bbox 490 2257 731 2312; x_wconf 92' lang='lat' dir='ltr'><strong>moribus</strong></span> <span class='ocrx_word' id='word_1_186' title='bbox 758 2254 892 2332; x_wconf 63' lang='grc' dir='ltr'><strong>[ΑΙἼ</strong></span> <span class='ocrx_word' id='word_1_187' title='bbox 936 2252 1256 2327; x_wconf 89' lang='lat' dir='ltr'><strong>minoribus]</strong></span> <span class='ocrx_word' id='word_1_188' title='bbox 1285 2255 1557 2308; x_wconf 90' lang='lat' dir='ltr'><strong>cernenda</strong></span> <span class='ocrx_word' id='word_1_189' title='bbox 1587 2262 1672 2309; x_wconf 90' lang='lat' dir='ltr'><strong>est</strong></span> <span class='ocrx_word' id='word_1_190' title='bbox 1701 2273 1712 2306; x_wconf 92' lang='lat'><strong>:</strong></span> <span class='ocrx_word' id='word_1_191' title='bbox 1746 2262 1805 2309; x_wconf 89' lang='lat' dir='ltr'><strong>ut</strong></span> <span class='ocrx_word' id='word_1_192' title='bbox 1845 2254 2004 2320; x_wconf 74' lang='lat' dir='ltr'><strong>sicut</strong></span> 
     </span>
    </p>
   </div>
   <div class='ocr_carea' id='block_1_25' title="bbox 399 2343 1981 2415">
    <p class='ocr_par' dir='ltr' id='par_1_25' title="bbox 399 2343 1981 2415">
     <span class='ocr_line' id='line_1_25' title="bbox 399 2343 1981 2415; baseline -0.001 -16"><span class='ocrx_word' id='word_1_193' title='bbox 399 2348 541 2405; x_wconf 83' lang='lat' dir='ltr'><strong>Deus</strong></span> <span class='ocrx_word' id='word_1_194' title='bbox 568 2345 814 2410; x_wconf 82' lang='lat' dir='ltr'><strong>Creator,</strong></span> <span class='ocrx_word' id='word_1_195' title='bbox 840 2345 933 2415; x_wconf 86' lang='lat' dir='ltr'><strong>qui</strong></span> <span class='ocrx_word' id='word_1_196' title='bbox 964 2344 1237 2401; x_wconf 89' lang='lat' dir='ltr'><strong>hominem</strong></span> <span class='ocrx_word' id='word_1_197' title='bbox 1279 2345 1348 2398; x_wconf 91' lang='lat' dir='ltr'><strong>ad</strong></span> <span class='ocrx_word' id='word_1_198' title='bbox 1395 2343 1798 2400; x_wconf 87' lang='lat' dir='ltr'><strong>similitudinem</strong></span> <span class='ocrx_word' id='word_1_199' title='bbox 1827 2359 1981 2398; x_wconf 90' lang='lat' dir='ltr'><strong>suam</strong></span> 
     </span>
    </p>
   </div>
   <div class='ocr_carea' id='block_1_26' title="bbox 399 2435 1983 2507">
    <p class='ocr_par' dir='ltr' id='par_1_26' title="bbox 399 2435 1983 2507">
     <span class='ocr_line' id='line_1_26' title="bbox 399 2435 1983 2507; baseline -0.001 -14"><span class='ocrx_word' id='word_1_200' title='bbox 399 2439 627 2502; x_wconf 73' lang='lat' dir='ltr'><strong>ereavit,</strong></span> <span class='ocrx_word' id='word_1_201' title='bbox 674 2444 757 2492; x_wconf 93' lang='lat' dir='ltr'><strong>est</strong></span> <span class='ocrx_word' id='word_1_202' title='bbox 785 2437 1044 2501; x_wconf 86' lang='lat' dir='ltr'><strong>charitas,</strong></span> <span class='ocrx_word' id='word_1_203' title='bbox 1097 2445 1182 2491; x_wconf 90' lang='lat' dir='ltr'><strong>est</strong></span> <span class='ocrx_word' id='word_1_204' title='bbox 1211 2435 1384 2491; x_wconf 91' lang='lat' dir='ltr'><strong>bonus</strong></span> <span class='ocrx_word' id='word_1_205' title='bbox 1430 2443 1484 2492; x_wconf 89' lang='lat' dir='ltr'><strong>et</strong></span> <span class='ocrx_word' id='word_1_206' title='bbox 1526 2436 1725 2506; x_wconf 88' lang='lat' dir='ltr'><strong>justus,</strong></span> <span class='ocrx_word' id='word_1_207' title='bbox 1771 2437 1983 2507; x_wconf 84' lang='lat' dir='ltr'><strong>patiens</strong></span> 
     </span>
    </p>
   </div>
   <div class='ocr_carea' id='block_1_27' title="bbox 399 2527 1982 2600">
    <p class='ocr_par' dir='ltr' id='par_1_27' title="bbox 399 2527 1982 2600">
     <span class='ocr_line' id='line_1_27' title="bbox 399 2527 1982 2600; baseline -0.002 -17"><span class='ocrx_word' id='word_1_208' title='bbox 399 2539 562 2600; x_wconf 78' lang='lat' dir='ltr'><strong>atque</strong></span> <span class='ocrx_word' id='word_1_209' title='bbox 590 2529 758 2600; x_wconf 80' lang='lat' dir='ltr'><strong>mitis,</strong></span> <span class='ocrx_word' id='word_1_210' title='bbox 780 2529 1030 2598; x_wconf 84' lang='lat' dir='ltr'><strong>mundus,</strong></span> <span class='ocrx_word' id='word_1_211' title='bbox 1059 2527 1388 2594; x_wconf 81' lang='lat' dir='ltr'><strong>misericors,</strong></span> <span class='ocrx_word' id='word_1_212' title='bbox 1417 2536 1472 2581; x_wconf 91' lang='lat' dir='ltr'><strong>et</strong></span> <span class='ocrx_word' id='word_1_213' title='bbox 1502 2534 1698 2592; x_wconf 73' lang='lat' dir='ltr'><strong>cretera</strong></span> <span class='ocrx_word' id='word_1_214' title='bbox 1721 2527 1982 2596; x_wconf 83' lang='lat' dir='ltr'><strong>virtutum</strong></span> 
     </span>
    </p>
   </div>
   <div class='ocr_carea' id='block_1_28' title="bbox 400 2616 1984 2690">
    <p class='ocr_par' dir='ltr' id='par_1_28' title="bbox 400 2616 1984 2690">
     <span class='ocr_line' id='line_1_28' title="bbox 400 2616 1984 2690; baseline -0.002 -16"><span class='ocrx_word' id='word_1_215' title='bbox 400 2627 714 2674; x_wconf 81' lang='lat' dir='ltr'><strong>sanctarum</strong></span> <span class='ocrx_word' id='word_1_216' title='bbox 759 2619 988 2689; x_wconf 86' lang='lat' dir='ltr'><strong>insignia</strong></span> <span class='ocrx_word' id='word_1_217' title='bbox 1011 2632 1130 2687; x_wconf 64' lang='lat' dir='ltr'><strong>quae</strong></span> <span class='ocrx_word' id='word_1_218' title='bbox 1159 2616 1226 2672; x_wconf 87' lang='lat' dir='ltr'><strong>de</strong></span> <span class='ocrx_word' id='word_1_219' title='bbox 1265 2632 1331 2671; x_wconf 92' lang='lat' dir='ltr'><strong>eo</strong></span> <span class='ocrx_word' id='word_1_220' title='bbox 1359 2616 1647 2687; x_wconf 88' lang='lat' dir='ltr'><strong>leguntur:</strong></span> <span class='ocrx_word' id='word_1_221' title='bbox 1697 2617 1772 2670; x_wconf 92' lang='lat' dir='ltr'><strong>ita</strong></span> <span class='ocrx_word' id='word_1_222' title='bbox 1821 2617 1984 2690; x_wconf 83' lang='lat' dir='ltr'><strong>homo</strong></span> 
     </span>
    </p>
   </div>
   <div class='ocr_carea' id='block_1_29' title="bbox 397 2707 1990 2781">
    <p class='ocr_par' dir='ltr' id='par_1_29' title="bbox 397 2707 1990 2781">
     <span class='ocr_line' id='line_1_29' title="bbox 397 2707 1990 2781; baseline -0.003 -14"><span class='ocrx_word' id='word_1_223' title='bbox 397 2721 613 2777; x_wconf 85' lang='lat' dir='ltr'><strong>creatus</strong></span> <span class='ocrx_word' id='word_1_224' title='bbox 645 2719 730 2780; x_wconf 86' lang='lat' dir='ltr'><strong>est</strong></span> <span class='ocrx_word' id='word_1_225' title='bbox 759 2718 820 2777; x_wconf 88' lang='lat' dir='ltr'><strong>ut</strong></span> <span class='ocrx_word' id='word_1_226' title='bbox 845 2710 1166 2781; x_wconf 76' lang='lat' dir='ltr'><strong>charitatem</strong></span> <span class='ocrx_word' id='word_1_227' title='bbox 1191 2708 1441 2773; x_wconf 90' lang='lat' dir='ltr'><strong>haberet,</strong></span> <span class='ocrx_word' id='word_1_228' title='bbox 1471 2716 1533 2762; x_wconf 91' lang='lat' dir='ltr'><strong>ut</strong></span> <span class='ocrx_word' id='word_1_229' title='bbox 1553 2707 1728 2763; x_wconf 89' lang='lat' dir='ltr'><strong>bonus</strong></span> <span class='ocrx_word' id='word_1_230' title='bbox 1766 2715 1912 2764; x_wconf 89' lang='lat' dir='ltr'><strong>esset</strong></span> <span class='ocrx_word' id='word_1_231' title='bbox 1931 2715 1990 2762; x_wconf 88' lang='lat' dir='ltr'><strong>et</strong></span> 
     </span>
    </p>
   </div>
   <div class='ocr_carea' id='block_1_30' title="bbox 397 2797 1988 2874">
    <p class='ocr_par' dir='ltr' id='par_1_30' title="bbox 397 2797 1988 2874">
     <span class='ocr_line' id='line_1_30' title="bbox 397 2797 1988 2874; baseline -0.003 -18"><span class='ocrx_word' id='word_1_232' title='bbox 397 2804 597 2874; x_wconf 82' lang='lat' dir='ltr'><strong>justus,</strong></span> <span class='ocrx_word' id='word_1_233' title='bbox 627 2801 838 2874; x_wconf 88' lang='lat' dir='ltr'><strong>patiens</strong></span> <span class='ocrx_word' id='word_1_234' title='bbox 882 2810 1042 2871; x_wconf 91' lang='lat' dir='ltr'><strong>atque</strong></span> <span class='ocrx_word' id='word_1_235' title='bbox 1095 2799 1260 2865; x_wconf 91' lang='lat' dir='ltr'><strong>mitis,</strong></span> <span class='ocrx_word' id='word_1_236' title='bbox 1303 2799 1535 2853; x_wconf 89' lang='lat' dir='ltr'><strong>mundus</strong></span> <span class='ocrx_word' id='word_1_237' title='bbox 1575 2806 1630 2852; x_wconf 94' lang='lat' dir='ltr'><strong>et</strong></span> <span class='ocrx_word' id='word_1_238' title='bbox 1677 2797 1988 2853; x_wconf 88' lang='lat' dir='ltr'><strong>misericors</strong></span> 
     </span>
    </p>
   </div>
   <div class='ocr_carea' id='block_1_31' title="bbox 405 2888 1987 2960">
    <p class='ocr_par' dir='ltr' id='par_1_31' title="bbox 405 2888 1987 2960">
     <span class='ocr_line' id='line_1_31' title="bbox 405 2888 1987 2960; baseline -0.002 -13"><span class='ocrx_word' id='word_1_239' title='bbox 405 2892 562 2954; x_wconf 79' lang='lat' dir='ltr'><strong>foret.</strong></span> <span class='ocrx_word' id='word_1_240' title='bbox 616 2891 762 2960; x_wconf 83' lang='lat' dir='ltr'><strong>Quas</strong></span> <span class='ocrx_word' id='word_1_241' title='bbox 810 2893 1038 2946; x_wconf 79' lang='lat' dir='ltr'><strong>virtutes</strong></span> <span class='ocrx_word' id='word_1_242' title='bbox 1081 2897 1285 2960; x_wconf 89' lang='lat' dir='ltr'><strong>quanto</strong></span> <span class='ocrx_word' id='word_1_243' title='bbox 1311 2889 1433 2959; x_wconf 91' lang='lat' dir='ltr'><strong>plus</strong></span> <span class='ocrx_word' id='word_1_244' title='bbox 1462 2889 1689 2958; x_wconf 89' lang='lat' dir='ltr'><strong>quisque</strong></span> <span class='ocrx_word' id='word_1_245' title='bbox 1726 2888 1782 2943; x_wconf 92' lang='lat' dir='ltr'><strong>in</strong></span> <span class='ocrx_word' id='word_1_246' title='bbox 1809 2889 1987 2959; x_wconf 89' lang='lat' dir='ltr'><strong>seipso</strong></span> 
     </span>
    </p>
   </div>
   <div class='ocr_carea' id='block_1_32' title="bbox 405 3027 518 3058">
    <p class='ocr_par' dir='ltr' id='par_1_32' title="bbox 405 3027 518 3058">
     <span class='ocr_line' id='line_1_32' title="bbox 405 3027 518 3058; baseline -0.009 -19"><span class='ocrx_word' id='word_1_247' title='bbox 405 3027 518 3058; x_wconf 59' lang='grc' dir='ltr'><strong>τ.-</strong></span> 
     </span>
    </p>
   </div>
   <div class='ocr_carea' id='block_1_33' title="bbox 831 3283 1552 3348">
    <p class='ocr_par' dir='ltr' id='par_1_33' title="bbox 831 3283 1552 3348">
     <span class='ocr_line' id='line_1_33' title="bbox 831 3283 1552 3348; baseline -0.008 -5"><span class='ocrx_word' id='word_1_248' title='bbox 831 3286 1145 3345; x_wconf 75' lang='lat' dir='ltr'><strong>MONITUM</strong></span> <span class='ocrx_word' id='word_1_249' title='bbox 1194 3283 1552 3348; x_wconf 56' lang='lat' dir='ltr'><strong>PRIEVIUM.</strong></span> 
     </span>
    </p>
   </div>
   <div class='ocr_carea' id='block_1_34' title="bbox 473 3394 1989 3466">
    <p class='ocr_par' dir='ltr' id='par_1_34' title="bbox 473 3394 1989 3466">
     <span class='ocr_line' id='line_1_34' title="bbox 473 3394 1989 3466; baseline -0.009 -6"><span class='ocrx_word' id='word_1_250' title='bbox 473 3406 623 3460; x_wconf 79' lang='lat' dir='ltr'><strong>Hattc</strong></span> <span class='ocrx_word' id='word_1_251' title='bbox 645 3399 1018 3457; x_wconf 82' lang='lat' dir='ltr'><strong>brevissimam</strong></span> <span class='ocrx_word' id='word_1_252' title='bbox 1043 3395 1292 3466; x_wconf 82' lang='lat' dir='ltr'><strong>Deealogi</strong></span> <span class='ocrx_word' id='word_1_253' title='bbox 1321 3395 1714 3466; x_wconf 70' lang='lat' dir='ltr'><strong>expositionem</strong></span> <span class='ocrx_word' id='word_1_254' title='bbox 1733 3394 1796 3447; x_wconf 90' lang='lat' dir='ltr'><strong>D.</strong></span> <span class='ocrx_word' id='word_1_255' title='bbox 1811 3395 1989 3466; x_wconf 86' lang='lat' dir='ltr'><strong>Lucas</strong></span> 
     </span>
    </p>
   </div>
   <div class='ocr_carea' id='block_1_35' title="bbox 404 3463 1988 3536">
    <p class='ocr_par' dir='ltr' id='par_1_35' title="bbox 404 3463 1988 3536">
     <span class='ocr_line' id='line_1_35' title="bbox 404 3463 1988 3536; baseline -0.009 -3"><span class='ocrx_word' id='word_1_256' title='bbox 404 3473 657 3536; x_wconf 79' lang='lat' dir='ltr'><strong>d‘Acheri</strong></span> <span class='ocrx_word' id='word_1_257' title='bbox 703 3487 734 3527; x_wconf 89' lang='lat' dir='ltr'><strong>e</strong></span> <span class='ocrx_word' id='word_1_258' title='bbox 761 3471 883 3526; x_wconf 89' lang='lat' dir='ltr'><strong>cod.</strong></span> <span class='ocrx_word' id='word_1_259' title='bbox 915 3484 1018 3523; x_wconf 88' lang='lat' dir='ltr'><strong>ms.</strong></span> <span class='ocrx_word' id='word_1_260' title='bbox 1053 3466 1111 3520; x_wconf 88' lang='lat' dir='ltr'><strong>S.</strong></span> <span class='ocrx_word' id='word_1_261' title='bbox 1157 3463 1412 3536; x_wconf 77' lang='lat' dir='ltr'><strong>Germani</strong></span> <span class='ocrx_word' id='word_1_262' title='bbox 1441 3481 1472 3518; x_wconf 90' lang='lat' dir='ltr'><strong>a</strong></span> <span class='ocrx_word' id='word_1_263' title='bbox 1499 3463 1678 3536; x_wconf 86' lang='lat' dir='ltr'><strong>Pratis</strong></span> <span class='ocrx_word' id='word_1_264' title='bbox 1703 3479 1830 3536; x_wconf 72' lang='lat' dir='ltr'><strong>cum</strong></span> <span class='ocrx_word' id='word_1_265' title='bbox 1867 3465 1988 3536; x_wconf 88' lang='lat' dir='ltr'><strong>aliis</strong></span> 
     </span>
    </p>
   </div>
   <div class='ocr_carea' id='block_1_36' title="bbox 402 3531 1987 3604">
    <p class='ocr_par' dir='ltr' id='par_1_36' title="bbox 402 3531 1987 3604">
     <span class='ocr_line' id='line_1_36' title="bbox 402 3531 1987 3604; baseline -0.009 -2"><span class='ocrx_word' id='word_1_266' title='bbox 402 3531 611 3602; x_wconf 80' lang='lat' dir='ltr'><strong>duabus</strong></span> <span class='ocrx_word' id='word_1_267' title='bbox 633 3541 874 3604; x_wconf 84' lang='lat' dir='ltr'><strong>epistolis</strong></span> <span class='ocrx_word' id='word_1_268' title='bbox 894 3540 955 3594; x_wconf 85' lang='grc' dir='ltr'><strong>Β.</strong></span> <span class='ocrx_word' id='word_1_269' title='bbox 984 3535 1194 3592; x_wconf 83' lang='lat' dir='ltr'><strong>Alcuini</strong></span> <span class='ocrx_word' id='word_1_270' title='bbox 1225 3534 1333 3588; x_wconf 89' lang='lat' dir='ltr'><strong>:De</strong></span> <span class='ocrx_word' id='word_1_271' title='bbox 1363 3535 1752 3604; x_wconf 81' lang='lat' dir='ltr'><strong>comparatione</strong></span> <span class='ocrx_word' id='word_1_272' title='bbox 1789 3531 1987 3587; x_wconf 80' lang='lat' dir='ltr'><strong>Veteris</strong></span> 
     </span>
    </p>
   </div>
   <div class='ocr_carea' id='block_1_37' title="bbox 400 3603 1985 3674">
    <p class='ocr_par' dir='ltr' id='par_1_37' title="bbox 400 3603 1985 3674">
     <span class='ocr_line' id='line_1_37' title="bbox 400 3603 1985 3674; baseline -0.009 -2"><span class='ocrx_word' id='word_1_273' title='bbox 400 3636 462 3672; x_wconf 87' lang='lat' dir='ltr'><strong>ac</strong></span> <span class='ocrx_word' id='word_1_274' title='bbox 489 3609 626 3670; x_wconf 78' lang='lat' dir='ltr'><strong>Novi</strong></span> <span class='ocrx_word' id='word_1_275' title='bbox 650 3603 986 3673; x_wconf 79' lang='lat' dir='ltr'><strong>Testamenti,</strong></span> <span class='ocrx_word' id='word_1_276' title='bbox 1017 3616 1073 3663; x_wconf 89' lang='lat' dir='ltr'><strong>et</strong></span> <span class='ocrx_word' id='word_1_277' title='bbox 1101 3624 1113 3659; x_wconf 94' lang='lat'>:</span> <span class='ocrx_word' id='word_1_278' title='bbox 1138 3606 1216 3660; x_wconf 87' lang='lat' dir='ltr'><strong>De</strong></span> <span class='ocrx_word' id='word_1_279' title='bbox 1237 3605 1400 3658; x_wconf 84' lang='lat' dir='ltr'><strong>tribus</strong></span> <span class='ocrx_word' id='word_1_280' title='bbox 1433 3603 1705 3674; x_wconf 78' lang='lat' dir='ltr'><strong>generibus</strong></span> <span class='ocrx_word' id='word_1_281' title='bbox 1729 3604 1985 3674; x_wconf 76' lang='lat' dir='ltr'><strong>uisionum</strong></span> 
     </span>
    </p>
   </div>
   <div class='ocr_carea' id='block_1_38' title="bbox 399 3673 1983 3756">
    <p class='ocr_par' dir='ltr' id='par_1_38' title="bbox 399 3673 1983 3756">
     <span class='ocr_line' id='line_1_38' title="bbox 399 3673 1983 3756; baseline -0.011 -14"><span class='ocrx_word' id='word_1_282' title='bbox 399 3687 544 3754; x_wconf 63' lang='lat' dir='ltr'><strong>(Vid.</strong></span> <span class='ocrx_word' id='word_1_283' title='bbox 576 3685 731 3756; x_wconf 84' lang='lat' dir='ltr'><strong>epist.</strong></span> <span class='ocrx_word' id='word_1_284' title='bbox 761 3682 871 3756; x_wconf 61' lang='grc'><strong>2115</strong></span> <span class='ocrx_word' id='word_1_285' title='bbox 898 3675 1330 3756; x_wconf 52' lang='lat' dir='ltr'><strong>et_20t),‘edidit</strong></span> <span class='ocrx_word' id='word_1_286' title='bbox 1353 3673 1484 3756; x_wconf 75' lang='lat' dir='ltr'><strong>tom.</strong></span> <span class='ocrx_word' id='word_1_287' title='bbox 1529 3673 1591 3727; x_wconf 86' lang='lat' dir='ltr'><strong>Ill</strong></span> <span class='ocrx_word' id='word_1_288' title='bbox 1617 3673 1829 3756; x_wconf 75' lang='lat' dir='ltr'><strong>S_picil.,</strong></span> <span class='ocrx_word' id='word_1_289' title='bbox 1861 3688 1983 3756; x_wconf 59' lang='lat' dir='ltr'><strong>pag:</strong></span> 
     </span>
    </p>
   </div>
   <div class='ocr_carea' id='block_1_39' title="bbox 401 3744 1987 3815">
    <p class='ocr_par' dir='ltr' id='par_1_39' title="bbox 401 3744 1987 3815">
     <span class='ocr_line' id='line_1_39' title="bbox 401 3744 1987 3815; baseline -0.011 -3"><span class='ocrx_word' id='word_1_290' title='bbox 401 3744 524 3815; x_wconf 63' lang='lat' dir='ltr'><strong>32L</strong></span> <span class='ocrx_word' id='word_1_291' title='bbox 562 3744 714 3813; x_wconf 76' lang='lat' dir='ltr'><strong>Unde</strong></span> <span class='ocrx_word' id='word_1_292' title='bbox 759 3752 904 3808; x_wconf 89' lang='lat' dir='ltr'><strong>illam</strong></span> <span class='ocrx_word' id='word_1_293' title='bbox 953 3744 1581 3815; x_wconf 51' lang='lat' dir='ltr'><strong>huc&#39;transcripsimus;</strong></span> <span class='ocrx_word' id='word_1_294' title='bbox 1633 3753 1787 3806; x_wconf 89' lang='lat' dir='ltr'><strong>tum,</strong></span> <span class='ocrx_word' id='word_1_295' title='bbox 1844 3744 1987 3812; x_wconf 90' lang='lat' dir='ltr'><strong>quod</strong></span> 
     </span>
    </p>
   </div>
   <div class='ocr_carea' id='block_1_40' title="bbox 401 3815 1986 3905">
    <p class='ocr_par' dir='ltr' id='par_1_40' title="bbox 401 3815 1986 3905">
     <span class='ocr_line' id='line_1_40' title="bbox 401 3815 1986 3905; baseline -0.009 -25"><span class='ocrx_word' id='word_1_296' title='bbox 401 3817 595 3905; x_wconf 74' lang='lat' dir='ltr'><strong>[ariua_</strong></span> <span class='ocrx_word' id='word_1_297' title='bbox 631 3820 1156 3905; x_wconf 54' lang='lat' dir='ltr'><strong>epistolarincareat;</strong></span> <span class='ocrx_word' id='word_1_298' title='bbox 1201 3826 1344 3905; x_wconf 76' lang='lat' dir='ltr'><strong>tum,</strong></span> <span class='ocrx_word' id='word_1_299' title='bbox 1375 3815 1543 3905; x_wconf 58' lang='lat' dir='ltr'><strong>quod</strong></span> <span class='ocrx_word' id='word_1_300' title='bbox 1589 3815 1818 3882; x_wconf 79' lang='lat' dir='ltr'><strong>materia</strong></span> <span class='ocrx_word' id='word_1_301' title='bbox 1861 3828 1986 3869; x_wconf 90' lang='lat' dir='ltr'><strong>cum</strong></span> 
     </span>
    </p>
   </div>
   <div class='ocr_carea' id='block_1_41' title="bbox 397 3888 1517 3974">
    <p class='ocr_par' dir='ltr' id='par_1_41' title="bbox 397 3888 1517 3974">
     <span class='ocr_line' id='line_1_41' title="bbox 397 3888 1517 3974; baseline -0.012 -23"><span class='ocrx_word' id='word_1_302' title='bbox 397 3888 795 3974; x_wconf 59' lang='lat' dir='ltr'><strong>QllLCSilOleUS</strong></span> <span class='ocrx_word' id='word_1_303' title='bbox 822 3892 875 3944; x_wconf 91' lang='lat' dir='ltr'><strong>in</strong></span> <span class='ocrx_word' id='word_1_304' title='bbox 897 3888 1131 3944; x_wconf 89' lang='lat' dir='ltr'><strong>Genesin</strong></span> <span class='ocrx_word' id='word_1_305' title='bbox 1160 3901 1402 3942; x_wconf 78' lang='lat' dir='ltr'><strong>connexa</strong></span> <span class='ocrx_word' id='word_1_306' title='bbox 1429 3888 1517 3944; x_wconf 87' lang='lat' dir='ltr'><strong>sit.</strong></span> 
     </span>
    </p>
   </div>
   <div class='ocr_carea' id='block_1_42' title="bbox 474 4019 1988 4100">
    <p class='ocr_par' dir='ltr' id='par_1_42' title="bbox 474 4019 1988 4100">
     <span class='ocr_line' id='line_1_42' title="bbox 474 4019 1988 4100; baseline -0.011 -14"><span class='ocrx_word' id='word_1_307' title='bbox 474 4033 573 4086; x_wconf 89' lang='lat' dir='ltr'><strong>Dat</strong></span> <span class='ocrx_word' id='word_1_308' title='bbox 608 4029 772 4100; x_wconf 89' lang='lat' dir='ltr'><strong>igitur</strong></span> <span class='ocrx_word' id='word_1_309' title='bbox 811 4024 1071 4082; x_wconf 86' lang='lat' dir='ltr'><strong>Dominus</strong></span> <span class='ocrx_word' id='word_1_310' title='bbox 1098 4021 1266 4092; x_wconf 84' lang='lat' dir='ltr'><strong>Moysi</strong></span> <span class='ocrx_word' id='word_1_311' title='bbox 1295 4020 1470 4091; x_wconf 81' lang='lat' dir='ltr'><strong>legem</strong></span> <span class='ocrx_word' id='word_1_312' title='bbox 1517 4019 1838 4074; x_wconf 64' lang='lat' dir='ltr'><strong>innocentiae</strong></span> <span class='ocrx_word' id='word_1_313' title='bbox 1885 4031 1988 4071; x_wconf 85' lang='lat' dir='ltr'><strong>no-</strong></span> 
     </span>
    </p>
   </div>
   <div class='ocr_carea' id='block_1_43' title="bbox 397 4107 1987 4191">
    <p class='ocr_par' dir='ltr' id='par_1_43' title="bbox 397 4107 1987 4191">
     <span class='ocr_line' id='line_1_43' title="bbox 397 4107 1987 4191; baseline -0.012 -10"><span class='ocrx_word' id='word_1_314' title='bbox 397 4137 525 4181; x_wconf 71' lang='lat' dir='ltr'><strong>stne</strong></span> <span class='ocrx_word' id='word_1_315' title='bbox 549 4132 605 4178; x_wconf 92' lang='lat' dir='ltr'><strong>et</strong></span> <span class='ocrx_word' id='word_1_316' title='bbox 630 4118 953 4191; x_wconf 88' lang='lat' dir='ltr'><strong>cognitionis</strong></span> <span class='ocrx_word' id='word_1_317' title='bbox 979 4131 1108 4177; x_wconf 73' lang='lat' dir='ltr'><strong>sum,</strong></span> <span class='ocrx_word' id='word_1_318' title='bbox 1140 4113 1495 4181; x_wconf 86' lang='lat' dir='ltr'><strong>eamdemque</strong></span> <span class='ocrx_word' id='word_1_319' title='bbox 1521 4111 1576 4165; x_wconf 92' lang='lat' dir='ltr'><strong>in</strong></span> <span class='ocrx_word' id='word_1_320' title='bbox 1605 4109 1792 4165; x_wconf 89' lang='lat' dir='ltr'><strong>decem</strong></span> <span class='ocrx_word' id='word_1_321' title='bbox 1824 4107 1987 4163; x_wconf 81' lang='lat' dir='ltr'><strong>verba</strong></span> 
     </span>
    </p>
   </div>
   <div class='ocr_carea' id='block_1_44' title="bbox 399 4200 1987 4277">
    <p class='ocr_par' dir='ltr' id='par_1_44' title="bbox 399 4200 1987 4277">
     <span class='ocr_line' id='line_1_44' title="bbox 399 4200 1987 4277; baseline -0.013 -3"><span class='ocrx_word' id='word_1_322' title='bbox 399 4215 704 4277; x_wconf 85' lang='lat' dir='ltr'><strong>constituit,</strong></span> <span class='ocrx_word' id='word_1_323' title='bbox 731 4219 788 4266; x_wconf 90' lang='lat' dir='ltr'><strong>et</strong></span> <span class='ocrx_word' id='word_1_324' title='bbox 830 4207 1010 4265; x_wconf 82' lang='lat' dir='ltr'><strong>saxeis</strong></span> <span class='ocrx_word' id='word_1_325' title='bbox 1057 4204 1257 4261; x_wconf 80' lang='lat' dir='ltr'><strong>tabulis</strong></span> <span class='ocrx_word' id='word_1_326' title='bbox 1293 4203 1462 4273; x_wconf 79' lang='lat' dir='ltr'><strong>digito</strong></span> <span class='ocrx_word' id='word_1_327' title='bbox 1501 4217 1599 4256; x_wconf 90' lang='lat' dir='ltr'><strong>suo</strong></span> <span class='ocrx_word' id='word_1_328' title='bbox 1648 4201 1887 4270; x_wconf 84' lang='lat' dir='ltr'><strong>scripsit.</strong></span> <span class='ocrx_word' id='word_1_329' title='bbox 1920 4200 1987 4254; x_wconf 86' lang='lat' dir='ltr'><strong>Et</strong></span> 
     </span>
    </p>
   </div>
   <div class='ocr_carea' id='block_1_45' title="bbox 397 4289 1988 4376">
    <p class='ocr_par' dir='ltr' id='par_1_45' title="bbox 397 4289 1988 4376">
     <span class='ocr_line' id='line_1_45' title="bbox 397 4289 1988 4376; baseline -0.012 -13"><span class='ocrx_word' id='word_1_330' title='bbox 397 4309 512 4362; x_wconf 75' lang='lat' dir='ltr'><strong>lucc</strong></span> <span class='ocrx_word' id='word_1_331' title='bbox 561 4305 778 4376; x_wconf 86' lang='lat' dir='ltr'><strong>quidem</strong></span> <span class='ocrx_word' id='word_1_332' title='bbox 815 4305 1085 4371; x_wconf 60' lang='lat' dir='ltr'><strong>praecepta</strong></span> <span class='ocrx_word' id='word_1_333' title='bbox 1133 4294 1209 4348; x_wconf 85' lang='lat' dir='ltr'><strong>ita</strong></span> <span class='ocrx_word' id='word_1_334' title='bbox 1261 4299 1389 4349; x_wconf 89' lang='lat' dir='ltr'><strong>sunt</strong></span> <span class='ocrx_word' id='word_1_335' title='bbox 1429 4291 1740 4355; x_wconf 89' lang='lat' dir='ltr'><strong>distributa,</strong></span> <span class='ocrx_word' id='word_1_336' title='bbox 1775 4297 1834 4344; x_wconf 91' lang='lat' dir='ltr'><strong>ut</strong></span> <span class='ocrx_word' id='word_1_337' title='bbox 1886 4289 1988 4344; x_wconf 81' lang='lat' dir='ltr'><strong>tria</strong></span> 
     </span>
    </p>
   </div>
   <div class='ocr_carea' id='block_1_46' title="bbox 394 4383 1986 4472">
    <p class='ocr_par' dir='ltr' id='par_1_46' title="bbox 394 4383 1986 4472">
     <span class='ocr_line' id='line_1_46' title="bbox 394 4383 1986 4472; baseline -0.011 -17"><span class='ocrx_word' id='word_1_338' title='bbox 394 4399 701 4472; x_wconf 75' lang='lat' dir='ltr'><strong>pertineant</strong></span> <span class='ocrx_word' id='word_1_339' title='bbox 745 4394 812 4449; x_wconf 87' lang='lat' dir='ltr'><strong>ad</strong></span> <span class='ocrx_word' id='word_1_340' title='bbox 844 4390 1186 4447; x_wconf 89' lang='lat' dir='ltr'><strong>dilectionem</strong></span> <span class='ocrx_word' id='word_1_341' title='bbox 1213 4384 1408 4441; x_wconf 60' lang='lat' dir='ltr'><strong>divina</strong></span> <span class='ocrx_word' id='word_1_342' title='bbox 1433 4383 1749 4447; x_wconf 90' lang='lat' dir='ltr'><strong>Trinitatis;</strong></span> <span class='ocrx_word' id='word_1_343' title='bbox 1781 4389 1986 4453; x_wconf 84' lang='lat' dir='ltr'><strong>septem</strong></span> 
     </span>
    </p>
   </div>
   <div class='ocr_carea' id='block_1_47' title="bbox 394 4476 1988 4549">
    <p class='ocr_par' dir='ltr' id='par_1_47' title="bbox 394 4476 1988 4549">
     <span class='ocr_line' id='line_1_47' title="bbox 394 4476 1988 4549; baseline -0.012 -1"><span class='ocrx_word' id='word_1_344' title='bbox 394 4508 525 4548; x_wconf 70' lang='lat' dir='ltr'><strong>vero</strong></span> <span class='ocrx_word' id='word_1_345' title='bbox 543 4492 614 4546; x_wconf 89' lang='lat' dir='ltr'><strong>ad</strong></span> <span class='ocrx_word' id='word_1_346' title='bbox 639 4502 880 4544; x_wconf 89' lang='lat' dir='ltr'><strong>amorem</strong></span> <span class='ocrx_word' id='word_1_347' title='bbox 907 4485 1226 4544; x_wconf 79' lang='lat' dir='ltr'><strong>fraternum,</strong></span> <span class='ocrx_word' id='word_1_348' title='bbox 1253 4477 1450 4549; x_wconf 89' lang='lat' dir='ltr'><strong>quibus</strong></span> <span class='ocrx_word' id='word_1_349' title='bbox 1477 4477 1712 4532; x_wconf 89' lang='lat' dir='ltr'><strong>societas</strong></span> <span class='ocrx_word' id='word_1_350' title='bbox 1750 4476 1988 4532; x_wconf 90' lang='lat' dir='ltr'><strong>humana</strong></span> 
     </span>
    </p>
   </div>
   <div class='ocr_carea' id='block_1_48' title="bbox 395 4565 1984 4640">
    <p class='ocr_par' dir='ltr' id='par_1_48' title="bbox 395 4565 1984 4640">
     <span class='ocr_line' id='line_1_48' title="bbox 395 4565 1984 4640; baseline -0.014 0"><span class='ocrx_word' id='word_1_351' title='bbox 395 4602 502 4640; x_wconf 86' lang='lat' dir='ltr'><strong>non</strong></span> <span class='ocrx_word' id='word_1_352' title='bbox 527 4583 755 4638; x_wconf 66' lang='lat' dir='ltr'><strong>laeditur.</strong></span> <span class='ocrx_word' id='word_1_353' title='bbox 784 4577 1028 4632; x_wconf 89' lang='lat' dir='ltr'><strong>Primum</strong></span> <span class='ocrx_word' id='word_1_354' title='bbox 1073 4571 1327 4640; x_wconf 85' lang='lat' dir='ltr'><strong>Decalogi</strong></span> <span class='ocrx_word' id='word_1_355' title='bbox 1367 4569 1683 4624; x_wconf 89' lang='lat' dir='ltr'><strong>mandatum</strong></span> <span class='ocrx_word' id='word_1_356' title='bbox 1711 4567 1780 4622; x_wconf 90' lang='lat' dir='ltr'><strong>ad</strong></span> <span class='ocrx_word' id='word_1_357' title='bbox 1817 4565 1984 4620; x_wconf 89' lang='lat' dir='ltr'><strong>Deum</strong></span> 
     </span>
    </p>
   </div>
   <div class='ocr_carea' id='block_1_49' title="bbox 797 3093 3276 3176">
    <p class='ocr_par' dir='ltr' id='par_1_49' title="bbox 797 3093 3276 3176">
     <span class='ocr_line' id='line_1_49' title="bbox 797 3093 3276 3176; baseline 0.002 -20"><span class='ocrx_word' id='word_1_358' title='bbox 797 3099 903 3176; x_wconf 75' lang='lat' dir='ltr'><strong>DE</strong></span> <span class='ocrx_word' id='word_1_359' title='bbox 945 3095 1218 3174; x_wconf 81' lang='lat' dir='ltr'><strong>DECEM</strong></span> <span class='ocrx_word' id='word_1_360' title='bbox 1259 3095 1543 3169; x_wconf 84' lang='lat' dir='ltr'><strong>VERBIS</strong></span> <span class='ocrx_word' id='word_1_361' title='bbox 1586 3093 1816 3169; x_wconf 86' lang='lat' dir='ltr'><strong>LEGIS</strong></span> <span class='ocrx_word' id='word_1_362' title='bbox 1859 3094 2002 3156; x_wconf 87' lang='lat' dir='ltr'><strong>SEU</strong></span> <span class='ocrx_word' id='word_1_363' title='bbox 2045 3095 2328 3157; x_wconf 79' lang='lat' dir='ltr'><strong>BREVIS</strong></span> <span class='ocrx_word' id='word_1_364' title='bbox 2370 3098 2802 3161; x_wconf 78' lang='lat' dir='ltr'><strong>EXPOSITIO</strong></span> <span class='ocrx_word' id='word_1_365' title='bbox 2846 3099 3276 3163; x_wconf 83' lang='lat' dir='ltr'><strong>DECALOGI.</strong></span> 
     </span>
    </p>
   </div>
   <div class='ocr_carea' id='block_1_50' title="bbox 2088 521 3673 598">
    <p class='ocr_par' dir='ltr' id='par_1_50' title="bbox 2088 521 3673 598">
     <span class='ocr_line' id='line_1_50' title="bbox 2088 521 3673 598; baseline 0.006 -22"><span class='ocrx_word' id='word_1_366' title='bbox 2088 521 2279 578; x_wconf 88' lang='lat' dir='ltr'><strong>ditoris</strong></span> <span class='ocrx_word' id='word_1_367' title='bbox 2306 523 2444 592; x_wconf 83' lang='lat' dir='ltr'><strong>gerit</strong></span> <span class='ocrx_word' id='word_1_368' title='bbox 2487 523 2911 579; x_wconf 87' lang='lat' dir='ltr'><strong>similitudinem.</strong></span> <span class='ocrx_word' id='word_1_369' title='bbox 2945 523 3004 580; x_wconf 86' lang='lat' dir='ltr'><strong>Si</strong></span> <span class='ocrx_word' id='word_1_370' title='bbox 3030 540 3178 591; x_wconf 75' lang='lat' dir='ltr'><strong>vero,</strong></span> <span class='ocrx_word' id='word_1_371' title='bbox 3208 528 3352 598; x_wconf 88' lang='lat' dir='ltr'><strong>quod</strong></span> <span class='ocrx_word' id='word_1_372' title='bbox 3379 529 3540 596; x_wconf 83' lang='lat' dir='ltr'><strong>absit,</strong></span> <span class='ocrx_word' id='word_1_373' title='bbox 3571 531 3673 586; x_wconf 82' lang='lat' dir='ltr'><strong>ali-</strong></span> 
     </span>
    </p>
   </div>
   <div class='ocr_carea' id='block_1_51' title="bbox 2088 615 3676 684">
    <p class='ocr_par' dir='ltr' id='par_1_51' title="bbox 2088 615 3676 684">
     <span class='ocr_line' id='line_1_51' title="bbox 2088 615 3676 684; baseline 0.007 -17"><span class='ocrx_word' id='word_1_374' title='bbox 2088 615 2208 682; x_wconf 87' lang='lat' dir='ltr'><strong>quis</strong></span> <span class='ocrx_word' id='word_1_375' title='bbox 2227 629 2328 684; x_wconf 90' lang='lat' dir='ltr'><strong>per</strong></span> <span class='ocrx_word' id='word_1_376' title='bbox 2347 615 2501 669; x_wconf 88' lang='lat' dir='ltr'><strong>devia</strong></span> <span class='ocrx_word' id='word_1_377' title='bbox 2531 616 2788 671; x_wconf 75' lang='lat' dir='ltr'><strong>vitiorum</strong></span> <span class='ocrx_word' id='word_1_378' title='bbox 2825 626 2884 672; x_wconf 90' lang='lat' dir='ltr'><strong>et</strong></span> <span class='ocrx_word' id='word_1_379' title='bbox 2905 615 3138 671; x_wconf 82' lang='lat' dir='ltr'><strong>divortia</strong></span> <span class='ocrx_word' id='word_1_380' title='bbox 3165 619 3457 674; x_wconf 86' lang='lat' dir='ltr'><strong>criminum</strong></span> <span class='ocrx_word' id='word_1_381' title='bbox 3479 619 3546 676; x_wconf 88' lang='lat' dir='ltr'><strong>ab</strong></span> <span class='ocrx_word' id='word_1_382' title='bbox 3571 621 3676 678; x_wconf 83' lang='lat' dir='ltr'><strong>hac</strong></span> 
     </span>
    </p>
   </div>
   <div class='ocr_carea' id='block_1_52' title="bbox 2087 704 3677 782">
    <p class='ocr_par' dir='ltr' id='par_1_52' title="bbox 2087 704 3677 782">
     <span class='ocr_line' id='line_1_52' title="bbox 2087 704 3677 782; baseline 0.006 -24"><span class='ocrx_word' id='word_1_383' title='bbox 2087 704 2419 763; x_wconf 87' lang='lat' dir='ltr'><strong>nobilissima</strong></span> <span class='ocrx_word' id='word_1_384' title='bbox 2440 708 2522 762; x_wconf 90' lang='lat' dir='ltr'><strong>sui</strong></span> <span class='ocrx_word' id='word_1_385' title='bbox 2550 706 2857 762; x_wconf 86' lang='lat' dir='ltr'><strong>Conditoris</strong></span> <span class='ocrx_word' id='word_1_386' title='bbox 2882 708 3232 764; x_wconf 85' lang='lat' dir='ltr'><strong>similitudine</strong></span> <span class='ocrx_word' id='word_1_387' title='bbox 3255 709 3491 782; x_wconf 86' lang='lat' dir='ltr'><strong>degener</strong></span> <span class='ocrx_word' id='word_1_388' title='bbox 3517 711 3677 770; x_wconf 72' lang='lat' dir='ltr'><strong>aber-</strong></span> 
     </span>
    </p>
   </div>
   <div class='ocr_carea' id='block_1_53' title="bbox 2089 797 3673 871">
    <p class='ocr_par' dir='ltr' id='par_1_53' title="bbox 2089 797 3673 871">
     <span class='ocr_line' id='line_1_53' title="bbox 2089 797 3673 871; baseline 0.006 -21"><span class='ocrx_word' id='word_1_389' title='bbox 2089 805 2193 861; x_wconf 88' lang='lat' dir='ltr'><strong>ret,</strong></span> <span class='ocrx_word' id='word_1_390' title='bbox 2243 805 2369 852; x_wconf 90' lang='lat' dir='ltr'><strong>tunc</strong></span> <span class='ocrx_word' id='word_1_391' title='bbox 2398 797 2491 854; x_wconf 90' lang='lat' dir='ltr'><strong>ﬁet</strong></span> <span class='ocrx_word' id='word_1_392' title='bbox 2515 799 2583 854; x_wconf 90' lang='lat' dir='ltr'><strong>de</strong></span> <span class='ocrx_word' id='word_1_393' title='bbox 2613 814 2680 854; x_wconf 93' lang='lat' dir='ltr'><strong>eo</strong></span> <span class='ocrx_word' id='word_1_394' title='bbox 2707 801 2850 869; x_wconf 90' lang='lat' dir='ltr'><strong>quod</strong></span> <span class='ocrx_word' id='word_1_395' title='bbox 2897 801 3159 870; x_wconf 84' lang='lat' dir='ltr'><strong>scriptum</strong></span> <span class='ocrx_word' id='word_1_396' title='bbox 3204 810 3290 857; x_wconf 90' lang='lat' dir='ltr'><strong>est</strong></span> <span class='ocrx_word' id='word_1_397' title='bbox 3322 821 3336 856; x_wconf 89' lang='lat'><strong>:</strong></span> <span class='ocrx_word' id='word_1_398' title='bbox 3365 801 3435 856; x_wconf 82' lang='lat' dir='ltr'><strong>Et</strong></span> <span class='ocrx_word' id='word_1_399' title='bbox 3477 804 3634 860; x_wconf 74' lang='lat' dir='ltr'><strong>homo</strong></span> <span class='ocrx_word' id='word_1_400' title='bbox 3655 846 3673 871; x_wconf 92' lang='lat'><strong>,</strong></span> 
     </span>
    </p>
   </div>
   <div class='ocr_carea' id='block_1_54' title="bbox 2088 889 3674 966">
    <p class='ocr_par' dir='ltr' id='par_1_54' title="bbox 2088 889 3674 966">
     <span class='ocr_line' id='line_1_54' title="bbox 2088 889 3674 966; baseline 0.008 -25"><span class='ocrx_word' id='word_1_401' title='bbox 2088 904 2208 942; x_wconf 80' lang='lat' dir='ltr'><strong>eum</strong></span> <span class='ocrx_word' id='word_1_402' title='bbox 2231 889 2288 942; x_wconf 86' lang='lat' dir='ltr'><strong>in</strong></span> <span class='ocrx_word' id='word_1_403' title='bbox 2313 889 2508 944; x_wconf 80' lang='lat' dir='ltr'><strong>honore</strong></span> <span class='ocrx_word' id='word_1_404' title='bbox 2545 901 2675 945; x_wconf 83' lang='lat' dir='ltr'><strong>esset</strong></span> <span class='ocrx_word' id='word_1_405' title='bbox 2717 909 2822 945; x_wconf 81' lang='lat' dir='ltr'><strong>non</strong></span> <span class='ocrx_word' id='word_1_406' title='bbox 2873 892 3160 959; x_wconf 71' lang='lat' dir='ltr'><strong>intellexit,</strong></span> <span class='ocrx_word' id='word_1_407' title='bbox 3207 906 3546 966; x_wconf 76' lang='lat' dir='ltr'><strong>comparatus</strong></span> <span class='ocrx_word' id='word_1_408' title='bbox 3597 909 3674 953; x_wconf 75' lang='lat' dir='ltr'><strong>est</strong></span> 
     </span>
    </p>
   </div>
   <div class='ocr_carea' id='block_1_55' title="bbox 2080 979 3668 1058">
    <p class='ocr_par' dir='ltr' id='par_1_55' title="bbox 2080 979 3668 1058">
     <span class='ocr_line' id='line_1_55' title="bbox 2080 979 3668 1058; baseline 0.007 -25"><span class='ocrx_word' id='word_1_409' title='bbox 2080 979 2335 1048; x_wconf 83' lang='lat' dir='ltr'><strong>jumeutis</strong></span> <span class='ocrx_word' id='word_1_410' title='bbox 2351 981 2714 1051; x_wconf 76' lang='lat' dir='ltr'><strong>insipientibus</strong></span> <span class='ocrx_word' id='word_1_411' title='bbox 2742 993 2790 1036; x_wconf 83' lang='lat' dir='ltr'><strong>et</strong></span> <span class='ocrx_word' id='word_1_412' title='bbox 2822 983 3009 1038; x_wconf 74' lang='lat' dir='ltr'><strong>similis</strong></span> <span class='ocrx_word' id='word_1_413' title='bbox 3037 984 3209 1054; x_wconf 78' lang='lat' dir='ltr'><strong>factus</strong></span> <span class='ocrx_word' id='word_1_414' title='bbox 3243 997 3319 1040; x_wconf 86' lang='lat' dir='ltr'><strong>est</strong></span> <span class='ocrx_word' id='word_1_415' title='bbox 3346 986 3456 1042; x_wconf 82' lang='lat' dir='ltr'><strong>illis</strong></span> <span class='ocrx_word' id='word_1_416' title='bbox 3497 988 3668 1058; x_wconf 82' lang='lat' dir='ltr'><strong>(Psal.</strong></span> 
     </span>
    </p>
   </div>
   <div class='ocr_carea' id='block_1_56' title="bbox 2091 1071 3671 1145">
    <p class='ocr_par' dir='ltr' id='par_1_56' title="bbox 2091 1071 3671 1145">
     <span class='ocr_line' id='line_1_56' title="bbox 2091 1071 3671 1145; baseline 0.011 -22"><span class='ocrx_word' id='word_1_417' title='bbox 2091 1085 2256 1125; x_wconf 69' lang='lat' dir='ltr'><strong>sum</strong></span> <span class='ocrx_word' id='word_1_418' title='bbox 2280 1112 2294 1134; x_wconf 92' lang='lat'><strong>,</strong></span> <span class='ocrx_word' id='word_1_419' title='bbox 2338 1071 2446 1142; x_wconf 81' lang='grc'><strong>15).</strong></span> <span class='ocrx_word' id='word_1_420' title='bbox 2479 1072 2580 1138; x_wconf 86' lang='lat' dir='ltr'><strong>Qui</strong></span> <span class='ocrx_word' id='word_1_421' title='bbox 2629 1071 2805 1140; x_wconf 88' lang='lat' dir='ltr'><strong>major</strong></span> <span class='ocrx_word' id='word_1_422' title='bbox 2844 1075 3019 1128; x_wconf 87' lang='lat' dir='ltr'><strong>honor</strong></span> <span class='ocrx_word' id='word_1_423' title='bbox 3059 1077 3241 1145; x_wconf 90' lang='lat' dir='ltr'><strong>potuit</strong></span> <span class='ocrx_word' id='word_1_424' title='bbox 3284 1078 3490 1135; x_wconf 86' lang='lat' dir='ltr'><strong>homini</strong></span> <span class='ocrx_word' id='word_1_425' title='bbox 3515 1095 3671 1142; x_wconf 82' lang='lat' dir='ltr'><strong>esse.</strong></span> 
     </span>
    </p>
   </div>
   <div class='ocr_carea' id='block_1_57' title="bbox 2089 1162 3676 1237">
    <p class='ocr_par' dir='ltr' id='par_1_57' title="bbox 2089 1162 3676 1237">
     <span class='ocr_line' id='line_1_57' title="bbox 2089 1162 3676 1237; baseline 0.008 -24"><span class='ocrx_word' id='word_1_426' title='bbox 2089 1175 2253 1228; x_wconf 88' lang='lat' dir='ltr'><strong>quam</strong></span> <span class='ocrx_word' id='word_1_427' title='bbox 2279 1168 2338 1214; x_wconf 91' lang='lat' dir='ltr'><strong>ut</strong></span> <span class='ocrx_word' id='word_1_428' title='bbox 2359 1162 2425 1216; x_wconf 91' lang='lat' dir='ltr'><strong>ad</strong></span> <span class='ocrx_word' id='word_1_429' title='bbox 2445 1163 2848 1218; x_wconf 88' lang='lat' dir='ltr'><strong>similitudinem</strong></span> <span class='ocrx_word' id='word_1_430' title='bbox 2869 1166 2950 1218; x_wconf 92' lang='lat' dir='ltr'><strong>sui</strong></span> <span class='ocrx_word' id='word_1_431' title='bbox 2972 1165 3221 1221; x_wconf 81' lang='lat' dir='ltr'><strong>Factoris</strong></span> <span class='ocrx_word' id='word_1_432' title='bbox 3247 1169 3594 1237; x_wconf 85' lang='lat' dir='ltr'><strong>conderetur,</strong></span> <span class='ocrx_word' id='word_1_433' title='bbox 3620 1180 3676 1226; x_wconf 89' lang='lat' dir='ltr'><strong>et</strong></span> 
     </span>
    </p>
   </div>
   <div class='ocr_carea' id='block_1_58' title="bbox 2089 1251 3679 1328">
    <p class='ocr_par' dir='ltr' id='par_1_58' title="bbox 2089 1251 3679 1328">
     <span class='ocr_line' id='line_1_58' title="bbox 2089 1251 3679 1328; baseline 0.008 -25"><span class='ocrx_word' id='word_1_434' title='bbox 2089 1251 2294 1305; x_wconf 91' lang='lat' dir='ltr'><strong>eisdem</strong></span> <span class='ocrx_word' id='word_1_435' title='bbox 2337 1251 2596 1306; x_wconf 82' lang='lat' dir='ltr'><strong>virtutum</strong></span> <span class='ocrx_word' id='word_1_436' title='bbox 2621 1254 2956 1309; x_wconf 83' lang='lat' dir='ltr'><strong>vestimentis</strong></span> <span class='ocrx_word' id='word_1_437' title='bbox 2976 1265 3284 1324; x_wconf 89' lang='lat' dir='ltr'><strong>ornaretur,</strong></span> <span class='ocrx_word' id='word_1_438' title='bbox 3312 1257 3508 1328; x_wconf 89' lang='lat' dir='ltr'><strong>quibus</strong></span> <span class='ocrx_word' id='word_1_439' title='bbox 3537 1259 3679 1316; x_wconf 86' lang='lat' dir='ltr'><strong>Con-</strong></span> 
     </span>
    </p>
   </div>
   <div class='ocr_carea' id='block_1_59' title="bbox 2085 1342 3679 1418">
    <p class='ocr_par' dir='ltr' id='par_1_59' title="bbox 2085 1342 3679 1418">
     <span class='ocr_line' id='line_1_59' title="bbox 2085 1342 3679 1418; baseline 0.007 -22"><span class='ocrx_word' id='word_1_440' title='bbox 2085 1342 2252 1407; x_wconf 90' lang='lat' dir='ltr'><strong>ditor,</strong></span> <span class='ocrx_word' id='word_1_441' title='bbox 2294 1344 2360 1398; x_wconf 87' lang='lat' dir='ltr'><strong>de</strong></span> <span class='ocrx_word' id='word_1_442' title='bbox 2387 1360 2497 1414; x_wconf 88' lang='lat' dir='ltr'><strong>quo</strong></span> <span class='ocrx_word' id='word_1_443' title='bbox 2530 1344 2728 1416; x_wconf 87' lang='lat' dir='ltr'><strong>legitur</strong></span> <span class='ocrx_word' id='word_1_444' title='bbox 2772 1364 2784 1397; x_wconf 90' lang='lat'><strong>:</strong></span> <span class='ocrx_word' id='word_1_445' title='bbox 2814 1347 3074 1402; x_wconf 79' lang='lat' dir='ltr'><strong>Dominus</strong></span> <span class='ocrx_word' id='word_1_446' title='bbox 3102 1352 3357 1418; x_wconf 76' lang='lat' dir='ltr'><strong>regnarit,</strong></span> <span class='ocrx_word' id='word_1_447' title='bbox 3383 1350 3569 1405; x_wconf 79' lang='lat' dir='ltr'><strong>decore</strong></span> <span class='ocrx_word' id='word_1_448' title='bbox 3591 1353 3679 1407; x_wconf 78' lang='lat' dir='ltr'><strong>in-</strong></span> 
     </span>
    </p>
   </div>
   <div class='ocr_carea' id='block_1_60' title="bbox 2091 1434 3676 1506">
    <p class='ocr_par' dir='ltr' id='par_1_60' title="bbox 2091 1434 3676 1506">
     <span class='ocr_line' id='line_1_60' title="bbox 2091 1434 3676 1506; baseline 0.006 -20"><span class='ocrx_word' id='word_1_449' title='bbox 2091 1434 2250 1487; x_wconf 79' lang='lat' dir='ltr'><strong>dutus</strong></span> <span class='ocrx_word' id='word_1_450' title='bbox 2308 1434 2480 1506; x_wconf 85' lang='lat' dir='ltr'><strong>(Psal.</strong></span> <span class='ocrx_word' id='word_1_451' title='bbox 2533 1451 2664 1500; x_wconf 78' lang='lat' dir='ltr'><strong>xcn,</strong></span> <span class='ocrx_word' id='word_1_452' title='bbox 2713 1436 2803 1503; x_wconf 90' lang='grc'><strong>1),</strong></span> <span class='ocrx_word' id='word_1_453' title='bbox 2846 1437 2900 1491; x_wconf 89' lang='lat' dir='ltr'><strong>id</strong></span> <span class='ocrx_word' id='word_1_454' title='bbox 2952 1447 3077 1503; x_wconf 90' lang='lat' dir='ltr'><strong>est,</strong></span> <span class='ocrx_word' id='word_1_455' title='bbox 3127 1440 3370 1494; x_wconf 88' lang='lat' dir='ltr'><strong>omnium</strong></span> <span class='ocrx_word' id='word_1_456' title='bbox 3409 1441 3676 1498; x_wconf 85' lang='lat' dir='ltr'><strong>virtutum</strong></span> 
     </span>
    </p>
   </div>
   <div class='ocr_carea' id='block_1_61' title="bbox 2092 1525 3676 1594">
    <p class='ocr_par' dir='ltr' id='par_1_61' title="bbox 2092 1525 3676 1594">
     <span class='ocr_line' id='line_1_61' title="bbox 2092 1525 3676 1594; baseline 0.005 -14"><span class='ocrx_word' id='word_1_457' title='bbox 2092 1525 2373 1594; x_wconf 87' lang='lat' dir='ltr'><strong>splendore</strong></span> <span class='ocrx_word' id='word_1_458' title='bbox 2409 1533 2466 1580; x_wconf 90' lang='lat' dir='ltr'><strong>et</strong></span> <span class='ocrx_word' id='word_1_459' title='bbox 2513 1527 2678 1580; x_wconf 90' lang='lat' dir='ltr'><strong>totius</strong></span> <span class='ocrx_word' id='word_1_460' title='bbox 2722 1526 2977 1583; x_wconf 91' lang='lat' dir='ltr'><strong>bonitatis</strong></span> <span class='ocrx_word' id='word_1_461' title='bbox 3023 1528 3218 1584; x_wconf 88' lang='lat' dir='ltr'><strong>decore</strong></span> <span class='ocrx_word' id='word_1_462' title='bbox 3270 1531 3526 1586; x_wconf 76' lang='lat' dir='ltr'><strong>ornatus?</strong></span> <span class='ocrx_word' id='word_1_463' title='bbox 3579 1530 3676 1587; x_wconf 84' lang='lat' dir='ltr'><strong>Vel</strong></span> 
     </span>
    </p>
   </div>
   <div class='ocr_carea' id='block_1_62' title="bbox 2092 1616 3678 1688">
    <p class='ocr_par' dir='ltr' id='par_1_62' title="bbox 2092 1616 3678 1688">
     <span class='ocr_line' id='line_1_62' title="bbox 2092 1616 3678 1688; baseline 0.006 -19"><span class='ocrx_word' id='word_1_464' title='bbox 2092 1616 2237 1685; x_wconf 92' lang='lat' dir='ltr'><strong>quod</strong></span> <span class='ocrx_word' id='word_1_465' title='bbox 2262 1618 2436 1686; x_wconf 89' lang='lat' dir='ltr'><strong>majus</strong></span> <span class='ocrx_word' id='word_1_466' title='bbox 2461 1618 2664 1673; x_wconf 91' lang='lat' dir='ltr'><strong>homini</strong></span> <span class='ocrx_word' id='word_1_467' title='bbox 2699 1628 2878 1688; x_wconf 90' lang='lat' dir='ltr'><strong>potest</strong></span> <span class='ocrx_word' id='word_1_468' title='bbox 2914 1634 3038 1674; x_wconf 90' lang='lat' dir='ltr'><strong>esse</strong></span> <span class='ocrx_word' id='word_1_469' title='bbox 3073 1621 3330 1688; x_wconf 87' lang='lat' dir='ltr'><strong>dedecus,</strong></span> <span class='ocrx_word' id='word_1_470' title='bbox 3359 1630 3452 1676; x_wconf 90' lang='lat' dir='ltr'><strong>aut</strong></span> <span class='ocrx_word' id='word_1_471' title='bbox 3499 1623 3678 1679; x_wconf 74' lang='lat' dir='ltr'><strong>infeli-</strong></span> 
     </span>
    </p>
   </div>
   <div class='ocr_carea' id='block_1_63' title="bbox 2093 1709 3674 1784">
    <p class='ocr_par' dir='ltr' id='par_1_63' title="bbox 2093 1709 3674 1784">
     <span class='ocr_line' id='line_1_63' title="bbox 2093 1709 3674 1784; baseline 0.004 -22"><span class='ocrx_word' id='word_1_472' title='bbox 2093 1709 2211 1763; x_wconf 86' lang='lat' dir='ltr'><strong>cior</strong></span> <span class='ocrx_word' id='word_1_473' title='bbox 2236 1709 2475 1773; x_wconf 89' lang='lat' dir='ltr'><strong>miseria,</strong></span> <span class='ocrx_word' id='word_1_474' title='bbox 2505 1724 2668 1778; x_wconf 86' lang='lat' dir='ltr'><strong>quam</strong></span> <span class='ocrx_word' id='word_1_475' title='bbox 2695 1719 2758 1764; x_wconf 89' lang='lat' dir='ltr'><strong>ut</strong></span> <span class='ocrx_word' id='word_1_476' title='bbox 2800 1711 2904 1766; x_wconf 82' lang='lat' dir='ltr'><strong>hac</strong></span> <span class='ocrx_word' id='word_1_477' title='bbox 2953 1711 3318 1767; x_wconf 87' lang='lat' dir='ltr'><strong>similitudinis</strong></span> <span class='ocrx_word' id='word_1_478' title='bbox 3361 1713 3532 1784; x_wconf 86' lang='lat' dir='ltr'><strong>gloria</strong></span> <span class='ocrx_word' id='word_1_479' title='bbox 3590 1715 3674 1770; x_wconf 85' lang='lat' dir='ltr'><strong>sui</strong></span> 
     </span>
    </p>
   </div>
   <div class='ocr_carea' id='block_1_64' title="bbox 2017 1791 3672 1865">
    <p class='ocr_par' dir='ltr' id='par_1_64' title="bbox 2017 1791 3672 1865">
     <span class='ocr_line' id='line_1_64' title="bbox 2017 1791 3672 1865; baseline 0.005 -15"><span class='ocrx_word' id='word_1_480' title='bbox 2017 1791 2058 1850; x_wconf 85' lang='grc' dir='ltr'><strong>Β</strong></span> <span class='ocrx_word' id='word_1_481' title='bbox 2086 1798 2392 1854; x_wconf 90' lang='lat' dir='ltr'><strong>Conditoris</strong></span> <span class='ocrx_word' id='word_1_482' title='bbox 2412 1801 2633 1865; x_wconf 90' lang='lat' dir='ltr'><strong>amissa,</strong></span> <span class='ocrx_word' id='word_1_483' title='bbox 2658 1801 2725 1854; x_wconf 89' lang='lat' dir='ltr'><strong>ad</strong></span> <span class='ocrx_word' id='word_1_484' title='bbox 2755 1799 3041 1862; x_wconf 81' lang='lat' dir='ltr'><strong>informem</strong></span> <span class='ocrx_word' id='word_1_485' title='bbox 3061 1809 3114 1856; x_wconf 88' lang='lat' dir='ltr'><strong>et</strong></span> <span class='ocrx_word' id='word_1_486' title='bbox 3151 1801 3220 1857; x_wconf 89' lang='lat' dir='ltr'><strong>ad</strong></span> <span class='ocrx_word' id='word_1_487' title='bbox 3247 1802 3672 1858; x_wconf 83' lang='lat' dir='ltr'><strong>irrationabilem</strong></span> 
     </span>
    </p>
   </div>
   <div class='ocr_carea' id='block_1_65' title="bbox 2085 1887 3676 1956">
    <p class='ocr_par' dir='ltr' id='par_1_65' title="bbox 2085 1887 3676 1956">
     <span class='ocr_line' id='line_1_65' title="bbox 2085 1887 3676 1956; baseline 0.004 -14"><span class='ocrx_word' id='word_1_488' title='bbox 2085 1889 2366 1943; x_wconf 80' lang='lat' dir='ltr'><strong>bmtorum</strong></span> <span class='ocrx_word' id='word_1_489' title='bbox 2405 1887 2775 1956; x_wconf 89' lang='lat' dir='ltr'><strong>jumentorum</strong></span> <span class='ocrx_word' id='word_1_490' title='bbox 2843 1889 3172 1945; x_wconf 77' lang='lat' dir='ltr'><strong>dilaberequ</strong></span> <span class='ocrx_word' id='word_1_491' title='bbox 3223 1891 3676 1950; x_wconf 80' lang='lat' dir='ltr'><strong>similitudinem?</strong></span> 
     </span>
    </p>
   </div>
   <div class='ocr_carea' id='block_1_66' title="bbox 2084 1979 3675 2054">
    <p class='ocr_par' dir='ltr' id='par_1_66' title="bbox 2084 1979 3675 2054">
     <span class='ocr_line' id='line_1_66' title="bbox 2084 1979 3675 2054; baseline 0.003 -20"><span class='ocrx_word' id='word_1_492' title='bbox 2084 1979 2383 2050; x_wconf 86' lang='lat' dir='ltr'><strong>Eapropter</strong></span> <span class='ocrx_word' id='word_1_493' title='bbox 2429 1981 2660 2051; x_wconf 90' lang='lat' dir='ltr'><strong>quisque</strong></span> <span class='ocrx_word' id='word_1_494' title='bbox 2687 1981 2995 2052; x_wconf 84' lang='lat' dir='ltr'><strong>diligentius</strong></span> <span class='ocrx_word' id='word_1_495' title='bbox 3031 1983 3274 2038; x_wconf 90' lang='lat' dir='ltr'><strong>attendat</strong></span> <span class='ocrx_word' id='word_1_496' title='bbox 3314 1985 3500 2054; x_wconf 74' lang='lat' dir='ltr'><strong>prima:</strong></span> <span class='ocrx_word' id='word_1_497' title='bbox 3541 2001 3675 2041; x_wconf 50' lang='lat' dir='ltr'><strong>eone</strong></span> 
     </span>
    </p>
   </div>
   <div class='ocr_carea' id='block_1_67' title="bbox 2084 2071 3675 2137">
    <p class='ocr_par' dir='ltr' id='par_1_67' title="bbox 2084 2071 3675 2137">
     <span class='ocr_line' id='line_1_67' title="bbox 2084 2071 3675 2137; baseline 0.004 -13"><span class='ocrx_word' id='word_1_498' title='bbox 2084 2071 2302 2125; x_wconf 89' lang='lat' dir='ltr'><strong>ditionis</strong></span> <span class='ocrx_word' id='word_1_499' title='bbox 2352 2085 2465 2125; x_wconf 71' lang='lat' dir='ltr'><strong>sua:</strong></span> <span class='ocrx_word' id='word_1_500' title='bbox 2511 2071 2887 2126; x_wconf 80' lang='lat' dir='ltr'><strong>excellentiam</strong></span> <span class='ocrx_word' id='word_1_501' title='bbox 2909 2112 2924 2137; x_wconf 93' lang='lat'><strong>,</strong></span> <span class='ocrx_word' id='word_1_502' title='bbox 2983 2081 3039 2127; x_wconf 90' lang='lat' dir='ltr'><strong>et</strong></span> <span class='ocrx_word' id='word_1_503' title='bbox 3075 2076 3438 2129; x_wconf 80' lang='lat' dir='ltr'><strong>venerandam</strong></span> <span class='ocrx_word' id='word_1_504' title='bbox 3472 2087 3675 2131; x_wconf 71' lang='lat' dir='ltr'><strong>sancun</strong></span> 
     </span>
    </p>
   </div>
   <div class='ocr_carea' id='block_1_68' title="bbox 2086 2161 3669 2238">
    <p class='ocr_par' dir='ltr' id='par_1_68' title="bbox 2086 2161 3669 2238">
     <span class='ocr_line' id='line_1_68' title="bbox 2086 2161 3669 2238; baseline 0.005 -23"><span class='ocrx_word' id='word_1_505' title='bbox 2086 2161 2366 2216; x_wconf 86' lang='lat' dir='ltr'><strong>Trinitatis</strong></span> <span class='ocrx_word' id='word_1_506' title='bbox 2413 2163 2469 2216; x_wconf 91' lang='lat' dir='ltr'><strong>in</strong></span> <span class='ocrx_word' id='word_1_507' title='bbox 2512 2163 2692 2233; x_wconf 89' lang='lat' dir='ltr'><strong>seipso</strong></span> <span class='ocrx_word' id='word_1_508' title='bbox 2725 2165 3016 2236; x_wconf 82' lang='lat' dir='ltr'><strong>imaginem</strong></span> <span class='ocrx_word' id='word_1_509' title='bbox 3051 2175 3330 2238; x_wconf 87' lang='lat' dir='ltr'><strong>agnoscat,</strong></span> <span class='ocrx_word' id='word_1_510' title='bbox 3380 2169 3669 2224; x_wconf 45' lang='lat' dir='ltr'><strong>honorem?</strong></span> 
     </span>
    </p>
   </div>
   <div class='ocr_carea' id='block_1_69' title="bbox 2089 2251 3670 2326">
    <p class='ocr_par' dir='ltr' id='par_1_69' title="bbox 2089 2251 3670 2326">
     <span class='ocr_line' id='line_1_69' title="bbox 2089 2251 3670 2326; baseline 0.004 -20"><span class='ocrx_word' id='word_1_511' title='bbox 2089 2267 2194 2322; x_wconf 91' lang='lat' dir='ltr'><strong>que</strong></span> <span class='ocrx_word' id='word_1_512' title='bbox 2222 2251 2590 2307; x_wconf 84' lang='lat' dir='ltr'><strong>similitudinis</strong></span> <span class='ocrx_word' id='word_1_513' title='bbox 2614 2253 2827 2319; x_wconf 78' lang='lat' dir='ltr'><strong>divime,</strong></span> <span class='ocrx_word' id='word_1_514' title='bbox 2846 2254 2912 2307; x_wconf 88' lang='lat' dir='ltr'><strong>ad</strong></span> <span class='ocrx_word' id='word_1_515' title='bbox 2928 2270 3088 2326; x_wconf 91' lang='lat' dir='ltr'><strong>quem</strong></span> <span class='ocrx_word' id='word_1_516' title='bbox 3117 2265 3333 2312; x_wconf 90' lang='lat' dir='ltr'><strong>creatus</strong></span> <span class='ocrx_word' id='word_1_517' title='bbox 3355 2265 3459 2324; x_wconf 89' lang='lat' dir='ltr'><strong>est,</strong></span> <span class='ocrx_word' id='word_1_518' title='bbox 3479 2257 3670 2312; x_wconf 91' lang='lat' dir='ltr'><strong>nobili-</strong></span> 
     </span>
    </p>
   </div>
   <div class='ocr_carea' id='block_1_70' title="bbox 2088 2345 3671 2420">
    <p class='ocr_par' dir='ltr' id='par_1_70' title="bbox 2088 2345 3671 2420">
     <span class='ocr_line' id='line_1_70' title="bbox 2088 2345 3671 2420; baseline 0.005 -22"><span class='ocrx_word' id='word_1_519' title='bbox 2088 2352 2198 2398; x_wconf 88' lang='lat' dir='ltr'><strong>tate</strong></span> <span class='ocrx_word' id='word_1_520' title='bbox 2231 2359 2464 2408; x_wconf 91' lang='lat' dir='ltr'><strong>morum,</strong></span> <span class='ocrx_word' id='word_1_521' title='bbox 2505 2345 2765 2400; x_wconf 78' lang='lat' dir='ltr'><strong>exercitio</strong></span> <span class='ocrx_word' id='word_1_522' title='bbox 2812 2348 3094 2412; x_wconf 82' lang='lat' dir='ltr'><strong>virtutum,</strong></span> <span class='ocrx_word' id='word_1_523' title='bbox 3143 2349 3401 2420; x_wconf 86' lang='lat' dir='ltr'><strong>dignitate</strong></span> <span class='ocrx_word' id='word_1_524' title='bbox 3449 2351 3671 2408; x_wconf 46' lang='lat' dir='ltr'><strong>meritos</strong></span> 
     </span>
    </p>
   </div>
   <div class='ocr_carea' id='block_1_71' title="bbox 2087 2433 3673 2512">
    <p class='ocr_par' dir='ltr' id='par_1_71' title="bbox 2087 2433 3673 2512">
     <span class='ocr_line' id='line_1_71' title="bbox 2087 2433 3673 2512; baseline 0.006 -26"><span class='ocrx_word' id='word_1_525' title='bbox 2087 2448 2209 2487; x_wconf 85' lang='lat' dir='ltr'><strong>rum</strong></span> <span class='ocrx_word' id='word_1_526' title='bbox 2255 2433 2457 2488; x_wconf 87' lang='lat' dir='ltr'><strong>habere</strong></span> <span class='ocrx_word' id='word_1_527' title='bbox 2501 2434 2793 2489; x_wconf 86' lang='lat' dir='ltr'><strong>contendat</strong></span> <span class='ocrx_word' id='word_1_528' title='bbox 2824 2455 2835 2489; x_wconf 91' lang='lat'><strong>:</strong></span> <span class='ocrx_word' id='word_1_529' title='bbox 2866 2445 2926 2490; x_wconf 92' lang='lat' dir='ltr'><strong>ut</strong></span> <span class='ocrx_word' id='word_1_530' title='bbox 2961 2437 3176 2507; x_wconf 86' lang='lat' dir='ltr'><strong>quando</strong></span> <span class='ocrx_word' id='word_1_531' title='bbox 3217 2449 3475 2508; x_wconf 88' lang='lat' dir='ltr'><strong>appareat</strong></span> <span class='ocrx_word' id='word_1_532' title='bbox 3497 2441 3673 2512; x_wconf 84' lang='lat' dir='ltr'><strong>qualis</strong></span> 
     </span>
    </p>
   </div>
   <div class='ocr_carea' id='block_1_72' title="bbox 2085 2522 3678 2596">
    <p class='ocr_par' dir='ltr' id='par_1_72' title="bbox 2085 2522 3678 2596">
     <span class='ocr_line' id='line_1_72' title="bbox 2085 2522 3678 2596; baseline 0.006 -21"><span class='ocrx_word' id='word_1_533' title='bbox 2085 2522 2178 2588; x_wconf 87' lang='lat' dir='ltr'><strong>sit,</strong></span> <span class='ocrx_word' id='word_1_534' title='bbox 2204 2530 2331 2587; x_wconf 83' lang='lat' dir='ltr'><strong>tunc</strong></span> <span class='ocrx_word' id='word_1_535' title='bbox 2354 2523 2546 2578; x_wconf 90' lang='lat' dir='ltr'><strong>similis</strong></span> <span class='ocrx_word' id='word_1_536' title='bbox 2573 2523 2623 2578; x_wconf 91' lang='lat' dir='ltr'><strong>ei</strong></span> <span class='ocrx_word' id='word_1_537' title='bbox 2655 2534 2913 2594; x_wconf 81' lang='lat' dir='ltr'><strong>appareat</strong></span> <span class='ocrx_word' id='word_1_538' title='bbox 2939 2527 3032 2596; x_wconf 93' lang='lat' dir='ltr'><strong>qui</strong></span> <span class='ocrx_word' id='word_1_539' title='bbox 3065 2542 3124 2582; x_wconf 90' lang='lat' dir='ltr'><strong>se</strong></span> <span class='ocrx_word' id='word_1_540' title='bbox 3155 2528 3476 2584; x_wconf 85' lang='lat' dir='ltr'><strong>mirabiliter</strong></span> <span class='ocrx_word' id='word_1_541' title='bbox 3505 2531 3572 2585; x_wconf 92' lang='lat' dir='ltr'><strong>ad</strong></span> <span class='ocrx_word' id='word_1_542' title='bbox 3601 2531 3678 2595; x_wconf 83' lang='lat' dir='ltr'><strong>si-</strong></span> 
     </span>
    </p>
   </div>
   <div class='ocr_carea' id='block_1_73' title="bbox 2089 2611 3681 2686">
    <p class='ocr_par' dir='ltr' id='par_1_73' title="bbox 2089 2611 3681 2686">
     <span class='ocr_line' id='line_1_73' title="bbox 2089 2611 3681 2686; baseline 0.006 -20"><span class='ocrx_word' id='word_1_543' title='bbox 2089 2611 2444 2684; x_wconf 90' lang='lat' dir='ltr'><strong>militudinem</strong></span> <span class='ocrx_word' id='word_1_544' title='bbox 2471 2629 2624 2668; x_wconf 92' lang='lat' dir='ltr'><strong>suam</strong></span> <span class='ocrx_word' id='word_1_545' title='bbox 2671 2615 2724 2668; x_wconf 91' lang='lat' dir='ltr'><strong>in</strong></span> <span class='ocrx_word' id='word_1_546' title='bbox 2753 2617 2929 2685; x_wconf 91' lang='lat' dir='ltr'><strong>primo</strong></span> <span class='ocrx_word' id='word_1_547' title='bbox 2953 2617 3126 2672; x_wconf 83' lang='lat' dir='ltr'><strong>Adam</strong></span> <span class='ocrx_word' id='word_1_548' title='bbox 3168 2620 3429 2686; x_wconf 87' lang='lat' dir='ltr'><strong>condidit,</strong></span> <span class='ocrx_word' id='word_1_549' title='bbox 3457 2622 3681 2677; x_wconf 56' lang='lat' dir='ltr'><strong>mirabi-t</strong></span> 
     </span>
    </p>
   </div>
   <div class='ocr_carea' id='block_1_74' title="bbox 2092 2702 3680 2784">
    <p class='ocr_par' dir='ltr' id='par_1_74' title="bbox 2092 2702 3680 2784">
     <span class='ocr_line' id='line_1_74' title="bbox 2092 2702 3680 2784; baseline 0.004 -28"><span class='ocrx_word' id='word_1_550' title='bbox 2092 2703 2306 2774; x_wconf 89' lang='lat' dir='ltr'><strong>liusque</strong></span> <span class='ocrx_word' id='word_1_551' title='bbox 2349 2705 2403 2758; x_wconf 91' lang='lat' dir='ltr'><strong>in</strong></span> <span class='ocrx_word' id='word_1_552' title='bbox 2427 2702 2686 2776; x_wconf 81' lang='lat' dir='ltr'><strong>[secundo</strong></span> <span class='ocrx_word' id='word_1_553' title='bbox 2731 2706 2901 2773; x_wconf 84' lang='lat' dir='ltr'><strong>Edit.,</strong></span> <span class='ocrx_word' id='word_1_554' title='bbox 2928 2709 3196 2776; x_wconf 76' lang='lat' dir='ltr'><strong>mendose,</strong></span> <span class='ocrx_word' id='word_1_555' title='bbox 3242 2710 3460 2784; x_wconf 61' lang='lat' dir='ltr'><strong>seculo]</strong></span> <span class='ocrx_word' id='word_1_556' title='bbox 3507 2710 3680 2768; x_wconf 60' lang='lat' dir='ltr'><strong>refor.</strong></span> 
     </span>
    </p>
   </div>
   <div class='ocr_carea' id='block_1_75' title="bbox 2091 2797 2279 2863">
    <p class='ocr_par' dir='ltr' id='par_1_75' title="bbox 2091 2797 2279 2863">
     <span class='ocr_line' id='line_1_75' title="bbox 2091 2797 2279 2863; baseline 0 -11"><span class='ocrx_word' id='word_1_557' title='bbox 2091 2797 2279 2863; x_wconf 77' lang='lat' dir='ltr'><strong>mavit.</strong></span> 
     </span>
    </p>
   </div>
   <div class='ocr_carea' id='block_1_76' title="bbox 2013 3281 3671 3358">
    <p class='ocr_par' dir='ltr' id='par_1_76' title="bbox 2013 3281 3671 3358">
     <span class='ocr_line' id='line_1_76' title="bbox 2013 3281 3671 3358; baseline 0.005 -23"><span class='ocrx_word' id='word_1_558' title='bbox 2013 3282 2062 3348; x_wconf 75' lang='grc' dir='ltr'>ο</span> <span class='ocrx_word' id='word_1_559' title='bbox 2090 3281 2447 3337; x_wconf 80' lang='lat' dir='ltr'><strong>sanctiﬁcavit</strong></span> <span class='ocrx_word' id='word_1_560' title='bbox 2466 3281 2608 3336; x_wconf 86' lang='lat' dir='ltr'><strong>Deus</strong></span> <span class='ocrx_word' id='word_1_561' title='bbox 2641 3299 2653 3334; x_wconf 90' lang='lat'>:</span> <span class='ocrx_word' id='word_1_562' title='bbox 2686 3281 2740 3336; x_wconf 91' lang='lat' dir='ltr'><strong>in</strong></span> <span class='ocrx_word' id='word_1_563' title='bbox 2764 3283 2885 3339; x_wconf 90' lang='lat' dir='ltr'><strong>aliis</strong></span> <span class='ocrx_word' id='word_1_564' title='bbox 2910 3283 3058 3339; x_wconf 88' lang='lat' dir='ltr'><strong>enim</strong></span> <span class='ocrx_word' id='word_1_565' title='bbox 3083 3283 3294 3350; x_wconf 87' lang='lat' dir='ltr'><strong>diebus,</strong></span> <span class='ocrx_word' id='word_1_566' title='bbox 3318 3301 3536 3358; x_wconf 89' lang='lat' dir='ltr'><strong>operum</strong></span> <span class='ocrx_word' id='word_1_567' title='bbox 3559 3303 3671 3343; x_wconf 88' lang='lat' dir='ltr'><strong>non</strong></span> 
     </span>
    </p>
   </div>
   <div class='ocr_carea' id='block_1_77' title="bbox 2090 3373 3676 3440">
    <p class='ocr_par' dir='ltr' id='par_1_77' title="bbox 2090 3373 3676 3440">
     <span class='ocr_line' id='line_1_77' title="bbox 2090 3373 3676 3440; baseline 0.005 -12"><span class='ocrx_word' id='word_1_568' title='bbox 2090 3380 2173 3437; x_wconf 86' lang='lat' dir='ltr'><strong>est</strong></span> <span class='ocrx_word' id='word_1_569' title='bbox 2191 3375 2466 3439; x_wconf 86' lang='lat' dir='ltr'><strong>nominata</strong></span> <span class='ocrx_word' id='word_1_570' title='bbox 2515 3373 2893 3438; x_wconf 74' lang='lat' dir='ltr'><strong>sanctificatio,</strong></span> <span class='ocrx_word' id='word_1_571' title='bbox 2922 3373 3026 3430; x_wconf 88' lang='lat' dir='ltr'><strong>nisi</strong></span> <span class='ocrx_word' id='word_1_572' title='bbox 3056 3373 3110 3428; x_wconf 89' lang='lat' dir='ltr'><strong>in</strong></span> <span class='ocrx_word' id='word_1_573' title='bbox 3142 3375 3393 3440; x_wconf 89' lang='lat' dir='ltr'><strong>sabbato,</strong></span> <span class='ocrx_word' id='word_1_574' title='bbox 3421 3377 3513 3433; x_wconf 87' lang='lat' dir='ltr'><strong>ubi</strong></span> <span class='ocrx_word' id='word_1_575' title='bbox 3539 3377 3676 3436; x_wconf 83' lang='lat' dir='ltr'><strong>dici-</strong></span> 
     </span>
    </p>
   </div>
   <div class='ocr_carea' id='block_1_78' title="bbox 2089 3465 3679 3537">
    <p class='ocr_par' dir='ltr' id='par_1_78' title="bbox 2089 3465 3679 3537">
     <span class='ocr_line' id='line_1_78' title="bbox 2089 3465 3679 3537; baseline 0.001 -16"><span class='ocrx_word' id='word_1_576' title='bbox 2089 3475 2179 3521; x_wconf 92' lang='lat' dir='ltr'><strong>tur</strong></span> <span class='ocrx_word' id='word_1_577' title='bbox 2209 3486 2221 3519; x_wconf 91' lang='lat'>:</span> <span class='ocrx_word' id='word_1_578' title='bbox 2266 3465 2533 3537; x_wconf 77' lang='lat' dir='ltr'><strong>Requierit</strong></span> <span class='ocrx_word' id='word_1_579' title='bbox 2559 3465 2724 3520; x_wconf 84' lang='lat' dir='ltr'><strong>Deus.</strong></span> <span class='ocrx_word' id='word_1_580' title='bbox 2754 3465 2990 3520; x_wconf 85' lang='lat' dir='ltr'><strong>Proinde</strong></span> <span class='ocrx_word' id='word_1_581' title='bbox 3029 3466 3194 3535; x_wconf 87' lang='lat' dir='ltr'><strong>igitur</strong></span> <span class='ocrx_word' id='word_1_582' title='bbox 3221 3468 3326 3523; x_wconf 92' lang='lat' dir='ltr'><strong>hoc</strong></span> <span class='ocrx_word' id='word_1_583' title='bbox 3364 3468 3679 3523; x_wconf 85' lang='lat' dir='ltr'><strong>mandatum</strong></span> 
     </span>
    </p>
   </div>
   <div class='ocr_carea' id='block_1_79' title="bbox 2088 3555 3684 3629">
    <p class='ocr_par' dir='ltr' id='par_1_79' title="bbox 2088 3555 3684 3629">
     <span class='ocr_line' id='line_1_79' title="bbox 2088 3555 3684 3629; baseline 0.001 -17"><span class='ocrx_word' id='word_1_584' title='bbox 2088 3558 2322 3629; x_wconf 87' lang='lat' dir='ltr'><strong>pertinet</strong></span> <span class='ocrx_word' id='word_1_585' title='bbox 2336 3556 2401 3610; x_wconf 91' lang='lat' dir='ltr'><strong>ad</strong></span> <span class='ocrx_word' id='word_1_586' title='bbox 2423 3555 2683 3627; x_wconf 83' lang='lat' dir='ltr'><strong>Spiritum</strong></span> <span class='ocrx_word' id='word_1_587' title='bbox 2699 3563 2967 3620; x_wconf 75' lang='lat' dir='ltr'><strong>sanctUm,</strong></span> <span class='ocrx_word' id='word_1_588' title='bbox 2985 3565 3092 3610; x_wconf 87' lang='lat' dir='ltr'><strong>tam</strong></span> <span class='ocrx_word' id='word_1_589' title='bbox 3115 3565 3337 3626; x_wconf 89' lang='lat' dir='ltr'><strong>propter</strong></span> <span class='ocrx_word' id='word_1_590' title='bbox 3349 3572 3544 3611; x_wconf 90' lang='lat' dir='ltr'><strong>nomen</strong></span> <span class='ocrx_word' id='word_1_591' title='bbox 3561 3571 3684 3613; x_wconf 82' lang='lat' dir='ltr'><strong>san-</strong></span> 
     </span>
    </p>
   </div>
   <div class='ocr_carea' id='block_1_80' title="bbox 2089 3646 3682 3717">
    <p class='ocr_par' dir='ltr' id='par_1_80' title="bbox 2089 3646 3682 3717">
     <span class='ocr_line' id='line_1_80' title="bbox 2089 3646 3682 3717; baseline -0.001 -11"><span class='ocrx_word' id='word_1_592' title='bbox 2089 3646 2452 3714; x_wconf 87' lang='lat' dir='ltr'><strong>ctiﬁcationis,</strong></span> <span class='ocrx_word' id='word_1_593' title='bbox 2483 3661 2643 3714; x_wconf 90' lang='lat' dir='ltr'><strong>quam</strong></span> <span class='ocrx_word' id='word_1_594' title='bbox 2671 3646 2833 3700; x_wconf 87' lang='lat' dir='ltr'><strong>etiam</strong></span> <span class='ocrx_word' id='word_1_595' title='bbox 2859 3654 3078 3716; x_wconf 87' lang='lat' dir='ltr'><strong>propter</strong></span> <span class='ocrx_word' id='word_1_596' title='bbox 3113 3656 3371 3702; x_wconf 70' lang='lat' dir='ltr'><strong>aeternam</strong></span> <span class='ocrx_word' id='word_1_597' title='bbox 3409 3647 3682 3717; x_wconf 88' lang='lat' dir='ltr'><strong>requiem,</strong></span> 
     </span>
    </p>
   </div>
   <div class='ocr_carea' id='block_1_81' title="bbox 2089 3734 3682 3804">
    <p class='ocr_par' dir='ltr' id='par_1_81' title="bbox 2089 3734 3682 3804">
     <span class='ocr_line' id='line_1_81' title="bbox 2089 3734 3682 3804; baseline 0.001 -12"><span class='ocrx_word' id='word_1_598' title='bbox 2089 3740 2157 3792; x_wconf 88' lang='lat' dir='ltr'><strong>ad</strong></span> <span class='ocrx_word' id='word_1_599' title='bbox 2197 3739 2398 3794; x_wconf 85' lang='lat' dir='ltr'><strong>donum</strong></span> <span class='ocrx_word' id='word_1_600' title='bbox 2429 3737 2601 3792; x_wconf 88' lang='lat' dir='ltr'><strong>sancti</strong></span> <span class='ocrx_word' id='word_1_601' title='bbox 2635 3735 2870 3804; x_wconf 88' lang='lat' dir='ltr'><strong>Spiritus</strong></span> <span class='ocrx_word' id='word_1_602' title='bbox 2889 3736 3265 3804; x_wconf 88' lang='lat' dir='ltr'><strong>pertinentem.</strong></span> <span class='ocrx_word' id='word_1_603' title='bbox 3299 3734 3508 3791; x_wconf 90' lang='lat' dir='ltr'><strong>Dicitur</strong></span> <span class='ocrx_word' id='word_1_604' title='bbox 3531 3738 3682 3793; x_wconf 86' lang='lat' dir='ltr'><strong>enim</strong></span> 
     </span>
    </p>
   </div>
   <div class='ocr_carea' id='block_1_82' title="bbox 2089 3828 3683 3897">
    <p class='ocr_par' dir='ltr' id='par_1_82' title="bbox 2089 3828 3683 3897">
     <span class='ocr_line' id='line_1_82' title="bbox 2089 3828 3683 3897; baseline -0.001 -14"><span class='ocrx_word' id='word_1_605' title='bbox 2089 3829 2195 3884; x_wconf 82' lang='lat' dir='ltr'><strong>ibi:</strong></span> <span class='ocrx_word' id='word_1_606' title='bbox 2223 3829 2502 3893; x_wconf 81' lang='lat' dir='ltr'><strong>Memento,</strong></span> <span class='ocrx_word' id='word_1_607' title='bbox 2555 3838 2609 3882; x_wconf 86' lang='lat' dir='ltr'><strong>ut</strong></span> <span class='ocrx_word' id='word_1_608' title='bbox 2653 3831 2792 3881; x_wconf 85' lang='lat' dir='ltr'><strong>diem</strong></span> <span class='ocrx_word' id='word_1_609' title='bbox 2819 3828 3024 3882; x_wconf 78' lang='lat' dir='ltr'><strong>sabbati</strong></span> <span class='ocrx_word' id='word_1_610' title='bbox 3061 3828 3379 3897; x_wconf 77' lang='lat' dir='ltr'><strong>sanctiﬁces.</strong></span> <span class='ocrx_word' id='word_1_611' title='bbox 3427 3828 3535 3884; x_wconf 79' lang='lat' dir='ltr'><strong>Sea:</strong></span> <span class='ocrx_word' id='word_1_612' title='bbox 3569 3830 3683 3883; x_wconf 85' lang='lat' dir='ltr'><strong>die-</strong></span> 
     </span>
    </p>
   </div>
   <div class='ocr_carea' id='block_1_83' title="bbox 2090 3917 3680 3990">
    <p class='ocr_par' dir='ltr' id='par_1_83' title="bbox 2090 3917 3680 3990">
     <span class='ocr_line' id='line_1_83' title="bbox 2090 3917 3680 3990; baseline -0.001 -16"><span class='ocrx_word' id='word_1_613' title='bbox 2090 3922 2184 3986; x_wconf 76' lang='lat' dir='ltr'><strong>bus</strong></span> <span class='ocrx_word' id='word_1_614' title='bbox 2212 3919 2528 3990; x_wconf 80' lang='lat' dir='ltr'><strong>operaberis,</strong></span> <span class='ocrx_word' id='word_1_615' title='bbox 2559 3928 2606 3972; x_wconf 90' lang='lat' dir='ltr'><strong>et</strong></span> <span class='ocrx_word' id='word_1_616' title='bbox 2649 3919 2811 3988; x_wconf 80' lang='lat' dir='ltr'><strong>facies</strong></span> <span class='ocrx_word' id='word_1_617' title='bbox 2859 3919 3032 3971; x_wconf 88' lang='lat' dir='ltr'><strong>omnia</strong></span> <span class='ocrx_word' id='word_1_618' title='bbox 3065 3934 3223 3988; x_wconf 85' lang='lat' dir='ltr'><strong>opera</strong></span> <span class='ocrx_word' id='word_1_619' title='bbox 3253 3927 3368 3972; x_wconf 86' lang='lat' dir='ltr'><strong>tua.</strong></span> <span class='ocrx_word' id='word_1_620' title='bbox 3415 3917 3680 3986; x_wconf 78' lang='lat' dir='ltr'><strong>Septimus</strong></span> 
     </span>
    </p>
   </div>
   <div class='ocr_carea' id='block_1_84' title="bbox 2088 4010 3679 4080">
    <p class='ocr_par' dir='ltr' id='par_1_84' title="bbox 2088 4010 3679 4080">
     <span class='ocr_line' id='line_1_84' title="bbox 2088 4010 3679 4080; baseline -0.004 -9"><span class='ocrx_word' id='word_1_621' title='bbox 2088 4025 2262 4071; x_wconf 85' lang='lat' dir='ltr'><strong>autem</strong></span> <span class='ocrx_word' id='word_1_622' title='bbox 2288 4015 2397 4068; x_wconf 84' lang='lat' dir='ltr'><strong>dies</strong></span> <span class='ocrx_word' id='word_1_623' title='bbox 2425 4013 2699 4077; x_wconf 78' lang='lat' dir='ltr'><strong>sabbatum</strong></span> <span class='ocrx_word' id='word_1_624' title='bbox 2746 4021 2820 4073; x_wconf 78' lang='lat' dir='ltr'><strong>est</strong></span> <span class='ocrx_word' id='word_1_625' title='bbox 2861 4011 3074 4065; x_wconf 81' lang='lat' dir='ltr'><strong>Domini</strong></span> <span class='ocrx_word' id='word_1_626' title='bbox 3099 4010 3197 4064; x_wconf 86' lang='lat' dir='ltr'><strong>Dei</strong></span> <span class='ocrx_word' id='word_1_627' title='bbox 3240 4011 3340 4075; x_wconf 86' lang='lat' dir='ltr'><strong>tui,</strong></span> <span class='ocrx_word' id='word_1_628' title='bbox 3385 4027 3490 4065; x_wconf 86' lang='lat' dir='ltr'><strong>nou</strong></span> <span class='ocrx_word' id='word_1_629' title='bbox 3519 4011 3679 4080; x_wconf 78' lang='lat' dir='ltr'><strong>facies</strong></span> 
     </span>
    </p>
   </div>
   <div class='ocr_carea' id='block_1_85' title="bbox 2089 4104 3677 4178">
    <p class='ocr_par' dir='ltr' id='par_1_85' title="bbox 2089 4104 3677 4178">
     <span class='ocr_line' id='line_1_85' title="bbox 2089 4104 3677 4178; baseline -0.003 -15"><span class='ocrx_word' id='word_1_630' title='bbox 2089 4125 2240 4167; x_wconf 83' lang='lat' dir='ltr'><strong>omne</strong></span> <span class='ocrx_word' id='word_1_631' title='bbox 2278 4125 2406 4178; x_wconf 85' lang='lat' dir='ltr'><strong>opus</strong></span> <span class='ocrx_word' id='word_1_632' title='bbox 2436 4108 2491 4161; x_wconf 90' lang='lat' dir='ltr'><strong>in</strong></span> <span class='ocrx_word' id='word_1_633' title='bbox 2530 4123 2589 4160; x_wconf 87' lang='lat' dir='ltr'><strong>eo</strong></span> <span class='ocrx_word' id='word_1_634' title='bbox 2630 4106 2828 4177; x_wconf 69' lang='lat' dir='ltr'><strong>(Exod.</strong></span> <span class='ocrx_word' id='word_1_635' title='bbox 2881 4121 2986 4168; x_wconf 75' lang='lat' dir='ltr'><strong>xx,</strong></span> <span class='ocrx_word' id='word_1_636' title='bbox 3039 4104 3167 4175; x_wconf 79' lang='grc'><strong>11)).</strong></span> <span class='ocrx_word' id='word_1_637' title='bbox 3214 4104 3272 4158; x_wconf 84' lang='grc' dir='ltr'><strong>1η</strong></span> <span class='ocrx_word' id='word_1_638' title='bbox 3321 4119 3415 4160; x_wconf 85' lang='lat' dir='ltr'><strong>sex</strong></span> <span class='ocrx_word' id='word_1_639' title='bbox 3469 4105 3677 4158; x_wconf 89' lang='lat' dir='ltr'><strong>dierum</strong></span> 
     </span>
    </p>
   </div>
   <div class='ocr_carea' id='block_1_86' title="bbox 2088 4195 3675 4270">
    <p class='ocr_par' dir='ltr' id='par_1_86' title="bbox 2088 4195 3675 4270">
     <span class='ocr_line' id='line_1_86' title="bbox 2088 4195 3675 4270; baseline -0.004 -17"><span class='ocrx_word' id='word_1_640' title='bbox 2088 4214 2251 4270; x_wconf 85' lang='lat' dir='ltr'><strong>opere</strong></span> <span class='ocrx_word' id='word_1_641' title='bbox 2301 4213 2393 4252; x_wconf 81' lang='lat' dir='ltr'><strong>sex</strong></span> <span class='ocrx_word' id='word_1_642' title='bbox 2443 4197 2667 4252; x_wconf 89' lang='lat' dir='ltr'><strong>millium</strong></span> <span class='ocrx_word' id='word_1_643' title='bbox 2726 4212 2991 4258; x_wconf 88' lang='lat' dir='ltr'><strong>annorum</strong></span> <span class='ocrx_word' id='word_1_644' title='bbox 3034 4195 3277 4265; x_wconf 78' lang='lat' dir='ltr'><strong>Operatio</strong></span> <span class='ocrx_word' id='word_1_645' title='bbox 3328 4195 3675 4249; x_wconf 87' lang='lat' dir='ltr'><strong>continetur:</strong></span> 
     </span>
    </p>
   </div>
   <div class='ocr_carea' id='block_1_87' title="bbox 2087 4289 3676 4364">
    <p class='ocr_par' dir='ltr' id='par_1_87' title="bbox 2087 4289 3676 4364">
     <span class='ocr_line' id='line_1_87' title="bbox 2087 4289 3676 4364; baseline -0.006 -15"><span class='ocrx_word' id='word_1_646' title='bbox 2087 4295 2143 4349; x_wconf 89' lang='lat' dir='ltr'><strong>in</strong></span> <span class='ocrx_word' id='word_1_647' title='bbox 2181 4293 2392 4364; x_wconf 90' lang='lat' dir='ltr'><strong>septimi</strong></span> <span class='ocrx_word' id='word_1_648' title='bbox 2441 4308 2572 4356; x_wconf 83' lang='lat' dir='ltr'><strong>vero</strong></span> <span class='ocrx_word' id='word_1_649' title='bbox 2620 4292 2827 4360; x_wconf 84' lang='lat' dir='ltr'><strong>requie,</strong></span> <span class='ocrx_word' id='word_1_650' title='bbox 2880 4289 3026 4346; x_wconf 90' lang='lat' dir='ltr'><strong>beati</strong></span> <span class='ocrx_word' id='word_1_651' title='bbox 3074 4289 3218 4348; x_wconf 78' lang='lat' dir='ltr'><strong>illius</strong></span> <span class='ocrx_word' id='word_1_652' title='bbox 3265 4289 3416 4359; x_wconf 86' lang='lat' dir='ltr'><strong>regni</strong></span> <span class='ocrx_word' id='word_1_653' title='bbox 3469 4295 3676 4358; x_wconf 74' lang='lat' dir='ltr'><strong>tempus</strong></span> 
     </span>
    </p>
   </div>
   <div class='ocr_carea' id='block_1_88' title="bbox 2088 4378 3676 4452">
    <p class='ocr_par' dir='ltr' id='par_1_88' title="bbox 2088 4378 3676 4452">
     <span class='ocr_line' id='line_1_88' title="bbox 2088 4378 3676 4452; baseline -0.005 -12"><span class='ocrx_word' id='word_1_654' title='bbox 2088 4385 2408 4447; x_wconf 87' lang='lat' dir='ltr'><strong>ostenditur,</strong></span> <span class='ocrx_word' id='word_1_655' title='bbox 2453 4383 2597 4452; x_wconf 87' lang='lat' dir='ltr'><strong>quod</strong></span> <span class='ocrx_word' id='word_1_656' title='bbox 2637 4381 2930 4435; x_wconf 88' lang='lat' dir='ltr'><strong>carnaliter</strong></span> <span class='ocrx_word' id='word_1_657' title='bbox 2971 4378 3139 4434; x_wconf 71' lang='lat' dir='ltr'><strong>Judaei</strong></span> <span class='ocrx_word' id='word_1_658' title='bbox 3190 4378 3527 4434; x_wconf 81' lang='lat' dir='ltr'><strong>celebrantes</strong></span> <span class='ocrx_word' id='word_1_659' title='bbox 3579 4395 3676 4432; x_wconf 71' lang='lat' dir='ltr'><strong>cx—</strong></span> 
     </span>
    </p>
   </div>
   <div class='ocr_carea' id='block_1_89' title="bbox 2089 4465 3676 4545">
    <p class='ocr_par' dir='ltr' id='par_1_89' title="bbox 2089 4465 3676 4545">
     <span class='ocr_line' id='line_1_89' title="bbox 2089 4465 3676 4545; baseline -0.008 -15"><span class='ocrx_word' id='word_1_660' title='bbox 2089 4482 2352 4545; x_wconf 86' lang='lat' dir='ltr'><strong>spectant.</strong></span> <span class='ocrx_word' id='word_1_661' title='bbox 2388 4473 2453 4527; x_wconf 82' lang='lat' dir='ltr'><strong>Et</strong></span> <span class='ocrx_word' id='word_1_662' title='bbox 2481 4474 2585 4527; x_wconf 90' lang='lat' dir='ltr'><strong>hoc</strong></span> <span class='ocrx_word' id='word_1_663' title='bbox 2610 4488 2675 4527; x_wconf 91' lang='lat' dir='ltr'><strong>ne</strong></span> <span class='ocrx_word' id='word_1_664' title='bbox 2707 4487 2804 4526; x_wconf 89' lang='lat' dir='ltr'><strong>nos</strong></span> <span class='ocrx_word' id='word_1_665' title='bbox 2839 4470 2907 4524; x_wconf 91' lang='lat' dir='ltr'><strong>ad</strong></span> <span class='ocrx_word' id='word_1_666' title='bbox 2939 4468 3097 4522; x_wconf 87' lang='lat' dir='ltr'><strong>ﬁdem</strong></span> <span class='ocrx_word' id='word_1_667' title='bbox 3136 4467 3401 4522; x_wconf 88' lang='lat' dir='ltr'><strong>mendacii</strong></span> <span class='ocrx_word' id='word_1_668' title='bbox 3427 4465 3676 4519; x_wconf 80' lang='lat' dir='ltr'><strong>fallentes</strong></span> 
     </span>
    </p>
   </div>
   <div class='ocr_carea' id='block_1_90' title="bbox 2089 4555 3676 4638">
    <p class='ocr_par' dir='ltr' id='par_1_90' title="bbox 2089 4555 3676 4638">
     <span class='ocr_line' id='line_1_90' title="bbox 2089 4555 3676 4638; baseline -0.007 -17"><span class='ocrx_word' id='word_1_669' title='bbox 2089 4575 2357 4638; x_wconf 76' lang='lat' dir='ltr'><strong>aptemus,</strong></span> <span class='ocrx_word' id='word_1_670' title='bbox 2388 4565 2588 4620; x_wconf 87' lang='lat' dir='ltr'><strong>clamat</strong></span> <span class='ocrx_word' id='word_1_671' title='bbox 2637 4580 2733 4633; x_wconf 81' lang='lat' dir='ltr'><strong>per</strong></span> <span class='ocrx_word' id='word_1_672' title='bbox 2761 4562 3080 4631; x_wconf 88' lang='lat' dir='ltr'><strong>prophetam</strong></span> <span class='ocrx_word' id='word_1_673' title='bbox 3130 4559 3275 4614; x_wconf 90' lang='lat' dir='ltr'><strong>Deus</strong></span> <span class='ocrx_word' id='word_1_674' title='bbox 3310 4577 3323 4613; x_wconf 86' lang='lat'><strong>:</strong></span> <span class='ocrx_word' id='word_1_675' title='bbox 3359 4555 3676 4612; x_wconf 85' lang='lat' dir='ltr'><strong>Neomcuias</strong></span> 
     </span>
    </p>
   </div>
   <div class='ocr_carea' id='block_1_91' title="bbox 391 4644 3683 4738">
    <p class='ocr_par' dir='ltr' id='par_1_91' title="bbox 391 4644 3683 4738">
     <span class='ocr_line' id='line_1_91' title="bbox 391 4644 3683 4738; baseline -0.009 -8"><span class='ocrx_word' id='word_1_676' title='bbox 391 4676 614 4732; x_wconf 76' lang='lat' dir='ltr'><strong>Patrem</strong></span> <span class='ocrx_word' id='word_1_677' title='bbox 656 4668 927 4738; x_wconf 86' lang='lat' dir='ltr'><strong>pertinet,</strong></span> <span class='ocrx_word' id='word_1_678' title='bbox 980 4665 1109 4719; x_wconf 89' lang='lat' dir='ltr'><strong>dum</strong></span> <span class='ocrx_word' id='word_1_679' title='bbox 1157 4661 1288 4716; x_wconf 90' lang='lat' dir='ltr'><strong>dicit</strong></span> <span class='ocrx_word' id='word_1_680' title='bbox 1319 4678 1332 4712; x_wconf 92' lang='lat'>:</span> <span class='ocrx_word' id='word_1_681' title='bbox 1383 4659 1641 4714; x_wconf 84' lang='lat' dir='ltr'><strong>Dominus</strong></span> <span class='ocrx_word' id='word_1_682' title='bbox 1685 4656 1827 4710; x_wconf 84' lang='lat' dir='ltr'><strong>Deus</strong></span> <span class='ocrx_word' id='word_1_683' title='bbox 1867 4666 1988 4710; x_wconf 85' lang='lat' dir='ltr'><strong>tuus</strong></span> <span class='ocrx_word' id='word_1_684' title='bbox 2023 4644 2068 4701; x_wconf 80' lang='grc' dir='ltr'><strong>Ῑ)</strong></span> <span class='ocrx_word' id='word_1_685' title='bbox 2094 4668 2142 4712; x_wconf 90' lang='lat' dir='ltr'><strong>et</strong></span> <span class='ocrx_word' id='word_1_686' title='bbox 2167 4658 2384 4713; x_wconf 84' lang='lat' dir='ltr'><strong>sabbata</strong></span> <span class='ocrx_word' id='word_1_687' title='bbox 2415 4665 2583 4711; x_wconf 73' lang='lat' dir='ltr'><strong>vestra</strong></span> <span class='ocrx_word' id='word_1_688' title='bbox 2611 4655 2770 4710; x_wconf 73' lang='lat' dir='ltr'><strong>adivit</strong></span> <span class='ocrx_word' id='word_1_689' title='bbox 2797 4653 2978 4706; x_wconf 86' lang='lat' dir='ltr'><strong>anima</strong></span> <span class='ocrx_word' id='word_1_690' title='bbox 3010 4667 3124 4704; x_wconf 85' lang='lat' dir='ltr'><strong>mea</strong></span> <span class='ocrx_word' id='word_1_691' title='bbox 3142 4649 3301 4719; x_wconf 86' lang='lat' dir='ltr'><strong>(Isai.</strong></span> <span class='ocrx_word' id='word_1_692' title='bbox 3328 4665 3368 4713; x_wconf 83' lang='grc' dir='ltr'><strong>ι,</strong></span> <span class='ocrx_word' id='word_1_693' title='bbox 3394 4647 3504 4716; x_wconf 78' lang='grc'><strong>15).</strong></span> <span class='ocrx_word' id='word_1_694' title='bbox 3536 4646 3683 4713; x_wconf 82' lang='lat' dir='ltr'><strong>Quo-</strong></span> 
     </span>
    </p>
   </div>
   <div class='ocr_carea' id='block_1_92' title="bbox 395 4746 1986 4829">
    <p class='ocr_par' dir='ltr' id='par_1_92' title="bbox 395 4746 1986 4829">
     <span class='ocr_line' id='line_1_92' title="bbox 395 4746 1986 4829; baseline -0.013 -10"><span class='ocrx_word' id='word_1_695' title='bbox 395 4765 538 4819; x_wconf 80' lang='lat' dir='ltr'><strong>Deus</strong></span> <span class='ocrx_word' id='word_1_696' title='bbox 564 4776 698 4814; x_wconf 75' lang='lat' dir='ltr'><strong>unus</strong></span> <span class='ocrx_word' id='word_1_697' title='bbox 738 4766 813 4812; x_wconf 87' lang='lat' dir='ltr'><strong>est</strong></span> <span class='ocrx_word' id='word_1_698' title='bbox 850 4753 1044 4829; x_wconf 69' lang='lat' dir='ltr'><strong>(Exod.</strong></span> <span class='ocrx_word' id='word_1_699' title='bbox 1077 4768 1168 4815; x_wconf 74' lang='lat' dir='ltr'><strong>xx,</strong></span> <span class='ocrx_word' id='word_1_700' title='bbox 1215 4750 1369 4805; x_wconf 87' lang='lat' dir='ltr'><strong>Deut.</strong></span> <span class='ocrx_word' id='word_1_701' title='bbox 1411 4750 1487 4818; x_wconf 72' lang='grc' dir='ltr'><strong>ν).</strong></span> <span class='ocrx_word' id='word_1_702' title='bbox 1542 4747 1736 4816; x_wconf 88' lang='lat' dir='ltr'><strong>Utique</strong></span> <span class='ocrx_word' id='word_1_703' title='bbox 1765 4755 1825 4801; x_wconf 90' lang='lat' dir='ltr'><strong>ut</strong></span> <span class='ocrx_word' id='word_1_704' title='bbox 1869 4746 1986 4800; x_wconf 69' lang='lat' dir='ltr'><strong>hcce</strong></span> 
     </span>
    </p>
   </div>
   <div class='ocr_carea' id='block_1_93' title="bbox 392 4839 1984 4910">
    <p class='ocr_par' dir='ltr' id='par_1_93' title="bbox 392 4839 1984 4910">
     <span class='ocr_line' id='line_1_93' title="bbox 392 4839 1984 4910; baseline -0.012 0"><span class='ocrx_word' id='word_1_705' title='bbox 392 4856 622 4910; x_wconf 86' lang='lat' dir='ltr'><strong>audiens</strong></span> <span class='ocrx_word' id='word_1_706' title='bbox 646 4865 812 4906; x_wconf 89' lang='lat' dir='ltr'><strong>unum</strong></span> <span class='ocrx_word' id='word_1_707' title='bbox 837 4848 1006 4902; x_wconf 88' lang='lat' dir='ltr'><strong>Deum</strong></span> <span class='ocrx_word' id='word_1_708' title='bbox 1033 4845 1251 4899; x_wconf 87' lang='lat' dir='ltr'><strong>Patrem</strong></span> <span class='ocrx_word' id='word_1_709' title='bbox 1276 4841 1445 4906; x_wconf 88' lang='lat' dir='ltr'><strong>colas,</strong></span> <span class='ocrx_word' id='word_1_710' title='bbox 1471 4847 1526 4895; x_wconf 89' lang='lat' dir='ltr'><strong>et</strong></span> <span class='ocrx_word' id='word_1_711' title='bbox 1549 4840 1601 4893; x_wconf 91' lang='lat' dir='ltr'><strong>in</strong></span> <span class='ocrx_word' id='word_1_712' title='bbox 1623 4839 1819 4893; x_wconf 87' lang='lat' dir='ltr'><strong>multos</strong></span> <span class='ocrx_word' id='word_1_713' title='bbox 1845 4839 1984 4892; x_wconf 88' lang='lat' dir='ltr'><strong>Deos</strong></span> 
     </span>
    </p>
   </div>
   <div class='ocr_carea' id='block_1_94' title="bbox 396 4929 1984 5002">
    <p class='ocr_par' dir='ltr' id='par_1_94' title="bbox 396 4929 1984 5002">
     <span class='ocr_line' id='line_1_94' title="bbox 396 4929 1984 5002; baseline -0.014 0"><span class='ocrx_word' id='word_1_714' title='bbox 396 4944 807 5002; x_wconf 75' lang='lat' dir='ltr'><strong>fornicationem</strong></span> <span class='ocrx_word' id='word_1_715' title='bbox 836 4948 986 4993; x_wconf 88' lang='lat' dir='ltr'><strong>tuam</strong></span> <span class='ocrx_word' id='word_1_716' title='bbox 1033 4951 1138 4989; x_wconf 80' lang='lat' dir='ltr'><strong>non</strong></span> <span class='ocrx_word' id='word_1_717' title='bbox 1190 4933 1451 4998; x_wconf 85' lang='lat' dir='ltr'><strong>eﬁ&#39;undas.</strong></span> <span class='ocrx_word' id='word_1_718' title='bbox 1499 4929 1804 4985; x_wconf 87' lang='lat' dir='ltr'><strong>Secundum</strong></span> <span class='ocrx_word' id='word_1_719' title='bbox 1847 4944 1984 4997; x_wconf 65' lang='lat' dir='ltr'><strong>prte-</strong></span> 
     </span>
    </p>
   </div>
   <div class='ocr_carea' id='block_1_95' title="bbox 394 5021 1983 5110">
    <p class='ocr_par' dir='ltr' id='par_1_95' title="bbox 394 5021 1983 5110">
     <span class='ocr_line' id='line_1_95' title="bbox 394 5021 1983 5110; baseline -0.014 -15"><span class='ocrx_word' id='word_1_720' title='bbox 394 5047 612 5110; x_wconf 81' lang='lat' dir='ltr'><strong>ceptum</strong></span> <span class='ocrx_word' id='word_1_721' title='bbox 638 5034 872 5106; x_wconf 89' lang='lat' dir='ltr'><strong>pertinet</strong></span> <span class='ocrx_word' id='word_1_722' title='bbox 899 5029 965 5085; x_wconf 88' lang='lat' dir='ltr'><strong>ad</strong></span> <span class='ocrx_word' id='word_1_723' title='bbox 986 5028 1202 5090; x_wconf 77' lang='lat' dir='ltr'><strong>Filium,</strong></span> <span class='ocrx_word' id='word_1_724' title='bbox 1228 5026 1355 5080; x_wconf 89' lang='lat' dir='ltr'><strong>dum</strong></span> <span class='ocrx_word' id='word_1_725' title='bbox 1383 5025 1514 5078; x_wconf 92' lang='lat' dir='ltr'><strong>dicit</strong></span> <span class='ocrx_word' id='word_1_726' title='bbox 1545 5040 1556 5075; x_wconf 95' lang='lat'>:</span> <span class='ocrx_word' id='word_1_727' title='bbox 1591 5021 1714 5075; x_wconf 89' lang='lat' dir='ltr'><strong>Non</strong></span> <span class='ocrx_word' id='word_1_728' title='bbox 1750 5035 1983 5078; x_wconf 83' lang='lat' dir='ltr'><strong>assumes</strong></span> 
     </span>
    </p>
   </div>
   <div class='ocr_carea' id='block_1_96' title="bbox 398 5113 1986 5186">
    <p class='ocr_par' dir='ltr' id='par_1_96' title="bbox 398 5113 1986 5186">
     <span class='ocr_line' id='line_1_96' title="bbox 398 5113 1986 5186; baseline -0.016 1"><span class='ocrx_word' id='word_1_729' title='bbox 398 5148 588 5186; x_wconf 77' lang='lat' dir='ltr'><strong>uenten</strong></span> <span class='ocrx_word' id='word_1_730' title='bbox 615 5125 827 5182; x_wconf 81' lang='lat' dir='ltr'><strong>Domini</strong></span> <span class='ocrx_word' id='word_1_731' title='bbox 856 5124 934 5176; x_wconf 87' lang='lat' dir='ltr'><strong>tui</strong></span> <span class='ocrx_word' id='word_1_732' title='bbox 953 5123 1009 5176; x_wconf 87' lang='lat' dir='ltr'><strong>in</strong></span> <span class='ocrx_word' id='word_1_733' title='bbox 1031 5136 1239 5181; x_wconf 78' lang='lat' dir='ltr'><strong>vanum,</strong></span> <span class='ocrx_word' id='word_1_734' title='bbox 1269 5117 1322 5172; x_wconf 91' lang='lat' dir='ltr'><strong>id</strong></span> <span class='ocrx_word' id='word_1_735' title='bbox 1348 5123 1454 5180; x_wconf 87' lang='lat' dir='ltr'><strong>est,</strong></span> <span class='ocrx_word' id='word_1_736' title='bbox 1484 5128 1550 5169; x_wconf 91' lang='lat' dir='ltr'><strong>nc</strong></span> <span class='ocrx_word' id='word_1_737' title='bbox 1575 5113 1808 5168; x_wconf 69' lang='lat' dir='ltr'><strong>mstimes</strong></span> <span class='ocrx_word' id='word_1_738' title='bbox 1833 5127 1986 5166; x_wconf 88' lang='lat' dir='ltr'><strong>crea—</strong></span> 
     </span>
    </p>
   </div>
   <div class='ocr_carea' id='block_1_97' title="bbox 395 5203 1986 5283">
    <p class='ocr_par' dir='ltr' id='par_1_97' title="bbox 395 5203 1986 5283">
     <span class='ocr_line' id='line_1_97' title="bbox 395 5203 1986 5283; baseline -0.014 -5"><span class='ocrx_word' id='word_1_739' title='bbox 395 5231 579 5283; x_wconf 83' lang='lat' dir='ltr'><strong>turam</strong></span> <span class='ocrx_word' id='word_1_740' title='bbox 624 5234 746 5275; x_wconf 88' lang='lat' dir='ltr'><strong>esse</strong></span> <span class='ocrx_word' id='word_1_741' title='bbox 777 5216 945 5270; x_wconf 88' lang='lat' dir='ltr'><strong>ﬁlium</strong></span> <span class='ocrx_word' id='word_1_742' title='bbox 975 5212 1090 5275; x_wconf 83' lang='lat' dir='ltr'><strong>Dei,</strong></span> <span class='ocrx_word' id='word_1_743' title='bbox 1119 5210 1374 5280; x_wconf 88' lang='lat' dir='ltr'><strong>quoniam</strong></span> <span class='ocrx_word' id='word_1_744' title='bbox 1419 5206 1596 5262; x_wconf 86' lang='lat' dir='ltr'><strong>omnis</strong></span> <span class='ocrx_word' id='word_1_745' title='bbox 1625 5203 1783 5276; x_wconf 59' lang='lat'><strong>341</strong></span> <span class='ocrx_word' id='word_1_746' title='bbox 1832 5218 1986 5258; x_wconf 85' lang='lat' dir='ltr'><strong>crea-</strong></span> 
     </span>
    </p>
   </div>
   <div class='ocr_carea' id='block_1_98' title="bbox 400 5294 1984 5375">
    <p class='ocr_par' dir='ltr' id='par_1_98' title="bbox 400 5294 1984 5375">
     <span class='ocr_line' id='line_1_98' title="bbox 400 5294 1984 5375; baseline -0.013 -6"><span class='ocrx_word' id='word_1_747' title='bbox 400 5324 522 5369; x_wconf 89' lang='lat' dir='ltr'><strong>tura</strong></span> <span class='ocrx_word' id='word_1_748' title='bbox 547 5311 774 5368; x_wconf 70' lang='lat' dir='ltr'><strong>vanitati</strong></span> <span class='ocrx_word' id='word_1_749' title='bbox 802 5305 1043 5375; x_wconf 88' lang='lat' dir='ltr'><strong>subjecta</strong></span> <span class='ocrx_word' id='word_1_750' title='bbox 1071 5312 1184 5365; x_wconf 87' lang='lat' dir='ltr'><strong>est;</strong></span> <span class='ocrx_word' id='word_1_751' title='bbox 1228 5301 1323 5355; x_wconf 90' lang='lat' dir='ltr'><strong>sed</strong></span> <span class='ocrx_word' id='word_1_752' title='bbox 1351 5300 1544 5356; x_wconf 87' lang='lat' dir='ltr'><strong>credas</strong></span> <span class='ocrx_word' id='word_1_753' title='bbox 1571 5312 1694 5351; x_wconf 84' lang='lat' dir='ltr'><strong>eum</strong></span> <span class='ocrx_word' id='word_1_754' title='bbox 1724 5294 1984 5364; x_wconf 70' lang='lat' dir='ltr'><strong>aequalem</strong></span> 
     </span>
    </p>
   </div>
   <div class='ocr_carea' id='block_1_99' title="bbox 399 5388 1986 5466">
    <p class='ocr_par' dir='ltr' id='par_1_99' title="bbox 399 5388 1986 5466">
     <span class='ocr_line' id='line_1_99' title="bbox 399 5388 1986 5466; baseline -0.013 -7"><span class='ocrx_word' id='word_1_755' title='bbox 399 5420 522 5459; x_wconf 84' lang='lat' dir='ltr'><strong>esse</strong></span> <span class='ocrx_word' id='word_1_756' title='bbox 549 5402 719 5466; x_wconf 87' lang='lat' dir='ltr'><strong>Patri,</strong></span> <span class='ocrx_word' id='word_1_757' title='bbox 764 5401 933 5454; x_wconf 91' lang='lat' dir='ltr'><strong>Deum</strong></span> <span class='ocrx_word' id='word_1_758' title='bbox 963 5396 1210 5458; x_wconf 85' lang='lat' dir='ltr'><strong>deorum,</strong></span> <span class='ocrx_word' id='word_1_759' title='bbox 1243 5392 1476 5449; x_wconf 78' lang='lat' dir='ltr'><strong>Verbum</strong></span> <span class='ocrx_word' id='word_1_760' title='bbox 1505 5389 1642 5459; x_wconf 89' lang='lat' dir='ltr'><strong>apud</strong></span> <span class='ocrx_word' id='word_1_761' title='bbox 1667 5388 1860 5450; x_wconf 85' lang='lat' dir='ltr'><strong>Deum,</strong></span> <span class='ocrx_word' id='word_1_762' title='bbox 1890 5401 1986 5455; x_wconf 86' lang='lat' dir='ltr'><strong>per</strong></span> 
     </span>
    </p>
   </div>
   <div class='ocr_carea' id='block_1_100' title="bbox 396 5477 1984 5561">
    <p class='ocr_par' dir='ltr' id='par_1_100' title="bbox 396 5477 1984 5561">
     <span class='ocr_line' id='line_1_100' title="bbox 396 5477 1984 5561; baseline -0.01 -15"><span class='ocrx_word' id='word_1_763' title='bbox 396 5508 560 5561; x_wconf 66' lang='lat' dir='ltr'><strong>(ptem</strong></span> <span class='ocrx_word' id='word_1_764' title='bbox 585 5492 764 5546; x_wconf 78' lang='lat' dir='ltr'><strong>omnia</strong></span> <span class='ocrx_word' id='word_1_765' title='bbox 790 5488 936 5546; x_wconf 79' lang='lat' dir='ltr'><strong>facta</strong></span> <span class='ocrx_word' id='word_1_766' title='bbox 975 5495 1118 5542; x_wconf 87' lang='lat' dir='ltr'><strong>sunt.</strong></span> <span class='ocrx_word' id='word_1_767' title='bbox 1159 5483 1401 5540; x_wconf 85' lang='lat' dir='ltr'><strong>Tertium</strong></span> <span class='ocrx_word' id='word_1_768' title='bbox 1427 5481 1741 5537; x_wconf 86' lang='lat' dir='ltr'><strong>mandatum</strong></span> <span class='ocrx_word' id='word_1_769' title='bbox 1772 5477 1838 5532; x_wconf 90' lang='lat' dir='ltr'><strong>de</strong></span> <span class='ocrx_word' id='word_1_770' title='bbox 1860 5478 1984 5530; x_wconf 83' lang='lat' dir='ltr'><strong>sab-</strong></span> 
     </span>
    </p>
   </div>
   <div class='ocr_carea' id='block_1_101' title="bbox 401 5572 1987 5652">
    <p class='ocr_par' dir='ltr' id='par_1_101' title="bbox 401 5572 1987 5652">
     <span class='ocr_line' id='line_1_101' title="bbox 401 5572 1987 5652; baseline -0.015 -8"><span class='ocrx_word' id='word_1_771' title='bbox 401 5589 527 5644; x_wconf 77' lang='lat' dir='ltr'><strong>bato</strong></span> <span class='ocrx_word' id='word_1_772' title='bbox 554 5585 620 5637; x_wconf 91' lang='lat' dir='ltr'><strong>ad</strong></span> <span class='ocrx_word' id='word_1_773' title='bbox 643 5584 903 5652; x_wconf 85' lang='lat' dir='ltr'><strong>Spiritum</strong></span> <span class='ocrx_word' id='word_1_774' title='bbox 933 5590 1178 5636; x_wconf 83' lang='lat' dir='ltr'><strong>sanctum</strong></span> <span class='ocrx_word' id='word_1_775' title='bbox 1223 5579 1471 5651; x_wconf 84' lang='lat' dir='ltr'><strong>pertinet,</strong></span> <span class='ocrx_word' id='word_1_776' title='bbox 1501 5574 1653 5643; x_wconf 84' lang='lat' dir='ltr'><strong>cujus</strong></span> <span class='ocrx_word' id='word_1_777' title='bbox 1676 5572 1874 5627; x_wconf 88' lang='lat' dir='ltr'><strong>donum</strong></span> <span class='ocrx_word' id='word_1_778' title='bbox 1905 5584 1987 5621; x_wconf 85' lang='lat' dir='ltr'><strong>re-</strong></span> 
     </span>
    </p>
   </div>
   <div class='ocr_carea' id='block_1_102' title="bbox 401 5657 1988 5746">
    <p class='ocr_par' dir='ltr' id='par_1_102' title="bbox 401 5657 1988 5746">
     <span class='ocr_line' id='line_1_102' title="bbox 401 5657 1988 5746; baseline -0.016 -14"><span class='ocrx_word' id='word_1_779' title='bbox 401 5675 557 5746; x_wconf 83' lang='lat' dir='ltr'><strong>quies</strong></span> <span class='ocrx_word' id='word_1_780' title='bbox 585 5673 740 5726; x_wconf 88' lang='lat' dir='ltr'><strong>nobis</strong></span> <span class='ocrx_word' id='word_1_781' title='bbox 777 5671 1103 5740; x_wconf 86' lang='lat' dir='ltr'><strong>sempiterna</strong></span> <span class='ocrx_word' id='word_1_782' title='bbox 1133 5667 1484 5740; x_wconf 86' lang='lat' dir='ltr'><strong>promittitur.</strong></span> <span class='ocrx_word' id='word_1_783' title='bbox 1541 5663 1673 5716; x_wconf 69' lang='lat' dir='ltr'><strong>Nam</strong></span> <span class='ocrx_word' id='word_1_784' title='bbox 1705 5660 1830 5730; x_wconf 83' lang='lat' dir='ltr'><strong>quia</strong></span> <span class='ocrx_word' id='word_1_785' title='bbox 1869 5657 1988 5725; x_wconf 86' lang='lat' dir='ltr'><strong>Spi-</strong></span> 
     </span>
    </p>
   </div>
   <div class='ocr_carea' id='block_1_103' title="bbox 405 5749 1983 5832">
    <p class='ocr_par' dir='ltr' id='par_1_103' title="bbox 405 5749 1983 5832">
     <span class='ocr_line' id='line_1_103' title="bbox 405 5749 1983 5832; baseline -0.017 -5"><span class='ocrx_word' id='word_1_786' title='bbox 405 5771 544 5826; x_wconf 76' lang='lat' dir='ltr'><strong>ritus</strong></span> <span class='ocrx_word' id='word_1_787' title='bbox 581 5773 800 5826; x_wconf 79' lang='lat' dir='ltr'><strong>sanctus</strong></span> <span class='ocrx_word' id='word_1_788' title='bbox 831 5763 1046 5827; x_wconf 77' lang='lat' dir='ltr'><strong>dicitur,</strong></span> <span class='ocrx_word' id='word_1_789' title='bbox 1094 5768 1378 5832; x_wconf 79' lang='lat' dir='ltr'><strong>propterea</strong></span> <span class='ocrx_word' id='word_1_790' title='bbox 1412 5766 1464 5813; x_wconf 86' lang='lat' dir='ltr'><strong>et</strong></span> <span class='ocrx_word' id='word_1_791' title='bbox 1512 5755 1799 5826; x_wconf 74' lang='lat' dir='ltr'><strong>septimum</strong></span> <span class='ocrx_word' id='word_1_792' title='bbox 1843 5749 1983 5808; x_wconf 81' lang='lat' dir='ltr'><strong>diem</strong></span> 
     </span>
    </p>
   </div>
   <div class='ocr_carea' id='block_1_104' title="bbox 2095 4737 3681 4816">
    <p class='ocr_par' dir='ltr' id='par_1_104' title="bbox 2095 4737 3681 4816">
     <span class='ocr_line' id='line_1_104' title="bbox 2095 4737 3681 4816; baseline -0.006 -14"><span class='ocrx_word' id='word_1_793' title='bbox 2095 4748 2255 4802; x_wconf 91' lang='lat' dir='ltr'><strong>modo</strong></span> <span class='ocrx_word' id='word_1_794' title='bbox 2283 4762 2412 4816; x_wconf 85' lang='lat' dir='ltr'><strong>ergo</strong></span> <span class='ocrx_word' id='word_1_795' title='bbox 2442 4745 2783 4800; x_wconf 87' lang='lat' dir='ltr'><strong>sanctiﬁcata</strong></span> <span class='ocrx_word' id='word_1_796' title='bbox 2837 4751 2966 4796; x_wconf 89' lang='lat' dir='ltr'><strong>sunt</strong></span> <span class='ocrx_word' id='word_1_797' title='bbox 2992 4741 3074 4796; x_wconf 73' lang='lat' dir='ltr'><strong>vel</strong></span> <span class='ocrx_word' id='word_1_798' title='bbox 3114 4747 3276 4794; x_wconf 88' lang='lat' dir='ltr'><strong>erunt</strong></span> <span class='ocrx_word' id='word_1_799' title='bbox 3320 4738 3546 4794; x_wconf 87' lang='lat' dir='ltr'><strong>sabbata</strong></span> <span class='ocrx_word' id='word_1_800' title='bbox 3590 4737 3681 4793; x_wconf 84' lang='lat' dir='ltr'><strong>illa</strong></span> 
     </span>
    </p>
   </div>
   <div class='ocr_carea' id='block_1_105' title="bbox 2097 4828 3675 4907">
    <p class='ocr_par' dir='ltr' id='par_1_105' title="bbox 2097 4828 3675 4907">
     <span class='ocr_line' id='line_1_105' title="bbox 2097 4828 3675 4907; baseline -0.006 -16"><span class='ocrx_word' id='word_1_801' title='bbox 2097 4853 2218 4907; x_wconf 58' lang='lat' dir='ltr'><strong>quae</strong></span> <span class='ocrx_word' id='word_1_802' title='bbox 2253 4837 2419 4892; x_wconf 87' lang='lat' dir='ltr'><strong>odivit</strong></span> <span class='ocrx_word' id='word_1_803' title='bbox 2452 4835 2629 4892; x_wconf 86' lang='lat' dir='ltr'><strong>Deus?</strong></span> <span class='ocrx_word' id='word_1_804' title='bbox 2656 4835 2799 4903; x_wconf 82' lang='lat' dir='ltr'><strong>Ergo</strong></span> <span class='ocrx_word' id='word_1_805' title='bbox 2828 4832 3113 4890; x_wconf 89' lang='lat' dir='ltr'><strong>sabbatum</strong></span> <span class='ocrx_word' id='word_1_806' title='bbox 3141 4839 3227 4884; x_wconf 88' lang='lat' dir='ltr'><strong>est</strong></span> <span class='ocrx_word' id='word_1_807' title='bbox 3255 4828 3675 4891; x_wconf 87' lang='lat' dir='ltr'><strong>sanctiﬁcatum,</strong></span> 
     </span>
    </p>
   </div>
   <div class='ocr_carea' id='block_1_106' title="bbox 2095 4921 3681 4998">
    <p class='ocr_par' dir='ltr' id='par_1_106' title="bbox 2095 4921 3681 4998">
     <span class='ocr_line' id='line_1_106' title="bbox 2095 4921 3681 4998; baseline -0.006 -15"><span class='ocrx_word' id='word_1_808' title='bbox 2095 4929 2188 4991; x_wconf 85' lang='lat' dir='ltr'><strong>ubi</strong></span> <span class='ocrx_word' id='word_1_809' title='bbox 2215 4937 2336 4998; x_wconf 88' lang='lat' dir='ltr'><strong>post</strong></span> <span class='ocrx_word' id='word_1_810' title='bbox 2354 4928 2494 4982; x_wconf 88' lang='lat' dir='ltr'><strong>bona</strong></span> <span class='ocrx_word' id='word_1_811' title='bbox 2521 4928 2645 4982; x_wconf 68' lang='lat' dir='ltr'><strong>vita:</strong></span> <span class='ocrx_word' id='word_1_812' title='bbox 2669 4925 2830 4994; x_wconf 88' lang='lat' dir='ltr'><strong>hujus</strong></span> <span class='ocrx_word' id='word_1_813' title='bbox 2859 4939 3023 4994; x_wconf 79' lang='lat' dir='ltr'><strong>opera</strong></span> <span class='ocrx_word' id='word_1_814' title='bbox 3048 4922 3264 4992; x_wconf 89' lang='lat' dir='ltr'><strong>requies</strong></span> <span class='ocrx_word' id='word_1_815' title='bbox 3295 4921 3453 4976; x_wconf 88' lang='lat' dir='ltr'><strong>nobis</strong></span> <span class='ocrx_word' id='word_1_816' title='bbox 3477 4929 3681 4976; x_wconf 76' lang='lat' dir='ltr'><strong>aeterna</strong></span> 
     </span>
    </p>
   </div>
   <div class='ocr_carea' id='block_1_107' title="bbox 2093 5010 3685 5089">
    <p class='ocr_par' dir='ltr' id='par_1_107' title="bbox 2093 5010 3685 5089">
     <span class='ocr_line' id='line_1_107' title="bbox 2093 5010 3685 5089; baseline -0.006 -15"><span class='ocrx_word' id='word_1_817' title='bbox 2093 5019 2443 5089; x_wconf 86' lang='lat' dir='ltr'><strong>promittitur.</strong></span> <span class='ocrx_word' id='word_1_818' title='bbox 2473 5018 2704 5086; x_wconf 85' lang='lat' dir='ltr'><strong>Ideoque</strong></span> <span class='ocrx_word' id='word_1_819' title='bbox 2733 5013 2990 5086; x_wconf 86' lang='lat' dir='ltr'><strong>quidquid</strong></span> <span class='ocrx_word' id='word_1_820' title='bbox 3020 5013 3253 5084; x_wconf 80' lang='lat' dir='ltr'><strong>agimus,</strong></span> <span class='ocrx_word' id='word_1_821' title='bbox 3279 5013 3324 5066; x_wconf 91' lang='lat' dir='ltr'><strong>si</strong></span> <span class='ocrx_word' id='word_1_822' title='bbox 3351 5021 3572 5083; x_wconf 87' lang='lat' dir='ltr'><strong>propter</strong></span> <span class='ocrx_word' id='word_1_823' title='bbox 3600 5010 3685 5065; x_wconf 76' lang='lat' dir='ltr'><strong>lu-</strong></span> 
     </span>
    </p>
   </div>
   <div class='ocr_carea' id='block_1_108' title="bbox 2093 5104 3685 5177">
    <p class='ocr_par' dir='ltr' id='par_1_108' title="bbox 2093 5104 3685 5177">
     <span class='ocr_line' id='line_1_108' title="bbox 2093 5104 3685 5177; baseline -0.003 -16"><span class='ocrx_word' id='word_1_824' title='bbox 2093 5109 2197 5163; x_wconf 89' lang='lat' dir='ltr'><strong>turi</strong></span> <span class='ocrx_word' id='word_1_825' title='bbox 2225 5109 2402 5164; x_wconf 70' lang='lat' dir='ltr'><strong>smeuli</strong></span> <span class='ocrx_word' id='word_1_826' title='bbox 2436 5109 2673 5177; x_wconf 87' lang='lat' dir='ltr'><strong>requiem</strong></span> <span class='ocrx_word' id='word_1_827' title='bbox 2703 5106 2933 5177; x_wconf 77' lang='lat' dir='ltr'><strong>agimus,</strong></span> <span class='ocrx_word' id='word_1_828' title='bbox 2957 5104 3228 5160; x_wconf 78' lang='lat' dir='ltr'><strong>veraciter</strong></span> <span class='ocrx_word' id='word_1_829' title='bbox 3261 5104 3550 5159; x_wconf 85' lang='lat' dir='ltr'><strong>sabbatum</strong></span> <span class='ocrx_word' id='word_1_830' title='bbox 3585 5104 3685 5157; x_wconf 88' lang='lat' dir='ltr'><strong>ob-</strong></span> 
     </span>
    </p>
   </div>
   <div class='ocr_carea' id='block_1_109' title="bbox 2092 5216 2394 5255">
    <p class='ocr_par' dir='ltr' id='par_1_109' title="bbox 2092 5216 2394 5255">
     <span class='ocr_line' id='line_1_109' title="bbox 2092 5216 2394 5255; baseline 0.003 -2"><span class='ocrx_word' id='word_1_831' title='bbox 2092 5216 2394 5255; x_wconf 77' lang='lat' dir='ltr'><strong>servamus.</strong></span> 
     </span>
    </p>
   </div>
   <div class='ocr_carea' id='block_1_110' title="bbox 2164 5287 3683 5363">
    <p class='ocr_par' dir='ltr' id='par_1_110' title="bbox 2164 5287 3683 5363">
     <span class='ocr_line' id='line_1_110' title="bbox 2164 5287 3683 5363; baseline -0.003 -17"><span class='ocrx_word' id='word_1_832' title='bbox 2164 5293 2290 5349; x_wconf 80' lang='lat' dir='ltr'><strong>l‘ust</strong></span> <span class='ocrx_word' id='word_1_833' title='bbox 2312 5295 2426 5348; x_wconf 77' lang='lat' dir='ltr'><strong>haec</strong></span> <span class='ocrx_word' id='word_1_834' title='bbox 2454 5293 2555 5347; x_wconf 90' lang='lat' dir='ltr'><strong>tria</strong></span> <span class='ocrx_word' id='word_1_835' title='bbox 2581 5299 2850 5363; x_wconf 67' lang='lat' dir='ltr'><strong>praecepta</strong></span> <span class='ocrx_word' id='word_1_836' title='bbox 2867 5289 3205 5360; x_wconf 85' lang='lat' dir='ltr'><strong>septenarius</strong></span> <span class='ocrx_word' id='word_1_837' title='bbox 3233 5287 3476 5347; x_wconf 84' lang='lat' dir='ltr'><strong>succedit</strong></span> <span class='ocrx_word' id='word_1_838' title='bbox 3497 5301 3683 5342; x_wconf 85' lang='lat' dir='ltr'><strong>nume-</strong></span> 
     </span>
    </p>
   </div>
   <div class='ocr_carea' id='block_1_111' title="bbox 2095 5380 3685 5453">
    <p class='ocr_par' dir='ltr' id='par_1_111' title="bbox 2095 5380 3685 5453">
     <span class='ocr_line' id='line_1_111' title="bbox 2095 5380 3685 5453; baseline -0.005 -15"><span class='ocrx_word' id='word_1_839' title='bbox 2095 5401 2187 5438; x_wconf 89' lang='lat' dir='ltr'><strong>rus</strong></span> <span class='ocrx_word' id='word_1_840' title='bbox 2203 5386 2598 5447; x_wconf 84' lang='lat' dir='ltr'><strong>mandatorum,</strong></span> <span class='ocrx_word' id='word_1_841' title='bbox 2614 5384 2682 5438; x_wconf 86' lang='lat' dir='ltr'><strong>ad</strong></span> <span class='ocrx_word' id='word_1_842' title='bbox 2695 5382 3035 5440; x_wconf 90' lang='lat' dir='ltr'><strong>dilectionem</strong></span> <span class='ocrx_word' id='word_1_843' title='bbox 3055 5381 3288 5453; x_wconf 72' lang='lat' dir='ltr'><strong>proximi</strong></span> <span class='ocrx_word' id='word_1_844' title='bbox 3302 5380 3600 5451; x_wconf 85' lang='lat' dir='ltr'><strong>pertinens,</strong></span> <span class='ocrx_word' id='word_1_845' title='bbox 3629 5383 3685 5431; x_wconf 83' lang='lat' dir='ltr'><strong>et</strong></span> 
     </span>
    </p>
   </div>
   <div class='ocr_carea' id='block_1_112' title="bbox 2093 5470 3684 5544">
    <p class='ocr_par' dir='ltr' id='par_1_112' title="bbox 2093 5470 3684 5544">
     <span class='ocr_line' id='line_1_112' title="bbox 2093 5470 3684 5544; baseline -0.004 -16"><span class='ocrx_word' id='word_1_846' title='bbox 2093 5475 2279 5542; x_wconf 73' lang='lat' dir='ltr'><strong>incipit</strong></span> <span class='ocrx_word' id='word_1_847' title='bbox 2298 5477 2365 5528; x_wconf 79' lang='lat' dir='ltr'><strong>ah</strong></span> <span class='ocrx_word' id='word_1_848' title='bbox 2388 5476 2592 5529; x_wconf 84' lang='lat' dir='ltr'><strong>honore</strong></span> <span class='ocrx_word' id='word_1_849' title='bbox 2621 5483 2928 5544; x_wconf 84' lang='lat' dir='ltr'><strong>parentum,</strong></span> <span class='ocrx_word' id='word_1_850' title='bbox 2952 5475 3078 5528; x_wconf 86' lang='lat' dir='ltr'><strong>dum</strong></span> <span class='ocrx_word' id='word_1_851' title='bbox 3100 5473 3298 5528; x_wconf 87' lang='lat' dir='ltr'><strong>dicitur</strong></span> <span class='ocrx_word' id='word_1_852' title='bbox 3315 5487 3330 5524; x_wconf 87' lang='lat'><strong>:</strong></span> <span class='ocrx_word' id='word_1_853' title='bbox 3350 5470 3570 5528; x_wconf 65' lang='lat' dir='ltr'><strong>Honora</strong></span> <span class='ocrx_word' id='word_1_854' title='bbox 3589 5486 3684 5539; x_wconf 80' lang='lat' dir='ltr'><strong>pa-</strong></span> 
     </span>
    </p>
   </div>
   <div class='ocr_carea' id='block_1_113' title="bbox 2094 5556 3681 5635">
    <p class='ocr_par' dir='ltr' id='par_1_113' title="bbox 2094 5556 3681 5635">
     <span class='ocr_line' id='line_1_113' title="bbox 2094 5556 3681 5635; baseline -0.004 -17"><span class='ocrx_word' id='word_1_855' title='bbox 2094 5577 2221 5618; x_wconf 79' lang='lat' dir='ltr'><strong>trem</strong></span> <span class='ocrx_word' id='word_1_856' title='bbox 2251 5575 2398 5618; x_wconf 65' lang='lat' dir='ltr'><strong>trum</strong></span> <span class='ocrx_word' id='word_1_857' title='bbox 2425 5574 2470 5617; x_wconf 85' lang='lat' dir='ltr'><strong>et</strong></span> <span class='ocrx_word' id='word_1_858' title='bbox 2499 5575 2719 5618; x_wconf 83' lang='lat' dir='ltr'><strong>matrem</strong></span> <span class='ocrx_word' id='word_1_859' title='bbox 2747 5575 2891 5618; x_wconf 84' lang='lat' dir='ltr'><strong>tuam</strong></span> <span class='ocrx_word' id='word_1_860' title='bbox 2921 5564 3118 5635; x_wconf 61' lang='lat' dir='ltr'><strong>(Exod.</strong></span> <span class='ocrx_word' id='word_1_861' title='bbox 3147 5580 3241 5628; x_wconf 70' lang='lat' dir='ltr'><strong>xx,</strong></span> <span class='ocrx_word' id='word_1_862' title='bbox 3283 5561 3366 5632; x_wconf 79' lang='lat' dir='ltr'><strong>l2)</strong></span> <span class='ocrx_word' id='word_1_863' title='bbox 3395 5577 3409 5626; x_wconf 87' lang='lat'><strong>;</strong></span> <span class='ocrx_word' id='word_1_864' title='bbox 3437 5559 3580 5630; x_wconf 82' lang='lat' dir='ltr'><strong>quod</strong></span> <span class='ocrx_word' id='word_1_865' title='bbox 3628 5556 3681 5612; x_wconf 81' lang='lat' dir='ltr'><strong>in</strong></span> 
     </span>
    </p>
   </div>
   <div class='ocr_carea' id='block_1_114' title="bbox 2093 5653 3684 5726">
    <p class='ocr_par' dir='ltr' id='par_1_114' title="bbox 2093 5653 3684 5726">
     <span class='ocr_line' id='line_1_114' title="bbox 2093 5653 3684 5726; baseline -0.005 -16"><span class='ocrx_word' id='word_1_866' title='bbox 2093 5656 2281 5710; x_wconf 82' lang='lat' dir='ltr'><strong>ordine</strong></span> <span class='ocrx_word' id='word_1_867' title='bbox 2310 5665 2558 5723; x_wconf 76' lang='lat' dir='ltr'><strong>quartum</strong></span> <span class='ocrx_word' id='word_1_868' title='bbox 2589 5664 2689 5709; x_wconf 71' lang='lat' dir='ltr'><strong>est.</strong></span> <span class='ocrx_word' id='word_1_869' title='bbox 2723 5656 2764 5710; x_wconf 78' lang='grc' dir='ltr'><strong>Λ</strong></span> <span class='ocrx_word' id='word_1_870' title='bbox 2808 5658 3124 5726; x_wconf 81' lang='lat' dir='ltr'><strong>parentibus</strong></span> <span class='ocrx_word' id='word_1_871' title='bbox 3167 5655 3308 5710; x_wconf 87' lang='lat' dir='ltr'><strong>enim</strong></span> <span class='ocrx_word' id='word_1_872' title='bbox 3357 5653 3471 5707; x_wconf 84' lang='lat' dir='ltr'><strong>suis</strong></span> <span class='ocrx_word' id='word_1_873' title='bbox 3523 5654 3684 5704; x_wconf 84' lang='lat' dir='ltr'><strong>homo</strong></span> 
     </span>
    </p>
   </div>
   <div class='ocr_carea' id='block_1_115' title="bbox 2091 5744 3681 5818">
    <p class='ocr_par' dir='ltr' id='par_1_115' title="bbox 2091 5744 3681 5818">
     <span class='ocr_line' id='line_1_115' title="bbox 2091 5744 3681 5818; baseline -0.004 -16"><span class='ocrx_word' id='word_1_874' title='bbox 2091 5748 2262 5818; x_wconf 68' lang='lat' dir='ltr'><strong>aperit</strong></span> <span class='ocrx_word' id='word_1_875' title='bbox 2313 5748 2514 5814; x_wconf 75' lang='lat' dir='ltr'><strong>oculos,</strong></span> <span class='ocrx_word' id='word_1_876' title='bbox 2549 5756 2596 5803; x_wconf 83' lang='lat' dir='ltr'><strong>cl</strong></span> <span class='ocrx_word' id='word_1_877' title='bbox 2645 5749 2756 5802; x_wconf 70' lang='lat' dir='ltr'><strong>lucc</strong></span> <span class='ocrx_word' id='word_1_878' title='bbox 2797 5750 2902 5803; x_wconf 67' lang='lat' dir='ltr'><strong>vita</strong></span> <span class='ocrx_word' id='word_1_879' title='bbox 2932 5749 2999 5804; x_wconf 83' lang='lat' dir='ltr'><strong>ab</strong></span> <span class='ocrx_word' id='word_1_880' title='bbox 3033 5763 3217 5808; x_wconf 85' lang='lat' dir='ltr'><strong>eorum</strong></span> <span class='ocrx_word' id='word_1_881' title='bbox 3250 5744 3534 5806; x_wconf 78' lang='lat' dir='ltr'><strong>dilectione</strong></span> <span class='ocrx_word' id='word_1_882' title='bbox 3593 5757 3681 5804; x_wconf 77' lang='lat' dir='ltr'><strong>su~</strong></span> 
     </span>
    </p>
   </div>
  </div>
