4006 6186
481 303 580 360 871

1327 301 1391 355 Β.
1428 299 1491 352 F.
1532 297 1760 355 Al.le
1799 298 1928 357 SE13
1970 297 2247 353 ALCUINI
2282 296 2577 357 OPERUH
2616 295 2801 351 PARS
2836 296 2897 351 ll.

3634 292 3757 354 ετξ

477 429 642 486 scopo
665 412 884 470 humilis
921 409 1083 464 levita
1123 408 1382 463 Alcuiuus
1407 406 1538 480 [Al.,
1564 405 1894 473 Archelaus,
1921 423 2063 461 uten-
2093 418 2138 476 Α
2166 423 2290 464 ucm
2317 407 2628 463 ostendunt.
2661 408 2817 464 Uade
2862 415 2945 463 est
2991 416 3048 462 et
3088 404 3225 463 illud
3270 405 3618 464 Salomonis:
3644 408 3761 466 Sn-

478 505 629 579 dose]
667 504 916 560 salutem.

548 600 684 654 Dum
720 603 980 659 vestram,
1008 593 1314 650 venerande
1340 592 1520 658 Pater,
1550 592 1946 649 sanctissimam
1973 607 2063 647 vo-

476 687 739 742 luntatem
776 682 1055 739 catholica:
1085 683 1209 738 lidei
1238 682 1453 739 fervore
1481 683 1793 755 fulgentem,
1821 690 1878 738 et
1907 696 2064 738 sanc-

477 784 549 833 tze
569 774 854 832 charitatis
878 790 909 829 a
936 774 1048 829 Deo
1068 773 1224 830 donis
1255 774 1617 831 abundantem
1642 774 1859 846 agnovi,
1886 774 1977 837 ita,
2004 781 2066 828 ut

474 879 584 929 me,
634 864 918 920 minimum
974 862 1170 918 divina:
1219 862 1513 934 Scriptura:
1563 862 1933 928 vernaculum,
1997 863 2064 918 de

477 955 665 1011 multis
683 953 1066 1009 ccch-siastica:
1087 952 1367 1023 dignitatis
1397 952 1880 1008 consuetudinibus
1905 951 2062 1023 quasi

474 1044 695 1102 Patrem
723 1044 1006 1100 consulere
1026 1043 1304 1109 voluistis;
1344 1056 1414 1099 ne
1466 1042 1700 1099 fortasse
1724 1041 1928 1112 aliquid
1977 1055 2066 1096 ve-

475 1145 605 1191 strae
625 1134 924 1207 prudentia:
946 1133 1279 1202 incognitum
1307 1141 1632 1198 remaneret,
1648 1132 1842 1202 quid,a
1866 1131 2065 1202 quibus

474 1222 743 1289 Patribus,
767 1224 833 1279 de
854 1222 1015 1296 343
1036 1223 1276 1293 qualibet
1294 1238 1353 1278 re
1367 1224 1634 1279 sancitum
1645 1231 1809 1278 esset.
1832 1221 2065 1278 Proinde

475 1316 655 1371 subito
676 1329 857 1370 sermo
887 1313 1027 1368 inter
1046 1328 1146 1368 nos
1166 1313 1383 1368 habitus
1395 1313 1460 1366 de
1486 1315 1798 1383 pauitantia:
1822 1311 2061 1384 psalmis,

473 1402 569 1473 qui
621 1410 825 1467 essent,
887 1400 972 1457 vel
1024 1402 1259 1471 qualiter
1309 1401 1664 1473 intelligendi,
1702 1403 1787 1458 vel
1830 1403 2065 1458 usitandi

474 1493 723 1560 fuissent,
764 1493 1100 1564 inquirebat;
1145 1509 1284 1566 quos
1315 1502 1519 1564 septem
1555 1509 1675 1550 esse
1696 1509 1764 1548 cx
1791 1494 2069 1550 venerabi-

475 1588 609 1643 lium
639 1586 861 1641 Patrum
895 1586 1221 1641 discretione
1281 1601 1408 1641 mox
1444 1586 1722 1641 inventum
1775 1594 1899 1642 est:
1954 1584 2068 1640 Nec

475 1695 581 1734 non
620 1679 761 1734 unde
783 1676 1017 1750 psalmus
1048 1679 1358 1732 centesimus
1407 1677 1641 1732 decimus
1687 1687 1900 1733 octavus
1954 1685 2064 1733 tam

2158 496 2359 567 pientis
2416 497 2700 567 cdiﬁcarit
2750 499 2853 554 sibi
2906 498 3122 553 domum
3148 539 3165 562 ,
3221 497 3425 554 excidit
3481 498 3759 557 «bonum

2163 599 2356 659 septem
2384 588 2566 661 (Prov.
2596 606 2675 654 ix,
2700 590 2781 660 ι),
2806 605 2931 659 qua:
2953 589 3255 661 lopgiorem
3283 598 3516 660 poscant
3538 606 3757 650 sermo—

2164 693 2322 745 nem;
2351 679 2397 734 si
2424 687 2602 735 tamen
2624 687 2713 734 est
2734 679 2906 736 nostri
2935 678 3195 749 temporis
3221 678 3349 747 quis
3369 678 3612 743 idoneus,
3634 682 3762 739 uni-

2166 784 2321 826 versa
2347 768 2585 841 ejusdem
2620 771 2831 826 numeri
2852 770 3144 840 explanare
3165 770 3459 840 mysteria:
3483 772 3576 840 qui
3589 773 3759 830 etiam

2166 862 2223 916 in
2270 861 2537 932 principio
2588 868 2961 916 creaturarum
3018 860 3191 931 ipsius
3235 859 3514 916 Creatoris
3568 863 3761 934 requie

2166 963 2514 1011 consecratus
2537 962 2641 1018 est,
2684 962 2741 1007 et
2786 968 2931 1009 nunc
2954 953 3095 1010 ordo
3136 953 3459 1009 saeclorum
3480 968 3578 1024 per
3600 970 3762 1012 eum-

2168 1044 2290 1100 dem
2338 1060 2626 1101 numerum
2669 1045 2963 1101 decurrere
3007 1053 3253 1108 constat;
3291 1045 3385 1124 qui
3410 1046 3673 1110 etiam,si
3698 1048 3760 1107 in

2169 1134 2275 1190 duo
2296 1135 2555 1190 dividitur
2582 1135 2821 1191 membra
2845 1133 3068 1203 majoris
3105 1135 3371 1205 partionis
3423 1136 3761 1195 habitudinis

2168 1240 2299 1288 sum,
2327 1224 2381 1280 id
2403 1233 2490 1280 est
2519 1224 2574 1278 in
2604 1233 2716 1279 tres
2740 1233 2797 1280 et
2821 1234 3076 1294 quatuor,
3106 1225 3350 1281 mirabile
3386 1227 3761 1286 universitatis

2168 1313 2332 1369 habet
2352 1327 2629 1367 arcanum.
2661 1311 2792 1367 Nam
2824 1312 2877 1366 in
2907 1313 3083 1368 tribus
3131 1322 3317 1369 sancta
3347 1313 3585 1370 Trinitas
3606 1331 3764 1372 crea-

2168 1402 2277 1457 trix
2302 1403 2545 1458 omnium
2564 1418 2687 1473 qua:
2707 1412 2855 1469 sunt,
2877 1404 3218 1475 designatur;
3244 1413 3299 1460 et
3324 1405 3380 1459 in
3405 1408 3762 1475 (μημιοτωί-

2167 1492 2316 1558 licet,
2353 1494 2682 1549 universitas
2701 1494 3107 1551 demonstratur
3135 1505 3540 1563 creaturarum;
3564 1513 3665 1554 seu
3689 1501 3763 1555 ob

2167 1592 2403 1656 quatuor
2422 1585 2606 1640 mundi
2636 1585 2851 1656 plagas;
2881 1587 2994 1641 sive
3012 1596 3237 1657 propter
3259 1596 3495 1657 quatuor
3515 1587 3764 1645 elemen—

2170 1684 2347 1732 torum
2362 1675 2626 1747 originem
2643 1692 2658 1740 ;
2683 1685 2778 1732 aut
2798 1677 2963 1732 etiam
2980 1686 3283 1747 temporum
3299 1677 3764 1745 distributionem,

479 1771 680 1828 celebri
714 1770 913 1836 laude;
939 1768 1038 1833 vel,
1075 1785 1174 1825 cur
1213 1778 1323 1824 tam
1364 1778 1625 1841 perpetua
1678 1768 2070 1825 consuetudine
2100 1772 2144 1833 Β
2170 1782 2292 1839 qum
2318 1766 2651 1838 quadrifarie
2666 1782 2892 1824 currere
2918 1767 3519 1837 noscunturzquocirca
3538 1774 3768 1837 propter

474 1862 753 1919 canonicis
783 1860 932 1916 horis
957 1860 1235 1915 decantari
1261 1859 1452 1915 solitus
1486 1860 1559 1914 sit
1588 1877 1602 1913 :
1644 1866 1737 1914 aut
1761 1859 1903 1914 unde
1921 1856 2068 1929 psal-

476 1951 553 2006 mi
610 1949 870 2021 graduum
922 1948 1255 2014 dicerentur,
1304 1962 1536 2017 quorum
1592 1946 1901 2018 quindecim
1948 1958 2071 2001 esse

476 2038 702 2103 nemini,
733 2038 927 2093 librum
973 2035 1240 2092 lectitanti
1264 2049 1290 2077 ι
1317 2035 1674 2100 Psalmorum,
1705 2036 1926 2091 dubium
1949 2051 2070 2092 esse

479 2145 625 2186 reor.
656 2129 731 2183 De
753 2128 949 2198 quibus
973 2137 1171 2183 vestra:
1192 2129 1554 2199 sagacissima:
1582 2128 1854 2183 sanctitati
1877 2128 2072 2183 breves

476 2220 933 2293 cxpositiunculas
962 2220 1117 2291 quasi
1152 2220 1424 2290 quoddam
1463 2220 1834 2283 Encbiridion,
1885 2220 1940 2275 id
1987 2228 2072 2276 est

477 2311 780 2367 manualem
805 2311 1025 2377 librum,
1054 2310 1173 2365 ﬁeri
1194 2309 1480 2381 ﬂagitastis
1506 2308 1615 2383 [ΑΙ.
1640 2308 1938 2382 ﬂagitatis].
1971 2311 2069 2367 Cui

479 2405 724 2477 petitioni
759 2402 891 2477 [Al.,
930 2419 1037 2474 qua
1064 2402 1345 2476 petitione]
1383 2402 1641 2457 almitatis
1675 2412 1871 2458 vestra:
1900 2403 2073 2459 libens

476 2497 667 2558 annui,
704 2494 1046 2565 arreptisque
1103 2500 1416 2548 sanctorum
1466 2491 1688 2547 Patrum
1727 2492 2070 2556 tractatibus,

367 2589 371 2593 ’
476 2586 571 2655 qui
600 2586 818 2656 copiose
855 2585 922 2640 de
942 2582 1169 2653 singulis
1205 2583 1258 2638 in
1288 2582 1624 2639 Psalmorum
1654 2582 1792 2637 libro
1820 2582 2070 2638 versibus

474 2675 704 2732 scrutati
736 2681 892 2739 sunt;
925 2681 1196 2745 quatenus
1229 2671 1297 2726 de
1343 2672 1430 2727 his
1454 2686 1688 2742 quoque,
1731 2669 1864 2745 quid
1913 2670 2066 2725 diee-

475 2776 618 2832 rent,
667 2767 1008 2827 adnotarem.
1058 2763 1327 2834 floresque
1365 2764 1675 2835 colligerem
1730 2763 2072 2819 dulcissimos

474 2857 545 2913 ad
573 2866 768 2914 vestra:
790 2855 1084 2912 voluntatis
1107 2852 1547 2909 satisfaciendum
1578 2851 1870 2909 desiderio.
2102 2914 2105 2917 η

550 2948 658 3005 Sed
686 2949 861 3020 primo
886 2946 1128 3000 omnium
1153 2959 1504 3000 numerorum
1538 2943 1807 3000 eruendas
1832 2943 2071 2999 rationes

477 3048 658 3095 ratum
687 3038 892 3107 putavi,
928 3036 983 3091 id
1005 3042 1106 3095 est.
1160 3051 1261 3091 cur
1296 3036 1463 3091 etiam
1500 3036 1693 3107 psalmi
1734 3035 2071 3105 poenitentia:

2170 1856 2464 1930 perfectam
2480 1857 2855 1915 remissionem
2871 1866 3237 1927 peccatorum,
3253 1872 3415 1926 quam
3428 1857 3484 1911 in
3494 1858 3767 1926 baptismo

2169 1951 2500 2020 accepimus,
2527 1950 2612 2007 vel
2631 1952 2795 2006 etiam
2823 1951 3079 2021 lacrymis
3096 1949 3478 2014 confessionis,
3506 1958 3563 2005 et
3586 1950 3768 2018 pinni-

2172 2042 2375 2109 tentitc,
2398 2042 2592 2113 psalmi
2623 2042 3022 2112 pmnitentiales
3044 2043 3354 2113 septenario
3378 2055 3608 2097 numero
3624 2056 3770 2097 caru-

2170 2143 2474 2192 sccrantur.
2500 2134 2593 2191 Sic
2616 2135 2783 2191 etiam
2810 2143 2865 2189 et
2885 2135 3078 2204 psalmi
3094 2134 3375 2193 novissimi
3396 2134 3450 2191 in
3473 2133 3767 2199 Psale

2172 2225 2229 2282 in
2259 2224 2475 2280 laudem
2523 2224 2738 2280 Domini
2786 2225 2882 2280 Dei
2927 2225 3138 2290 :etcrui,
3161 2284 3164 2287 λ
3187 2225 3375 2281 eadem
3415 2223 3771 2293 perfectionis

2172 2316 2359 2388 regula
2382 2316 2692 2385 septenario
2719 2332 2945 2372 numero
2961 2317 3296 2372 dedicantur.
3322 2314 3572 2371 Psalmus
3588 2314 3769 2384 siqui-

2173 2409 2295 2464 dem
2324 2408 2657 2464 eentesimus
2688 2415 2850 2479 atque
2877 2416 3103 2464 octavus
3145 2408 3407 2472 decimus,
3435 2408 3523 2463 cui
3545 2406 3613 2462 ad
3634 2422 3771 2478 pro-

2171 2500 2445 2555 bationem
2476 2498 2631 2573 [Hs.,
2660 2500 3058 2574 purgationem]
3091 2502 3308 2565 animae,
3338 2501 3771 2556 inharendosa—

2173 2590 2284 2646 cris
2312 2591 2649 2646 orationibus
2678 2591 2809 2657 Deo,
2846 2592 3022 2647 nullus
3057 2591 3381 2662 :equiparari
3424 2605 3584 2660 posse
3608 2598 3771 2660 puta-

2172 2689 2281 2747 tur,
2306 2680 2464 2752 juxta
2488 2681 2833 2751 alphabetum
2864 2682 3145 2738 Hebraicte
3196 2681 3393 2752 lingua:
3423 2681 3765 2750 compositus

2171 2781 2276 2838 est,
2297 2772 2387 2841 qui
2415 2773 2710 2828 secundum
2740 2788 3024 2828 numerum
3062 2772 3363 2827 litterarum
3393 2770 3632 2841 ejusdem
3656 2770 3772 2824 lin-

2171 2880 2293 2938 guae
2322 2867 2511 2939 viginti
2534 2866 2747 2923 duobus
2782 2867 3022 2937 periodis
3048 2875 3302 2922 constare
3340 2866 3555 2921 videtur
3586 2881 3601 2918 :
3628 2880 3773 2935 quo—

2174 2975 2294 3014 rum
2323 2960 2553 3030 quisque
2599 2969 2724 3015 octo
2752 2975 2942 3015 versus
2982 2959 3164 3024 habet,
3212 2971 3428 3029 semper
3470 2958 3770 3013 secundum

2172 3051 2419 3107 ordinem
2442 3051 2710 3121 alphabeti
2739 3052 2807 3106 ab
2832 3054 3019 3106 eadem
3065 3050 3385 3120 incipientes
3428 3049 3626 3112 littera,
3652 3047 3774 3103 for-

478 3129 787 3198 septenario
809 3138 1037 3183 numero
1058 3129 1359 3185 consecrati
1380 3127 1604 3187 essent?
1641 3134 1736 3182 aut
1760 3140 1929 3197 quare
1947 3141 2076 3183 cen-

2180 3142 2342 3197 tussis
2367 3151 2589 3213 propter
2616 3142 2955 3213 evangelicas
2982 3152 3106 3197 octo
3137 3141 3512 3205 beatitudines,
3556 3140 3612 3195 in
3639 3134 3771 3210 qui-

479 3226 564 3272 tes
586 3232 709 3271 mus
731 3216 971 3273 decimus
1001 3225 1226 3272 octavus
1254 3217 1447 3287 viginti
1478 3218 1688 3273 duabus
1717 3218 1956 3288 periodis
1992 3219 2076 3273 di-

477 3307 777 3371 videretur,
801 3322 1030 3376 quorum
1059 3306 1253 3377 singuli
1287 3320 1411 3362 octo
1432 3308 1697 3362 haberent
1722 3309 1946 3365 versus?
1967 3307 2075 3363 Aut

475 3394 608 3466 quid
631 3394 855 3451 rationis
878 3395 968 3459 sit,
996 3394 1304 3464 quindecim
1323 3409 1442 3450 esse
1469 3394 1726 3464 psalmos,
1742 3396 1834 3465 qui
1862 3398 2075 3453 cantico

477 3489 744 3558 graduum
769 3488 927 3543 titulo
959 3486 1455 3559 praesignarentur?
1489 3486 1840 3542 Notissimum
1874 3490 2074 3560 quippe

471 3585 576 3637 est.
604 3577 658 3631 in
680 3586 868 3633 sancta
895 3576 1175 3647 Scriptum
1193 3590 1441 3647 magnam
1463 3576 1666 3632 habere
1687 3575 2072 3646 perfectionem

476 3673 847 3742 septenarium
880 3672 933 3725 in
974 3669 1368 3741 signiﬁcatione
1405 3670 1605 3740 ubique
1648 3685 1954 3736 numerum,
1989 3670 2074 3725 vel

476 3776 546 3817 ex
592 3778 659 3818 eo
704 3764 959 3829 maxime,
990 3764 1135 3833 quod
1161 3764 1335 3818 sancti
1380 3762 1617 3835 Spiritus
1645 3764 1808 3829 dona,
1836 3764 2072 3834 prophe-

476 3853 571 3908 tali
600 3853 928 3918 deﬁnitione,
961 3854 1015 3909 in
1045 3853 1267 3909 Christo
1291 3868 1430 3917 esse,
1462 3856 1531 3909 ab
1551 3854 1687 3909 lsaia
1706 3869 1919 3909 summo
1943 3867 2071 3923 pro-

477 3947 765 4015 pltctarum
791 3946 995 4000 dictum
1047 3944 1174 4009 Ms.,
1200 3943 1540 4017 praedictum]
1564 3953 1666 4008 est,
1703 3945 1794 4000 ubi
1819 3945 1961 4000 idem
1990 3959 2076 4000 se-

477 4048 750 4095 cretorum
781 4039 994 4094 Domini
1041 4039 1292 4094 conscius
1320 4038 1398 4093 ait
1430 4052 1445 4091 :
1474 4036 1792 4107 Egredietur
1816 4037 1962 4107 virga
2008 4036 2074 4091 de

476 4130 655 4186 radice
701 4130 871 4194 Iesse,
894 4140 943 4184 et
966 4132 1065 4200 ﬂos
1091 4129 1155 4182 de
1184 4128 1361 4183 radice
1411 4129 1527 4197 ejus
1554 4128 1799 4181 ascendet
1843 4143 1862 4182 :
1905 4137 1954 4180 et
1993 4143 2075 4181 re.

472 4224 698 4293 quiescet
726 4239 883 4294 super
904 4238 1021 4276 cum
1050 4222 1266 4292 spiritus
1302 4219 1537 4285 Domini,
1562 4220 1778 4291 spiritus
1799 4221 2074 4286 sapientia:

474 4323 522 4369 et
570 4312 880 4377 intellectus,
917 4313 1133 4384 spiritus
1176 4309 1383 4366 consilii
1410 4321 1457 4365 et
1483 4310 1832 4381 fortitudinis,
1856 4311 2072 4379 spiritus

474 4406 705 4461 scientia
717 4415 767 4460 et
789 4406 1022 4477 pietatis,
1045 4414 1095 4459 et
1114 4402 1326 4475 replebit
1350 4419 1468 4458 eum
1494 4403 1714 4474 spiritus
1730 4403 1937 4457 timoris
1960 4402 2070 4457 Πο-

475 4500 605 4553 mini
637 4499 790 4571 (Isai.
822 4516 895 4564 xi,
926 4498 1005 4560 2).
1028 4499 1146 4570 Ipse
1183 4514 1399 4570 quoque
1437 4499 1697 4554 Dominus
1730 4507 1937 4570 septem
1967 4513 2067 4554 nos
2099 4483 2142 4539 θ

473 4590 830 4660 petitionibus
869 4590 1163 4647 informare
1191 4591 1359 4647 voluit
1401 4589 1617 4662 (Matth.
1664 4606 1737 4654 vt,
1769 4593 1857 4662 9);
1906 4600 1962 4646 et
2012 4590 2069 4645 in

475 4681 798 4775 Apocalypsi
822 4681 1047 4775 annnis
1076 4684 1142 4755 (ι,
1169 4682 1224 4775 4,
1256 4683 1345 4749 l5,
1374 4683 1463 4753 16)
1494 4692 1702 4753 septem
1744 4682 2070 4739 candelabra

477 4771 709 4837 vidisse;
735 4771 1051 4844 septemque
1075 4774 1282 4838 stellas,
1321 4790 1387 4829 ac
1437 4784 1642 4847 septem
1685 4791 1746 4830 se
1788 4776 2072 4847 scripsisse

476 4860 734 4919 Ecclesiis
779 4872 1024 4926 testatur,
1073 4874 1130 4921 et
1170 4865 1337 4921 multa
1389 4865 1493 4921 alia
1537 4866 1767 4936 sparsim
1793 4867 1847 4921 in
1874 4867 2071 4923 divinis

478 4957 825 5027 reperiuntur
848 4957 1020 5021 libris,
1044 4973 1165 5027 qum
1190 4957 1481 5028 septenarii
1528 4960 1739 5014 numeri
1778 4958 2069 5027 perfectio-

480 5070 743 5126 adnotare
766 5078 909 5127 esset
935 5068 1356 5127 inutilissimum.
1390 5071 1447 5125 In
1471 5086 1536 5128 eo
1559 5071 1743 5127 codice
1790 5072 1905 5127 ha‘c
1930 5075 2069 5131 scri-

484 5150 575 5212 pta
605 5139 969 5212 erantul’olo
1015 5141 1163 5196 bonae
1207 5144 1474 5212 memoria:
1530 5141 1811 5198 Hannonis
1837 5144 1968 5199 liber
2000 5146 2071 5201 ad

484 5210 863 5284 iepukruntS:
894 5210 1458 5284 Augendiuoblatus.)
1499 5212 1623 5284 Fuit
1652 5228 1781 5284 ergo
1806 5213 1941 5270 liber
1970 5216 2070 5271 iste

486 5280 799 5353 monasterii
831 5280 889 5338 S.
927 5280 1169 5353 Augendi
1200 5282 1356 5353 vulgo
1387 5283 1623 5353 Eugendi
1657 5280 2070 5341 in'lurensibus

486 5298 799 5337 monaswrn
831 5298 889 5338 δ.
927 5298 1007 5337 au
1047 5298 1169 5337 enm
1200 5298 1356 5350 vulgo
1387 5298 1623 5353 [augeam
1657 5300 1709 5338 Ill
1750 5298 2069 5341 Jurensmus

486 5349 640 5415 locis,
667 5353 811 5422 quod
840 5298 1086 5408 modo
1123 5352 1328 5408 Claudii
1361 5353 1560 5408 dicitur
1587 5363 1642 5409 et
1676 5355 1889 5422 quidem
1920 5355 2069 5409 oblu-

486 5369 640 5415 tocts,
667 5369 811 5475 quos
840 5369 1001 5408 moao
1027 5369 1086 5408 δ.
1123 5369 1328 5408 mauult
1361 5369 1560 5408 atcuur
1587 5369 1642 5409 et
1676 5369 1889 5422 quidem
1920 5369 2066 5409 oritu-

484 5427 577 5495 tus
597 5422 676 5495 all
701 5438 934 5495 annonc,
958 5422 1198 5495 ejusdem
1226 5424 1455 5479 cmuohii
1490 5426 1799 5495 praeposito,
1828 5427 1905 5481 ait
1953 5426 2066 5480 Ma-

484 5488 600 5543 bill.
631 5489 823 5565 suum.
851 5488 1074 5565 ωηιξη,
1096 5493 1190 5565 lih.
1222 5510 1397 5559 vxxu,
1424 5488 1549 5565 pag.
1571 5488 1695 5550 6‘29.

556 5571 584 5599 ι
625 5558 901 5633 Lcctitanti
931 5563 1069 5633 apud
1103 5558 1394 5619 Acherium
1425 5558 1680 5620 'ltatzetur
1702 5582 1715 5618 :
1739 5563 1956 5618 Librum
1978 5565 2069 5619 de-

482 5625 895 5707 εἰοειιυξξεείιμίῃιΔ
934 5625 1238 5707 portentum
1266 5633 1554 5707 Acherium
1596 5634 1793 5707 (inquit
1839 5634 2068 5707 novissi-

485 5710 608 5752 mus
628 5693 908 5770 Spicilegii
924 5693 1120 5770 editor)
1142 5699 1215 5752 ita
1236 5702 1438 5770 terruit
1460 5742 1474 5761 ,
1528 5693 1674 5757 ut‘iu
1697 5693 1708 5702 ’
1729 5702 1845 5770 ejus
1891 5703 2064 5757 locum

487 5764 683 5838 puncta
710 5764 957 5827 ediderit,
989 5767 1182 5833 quibus
1232 5769 1487 5822 indicaret
1534 5771 1621 5823 hic
1653 5764 1890 5824 nonnihil
1945 5789 2064 5828 esse

2176 3237 2280 3292 bus
2333 3235 2583 3307 legalium
2622 3244 2837 3291 constat
2862 3250 2980 3291 esse
3026 3234 3288 3304 perfectio
3316 3241 3711 3304 praeceptorum
3746 3249 3765 3286 :

2176 3330 2290 3384 sive
2315 3338 2538 3401 propter
2566 3337 2813 3384 octavam
2863 3327 3294 3383 circumcisionis
3341 3326 3501 3386 diem.
3552 3340 3677 3393 quae
3710 3324 3772 3379 in

2175 3435 2316 3474 novo
2341 3420 2556 3474 homine
2591 3419 3037 3488 exspoliationem
3067 3417 3362 3472 carnalium
3394 3416 3636 3485 designat
3664 3429 3771 3471 vo-

2175 3509 2438 3579 luptatum
2471 3527 2484 3563 :
2524 3508 2678 3580 cujus
2706 3510 2897 3580 psalmi
2926 3525 3115 3566 versus
3154 3518 3277 3565 sunt
3299 3508 3459 3562 simul
3483 3506 3776 3579 aggrcgati

2172 3598 2258 3657 bis
2308 3616 2571 3665 Lxxxvnt,
2627 3601 2782 3671 quasi
2835 3615 2933 3669 per
2961 3600 3142 3656 decem
3180 3597 3365 3668 legalis
3394 3608 3672 3667 praecepta
3696 3597 3781 3655 ad

2171 3701 2295 3747 octo
2322 3692 2645 3763 evangelica:
2695 3691 3044 3762 perfectionis
3093 3688 3447 3746 heatitudines
3486 3703 3777 3747 asceam

2100 3830 2107 3836 .
2173 3790 2494 3851 patesceret.
2548 3782 2702 3838 Unde
2755 3783 2887 3838 mihi
2932 3783 3093 3838 modo
3145 3781 3293 3837 locus
3340 3788 3483 3837 esset
3530 3780 3782 3838 idoneus

2175 3873 2478 3943 disputandi
2504 3873 2569 3929 de
2590 3874 2823 3929 mirabili
2868 3889 3219 3930 numerorum
3260 3875 3611 3945 congruentia
3639 3890 3778 3931 cum

2173 3964 2366 4021 salutis
2388 3974 2589 4020 nostrae
2615 3965 2913 4035 mysteriis,
2967 3966 3014 4020 si
3057 3965 3187 4021 alibi
3231 3965 3407 4021 oratio
3447 3980 3558 4019 non
3586 3965 3779 4021 inten.

2174 4055 2343 4109 deret.

2244 4145 2409 4219 3M
2438 4145 2699 4203 Similiter
2718 4162 2846 4203 vero
2867 4156 2922 4205 et
2951 4148 3016 4204 de
3036 4148 3260 4219 psalmis
3297 4151 3557 4219 graduum
3606 4152 3782 4221 quin-

2174 4238 2349 4295 decim
2408 4240 2808 4310 pulcherrimus
2865 4241 3201 4296 ascensionis
3256 4243 3394 4297 ordo
3450 4241 3780 4312 designatur

2174 4345 2349 4400 usque
2375 4331 2443 4385 ad
2484 4332 2846 4398 cmnaculum,
2894 4332 2950 4386 in
2994 4348 3104 4403 quo
3154 4333 3390 4402 Spiritus
3433 4343 3659 4389 sanctus
3711 4334 3781 4391 in

2175 4421 2346 4493 igneis
2375 4422 2573 4494 linguis
2615 4438 2736 4478 cum
2765 4423 3041 4478 ﬂammatu
3086 4421 3243 4496 [δίδη
3268 4421 3419 4496 flatu]
3458 4425 3783 4484 vehementi

2170 4528 2334 4582 super
2357 4515 2575 4568 nomina
2603 4515 2844 4569 virorum
2867 4523 3085 4570 centum
3116 4515 3308 4586 viginti
3348 4526 3597 4571 venerat.
3622 4516 3784 4586 Ergo

2169 4602 2214 4658 si
2256 4613 2570 4674 computare
2621 4604 2650 4644 ιι
2698 4605 2924 4675 incipies
2964 4606 3205 4677 singulos
3249 4623 3507 4664 numeros
3546 4608 3618 4664 ab
3658 4624 3786 4665 uno

2169 4708 2341 4763 usque
2385 4694 2452 4750 ad
2498 4694 2829 4765 quindecim,
2858 4706 2914 4751 ct
2942 4713 3159 4754 omnem
3200 4714 3464 4755 summam
3494 4715 3688 4756 eorum
3720 4702 3785 4758 in

2168 4799 2335 4839 unum
2362 4787 2715 4857 congregabis
2774 4789 3076 4856 cumulum,
3128 4800 3347 4847 centum
3378 4792 3569 4863 viginti
3614 4809 3791 4863 repe-

2171 4876 2299 4943 ries,
2325 4878 2377 4933 id
2406 4887 2510 4942 est,
2542 4879 2612 4935 de
2637 4889 2722 4934 ter
2749 4881 2931 4951 quinis
2953 4890 3038 4937 ter
3059 4883 3435 4955 quadragenos
3461 4883 3644 4948 nasci;
3670 4901 3793 4940 nn-

2170 4983 2379 5024 merum
2408 4969 2678 5036 videlicet,
2700 4972 2753 5026 in
2775 4985 2882 5041 quo
2907 4972 3116 5044 Moyses
3135 4972 3435 5045 jejuuando
3458 4974 3634 5045 legem
3659 4991 3796 5029 me-

2169 5077 2307 5148 vitii.
2333 5078 2479 5134 Idem
2505 5096 2634 5137 vero
2659 5082 2836 5138 editor
2874 5082 2962 5138 ille
2990 5084 3288 5148 existimat,
3316 5083 3434 5138 loco
3487 5083 3799 5141 delictante

2170 5147 2453 5223 lcgendum
2470 5167 2614 5223 esse
2634 5151 2935 5219 delectanti,
2966 5155 3156 5209 eodem
3192 5147 3450 5209 nimirum
3474 5168 3639 5209 sensu
3666 5171 3798 5223 quo

2169 5221 2395 5275 verbum
2443 5221 2701 5293 delectere
2748 5223 3010 5293 accipitur
3062 5224 3117 5278 in
3181 5226 3494 5279 narratione
3549 5221 3795 5281 Transi.

2169 5304 2455 5364 corporum
2486 5291 2587 5348 SS.
2626 5291 2951 5364 Bagnoherti
2976 5301 3031 5364 et
3059 5295 3292 5350 Zenonis
3314 5310 3433 5364 cap.
3462 5293 3513 5364 5,
3542 5303 3685 5364 tom.
3717 5297 3799 5362 ll,

2172 5358 2356 5429 Spicil.
2389 5361 2443 5415 In
2478 5358 2733 5438 utroque
2751 5364 2943 5438 codice
2986 5358 3800 5438 Salisburgeusi'et‘San-Em}

2170 5433 2491 5505 meramensi
2527 5433 2783 5505 habetur.
2803 5433 3178 5498 Lectitantem,
3232 5433 3379 5505 Quod
3401 5434 3623 5491 dubium
3656 5436 3801 5493 nul-

2170 5497 2279 5581 lum
2311 5501 2883 5581 relinquitlegendum
2910 5521 3030 5581 esse
3053 5497 3349 5581 (metuenti.

2243 5568 2682 5645 b__Sic“re5tituii
2728 5589 2795 5629 ex
2828 5574 3043 5645 ingenio
3072 5574 3351 5639 Balusius;
3405 5589 3530 5645 nam
3558 5573 3612 5645 in
3645 5580 3798 5634 cod.

2171 5636 2228 5719 S.
2263 5639 2492 5719 Claudii,
2524 5644 2744 5711 perinde
2772 5660 2837 5700 ac
2867 5636 2920 5699 ἰῖι
2966 5646 3133 5716 priori
3161 5636 3415 5710 editione,
3444 5644 3754 5716 legebatur
3779 5690 3803 5714 ,

2167 5714 2296 5762 sicut
2314 5714 2507 5779 putari.
2567 5758 2577 5764 .
