4012 6188
290 336 395 393 573

893 330 1302 387 EXEGETICA.
1341 360 1415 373 —
1446 326 1813 387 EXPOSITIO
1850 330 1917 386 IN
1956 331 2148 387 PSAL.
2187 331 2789 397 PG‘JNITENTIALES,
2830 333 2980 389 ΕΠΖ.

3468 339 3573 396 επ

293 446 406 502 ruit
451 442 716 513 recipere,
767 439 849 494 vel
880 439 1028 495 Elias
1050 439 1350 509 prophetali
1395 440 1593 510 spiritu
1617 440 1958 512 cxaltatusﬁ
2058 442 2238 499 Mundi
2285 453 2411 501 sunt
2434 443 2684 502 videlicet
2711 446 2893 510 corde,
2941 460 3079 515 quos
3106 447 3251 503 nulla
3283 450 3575 520 cujuslibet

290 547 406 604 cst;
433 535 517 590 vel
540 534 708 590 etiam
740 534 852 603 ipse
902 532 1162 588 Dominus
1214 540 1400 588 noster
1439 532 1598 588 Jesus
1637 531 1887 589 Christus

291 637 416 701 post
451 625 720 698 jejunium
748 623 1105 694 quadraginta
1152 621 1360 677 dierum
1414 630 1736 679 teutatorem
1767 623 1883 692 glo—

294 720 439 775 riose
458 716 592 771 vicit
618 714 937 783 malignum.

362 808 460 865 [lis
479 806 734 862 omnibus
762 803 1140 868 consideratis,
1181 812 1386 874 quanta
1415 806 1488 861 sit
1531 820 1882 862 numerorum

287 899 609 959 excellentia
637 899 692 953 iu
734 898 935 953 divinis
983 894 1303 968 Scripturis,
1357 907 1415 953 et
1439 915 1603 969 quam
1633 915 1882 956 necessa-

295 995 435 1050 rium
490 993 566 1050 sit
606 1007 703 1047 eas
755 990 1063 1062 legentibus
1114 990 1328 1046 illorum
1375 1006 1535 1048 nosse
1574 992 1878 1057 scientiam,

289 1082 577 1155 perspicue
626 1088 817 1151 patet:
845 1094 947 1150 per
984 1094 1123 1149 quos
1166 1080 1330 1135 etiam
1373 1080 1692 1136 saeculorum
1748 1083 1883 1138 ordo

290 1173 551 1236 decurrit,
575 1181 631 1226 et
650 1180 851 1226 nostra:
880 1170 1004 1225 vita:
1024 1171 1164 1225 ratio
1191 1179 1424 1227 constat.
1456 1172 1676 1229 Undcin
1693 1182 1882 1230 sancta

289 1262 575 1335 Scriptura
622 1261 843 1332 legitur,
893 1260 1182 1317 Dominum
1239 1260 1556 1319 Creatorem
1601 1266 1780 1320 omnia
1826 1266 1882 1320 in

288 1369 541 1421 onmem,
570 1353 830 1425 pondere,
860 1360 917 1406 et
947 1366 1202 1409 mensura
1247 1351 1444 1409 fecisse
1470 1353 1624 1427 (Sep.
1656 1371 1736 1421 ιι,
1764 1355 1879 1428 21).

286 1445 554 1515 Quocirca
607 1442 690 1499 fas
740 1457 863 1499 esse
911 1442 1147 1509 videtur,
1204 1452 1447 1499 sanctam
1501 1445 1880 1501 auctoritatem

286 1546 525 1595 vestram
549 1535 780 1606 juvenes
823 1532 1102 1589 exhortari
1152 1533 1483 1605 ingeniosos,
1516 1535 1570 1589 in
1601 1534 1798 1591 talibus
1822 1551 1882 1591 se

284 1643 547 1686 exercere
561 1626 753 1683 studiis
768 1626 979 1682 discant
999 1625 1259 1682 ferventia
1284 1627 1462 1682 aetatis
1486 1626 1703 1699 ingenio
1724 1625 1852 1699 [Με.
1863 1667 1878 1691 ,

283 1717 516 1775 ferventi
545 1717 721 1772 artatis
741 1713 1002 1787 ingenio],
1030 1724 1092 1770 ut
1116 1716 1352 1772 habeant
1374 1726 1585 1772 maturo
1613 1732 1879 1772 annorum

1987 534 2206 590 malitia:
2254 535 2463 591 macula
2507 537 2829 602 conturbat,
2873 539 2965 607 qui
3014 548 3163 594 casta
3194 551 3372 596 mente
3402 544 3572 600 Deum

1986 624 2208 680 laudare
2237 626 2553 683 cmlestibus
2578 627 2795 698 hymnis
2815 637 3154 685 assuescant.
3185 629 3250 686 lii
3277 634 3574 704 angelicam

1985 717 2038 771 in
2066 719 2227 772 terris
2254 725 2421 787 agunt
2444 718 2631 780 vitam,
2653 719 2747 789 qui
2788 720 2840 774 in
2895 720 2988 776 Dei
3031 720 3277 779 laudibus
3304 723 3573 795 linuntur,

1983 815 2037 863 et
2064 807 2378 878 psalmodim
2399 823 2536 879 puro
2561 810 2724 864 corde
2752 809 3109 867 delectantur.
3158 812 3349 870 Nullus
3375 826 3577 875 morta-

1983 896 2114 951 lium
2144 898 2401 953 virtutem
2431 899 2764 968 psalmorum
2789 899 3024 968 pleniter
3057 901 3330 971 explicare
3352 908 3573 975 poterit.

1981 991 2039 1047 ln
2066 991 2153 1047 his
2176 990 2546 1049 confessiones
2563 1001 2934 1063 peccatorum,
2983 995 3038 1049 in
3065 995 3150 1051 his
3180 998 3579 1066 previtentiales

1982 1082 2233 1154 lacrymte
2271 1083 2596 1147 excitantur,
2641 1084 2695 1139 in
2724 1083 2810 1140 bis
2838 1086 3187 1155 compunctio
3212 1088 3392 1144 cordis
3420 1104 3579 1145 reno-

1981 1182 2156 1237 vatur,
2182 1188 2309 1229 nam
2340 1183 2485 1230 totus
2503 1173 2843 1231 Psalmorum
2872 1175 3010 1231 liber
3035 1176 3346 1233 cmlestibus
3372 1181 3579 1235 redolet

1981 1263 2273 1334 mysteriis,
2307 1264 2641 1333 spiritalibus
2667 1265 2907 1320 abundat
2925 1266 3229 1337 prteccptis,
3264 1266 3460 1322 divinis
3488 1283 3575 1322 re-

1978 1352 2156 1422 pletus
2176 1360 2261 1408 est
2279 1353 2548 1409 laudibus.
2567 1352 2886 1423 Quicunque
2909 1353 3146 1425 psalmos
3172 1354 3376 1411 intenta
3396 1363 3576 1412 mente

1980 1442 2291 1509 decantare,
2326 1452 2382 1499 et
2409 1444 2648 1499 serutari
2675 1443 2880 1508 didicit,
2912 1445 3151 1501 inveniet
3174 1446 3227 1499 in
3254 1447 3334 1502 eis
3359 1460 3576 1503 omnem

1979 1532 2168 1589 salutis
2192 1542 2395 1589 nostra:
2422 1535 2880 1605 dispensationem
2911 1535 3247 1605 prmdictam,
3272 1536 3440 1592 miras
3460 1551 3573 1593 cte-

1982 1622 2192 1678 lestium
2213 1623 2581 1695 jucunditates
2605 1625 2944 1695 gaudiorum.

2049 1715 2210 1789 345
2240 1716 2500 1782 Proinde,
2544 1719 2885 1773 sanctissime
2912 1718 3092 1783 Pater,
3118 1719 3342 1775 hortare
3374 1718 3570 1777 fratres

286 1817 533 1878 tempore
578 1805 708 1875 quid
760 1804 992 1860 doceant
1043 1803 1337 1875 discipulos
1393 1821 1550 1871 suos;
1610 1814 1877 1876 quatenus
1908 1791 1954 1850 Β
1983 1817 2221 1871 sanctos,
2244 1822 2432 1862 eorum
2476 1808 2760 1880 diligenter
2791 1810 3061 1865 discutere
3104 1808 3280 1881 [Ms.,
3329 1808 3570 1883 discere]

284 1911 465 1958 vestra
490 1900 782 1957 sanctitate
827 1898 1110 1970 diligenter
1126 1896 1453 1968 prtedicante
1484 1896 1704 1966 plurimi
1746 1912 1876 1952 eru-

287 1993 506 2048 diantur
528 1991 583 2046 in
613 1990 730 2061 lege
754 1988 986 2044 Domini.
1011 1986 1323 2042 Sacerdotis
1338 1987 1535 2056 quippe
1563 1994 1649 2041 est
1675 2002 1742 2042 ex
1766 1986 1878 2043 alto

281 2080 535 2138 culminis
580 2078 797 2151 fastigio
846 2078 1143 2150 praedicare
1189 2075 1345 2149 [Ms.,
1394 2077 1713 2150 praevidere]
1745 2078 1875 2148 quid

282 2173 367 2229 cui
391 2172 680 2229 conveniat
710 2185 973 2241 personae,
1007 2170 1207 2241 quibus
1233 2170 1451 2241 pascuis
1498 2169 1707 2224 nutriat
1748 2184 1873 2239 gre-

281 2280 402 2337 gem
434 2264 541 2320 sibi
590 2262 962 2328 commissum,
1010 2276 1080 2317 ne
1121 2261 1259 2317 forte
1300 2262 1555 2333 quaelibet
1598 2278 1667 2317 ex
1713 2278 1876 2334 grege

282 2354 497 2419 avicula
551 2369 761 2419 errans,
808 2352 1039 2423 pastoris
1088 2352 1414 2424 negligentia
1452 2353 1649 2423 lupinis
1694 2362 1875 2423 pateat

280 2448 576 2504 morsibus.
634 2444 1012 2516 Unusquisque
1064 2445 1314 2516 equidem
1362 2445 1554 2501 doctor
1604 2447 1871 2502 rationem

283 2548 521 2608 acceptae
564 2538 811 2608 pecuniae
856 2535 1166 2593 redditurus
1221 2543 1306 2592 est
1349 2536 1570 2592 domino
1614 2551 1731 2600 suo,
1773 2552 1874 2593 nec

282 2646 509 2704 parvum
530 2630 633 2685 sibi
658 2629 913 2701 quislibet
939 2636 1124 2700 pastor
1156 2629 1323 2701 ﬁngat
1364 2629 1418 2685 in
1469 2630 1650 2685 animo
1696 2628 1875 2683 immi—

281 2739 412 2780 nere
435 2723 758 2794 periculum,
792 2720 960 2778 multa
992 2722 1158 2777 millia
1186 2722 1490 2777 animarum
1520 2722 1576 2777 in
1605 2722 1872 2778 rationem

280 2816 476 2873 animat
499 2815 807 2886 suscepisse
834 2831 948 2873 sure
973 2834 987 2870 :
1018 2815 1228 2871 laboret
1251 2814 1492 2871 studiose
1513 2814 1570 2870 in
1590 2814 1752 2871 domo
1774 2815 1870 2870 Dei

280 2911 475 2966 doctor
492 2910 688 2974 bonus,
712 2915 773 2964 ut
796 2917 1071 2965 mereatur
1095 2908 1328 2981 gloriose
1347 2908 1600 2965 coronari
1625 2907 1679 2967 in
1706 2921 1870 2979 regno

280 3001 381 3059 Dei
408 3016 426 3057 :
460 3010 675 3072 tempus
701 3002 885 3071 itaque
913 3001 1115 3056 laboris
1138 2999 1366 3056 transiet
1390 3000 1522 3067 cito,
1544 3002 1719 3058 beatae
1739 3015 1869 3057 vero

280 3096 662 3159 retributionis
686 3109 961 3166 nunquam
992 3094 1231 3150 ﬁnietur.
1273 3093 1332 3150 Si
1362 3094 1508 3149 enim
1533 3093 1766 3150 feliciter
1789 3092 1869 3148 vi-

256 3198 413 3251 vere
439 3206 763 3262 quaeramus,
803 3190 931 3245 illuc
951 3189 1135 3245 animo
1178 3188 1465 3245 tendamus
1488 3187 1582 3244 ubi
1630 3202 1757 3243 vera
1790 3194 1875 3243 est

278 3281 530 3346 felicitas,
563 3281 631 3337 ad
659 3297 819 3351 quam
848 3294 955 3335 non
984 3279 1088 3334 nisi
1119 3279 1387 3335 charitate
1419 3277 1670 3335 suffultus
1714 3291 1874 3333 nemo

275 3373 566 3445 pervenire
596 3373 812 3442 poterit,
840 3386 960 3441 qua:
984 3386 1086 3429 nos
1125 3371 1192 3427 de
1219 3370 1453 3427 terrenis
1481 3369 1634 3425 tollat
1662 3370 1732 3424 ad
1762 3383 1874 3424 eoa-

276 3461 462 3518 lestia.
492 3460 637 3516 Nihil
661 3461 861 3531 smpius
888 3460 942 3517 in
966 3462 1069 3517 hac
1096 3461 1209 3516 vita
1238 3468 1441 3515 nostra:
1480 3458 1872 3530 peregrinatio-

270 3554 365 3609 nis
390 3551 577 3608 auimo
613 3552 954 3616 meditemur,
1006 3551 1111 3607 nisi
1160 3550 1395 3621 qualiter
1444 3548 1791 3618 Redemptori
1817 3557 1873 3604 et

272 3645 455 3702 Judici
504 3654 694 3702 nostro
733 3646 1067 3715 placeamus,
1112 3645 1349 3701 scientes
1372 3645 1517 3714 quod
1545 3643 1635 3699 hic
1657 3658 1873 3712 semper

270 3752 385 3791 non
412 3737 640 3799 erimus,
670 3734 766 3791 sed
792 3736 845 3790 in
874 3734 981 3791 alia
1009 3734 1242 3806 quadam
1270 3735 1618 3806 vitasemper
1642 3735 1867 3791 erimus.

276 3823 450 3892 Quam
483 3826 651 3881 miser
682 3833 788 3890 est,
818 3825 910 3895 qui
935 3825 1003 3880 dc
1025 3826 1186 3896 hujus
1207 3826 1559 3881 mortalitatis
1581 3825 1784 3890 labore,
1813 3825 1867 3879 in

279 3916 542 3986 majorem
572 3916 918 3972 mortalitatis
944 3914 1098 3989 [Ms.,
1133 3915 1557 3987 inmortalitatis]
1591 3915 1868 3986 perveniet

270 4009 545 4073 laborem;
568 4017 625 4064 et
638 4022 801 4078 quam
817 4007 942 4063 felix
966 4017 1069 4073 est,
1095 4007 1189 4078 qui
1217 4008 1284 4063 de
1301 4008 1403 4063 hoc
1426 4007 1611 4062 labore
1638 4006 1868 4060 transiet

274 4099 328 4155 in
362 4100 632 4171 requiem,
660 4100 816 4171 cujus
844 4099 1023 4154 nullus
1052 4099 1158 4155 erit
1186 4105 1425 4167 unquam
1462 4097 1602 4152 linis.
1637 4095 1867 4151 Proinde

268 4206 378 4247 non
408 4191 758 4247 transitorias
778 4205 1022 4246 amemus
1064 4189 1303 4253 divitias,
1353 4191 1448 4245 sed
1496 4204 1708 4260 semper
1754 4203 1868 4243 ma-

270 4289 487 4336 nentes.
519 4280 777 4337 Dominus
804 4280 962 4338 Jesus
1002 4297 1110 4337 non
1153 4281 1309 4337 nobis
1358 4280 1608 4350 promisit
1634 4281 1867 4335 honores

271 4384 642 4440 transeuntes,
672 4374 766 4430 sed
799 4381 1116 4445 perpetuos;
1159 4388 1268 4428 non
1320 4371 1546 4444 gloriam
1571 4378 1861 4436 terrenam,

1979 1913 2198 1964 sensus;
2258 1908 2317 1952 ut
2342 1898 2515 1953 sciant
2555 1906 2610 1953 et
2660 1897 2965 1970 intelligant
3013 1898 3176 1954 corde
3220 1899 3348 1968 quid
3380 1916 3474 1956 ore
3516 1910 3575 1958 ct

1977 1986 2157 2061 lingua
2195 1999 2464 2053 resonent,
2495 1989 2790 2060 apostolico
2820 1991 3012 2046 imbuti
3044 1991 3290 2061 exemplo
3317 2030 3333 2056 ,
3385 1993 3476 2062 qui
3504 1992 3573 2048 de

1977 2083 2154 2154 seipse
2174 2080 2377 2137 dixisse
2415 2082 2650 2154 legitur:
2682 2081 2916 2136 Psallam
2967 2083 3156 2153 spiritu
3183 2123 3197 2146 ,
3245 2081 3469 2153 psallam
3519 2093 3569 2136 et

1975 2182 2145 2227 mente
2170 2189 2188 2226 :
2219 2173 2380 2227 orabo
2406 2173 2614 2242 spiritu,
2630 2172 2791 2227 orabo
2817 2181 2863 2226 et
2887 2181 3055 2226 mente
3079 2171 3133 2238 (Ι
3161 2172 3284 2226 Cor.
3310 2188 3425 2237 XIV,
3462 2170 3567 2243 l5).

1976 2261 2152 2316 Verba
2178 2261 2444 2331 siquidem
2473 2262 2746 2317 cantantis
2776 2277 2931 2319 mens
2959 2263 3252 2318 meditetur
3272 2262 3576 2334 intelligen-

1976 2353 2048 2408 tis
2078 2352 2278 2426 [Edit.,
2313 2353 2728 2428 intelligentes],
2765 2354 2890 2425 quia
2916 2354 3145 2410 Domino
3169 2363 3454 2425 patescunt
3476 2371 3571 2411 co-

1975 2443 2264 2514 gitationes
2283 2445 2641 2516 singulorum,
2673 2446 2763 2514 qui
2793 2460 2890 2500 cor
2910 2446 3202 2502 contritum
3230 2454 3286 2501 et
3314 2446 3569 2501 humilia-

1977 2543 2089 2589 tum
2116 2535 2167 2588 in
2191 2549 2353 2602 prece
2394 2535 2462 2590 ad
2488 2551 2546 2590 se
2573 2535 2921 2590 clamantium
2952 2552 3060 2590 non
3106 2536 3336 2606 spernit.
3381 2536 3566 2607 Siqui-

1975 2624 2095 2680 dem
2121 2622 2285 2698 [Ms.,
2314 2624 2487 2698 sicut]
2519 2625 2739 2695 quidam
2780 2624 3105 2695 sapientium
3152 2626 3229 2680 ait
3260 2618 3585 2696 [humiliati'

1972 2730 2163 2785 preces
2175 2714 2370 2769 ccelum
2395 2712 2750 2786 ascendunt].
2783 2713 3100 2771 Humilitate
3121 2723 3175 2768 et
3197 2714 3568 2771 misericordia

1974 2805 2178 2861 Christi
2198 2805 2387 2860 salvati
2413 2820 2620 2870 sumus,
2651 2804 2743 2876 qui
2776 2808 2853 2859 ait
2878 2822 2890 2858 :
2924 2804 3121 2859 Discite
3152 2822 3184 2859 a
3214 2821 3296 2859 me
3315 2806 3439 2876 quia
3468 2805 3567 2858 mi-

1974 2904 2041 2959 tis
2065 2918 2181 2957 sum
2202 2911 2250 2956 et
2277 2901 2491 2957 humilis
2526 2901 2701 2967 corde,
2720 2911 2767 2956 et
2789 2898 3059 2956 invenietis
3092 2900 3316 2968 requiem
3363 2900 3570 2954 animo»

1975 2993 2069 3048 bus
2093 2993 2271 3048 vestris
2299 2991 2515 3065 (Matth.
2541 3009 2620 3057 χι,
2647 2991 2761 3062 29).
2795 2991 2897 3059 Qui
2934 2991 3358 3046 misericordiam
3394 2990 3522 3046 iacit
3545 3030 3565 3057 ,

1974 3086 2321 3140 miserebitur
2355 3065 2500 3140 illius
2528 3084 2687 3150 Deus,
2710 3084 2828 3156 ipso
2848 3084 3079 3139 Domino
3105 3082 3316 3138 dicente
3341 3098 3351 3135 :
3389 3081 3567 3137 Estote

1975 3175 2358 3239 misericordes,
2384 3175 2517 3229 sicut
2540 3184 2591 3228 et
2635 3171 2796 3228 Pater
2821 3182 2984 3228 vester
3019 3171 3239 3227 cmlestis
3273 3172 3566 3225 misericors

1973 3279 2046 3321 est
2074 3265 2225 3338 (Luc.
2256 3283 2331 3330 vt,
2358 3265 2471 3336 56).
2492 3264 2673 3335 Imago
2698 3265 2818 3329 Dei,
2847 3264 2913 3318 ad
2938 3278 3098 3334 quam
3130 3262 3490 3317 reformamur
3509 3260 3565 3315 in

1965 3358 2175 3423 tuente,
2210 3360 2263 3414 in
2308 3359 2691 3415 misericordia:
2717 3358 2949 3412 maxime
2998 3363 3106 3411 stat
3149 3354 3433 3426 operibus,
3463 3366 3565 3424 pro

1971 3452 2168 3521 quibus
2219 3451 2426 3506 sanctis
2476 3459 2530 3505 et
2578 3449 2739 3519 justis
2778 3461 2999 3516 regnum
3031 3444 3368 3515 promittitur
3399 3450 3557 3496 teter-

1970 3555 2120 3602 num,
2151 3540 2277 3596 dum
2329 3539 2709 3595 discernentur
2737 3536 2860 3605 agni
2885 3536 2952 3589 ab
2978 3533 3147 3588 hatdis
3172 3572 3186 3597 ,
3246 3530 3312 3585 ad
3339 3529 3561 3584 audien-

1976 3630 2098 3687 dam
2129 3647 2315 3687 vocem
2341 3628 2753 3687 desiderabilem
2790 3626 2983 3680 summi
3014 3624 3175 3693 Regis
3196 3631 3250 3677 et
3277 3621 3480 3677 Judieis
3505 3610 3559 3677 in

1969 3724 2095 3777 sede
2145 3730 2388 3792 paternae
2442 3719 2744 3790 majestatis
2767 3714 3040 3771 sedentis:
3082 3711 3282 3781 Venite,
3310 3713 3561 3769 benedicti

1970 3811 2150 3868 Patris
2177 3812 2298 3875 mei,
2338 3810 2582 3880 percipite
2605 3823 2821 3878 regnum
2842 3805 2982 3877 quod
3012 3806 3153 3861 vobis
3209 3814 3454 3876 paratum
3484 3812 3560 3859 est

1969 3902 2033 3957 ab
2059 3901 2260 3972 origine
2297 3898 2478 3952 mundi
2501 3897 2715 3969 (Matth.
2746 3912 2871 3961 xxv,
2900 3896 3014 3960 54).

1969 4011 2096 4067 llaec
2120 4011 2236 4082 lege
2265 4016 2451 4064 sancte
2478 4007 2640 4062 Pater
2666 4006 2724 4080 [α
2759 4004 2919 4078 felix]
2947 4004 3196 4071 feliciter,
3221 4014 3381 4076 atque

1969 4103 2057 4159 Sis
2083 4117 2292 4158 memor
2314 4099 2493 4156 Albini
2513 4115 2610 4170 per
2633 4108 2873 4168 tempora
2901 4097 3060 4168 longa
3085 4097 3326 4167 magistri
3351 4137 3366 4160 ,

1968 4194 2104 4249 Dum
2136 4193 2308 4250 sacris
2353 4191 2561 4247 Domini
2603 4189 2821 4261 supplex
2872 4188 3133 4243 altaribus
3176 4187 3361 4243 adstas
3390 4185 3556 4259 [Με.⁹

2403 4319 2416 4334 .
3228 4275 3443 4350 [adsis]
3464 4318 3477 4341 .

1970 4373 2040 4430 Ut
2069 4373 2190 4444 pius
2217 4373 2557 4442 omnipotens
2593 4371 2749 4427 solita
2772 4371 2972 4440 pietate
2996 4370 3204 4425 relaxet

267 4467 364 4523 sed
387 4466 698 4530 caelestem;
728 4479 836 4519 non
870 4464 958 4519 hic
988 4462 1386 4532 longmvitatem
1433 4462 1575 4526 vitae,
1620 4462 1710 4516 ubi
1736 4476 1864 4531 pec-
1894 4491 1940 4550 υ
1966 4464 2192 4520 Vincula
2214 4462 2550 4527 criminibus,
2588 4462 2741 4532 cujus
2766 4462 3029 4531 condigna
3062 4460 3340 4527 nefandis,

268 4565 397 4611 cato
424 4555 723 4618 nascimur,
748 4553 934 4608 labore
956 4554 1210 4618 vivimus,
1233 4552 1420 4608 dolore
1444 4552 1737 4616 morimur;
1768 4551 1862 4607 sed
1968 4555 2038 4612 Ut
2059 4555 2235 4610 valeat
2267 4561 2445 4609 tecum
2474 4552 2716 4622 gaudens
2747 4551 2963 4606 laudare
2988 4559 3284 4616 tonantem,

270 4644 327 4700 in
351 4644 690 4701 beatitudine
733 4651 994 4714 perpetua
1037 4641 1170 4715 [Al.,
1198 4642 1460 4716 perfecta]
1483 4651 1742 4699 :eternam
1766 4657 1865 4697 no-

269 4734 355 4790 bis
376 4734 631 4806 promisit
646 4734 845 4798 vitam;
872 4741 929 4788 et
954 4750 1062 4792 non
1091 4735 1364 4804 perituras
1404 4734 1688 4806 spopondit
1732 4735 1865 4790 divi-

270 4825 397 4891 tias,
419 4827 518 4881 sed
545 4840 763 4894 semper
786 4832 1099 4880 manentes:
1122 4823 1284 4895 hujus
1304 4839 1430 4880 vero
1455 4825 1634 4880 saeculi
1665 4823 1866 4880 divitiae

272 4914 429 4971 bonis
453 4914 719 4985 malisque
742 4930 1059 4969 communes
1084 4928 1204 4970 esse
1228 4914 1496 4980 videntur,
1520 4915 1717 4985 quibus
1738 4914 1863 4970 boni

270 5005 411 5062 bene
439 5013 671 5061 utuntur
696 5006 765 5062 ad
797 5015 1143 5079 augmentum
1166 5005 1357 5063 salutis
1378 5007 1481 5062 sibi
1503 5007 1862 5077 sempiternae,

270 5097 403 5152 mali
429 5110 561 5154 vero
583 5096 727 5153 male
754 5105 982 5153 utuntur
1008 5098 1090 5154 eis
1117 5098 1184 5153 ad
1207 5096 1563 5168 perditionem
1602 5097 1705 5152 sui.
1731 5097 1865 5153 Illud

269 5204 403 5245 vero
429 5189 686 5262 promisit
732 5188 995 5246 Dominus
1037 5191 1178 5247 Deus
1207 5189 1473 5246 charitate
1509 5187 1863 5255 ferventibus,

267 5294 380 5351 quo
405 5280 541 5336 nihil
565 5281 781 5337 beatius
801 5295 923 5337 esse
944 5283 1160 5353 poterit,
1194 5282 1246 5338 id
1273 5288 1375 5348 est,
1413 5289 1726 5352 perpetuam
1756 5294 1868 5335 sua:

267 5368 626 5431 beatitudinis
650 5372 934 5433 visionem.
967 5373 1038 5428 ad
1063 5389 1222 5444 quam
1257 5373 1514 5429 mundato
1539 5370 1700 5427 corde
1721 5368 1867 5424 festi-

266 5464 512 5519 nandum
542 5472 646 5529 est,
674 5466 817 5521 sicut
836 5466 952 5535 ipsa
978 5465 1194 5520 Veritas
1213 5466 1288 5520 ait
1313 5480 1328 5519 :
1353 5465 1503 5519 Beati
1530 5462 1724 5518 mundo
1754 5478 1868 5515 cor-

267 5552 360 5621 de,
391 5554 645 5626 quoniam
676 5556 778 5627 ipsi
800 5555 970 5609 Deum
1010 5555 1248 5610 ridebunt
1273 5553 1483 5628 (Matth.
1512 5571 1586 5622 Ix,
1618 5553 1695 5625 8).

343 5698 370 5728 ο
407 5688 466 5744 ln
496 5690 618 5746 cod.
645 5704 755 5760 quo
779 5689 1048 5747 Achcrius
1082 5704 1213 5745 usus
1236 5696 1323 5760 est
1346 5728 1360 5752 ,
1409 5703 1510 5744 vov
1564 5688 1692 5757 fclia'
1717 5729 1730 5749 ,
1781 5688 1867 5743 hic’

256 5760 431 5823 uncis
456 5758 686 5826 inclusa,
719 5759 819 5816 fuit
848 5762 1069 5826 omissa,
1101 5768 1155 5815 et
1179 5758 1392 5824 influe,
1419 5774 1516 5828 pro
1537 5775 1692 5812 versu
1721 5774 1867 5813 com-

1964 4646 2094 4701 Post
2115 4644 2276 4714 hujus
2301 4643 2528 4699 Domino
2550 4642 2676 4696 vita:
2698 4641 2992 4697 miserante
3021 4642 3256 4697 labores.

1964 4735 2200 4805 Angelus
2225 4734 2547 4804 almipotcns
2571 4732 2696 4788 caeli
2721 4732 2960 4788 directus
2977 4733 3045 4787 ab
3075 4747 3201 4788 arce
3220 4775 3234 4797 ,

1964 4826 2071 4881 Per
2105 4833 2301 4890 terras,
2325 4824 2509 4887 silvas,
2538 4821 2702 4878 colles
2730 4823 3022 4878 comitetur
3044 4821 3282 4878 euntem.

1965 4918 2068 4973 Per
2086 4917 2329 4983 castella,
2357 4915 2527 4981 vicos,
2556 4929 2652 4986 per
2674 4914 2834 4970 fortia
2877 4913 3099 4970 ﬂumina
3126 4922 3306 4978 terrm,

1967 5008 2193 5079 Semper
2220 5009 2441 5079 ubique,
2470 5021 2684 5079 precor,
2718 5007 2878 5062 ducat
2896 5006 3054 5061 simul
3082 5014 3246 5075 atque
3264 5004 3488 5060 reducat

1964 5104 2323 5169 Gaudentem,
2345 5110 2547 5159 sancta:
2568 5118 2692 5158 cum
2715 5100 3073 5173 prosperitate
3094 5097 3304 5162 salutis,

1968 5194 2044 5248 Te
2073 5192 2214 5265 [Al.,
2244 5192 2358 5265 Tu]
2388 5192 2553 5249 Pater
2575 5192 2742 5247 alme!
2782 5190 2893 5247 Deo
2939 5188 3153 5245 Christo
3181 5186 3435 5249 donante,
3462 5198 3556 5255 per

3240 5274 3472 5349 [aevum

1968 5374 2048 5429 Tu
2069 5373 2272 5438 valeas,
2299 5374 2482 5444 vigens
2516 5386 2748 5443 semper,
2773 5369 3093 5426 charissima
3115 5365 3337 5438 praesul!

1967 5464 2209 5535 Cumque
2230 5465 2335 5519 tuis
2357 5463 2567 5519 cunctis
2589 5463 2802 5525 ovibus,
2833 5475 2931 5531 per
2962 5474 3163 5531 pascua
3185 5458 3307 5512 vitte

1967 5556 2098 5625 Quae
2119 5565 2362 5621 currant,
2384 5565 2601 5612 sanctos
2632 5555 2893 5610 virtutum
2932 5566 3156 5625 carpere
3193 5549 3386 5613 liores;

1968 5689 2277 5760 pleudo,‘cx
2301 5688 2607 5760 conjectura
2637 5688 2815 5760 addita
2844 5686 2947 5760 fuit
2980 5702 3081 5743 vox
3105 5704 3119 5741 :
3151 5686 3417 5760 sacerdos.
3441 5683 3550 5740 Nos

1972 5757 2116 5815 illam
2150 5775 2333 5815 vocem
2364 5757 2490 5829 felix
2518 5775 2581 5815 ex
2625 5759 2742 5815 cori.
2770 5757 3163 5829 Salisburgensi
3196 5757 3548 5812 restiutimus.
