4012 6188
436 336 547 396 575

422 459 520 515 -Te
544 457 794 517 ducente,
826 452 1003 513 Pater,
1028 458 1230 521 pastor,
1259 449 1590 517 patriarcha,
1625 446 1879 501 sacerdos
1903 455 1952 497 ι.

917 563 1081 637 346
1106 560 1427 618 PSALMUS
1458 561 1549 617 γι.

508 659 671 713 Vens.
716 655 766 708 Ἰ.
807 684 877 694 -
902 652 1113 709 Titulus
1137 651 1329 725 psalmi
1352 660 1472 707 est:
1505 649 1573 705 In
1599 650 1755 720 ﬁnem
1778 647 1948 703 David
1976 649 2032 702 in

437 745 761 802 carminibus
786 761 879 815 pro
909 754 1128 798 octava:
1157 758 1266 813 quo
1295 744 1351 797 in
1404 742 1561 812 finem
1584 782 1599 807 ,
1656 740 1709 797 id
1745 747 1847 807 est,
1877 736 2036 795 Chri-

440 846 605 903 stum,
638 834 807 890 David
834 834 1131 905 respiciens
1189 835 1419 905 hymnos
1467 842 1522 887 et
1552 831 1795 886 carmina
1841 840 2032 886 canta-

438 929 534 984 bat
561 945 576 981 :
618 944 711 998 pro
736 936 950 992 octaua;
985 925 1038 980 id
1076 933 1181 990 est,
1201 939 1301 994 pro
1325 922 1593 978 desiderio
1633 919 1828 975 futurae
1856 936 2036 976 resur-

436 1019 715 1076 rectionis.
773 1017 1139 1072 Peccatricem
1195 1031 1325 1071 vero
1372 1014 1609 1069 animam
1647 1012 1898 1067 hortatur
1945 1012 2036 1068 hic

436 1127 539 1168 suo
571 1109 820 1181 exemplo
853 1108 1040 1173 David,
1073 1116 1133 1162 ut
1155 1123 1262 1161 non
1301 1106 1485 1161 statim
1508 1103 1784 1174 desperet,
1823 1103 2036 1158 etiamsi

440 1205 682 1277 graviter
718 1201 991 1273 peccarit:
1025 1201 1119 1256 sed
1168 1200 1351 1255 abluto
1407 1197 1660 1268 lacrymis
1707 1196 2039 1266 poenitentiae

441 1295 791 1352 conscientiae
813 1309 922 1349 sua:
946 1292 1109 1358 lecto,
1139 1290 1205 1346 ad
1250 1291 1516 1346 medicum
1556 1289 1726 1344 Deum
1753 1293 2034 1353 recurrat,

444 1388 539 1458 qui
571 1386 748 1441 ulcera
774 1393 1119 1456 peccatorum
1151 1396 1372 1436 suorum
1396 1388 1549 1436 sanet
1579 1379 1631 1433 ι).

518 1479 677 1534 Vens.
708 1477 765 1531 2.
792 1506 863 1517 —
895 1475 1134 1539 Domine,
1168 1490 1230 1528 ne
1265 1474 1318 1529 in
1367 1473 1546 1544 furore
1573 1481 1663 1525 tuo
1702 1487 1896 1541 arguas
1934 1486 2035 1536 me,

442 1585 608 1642 neque
635 1569 689 1623 in
730 1569 810 1621 ira
851 1576 942 1622 tua
968 1568 1223 1636 corripias
1252 1582 1351 1619 me.
1391 1563 1474 1618 ira
1497 1571 1579 1619 est
1603 1563 1756 1633 longa
1788 1562 2037 1633 indigna-

442 1662 557 1715 tio:
595 1660 742 1715 l‘nror
770 1674 897 1713 vero
929 1658 1206 1730 repentina
1257 1657 1457 1712 mentis
1501 1655 1782 1721 accensio;
1832 1655 1926 1710 sed
1959 1654 2036 1709 ira

443 1760 706 1807 aeternam
734 1749 1021 1821 impiorum
1064 1748 1331 1819 significat
1384 1763 1621 1817 pmnam,
1652 1746 1804 1802 furor
1858 1746 2037 1816 ignem

445 1844 822 1917 purgatorium
852 1861 864 1896 :
898 1850 953 1897 et
994 1842 1059 1896 de
1086 1849 1313 1910 utraque
1342 1838 1510 1912 μισ..
1537 1840 1603 1894 de
1634 1854 1737 1911 qua
1774 1836 2037 1911 utraque]

446 1936 532 1989 vir
558 1934 829 2003 paenitens
855 1932 1072 1986 liberari
1104 1947 1161 1986 se
1182 1947 1212 1984 a
1239 1930 1346 1985 Deo
1377 1930 1633 2000 postulat.

518 2022 683 2079 Vens.
716 2022 768 2076 3.
799 2052 873 2061 —
907 2019 1158 2075 Miserere
1201 2022 1323 2086 mei,
1351 2020 1594 2088 Domine,
1616 2021 1863 2092 quoniam
1894 2020 2044 2091 inﬁr-

443 2129 560 2169 mus
613 2126 764 2168 sum:
796 2129 928 2167 sana
983 2128 1095 2176 me,
1152 2110 1402 2173 Domine,
1432 2110 1681 2181 quoniam
1730 2109 2043 2165 conturbata

443 2213 567 2259 sunt
622 2219 741 2257 ossa
770 2217 907 2255 mea.
936 2199 1125 2257 Valida
1181 2207 1265 2253 est
1324 2198 1709 2254 misericordiae
1762 2199 2040 2269 precatio,

446 2291 654 2364 peccati
683 2289 973 2346 confessio.
1002 2288 1096 2347 ille
1142 2288 1572 2344 misericordiam
1610 2289 1705 2344 Dei
1757 2289 2000 2345 inveniet

446 2384 543 2454 qui
567 2398 625 2439 se
671 2382 929 2436 miserum
961 2379 1267 2436 conﬁtetur.
1307 2378 1573 2446 Quoniam
1603 2380 1844 2450 inﬁrmus
1895 2398 2042 2447 sum,

447 2493 583 2532 sana
610 2490 710 2540 me,
744 2473 937 2545 inquit,
970 2472 1190 2527 Domine
1214 2489 1233 2526 :
1256 2487 1321 2527 ac
1358 2472 1403 2527 si
1443 2473 1608 2538 dicat,
1640 2472 1887 2527 inﬁrmus
1924 2490 2044 2528 sum

451 2582 551 2639 per
573 2571 874 2637 peccatum,
901 2578 1033 2623 sana
1058 2576 1144 2617 me
1164 2577 1262 2633 per
1286 2563 1713 2618 misericordiam
1740 2578 1755 2617 :
1782 2562 2045 2630 Quoniam

453 2656 766 2712 conturbata
787 2664 909 2710 sunt
946 2670 1064 2710 ossa
1109 2671 1244 2719 mea,
1272 2670 1481 2721 omnes,
1514 2655 1756 2726 inquam,
1781 2655 2006 2711 virtutes
2029 2697 2045 2721 ,

456 2763 576 2818 qute
598 2755 820 2819 propter
842 2746 925 2802 sui
950 2744 1277 2802 soliditatem
1306 2761 1430 2801 ossa
1451 2746 1808 2818 appellantur.

526 2861 691 2918 Vens.
722 2860 773 2916 4.
814 2890 887 2901 -
918 2859 988 2915 Et
1014 2861 1193 2914 anima
1228 2876 1344 2914 mea
1385 2860 1597 2914 turbata
1638 2870 1715 2916 est
1742 2860 1931 2916 ualde:
1958 2860 2049 2916 sed

456 2961 548 3018 tu,
598 2950 822 3012 Domine
850 2993 866 3019 ,
910 2951 1214 3024 usquequo?
1254 2950 1311 3006 ln
1352 2951 1530 3021 primo
1570 2952 1786 3024 quidem
1832 2954 2052 3009 homine

452 3036 794 3114 transgressa
822 3041 999 3098 anima
1053 3057 1173 3099 mea
1198 3042 1427 3098 virtutes
1465 3058 1655 3099 omnes
1689 3042 1958 3113 perdidit,
1997 3050 2053 3099 et

456 3136 584 3195 inde
619 3137 833 3195 turbata
857 3144 939 3192 est
959 3152 1056 3207 per
1109 3135 1504 3207 paenitentiam,
1532 3144 1591 3193 ut
1619 3138 1960 3193 emundetur.
1986 3137 2054 3194 Et
2077 3148 2125 3210 ο

455 3238 537 3295 tu,
562 3226 784 3282 Domine
806 3267 822 3293 ,
880 3228 1187 3298 usquequo?
1242 3225 1483 3282 Subaudi
1510 3245 1523 3281 :
1558 3227 1907 3303 [usquequo]
1936 3230 2054 3286 ani-

452 3331 599 3373 mam
628 3332 819 3381 meam,
854 3332 976 3386 qua:
1023 3317 1373 3372 vehementer
1422 3319 1741 3374 conturbata
1771 3327 1856 3374 est
1881 3359 1897 3385 ,
1945 3336 2053 3379 non

456 3407 644 3478 eripis,
675 3424 781 3463 non
808 3408 1058 3480 corrigis,
1086 3424 1193 3463 non
1225 3410 1488 3464 emendas

531 3498 692 3552 Vens.
722 3497 777 3552 5.
807 3528 877 3537 —
902 3496 1230 3563 Convertere,
1256 3498 1479 3553 Domine
1498 3539 1513 3564 ,
1561 3509 1610 3554 et
1638 3504 1780 3571 eripe
1820 3503 2054 3559 animam

454 3602 648 3654 meam,
682 3587 884 3647 salvum
933 3605 1015 3645 me
1051 3589 1139 3660 fac
1165 3600 1375 3661 propter
1430 3591 1849 3647 misericordiam
1885 3604 2053 3650 tuam.

458 3675 571 3733 Nisi
596 3680 740 3737 enim
781 3680 1017 3737 animam
1058 3689 1297 3737 nostram
1325 3690 1453 3738 ante
1496 3684 1857 3752 converterit,
1897 3701 2056 3745 nemo

459 3782 580 3822 eam
603 3777 755 3828 eruet
783 3767 946 3843 [Ms.,
982 3780 1392 3828 converteret...
1422 3774 1672 3849 erueret]
1702 3776 1767 3833 de
1789 3778 2053 3848 periculo.

469 3855 606 3910 Vel:
635 3866 973 3926 convertere,
1014 3860 1262 3928 Domine,
1302 3872 1358 3919 et
1413 3863 1586 3936 dirige
1619 3882 1718 3922 nos
1758 3882 1855 3938 per
1903 3869 2058 3924 mise-

463 3945 754 4003 ricordiam
803 3959 972 4017 tuam,
998 3962 1160 4025 atque
1197 3956 1380 4025 aspice
1407 3955 1572 4029 [.i!s.,
1599 3958 1888 4030 dignare...
1916 3961 2059 4032 aspi-

462 4038 644 4112 cere],
672 4041 764 4112 qui
793 4049 1015 4116 propter
1041 4055 1264 4119 peccata
1288 4056 1474 4103 nostra
1503 4048 1696 4105 faciem
1725 4060 1870 4106 tuam
1901 4067 2058 4108 aver-

463 4129 578 4184 tisti
612 4146 641 4187 a
667 4131 823 4187 nobis
850 4150 864 4186 :
905 4142 960 4188 et
982 4134 1131 4205 eripe
1157 4137 1394 4192 animam
1435 4153 1633 4204 meam,
1662 4142 1730 4195 ab
1756 4141 2058 4197 imminenti

461 4220 670 4277 scilicet
700 4224 981 4293 supplicio,
1010 4234 1065 4279 et
1091 4226 1297 4280 salvum
1327 4243 1415 4282 mc
1457 4228 1543 4283 fac
1589 4245 1693 4283 non
1722 4232 1858 4286 meis
1889 4234 2061 4289 meri-

461 4310 553 4377 tis,
589 4311 684 4367 sed
713 4318 803 4366 tua
845 4312 1237 4369 misericordia.

540 4430 711 4487 Vnus.
743 4429 795 4486 6.
826 4461 899 4471 —
927 4429 1188 4498 Quoniam
1214 4448 1318 4487 non
1352 4441 1427 4488 est
1459 4434 1514 4489 in
1542 4444 1708 4489 morte
1740 4437 1832 4508 qui
1861 4453 2061 4495 memor

1298 330 1357 384 Β.
1399 328 1461 384 r.
1501 326 1729 385 mum
1768 325 1898 383 seu
1937 325 2215 383 ALCUiNl
2253 320 2540 382 OPERUM
2577 321 2757 379 psus
2792 285 2871 378 nf

2053 451 2102 506 Α
2131 442 2475 515 impossibili,
2506 442 2601 499 sed
2639 454 2738 514 pro
2765 452 2892 497 raro
2944 438 3157 514 posuit]
3185 450 3240 497 et
3297 442 3730 501 subaudiendum

2129 536 2303 591 estad
2332 535 2544 590 veniam
2570 552 2583 587 :
2614 533 2741 603 quia
2793 532 2849 586 in
2906 532 3013 587 hoc
3040 532 3242 588 mundo
3267 534 3489 604 proprie
3515 532 3730 591 confes-

3616 329 3727 387 576

2132 626 2216 681 sio
2237 626 2455 690 dicitur,
2483 624 2573 680 ubi
2600 632 2655 679 et
2678 623 2836 680 venia
2876 623 3165 693 reperitur.

2204 716 2365 771 Vens.
2382 716 2435 769 7.
2461 713 2803 769 ~Laboravi
2825 715 2879 769 in
2906 714 3101 785 gemitu
3120 729 3255 769 meo.
3272 713 3374 770 Hic
3397 716 3733 785 pauitantia:

2133 822 2247 863 sua:
2270 806 2489 861 modum
2513 806 2755 875 esponit.
2788 804 2999 859 Lavabo
3040 821 3134 875 per
3173 805 3412 877 singulas
3450 818 3624 864 noctes
3652 809 3730 864 te-

2135 907 2275 952 ctum
2294 912 2488 951 meum.
2512 896 2760 959 Lectum,
2790 895 3201 951 delectationem
3248 898 3496 968 corporis
3529 900 3732 956 intelli-

2134 1001 2345 1057 gamus.
2368 986 2640 1057 Laerymis
2668 994 2892 1040 stratum
2917 1002 3090 1040 meum
3135 987 3337 1057 rigabo.
3370 987 3573 1060 Rigare
3599 992 3735 1046 ube-

2135 1079 2251 1134 rius
2271 1078 2474 1148 aliquid
2499 1078 2771 1150 signiﬁcat
2817 1092 2980 1148 quam
3020 1077 3225 1132 lavare.
3268 1075 3513 1135 Stratum
3549 1092 3731 1137 autem

2137 1172 2407 1240 signiﬁcat
2425 1169 2701 1225 cumulum
2729 1177 3098 1240 peccatorum.

2209 1263 2372 1317 Vens.
2420 1263 2475 1317 8.
2514 1286 2598 1302 —
2623 1259 2886 1314 Turbatus
2930 1267 3011 1313 est
3047 1276 3159 1330 prce
3196 1260 3281 1315 ira
3327 1258 3513 1316 oculus
3563 1278 3734 1319 meus.

2139 1350 2371 1423 Propter
2391 1351 2529 1405 iram
2549 1349 2763 1405 Domini
2794 1350 3008 1405 oculum
3036 1348 3255 1423 [cordis
3281 1351 3365 1407 sui
3409 1351 3737 1428 proﬁtetur]

2139 1458 2261 1502 esse
2289 1442 2585 1498 turbatum.
2610 1440 2656 1497 Ο
2676 1440 2821 1495 Deus
2848 1454 2948 1510 per
2983 1454 3145 1511 quem
3175 1441 3307 1496 mihi
3328 1442 3587 1514 supplicia
3630 1442 3736 1517 [ti-

2141 1532 2296 1607 meo]
2335 1539 2659 1604 przeparata,
2691 1533 2905 1587 turbata
2933 1540 3017 1586 est
3073 1546 3228 1587 mens
3264 1547 3386 1587 mea
3412 1574 3429 1600 ,
3481 1544 3537 1590 et
3564 1544 3735 1590 totum

2138 1626 2439 1698 principale
2482 1625 2663 1681 cordis
2704 1624 2812 1680 mei
2867 1624 3215 1680 contremuit.
3267 1624 3555 1681 Inueteravi
3600 1628 3742 1683 inter

2142 1733 2321 1772 omnes
2365 1716 2607 1770 inimicos
2636 1731 2798 1769 meos.
2845 1714 3145 1770 inveteravi
3180 1713 3268 1788 [id
3300 1715 3416 1789 est]
3456 1716 3510 1770 in
3535 1718 3741 1772 veteris

2075 1794 2115 1855 Β
2142 1809 2382 1865 hominis
2415 1807 2545 1863 Adaa
2583 1807 2869 1876 iniquitate
2908 1808 3206 1877 permansi,
3245 1809 3402 1864 inter-
3422 1825 3610 1865 omnes
3635 1809 3741 1864 ini-

2143 1898 2316 1955 micos
2342 1913 2511 1961 meos,
2547 1898 2662 1952 sive
2686 1897 2829 1952 inter
2857 1897 3082 1967 spiritus
3105 1898 3421 1965 diabolicos,
3446 1901 3558 1957 sive
3595 1902 3743 1956 inter

2141 1996 2328 2045 nostra
2364 1998 2607 2059 peccata.

2214 2082 2378 2136 Vens.
2411 2082 2465 2136 9.
2492 2111 2564 2122 —
2602 2080 2868 2136 Discedite
2919 2099 2952 2136 a
2980 2098 3062 2136 me
3102 2099 3285 2137 omnes
3330 2083 3741 2154 qui‘operamini

2141 2172 2491 2243 iniquitatem.
2544 2171 2839 2242 Postquam
2872 2170 3060 2245 [ipse]
3089 2172 3517 2229 misericordiam
3552 2188 3746 2230 conse-

2140 2272 2303 2319 cutus
2331 2270 2436 2329 est,
2476 2272 2533 2319 et
2555 2271 2785 2319 caeteros
2804 2264 2965 2319 docet
2982 2264 3070 2319 vel
3106 2265 3444 2331 cohortatur,
3472 2266 3563 2322 uti
3594 2264 3657 2339 [a
3683 2281 3745 2321 se

2145 2356 2383 2408 abeant:
2412 2369 2519 2410 non
2548 2352 2717 2426 enim]
2741 2353 2855 2408 vult
2891 2352 3088 2427 [Edit.,
3120 2358 3196 2409 uti
3242 2370 3302 2411 se
3326 2355 3581 2422 habeant,
3604 2371 3746 2428 quos

2146 2458 2255 2499 non
2284 2441 2433 2515 vult]
2463 2442 2773 2514 iniquorum
2803 2442 3008 2499 habere
3029 2444 3381 2500 consortium.
3417 2443 3635 2517 [Simul
3648 2460 3746 2500 an-

2148 2540 2256 2589 tem
2273 2540 2328 2589 et
2365 2532 2494 2588 illud
2522 2534 2819 2589 notandum
2843 2542 2949 2599 est,
2975 2535 3120 2604 quod
3170 2535 3282 2604 jam
3309 2536 3560 2606 superius
3603 2536 3744 2592 dixi-

2146 2640 2293 2691 mus,
2319 2625 2464 2695 quod
2491 2640 2599 2681 non
2622 2641 2718 2682 eos
2745 2627 2837 2696 qui
2873 2629 3081 2697 operati
3103 2636 3232 2683 sunt
3255 2628 3615 2700 iniquitatem,
3647 2631 3747 2687 sed

2147 2715 2239 2784 qui
2267 2724 2582 2786 cperantur,
2617 2730 2649 2771 a
2673 2731 2733 2772 se
2745 2716 2936 2787 iubeat
2963 2717 3274 2792 recedere.]

2221 2808 2381 2882 3‘7
2413 2811 2577 2865 Vens.
2612 2810 2699 2865 10.
2725 2841 2798 2852 -
2836 2810 3107 2867 Discedite
3155 2827 3285 2884 ergo
3307 2853 3322 2877 ,
3372 2813 3568 2883 inquit,
3594 2829 3624 2868 a
3655 2826 3748 2869 me

2149 2904 2412 2975 maligni,
2465 2904 2720 2974 quoniam
2757 2903 3025 2958 exaudivit
3086 2902 3346 2958 Dominus
3380 2920 3553 2959 uocem
3589 2904 3748 2974 ﬂetus

2150 2998 2273 3051 mei.
2306 2995 2595 3051 Exauth
2617 2996 2875 3050 Dominus
2908 2995 3324 3067 deprecationem
3347 3011 3535 3057 meam,
3561 2993 3751 3051 Domi-

2154 3102 2253 3142 nus
2283 3087 2574 3142 orationem
2592 3103 2762 3141 meum
2783 3086 3027 3157 suscepit.
3058 3085 3231 3141 Unam
3260 3087 3613 3156 eamdemque
3628 3098 3750 3141 rem

2155 3177 2526 3248 multipliciter
2567 3177 2785 3248 repetit,
2816 3176 2962 3247 quod
3007 3174 3185 3231 solent
3225 3174 3405 3232 lacere
3449 3175 3754 3247 gaudentes

2157 3279 2211 3326 et
2239 3272 2504 3327 laetantes.

2228 3363 2391 3417 Vens.
2420 3361 2507 3416 ΙΙ.
2536 3392 2610 3409 η-
2654 3361 3040 3416 Conseruntur
3092 3369 3141 3414 et
3195 3360 3499 3415 erubescant
3541 3357 3757 3415 inimici

2154 3453 2278 3517 mei,
2312 3461 2682 3508 convertantur
2707 3460 2767 3505 et
2782 3450 3091 3505 erubescant
3129 3450 3279 3506 ualde
3322 3449 3585 3506 velociter.
3628 3448 3756 3505 Non

2153 3541 2637 3605 contrainimioos,
2662 3539 2758 3596 sed
2778 3555 2878 3611 pro
2907 3540 3141 3595 inimicis
3171 3547 3316 3605 orat,
3341 3548 3402 3595 ut
3430 3548 3757 3595 convertan-

2154 3642 2247 3689 tur
2263 3649 2295 3687 a
2318 3633 2559 3704 peccatis
2578 3634 2712 3699 suis,
2734 3645 2789 3689 et
2811 3635 3136 3689 erubescant
3159 3647 3267 3687 non
3296 3630 3506 3694 leviter,
3535 3631 3634 3686 sed
3659 3646 3756 3685 ve-

2154 3726 2472 3792 hementer;
2526 3742 2629 3782 nec
2652 3728 2911 3793 crastino,
2935 3725 3028 3782 sed
3071 3724 3181 3780 cito
3208 3739 3273 3779 ac
3323 3725 3584 3795 praesenti
3616 3732 3757 3779 tem-

2155 3830 2307 3887 pore.
2331 3815 2523 3871 Amen.

2683 3885 3007 3947 PSALMUS
3043 3885 3240 3943 XXXI.

2231 3977 2443 4034 Titulus
2470 3977 2661 4047 psalmi
2686 3987 2791 4044 est,
2818 3977 3108 4035 intellectus
3132 3976 3344 4032 Dauid:
3382 3977 3510 4047 quia
3546 3976 3759 4032 scilicet

2158 4067 2422 4123 intellexit
2449 4068 2639 4133 David,
2669 4078 2725 4124 et
2764 4084 2876 4127 nos.
2890 4083 2990 4123 suo
3027 4067 3182 4137 jubet
3225 4067 3525 4139 intelligere
3569 4081 3756 4123 exem-

2158 4156 2266 4227 plo,
2298 4157 2506 4212 nullum
2549 4173 2671 4214 esse
2725 4169 2835 4213 tam
2892 4174 3058 4229 grave
3115 4166 3423 4228 peccatum,
3456 4157 3600 4228 quod
3644 4172 3756 4212 non

2159 4250 2395 4320 gratuito
2421 4251 2578 4306 nobis
2602 4250 2746 4306 Deus
2770 4252 3013 4306 remittat
3034 4292 3048 4314 ,
3095 4252 3141 4306 si
3187 4251 3366 4321 parati
3400 4251 3575 4306 simus
3622 4248 3758 4306 illud

2162 4343 2404 4398 conﬁteri
2431 4351 2488 4398 et
2522 4358 2554 4397 a
2598 4344 2780 4412 pravis
2805 4344 2911 4399 viis
2936 4344 3214 4400 abstinere
3244 4354 3295 4399 ο.

2236 4435 2398 4490 Vens.
2442 4434 2493 4489 1.
2517 4463 2590 4475 -
2624 4433 2775 4488 Beati
2804 4450 3028 4504 quorum
3077 4435 3309 4490 remissa:
3343 4442 3464 4488 sunt
3503 4433 3762 4502 iniquita-

463 4523 531 4579 sit
555 4523 653 4577 tui.
682 4522 800 4578 Non
824 4524 970 4578 enim
1019 4524 1217 4579 mortui
1257 4523 1553 4582 laudabunt
1581 4535 1655 4592 te,
1690 4526 1933 4592 Domine,
1967 4529 2061 4585 sed
2089 4508 2138 4569 υ
2162 4535 2257 4591 tes,
2288 4534 2335 4579 et
2361 4540 2585 4596 quorum
2607 4534 2743 4579 tecta
2771 4534 2892 4585 sunt
2927 4535 3161 4595 peccata.
3194 4524 3409 4581 Illorum
3439 4522 3650 4579 scilicet
3670 4537 3763 4576 re-

464 4629 585 4681 nos,
614 4614 705 4685 qui
753 4615 987 4672 vivimus
1025 4614 1188 4688 [Ms.,
1218 4618 1461 4674 viventes
1491 4618 1715 4692 sumus]
1745 4638 1759 4680 ς
1789 4620 1917 4689 quia
1954 4636 2061 4676 non

466 4720 553 4768 est
572 4720 910 4767 mortuorum
933 4712 1097 4779 Deus,
1132 4714 1228 4770 sed
1260 4714 1526 4771 vivorum.

539 4801 608 4857 In
634 4801 844 4872 inferno
873 4811 1048 4858 autem
1073 4805 1191 4875 quis
1241 4804 1578 4873 confitebitur
1601 4803 1715 4858 tibi.
1770 4802 1924 4876 [Non
1964 4819 2064 4874 pro

541 4943 567 4972 σι
607 4930 686 5004 Et;
736 4931 840 5004 hoc
867 4931 1111 5004 carmine
1131 4930 1377 5004 Cointius
1405 4940 1783 5004 argumentum
1821 4934 2066 5004 sumpsit

470 5002 539 5057 ad
564 5000 898 5086 problndum
926 5002 1203 5086 Arnonem
1229 5013 1286 5057 et
1312 5000 1733 5086 Aleuiuumnon
1755 5001 1926 5086 fuisse
1942 5000 2065 5086 ger-

468 5068 663 5127 manos
701 5068 937 5142 fratres,
988 5072 1114 5127 licet
1148 5071 1202 5142 in
1246 5072 1480 5142 quadam
1536 5072 1761 5142 epistola
1806 5068 2067 5131 Alcuinus

469 5141 783 5216 scripserit:
813 5141 1134 5216 Dulcissimo
1172 5140 1330 5216 fratri
1367 5151 1415 5196 et
1462 5140 1769 5216 charissima
1814 5160 2064 5215 germana

468 5211 710 5285 Aquilae,
724 5220 830 5268 etc.
857 5211 963 5268 Sed
990 5211 1467 5285 hasepistolarum
1493 5211 1894 5285 inscriptiones,
1912 5231 2063 5272 asse-

475 5282 564 5345 rit,
591 5282 778 5339 titulos
793 5298 925 5354 esse
947 5282 1220 5354 amicitiae,
1250 5298 1357 5354 non
1383 5282 1709 5354 agnationis.
1764 5285 1841 5340 Ea
1888 5286 1956 5340 de
2008 5301 2067 5340 re

469 5367 573 5425 nos
591 5353 645 5409 in
664 5353 983 5425 praefatione
1009 5353 1095 5425 his
1112 5352 1369 5425 operibus
1390 5352 1611 5425 prauis:
1633 5355 1862 5425 egimus.
1879 5355 2067 5411 Sixtus

473 5423 603 5497 Sen.
634 5432 793 5497 vocat
821 5424 1034 5480 Alcuini
1073 5424 1126 5480 in
1165 5423 1405 5497 psalmos
1454 5423 1854 5497 ptenitentialcs
1900 5443 2057 5481 anno-

474 5495 719 5575 tationes,
747 5494 907 5578 juxta
924 5510 1133 5551 sensum
1162 5493 1414 5550 moralem
1434 5493 1748 5561 succinctas,
1782 5506 1996 5567 argutus
2017 5506 2065 5550 et

475 5563 604 5635 mire
624 5563 1004 5635 significantes.

547 5631 787 5707 b‘Co'dd'.
833 5650 964 5707 mss.
1019 5635 1162 5707 hanc
1218 5635 1788 5707 prterutiunculamjta
1819 5644 2059 5707 ponunt:

476 5698 544 5756 In
582 5700 739 5768 ﬁnem
771 5704 826 5775 in
851 5704 1057 5775 hymnis
1084 5722 1179 5775 pro
1201 5698 1381 5760 actura
1410 5705 1643 5774 psalmus
1667 5698 1853 5775 David.
1889 5704 1954 5775 In
1993 5705 2062 5772 [ῖ-

420 5812 425 5815 -
481 5786 594 5827 neut
624 5772 982 5830 atternitat'em
1033 5772 1329 5845 signiﬁcat:
1360 5772 1602 5846 Hymnus
1640 5784 1719 5829 est
1764 5774 1877 5828 laus
1927 5774 2061 5829 [thi-

2165 4619 2454 4674 mittuntur
2475 4618 2808 4688 iniquitates.
2835 4633 3068 4688 quorum
3096 4627 3315 4688 peccata
3340 4630 3435 4687 per
3456 4614 3762 4672 confessio-

2164 4723 2289 4763 nem
2318 4724 2349 4763 a
2381 4707 2609 4763 Domino
2628 4708 2740 4762 Deo
2767 4708 3079 4771 diluuntur;
3108 4716 3163 4763 et
3194 4721 3427 4778 quorum
3460 4713 3603 4761 tecta
3632 4714 3762 4761 sunt

2163 4815 2262 4870 per
2290 4799 2612 4857 cbaritatem
2640 4809 2880 4871 peccata,
2905 4797 3062 4867 juxta
3104 4798 3274 4855 illud:
3305 4798 3550 4855 Charitas
3592 4795 3762 4867 operit

2165 4934 2533 5009 uitatismetri
2563 4933 2920 5009 alicujuslege
2946 4933 3244 5009 composita
3271 4950 3295 5009 εΔ
3313 4949 3414 5009 pro
3426 4941 3608 5009 octava
3632 4946 3763 5009 vero

2167 5006 2380 5060 Domini
2435 5002 3087 5077 signiﬁcat'adventumf
3117 5002 3334 5077 quando
3383 5002 3761 5077 ﬁnitausagculi

2167 5073 2512 5133 hebdomada'
2531 5078 2599 5132 ad
2618 5074 2971 5145 iudicandum
2993 5073 3207 5129 venerit
3233 5073 3689 5145 mundum.l)nde
3706 5080 3765 5145 et

2204 5147 2406 5203 salmus
2435 5148 2536 5203 iste
2568 5143 2690 5206 cum
2721 5156 2957 5202 tremore
3003 5145 3239 5200 maximo
3263 5143 3395 5199 fecit
3421 5143 3655 5199 initium.
3704 5143 3762 5199 In

2205 5234 2271 5272 oc
2293 5217 2497 5285 [salmo
2519 5219 2815 5272 humanum
2852 5214 3090 5287 postulat
3120 5230 3289 5287 genus
3318 5213 3520 5285 corrigi
3546 5214 3764 5284 quidem

2166 5297 2221 5342 ει
2240 5287 2478 5413 suae

2166 5427 2414 5485 Psalmus
2440 5425 2610 5480 David
2636 5441 2820 5482 vocem
2846 5428 3088 5485 continet
3122 5426 3403 5496 propheta:
3426 5425 3766 5481 ostendentis

2167 5497 2440 5554 hominem
2470 5512 2574 5551 non
2600 5495 2769 5567 ipsius
2817 5497 3061 5561 meritis,
3116 5495 3340 5553 sed'Dei
3377 5495 3766 5567 gratiagpossc

2166 5566 2386 5637 salvari,
2414 5566 2458 5622 si
2488 5565 2834 5624 conﬁteatur.
2896 5567 3011 5623 Hoc
3051 5575 3136 5623 est
3157 5576 3338 5622 autem
3365 5565 3508 5637 quod
3532 5565 3665 5637 dicit
3685 5566 3766 5620 in-

2167 5636 2423 5700 tellectus,
2451 5645 2510 5693 ut
2544 5653 2643 5695 nos
2670 5638 3261 5711 intelligereDivinitas
3298 5636 3620 5711 pra‘stiterit
3639 5650 3763 5708 pec-

2168 5716 2286 5831 milia
2316 5717 2522 5773 nostra,
2558 5716 2613 5765 ut
2652 5723 2751 5779 pro
2789 5705 2868 5767 eis
2918 5708 3185 5766 diluendis
3216 5705 3615 5766 studiosissime
3640 5705 3768 5776 supr

2170 5795 2201 5831 Ιὶ
2229 5796 2448 5831 ιυριηιιε.

2170 5795 2448 5849 pitrcmus.
