4012 6188
284 321 385 376 5:7

865 315 1272 372 EXlIGlZTlC.\.
1313 348 1384 356 —
1422 317 1782 375 EXPOSITIO
1821 319 1886 373 ΙΝ
1926 319 2116 376 PSA]...
2159 320 2758 391 POENITENTIALES,
2798 326 2954 382 ETC.

3463 326 3568 389 578

283 427 673 485 multitudinem
691 435 1024 496 peccatorum
1049 425 1100 496 (1
1131 425 1275 481 Petr.
1305 441 1378 492 tv,
1411 428 1487 498 8).
1524 427 1616 482 Vel
1643 444 1872 498 quorum
1903 440 1950 494 Λ
1980 431 2046 484 ad
2074 432 2337 487 orandum
2364 448 2464 502 pro
2483 435 2718 503 peccatis
2749 435 2864 492 haec
2919 438 3027 492 vita
3075 448 3178 505 est,
3212 441 3265 496 in
3293 457 3398 513 qua
3448 445 3571 502 ideo

283 528 426 576 tecta
455 524 583 574 sunt
610 524 854 588 peccata,
889 527 947 571 ut
972 518 1059 572 hic
1087 533 1182 587 per
1201 517 1577 588 paenitentiam
1610 518 1876 583 velentur,

283 626 352 666 ne
374 612 428 666 in
442 608 650 680 judicio
688 607 1012 662 revelentur.
1065 608 1384 678 lniquitates
1437 609 1656 679 quidam
1697 609 1881 679 appel-

280 702 416 764 lant,
437 714 560 770 quae
581 705 706 754 ante
727 697 1056 767 baptismum
1081 697 1213 753 ﬁunt
1236 716 1250 760 ;
1293 708 1534 768 peccata,
1549 715 1669 767 quin
1691 709 1879 769 postea

281 799 689 865 perpetrantur.

355 887 520 942 Vens.
549 884 605 939 2.
649 914 714 925 -
739 883 934 937 Beatus
965 885 1044 939 uir
1058 885 1147 938 cui
1175 902 1280 939 non
1318 887 1591 956 imputavit
1619 885 1879 940 Dominus

282 990 575 1054 peccatum,
603 993 694 1032 nec
721 986 798 1030 est
829 977 884 1031 in
907 993 996 1030 ore
1028 974 1187 1049 [Ms.,
1219 979 1274 1031 in
1295 977 1518 1049 spiritu]
1550 978 1666 1047 ejus
1701 977 1875 1032 dolus.

283 1073 438 1142 Quod
469 1073 668 1142 tegitur
695 1085 803 1124 non
835 1069 1125 1135 videbitur,
1148 1070 1293 1139 quod
1315 1085 1421 1124 non
1445 1069 1763 1139 imputatur,
1781 1085 1881 1125 nec

281 1163 556 1233 punietur.
591 1157 705 1213 Nec
733 1168 809 1213 est
836 1161 889 1212 in
913 1176 1002 1214 ore
1027 1159 1142 1228 ejus
1187 1159 1364 1221 dolus,
1394 1159 1497 1213 hoc
1521 1167 1627 1223 est,
1660 1160 1713 1212 in
1737 1160 1882 1214 illius

285 1265 400 1317 Ore,
428 1243 518 1323 qui
545 1267 600 1305 se
638 1249 924 1306 conﬁtetur
958 1264 1078 1304 esse
1124 1259 1504 1318 peccatorum:
1533 1250 1673 1305 sicut
1695 1250 1879 1306 Publi-

284 1362 475 1410 canus,
497 1346 586 1414 qui
612 1345 762 1406 dixit,
790 1343 1034 1409 Domine,
1066 1346 1319 1415 propitius
1347 1354 1454 1399 esto
1473 1347 1602 1398 mihi
1616 1347 1879 1416 peccatori

287 1423 444 1506 (Luc.
481 1434 776 1502 xvttt,15).
808 1433 944 1500 Quia
976 1434 1067 1502 qui
1117 1435 1218 1488 sibi
1269 1430 1550 1504 displicet,
1603 1436 1717 1504 ipse
1771 1436 1880 1492 Deo

285 1525 490 1593 placet;
521 1537 620 1578 nec
649 1531 731 1577 est.
771 1523 823 1576 in
848 1537 942 1577 ore
966 1513 1081 1592 ejus
1105 1523 1282 1589 dolus,
1310 1523 1401 1578 sed
1431 1525 1485 1578 in
1511 1524 1738 1578 veritate
1765 1540 1882 1580 cre-

288 1615 424 1669 dens
450 1611 582 1676 Deo,
611 1614 754 1682 quod
791 1616 844 1668 in
874 1614 1037 1670 corde
1081 1614 1330 1680 habebat,
1355 1629 1450 1670 ore
1500 1614 1876 1671 conﬁtebatur.

362 1697 525 1760 Vsus.
548 1704 602 1758 5.
629 1736 701 1747 —
717 1703 978 1770 Quoniam
1001 1706 1144 1758 tacui
1166 1696 1577 1760 inveteraverunt
1595 1721 1718 1761 ossa
1741 1723 1878 1771 mea,

1981 523 2153 577 sancti
2179 531 2359 587 orant,
2379 523 2624 592 quianon
2645 533 2730 580 est
2747 543 2778 580 a
2797 529 3034 596 peccatis
3060 530 3316 588 immunis
3344 535 3566 605 aliquis.

1989 609 2358 668 Verumtamen
2400 616 2453 667 in
2485 614 2682 670 diluvio
2709 634 2965 687 aquarum
3019 619 3308 677 multarum
3341 625 3411 678 ad
3449 643 3570 681 eum

1981 718 2086 755 non
2117 704 2577 773 approximabunt.
2605 706 2756 762 Multi
2807 709 3000 765 ﬂuctus
3030 713 3354 770 diluviorum
3387 717 3444 772 in
3481 717 3574 790 ju-

1979 793 2334 865 dicioimpios
2361 795 2598 862 volvent,
2621 799 2712 868 qui
2745 802 2948 856 sanctis
2981 805 3212 860 nocituri
3243 823 3348 863 non
3371 821 3566 876 erunt;

1980 897 2154 952 neque
2181 885 2248 938 ad
2270 899 2393 939 eum
2419 888 2872 955 approximabunt
2902 901 3193 959 tormenta,
3224 899 3314 967 qui
3335 915 3434 969 pro
3460 903 3578 958 suis

1980 972 2069 1027 hic
2104 975 2342 1042 peccatis
2370 990 2528 1032 orare
2560 992 2666 1032 non
2691 989 2886 1034 cessat.

2052 1067 2212 1122 Vnus.
2257 1068 2308 1120 7.
2337 1099 2409 1108 —
2447 1068 2524 1122 Tu
2579 1087 2631 1123 es
2688 1072 2949 1142 refugium
2997 1092 3029 1128 a
3077 1077 3414 1136 tribulatione
3459 1099 3578 1154 quas

1979 1157 2318 1210 circumdedit
2343 1174 2443 1222 me,
2471 1158 2750 1214 exsultatio
2778 1177 2894 1214 mea
2923 1179 3046 1216 erue
3066 1181 3146 1218 me
3188 1184 3219 1219 a
3246 1168 3581 1228 circumdan-

1979 1248 2116 1301 tibus
2147 1264 2245 1300 me.
2283 1248 2410 1301 Mihi
2452 1248 2506 1301 in
2533 1250 2637 1304 isto
2664 1251 2865 1306 diluvio
2892 1267 2999 1306 non
3037 1262 3120 1308 est
3161 1255 3442 1328 refugium,
3470 1261 3577 1317 nisi

1983 1345 2060 1390 tu.
2092 1337 2393 1391 Exsultatio
2425 1351 2564 1402 mea,
2593 1339 2788 1409 inquit,
2823 1341 3030 1397 redime
3055 1360 3160 1400 me.
3214 1345 3319 1404 Sed
3341 1350 3455 1416 jam
3489 1368 3581 1408 ex-

1983 1428 2174 1493 sultas,
2197 1430 2326 1496 quid
2355 1430 2436 1484 vis
2476 1429 2704 1484 redimi?
2741 1433 3045 1491 Exsultatio
3073 1453 3192 1494 mea
3242 1443 3447 1499 redime
3469 1461 3577 1502 me.

1982 1515 2215 1582 Gaudes,
2239 1525 2294 1571 et
2326 1519 2536 1588 gemis?
2565 1519 2672 1584 lia,
2708 1520 2903 1590 inquit,
2928 1527 3134 1594 gaudeo
3160 1537 3214 1582 et
3237 1545 3414 1600 gemo.
3432 1532 3578 1590 Gau-

1983 1607 2082 1663 deo
2109 1607 2161 1661 in
2185 1623 2302 1676 spe,
2328 1623 2483 1678 gemo
2529 1609 2706 1665 adhuc
2731 1612 2785 1665 in
2817 1627 2897 1668 re.
2927 1613 3053 1670 Ideo
3115 1617 3336 1684 subdit,
3372 1624 3578 1681 redime

1985 1713 2071 1752 me
2097 1714 2128 1753 a
2152 1699 2612 1756 circumdantibus
2634 1717 2739 1767 me,
2773 1705 2886 1759 sive
2935 1707 3083 1762 vitiis
3104 1711 3432 1780 carnalibus,
3461 1717 3578 1773 sive

288 1794 417 1850 dum
441 1796 723 1850 clamarem
746 1801 854 1849 tota
879 1789 982 1848 die.
1008 1794 1122 1850 Non
1149 1794 1366 1868 [protuli
1396 1797 1590 1869 (Edit.,
1621 1797 1880 1871 prmtuli)]
1914 1793 1958 1853 Β
1985 1791 2263 1859 spiritibus
2291 1791 2605 1860 immundis,
2630 1797 2720 1864 qui
2746 1811 2844 1850 nos
2875 1798 3105 1866 perdere
3125 1805 3390 1874 praecipiti
3426 1807 3578 1862 velo-

289 1887 686 1944 confessionem
714 1887 780 1941 ad
829 1878 1081 1952 salutem,
1110 1880 1231 1942 ideo
1261 1887 1437 1942 omnis
1475 1886 1736 1944 fortitudo
1763 1905 1880 1944 mea

291 1977 347 2034 in
388 1976 578 2031 carnis
623 1975 936 2030 inﬁrmitate
981 1975 1296 2030 consenuit..
1314 1975 1454 2028 Dum
1483 1975 1767 2030 clamarem
1797 1969 1883 2049 [id

289 2065 408 2138 est]
442 2059 678 2121 clamant
718 2065 894 2130 multi,
925 2066 970 2120 si
1002 2065 1132 2134 quid
1157 2065 1282 2121 boni
1309 2066 1528 2131 habent,
1556 2081 1621 2121 ac
1670 2082 1769 2136 per
1790 2083 1882 2122 va-

291 2149 513 2213 nitatem
537 2157 931 2211 demonstrant.
960 2154 1163 2210 Tacent
1212 2156 1477 2225 siquidem
1503 2156 1654 2227 impii
1683 2165 1738 2211 et
1770 2157 1883 2213 cla-

290 2257 458 2304 mant.
483 2247 688 2302 Tacent
717 2245 860 2314 quod
886 2245 1030 2317 loqui
1054 2244 1135 2299 fas
1159 2255 1272 2312 est;
1298 2241 1596 2317 loquuntur
1630 2242 1773 2316 quod
1798 2255 1880 2301 ta-

289 2355 414 2396 cere
443 2339 658 2394 debent.
697 2331 922 2403 Tacent,
950 2337 1077 2392 dum
1115 2352 1212 2390 sua
1251 2337 1588 2392 abscondunt
1616 2345 1878 2406 peccata;

289 2431 545 2494 clamant,
569 2429 693 2485 dum
724 2445 820 2484 sua
872 2426 1167 2500 prscdicant
1192 2429 1404 2483 merita.
1455 2427 1661 2483 Tacent
1690 2443 1883 2498 pecca-

289 2533 465 2578 tomm
485 2521 845 2586 confessione,
859 2515 1423 2578 c‘lamantmeritorum
1442 2521 1878 2591 prtesumptione.

289 2614 428 2682 Quid
452 2622 633 2668 autem
660 2623 764 2680 est,
793 2614 920 2668 dum
947 2604 1237 2668 clamarem
1266 2621 1377 2669 tota
1409 2612 1516 2676 die,
1542 2611 1645 2666 nisi
1669 2612 1794 2667 dum
1825 2611 1878 2664 in

289 2706 572 2762 clamando
609 2719 1012 2774 perseverarem
1049 2703 1115 2757 ιεῖ

359 2818 523 2873 Vens.
552 2816 608 2871 4.
634 2847 704 2856 —
727 2816 987 2882 Quoniam
1010 2815 1096 2870 die
1123 2833 1186 2870 ac
1213 2825 1357 2870 nocte
1379 2823 1593 2885 gravata
1622 2821 1699 2868 est
1723 2828 1881 2882 super

287 2923 372 2959 me
393 2921 582 2960 manus
612 2915 704 2962 tua
727 2921 746 2958 :
773 2903 1064 2960 Conversus
1093 2921 1206 2959 sum
1238 2905 1294 2958 in
1321 2920 1558 2959 (erumna
1586 2918 1721 2968 mea,
1752 2901 1878 2955 dum

291 2995 571 3064 conﬁgitur
592 2997 718 3050 mihi
738 2995 911 3067 spina.
940 2996 1220 3051 Peccatori
1242 2996 1421 3064 gravis
1435 3003 1520 3050 est
1556 3009 1747 3048 manus
1757 3009 1878 3063 qua:

289 3085 542 3156 ﬂagellat,
565 3093 619 3140 et
664 3088 961 3155 ponderose
986 3085 1224 3141 vindicat
1249 3085 1410 3157 [Ms.,
1437 3095 1492 3140 et
1538 3083 1840 3153 ponderosa
1857 3124 1874 3148 ,

1982 1882 2146 1937 citate
2172 1879 2453 1941 festinant.

2057 1974 2218 2028 Ver.
2254 1974 2308 2028 8.
2337 2007 2409 2015 —
2446 1975 2775 2032 Intellectum
2800 1980 2896 2033 tibi
2919 1981 3055 2035 dabo
3089 1992 3136 2036 et
3160 1984 3418 2040 instruant
3447 1991 3578 2044 tein

1981 2065 2064 2118 via
2086 2066 2185 2120 hac
2211 2085 2314 2138 qua
2354 2070 2635 2138 gradieris,
2665 2071 2887 2139 ﬁrmabo
2930 2091 3086 2144 super
3129 2086 3178 2132 te
3213 2081 3392 2136 oculos
3413 2100 3576 2139 meos.

1985 2157 2100 2213 Vox
2153 2157 2389 2224 Domini,
2417 2175 2521 2214 vox
2572 2163 2904 2219 intellectum
2937 2165 3133 2222 dantis.
3166 2169 3283 2238 ipse
3319 2183 3403 2227 est
3431 2176 3579 2232 enim

1981 2249 2306 2318 intellectus,
2329 2270 2489 2323 quem
2521 2257 2710 2325 psalmi
2737 2260 2926 2316 titulus
2945 2276 3072 2317 vere
3098 2262 3250 2334 [Ms.,
3279 2267 3418 2322 tituli
3443 2272 3581 2325 veri-

1983 2340 2086 2414 tas]
2123 2343 2400 2410 indicavit,
2442 2361 2601 2416 quem
2651 2351 3039 2419 pmnitentibus
3095 2365 3336 2424 potestas
3364 2360 3578 2416 Domini

1981 2431 2276 2488 clementer
2313 2433 2512 2488 infudit
2552 2435 2704 2507 [Ms.,
2736 2438 3011 2512 infundit].
3035 2445 3259 2501 Addidit
3300 2459 3501 2516 autem,
3531 2462 3580 2506 et

1980 2531 2238 2574 mstruam
2281 2531 2350 2588 te,
2381 2525 2436 2579 id
2490 2534 2574 2580 est
2597 2566 2612 2590 ,
2649 2529 2979 2584 nescientem
3031 2535 3235 2590 docebo
3286 2539 3578 2596 salutarem

1980 2609 2126 2664 viam
2155 2612 2202 2663 ι).
2236 2612 2332 2666 Via
2367 2623 2451 2668 est
2478 2616 2625 2669 enim
2655 2631 2816 2684 quam
2840 2618 3118 2688 ingressus
3143 2621 3342 2690 fuerat,
3369 2630 3579 2682 servire

1982 2700 2092 2755 Deo
2117 2702 2314 2771 prioris
2362 2704 2590 2759 actionis
2628 2707 2893 2776 pravitate
2935 2710 3208 2767 damnata.
3268 2713 3564 2785 Sequitur:

1982 2787 2236 2845 Firmabo
2271 2809 2428 2863 super
2447 2804 2496 2848 te
2537 2794 2711 2850 oculos
2756 2813 2918 2850 meos.
2953 2797 3010 2854 ιιι
3030 2809 3134 2867 est,
3159 2801 3390 2873 dirigam
3417 2805 3472 2861 in
3526 2817 3578 2864 te

1982 2881 2162 2938 lumen
2186 2883 2552 2956 intelligentiae
2587 2903 2740 2942 meat.
3337 2876 3341 2879 ’

2054 2977 2216 3034 Vens.
2242 2979 2294 3034 9.
2316 3008 2387 3021 --
2418 2979 2594 3036 Nolite
2637 2983 2755 3052 ﬁeri
2800 2985 2934 3039 sicut
2971 3003 3135 3058 equus
3166 2998 3216 3043 et
3260 2992 3465 3060 mulus,
3519 2997 3574 3050 in

1979 3069 2166 3142 quibus
2201 3088 2304 3125 non
2324 3081 2398 3126 est
2419 3072 2734 3130 intellectus.
2777 3076 2878 3144 Qui
2902 3094 3008 3133 non
3030 3080 3126 3136 Dei
3157 3083 3457 3151 voluntate,
3482 3088 3579 3142 sed

289 3155 413 3246 quin
432 3176 666 3231 vindica;
686 3174 723 3247 1.
753 3177 851 3232 Die
895 3195 957 3232 ac
996 3187 1165 3243 ηοειε,
1195 3155 1512 3233 εδηιίηυωη
1568 3186 1780 3245 tempus
1804 3177 1880 3231 si-
1905 3155 1949 3215 C
1981 3165 2199 3233 proprio
2229 3179 2288 3219 se
2326 3172 2477 3220 motu
2504 3181 2692 3238 regere
2722 3171 2930 3236 volunt,
2966 3171 3197 3230 et'frenes
3227 3177 3284 3230 in
3307 3176 3578 3232 luxuriam

289 3265 533 3337 gniﬁcat.
561 3266 731 3321 Aliter
751 3277 933 3322 autem
962 3267 1194 3323 feliciter
1216 3268 1530 3322 humiliatus
1559 3282 1666 3321 non
1701 3274 1872 3330 esset,

289 3357 394 3410 nisi
421 3371 545 3410 eum
567 3373 755 3412 manus
783 3359 1084 3414 divinitatis
1114 3359 1518 3429 comprimeret.
1571 3358 1880 3414 Conversus

290 3465 414 3503 sum
455 3449 508 3502 in
558 3465 790 3504 :erumna
841 3466 995 3516 mea,
1051 3452 1106 3506 id
1137 3459 1258 3514 est,
1306 3449 1543 3505 intellexi
1593 3459 1877 3520 peccatum

291 3554 499 3604 meum,
519 3550 802 3610 postquam
839 3556 1203 3597 aerumnosum
1229 3557 1314 3597 me
1337 3541 1510 3598 fecisti
1535 3544 1636 3597 sub
1662 3551 1766 3598 tua:
1789 3557 1882 3614 po-

292 3629 476 3684 tentim
509 3631 908 3700 aggravatione.
948 3631 1005 3685 In
1035 3647 1296 3696 mrumna,
1334 3633 1387 3686 id
1427 3640 1508 3688 est
1536 3633 1588 3686 in
1637 3633 1876 3688 miseria.

278 3717 429 3784 Quid
457 3729 541 3774 est
577 3729 758 3774 autem
797 3722 950 3792 spina
976 3737 1096 3792 qua:
1144 3722 1450 3794 conﬁgitur,
1497 3724 1602 3779 nisi
1631 3724 1880 3779 stimulus

293 3812 638 3866 conscientia:
655 3815 1014 3881 peccatricis?

363 3920 528 3977 Vens.
558 3921 610 3975 5.
641 3954 714 3964 -—
736 3923 992 3978 Delictum
1023 3943 1193 3980 meum
1235 3927 1498 3996 cognitum
1537 3926 1630 3980 tibi
1673 3926 1794 3996 feci,
1831 3937 1879 3980 et

290 4013 580 4082 injustitias
624 4023 767 4068 meas
789 4015 934 4087 [Ms.,
965 4017 1278 4086 injustitiam
1308 4015 1498 4091 meam]
1524 4035 1628 4072 non
1677 4019 1878 4089 operui.

291 4101 431 4158 idem
453 4111 539 4158 est
562 4106 838 4175 cognitum
883 4105 1060 4162 facere
1085 4116 1139 4161 et
1188 4123 1293 4162 non
1343 4109 1584 4178 operire,
1617 4109 1719 4163 hoc
1752 4116 1834 4163 est
1860 4142 1880 4173 -,

290 4194 562 4249 conﬁteri.
586 4194 720 4262 Quia
745 4197 789 4252 si
820 4199 981 4252 homo
1000 4207 1281 4268 peccatum
1306 4215 1411 4252 non
1439 4200 1704 4268 agnoscit,
1737 4198 1882 4255 Deus

288 4301 392 4341 non
427 4287 666 4357 ignoscit
700 4287 850 4360 [51»,
874 4290 920 4344 si
949 4291 1112 4344 homo
1139 4290 1402 4361 agnoscit,
1430 4289 1572 4345 Deus
1603 4289 1876 4361 ignoscit].

288 4375 559 4434 Delictum
606 4394 731 4434 vero
766 4382 984 4451 quidam
1025 4390 1350 4452 putaverunt
1399 4382 1515 4437 leve
1561 4391 1876 4451 peccatum:

1982 3256 2256 3312 decidunt.
2288 3257 2399 3315 Hos
2439 3261 2710 3331 Propheta
2757 3273 2974 3321 coercet
3007 3269 3187 3323 verbis
3241 3271 3579 3326 terribilibus

1980 3343 2165 3402 dicens
2191 3365 2203 3399 τ
2236 3347 2304 3417 In
2324 3350 2508 3405 cltamo
2531 3362 2578 3406 et
2606 3353 2754 3423 freno
2779 3355 3028 3410 matr-illas
3049 3373 3229 3412 eorum
3254 3362 3583 3428 constringe,

1979 3440 2068 3510 qui
2098 3457 2201 3496 non
2241 3445 2606 3514 approximant
2661 3447 2730 3500 ad
2758 3457 2827 3501 te.
2859 3448 3040 3505 Freno
3076 3459 3131 3506 et
3174 3453 3368 3507 ehamo
3393 3455 3580 3509 mode-

1981 3531 2206 3586 rationis
2237 3548 2347 3589 sure
2378 3535 2518 3591 Deus
2542 3549 2754 3593 coercet
2784 3539 3073 3608 impiorum
3123 3543 3455 3611 superbiam,
3479 3544 3574 3614 qui

1974 3622 2184 3693 iactant
2207 3627 2397 3681 merita
2431 3643 2546 3692 sua,
2587 3637 2641 3682 et
2672 3637 2852 3683 tacent
2895 3641 3118 3698 peccata
3165 3648 3283 3687 sua.
3344 3634 3470 3700 Qui,
3494 3636 3576 3690 in-

1981 3718 2116 3786 quit,
2142 3734 2245 3771 non
2285 3721 2649 3788 approximant
2679 3721 2749 3772 ad
2797 3729 2867 3786 te,
2909 3737 2938 3774 a
2989 3738 3098 3792 quo
3123 3739 3222 3794 per
3263 3728 3574 3796 superbiam

1979 3808 2296 3876 elongantur
2323 3807 2478 3879 [δίδη
2501 3811 2594 3864 sed
2633 3812 2882 3880 superbia
2913 3813 3276 3890 elongantur].

2053 3899 2214 3953 Vsus.
2240 3899 2326 3952 lO.
2350 3929 2420 3938 —-
2440 3898 2608 3953 Multa
2632 3901 2845 3970 ﬂagella
2877 3916 3207 3973 peccatorum
3233 3906 3379 3978 [quia
3408 3911 3576 3979 pmni-

1980 3991 2203 4044 tentiam
2243 4005 2404 4060 agere
2460 3990 2805 4063 noluerunt],
2859 4005 3127 4064 sperantes
3171 4009 3342 4052 autem
3382 4003 3438 4053 in
3471 4002 3579 4056 Do-

1981 4082 2123 4134 mino
2145 4080 2502 4136 misericordia
2546 4083 2911 4139 circumdabit.
2958 4096 2980 4124 ο
3025 4085 3139 4158 [llla
3177 4089 3571 4156 misericmdia,

1983 4179 2042 4226 ut
2065 4175 2228 4226 vitam
2274 4182 2582 4228 mereantur
2607 4175 3013 4244 sempiternam.
3050 4176 3150 4243 Qui
3177 4187 3379 4233 rectam
3423 4195 3576 4248 spem

1982 4271 2037 4318 et
2070 4263 2230 4318 ﬁdem
2267 4265 2321 4319 in
2347 4263 2457 4319 Deo
2489 4265 2706 4330 habent,
2736 4266 2882 4336 ipsos
2931 4268 3298 4323 misericordia
3330 4269 3422 4323 Dei
3469 4270 3576 4323 cir-

1983 4353 2246 4426 cumdat],
2271 4363 2330 4407 ut
2367 4371 2470 4408 non
2517 4356 2587 4410 sit
2627 4356 2848 4411 relictus
2873 4358 3061 4425 locus,
3104 4359 3246 4413 unde
3290 4359 3462 4429 possit
3506 4361 3574 4415 ad

288 4467 614 4538 iniustitiam
641 4449 818 4526 autem
847 4449 1082 4527 immane
1110 4472 1329 4542 aliquod
1357 4449 1710 4545 [saevumque]
1735 4487 1882 4525 com—
1910 4496 1960 4556 υ
1982 4449 2305 4556 θοῗνάίδίκξιξ
2335 4450 2605 4556 ¹¹⁰⁵ῑξ¹ίι⁵ξ⁸
2646 4450 2892 4556 ίξηξίξίτθξ

287 4562 538 4618 missum.
593 4562 718 4617 Dixi
755 4565 1106 4634 pronuntiabo
1155 4565 1406 4619 adversus
1449 4581 1532 4618 me
1588 4563 1876 4633 injustitias

290 4669 429 4708 meas
450 4655 699 4721 Domino,
729 4667 778 4710 et
807 4668 864 4710 tu
903 4659 1148 4712 remisisti
1191 4659 1508 4729 impietatem
1531 4657 1728 4727 peccati
1753 4657 1876 4710 mei.

292 4742 656 4801 Pronuntiabo
692 4747 864 4812 dixit,
915 4748 1017 4802 hoc
1064 4757 1170 4814 est,
1213 4747 1423 4818 publice
1469 4746 1787 4810 conﬁtebor,
1822 4754 1879 4799 ut

291 4837 420 4893 alios
469 4839 679 4894 scilicet
703 4840 772 4895 ad
797 4840 1154 4897 imitationem
1182 4843 1380 4895 trahat.
1414 4839 1666 4908 Impietas
1695 4848 1877 4893 autem

291 4928 466 4982 cordis
497 4926 706 4994 fuerat,
755 4945 860 5000 qua
893 4929 1045 5003 [Ms.,
1075 4916 1223 5002 quia]
1259 4938 1441 4985 tacere
1468 4931 1804 4985 decreverat.

355 5017 523 5090 348
541 5020 827 5075 Adversum
855 5039 956 5088 me,
981 5022 1172 5091 inquit,
1194 5021 1560 5093 pronuntiabo,
1589 5022 1640 5076 id
1663 5029 1766 5086 est,
1791 5037 1880 5076 me

287 5106 462 5175 ipsum
487 5111 774 5166 accusabo.
829 5112 898 5165 Et
951 5122 1008 5166 tu
1039 5114 1284 5168 remisisti
1315 5113 1627 5184 impietatem
1680 5113 1877 5182 peccati

285 5203 406 5266 mei,
429 5204 648 5272 quando
681 5219 804 5274 quae
831 5205 984 5273 prius
1029 5221 1299 5277 gesseram
1336 5204 1760 5261 misericorditer
1797 5203 1880 5257 in-

287 5293 524 5348 dulsisti.

355 5383 521 5438 Vens.
547 5383 601 5438 6.
632 5414 704 5426 —
732 5385 842 5440 Pro
862 5387 962 5441 hac
989 5387 1312 5461 [impietate]
1339 5389 1506 5443 orabit
1533 5388 1602 5442 ad
1631 5396 1681 5441 te
1710 5387 1877 5440 omnis

285 5484 498 5530 sanctus
537 5476 594 5529 in
625 5485 855 5546 tempore
883 5488 1196 5548 opportuno.
1237 5479 1469 5548 Tempus
1516 5485 1878 5548 opportunum

356 5619 381 5647 δ
422 5607 593 5662 Codd.
621 5624 752 5664 mss.
777 5629 789 5663 :
825 5610 1030 5666 Tacent
1061 5609 1726 5676 confessionem,clamant
1749 5629 1878 5676 prm-

286 5678 671 5751 sumptionem.
701 5679 842 5751 Quid
866 5691 950 5736 est
996 5697 1125 5751 ergo
1148 5681 1430 5734 clamando
1456 5689 1568 5736 tota
1599 5682 1724 5735 die?
1749 5678 1877 5737 Pcr-

289 5749 587 5804 severando
615 5749 668 5803 in
692 5750 1005 5808 defensione
1030 5749 1376 5820 peccatorum
1412 5765 1653 5806 suorum.

2056 4541 2219 4606 Vens,
2249 4540 2336 4594 ii.
2361 4571 2434 4580 —
2455 4540 2734 4595 Lwtamini
2766 4543 2821 4596 in
2854 4543 3080 4598 Domino
3132 4553 3182 4598 et
3209 4543 3462 4598 exsultate
3478 4545 3574 4615 ju-

1980 4632 2068 4695 sti,
2101 4641 2149 4685 et
2172 4631 2472 4702 gloriamini
2491 4649 2669 4688 omnes
2713 4636 2838 4688 recti
2874 4629 3049 4689 corde.
3083 4635 3352 4705 Propheta
3381 4638 3568 4692 horta-

1980 4731 2069 4777 tur
2095 4723 2390 4778 Ecclesiam
2407 4722 2572 4778 laetari
2600 4724 2666 4779 de
2697 4740 2792 4795 spe
2815 4727 2940 4780 vita:
2965 4735 3182 4781 interna:
3202 4735 3257 4781 et
3283 4741 3568 4799 rege-nera-

1980 4817 2161 4872 tionis.
2194 4817 2395 4872 Tamen
2437 4816 2648 4871 Lntatur
2687 4828 2740 4872 et
2769 4818 2856 4873 hic
2887 4819 2939 4872 in
2967 4819 3329 4874 tribulatione.
3361 4819 3572 4875 Gloria-

1981 4910 2109 4964 mini
2139 4925 2327 4966 omnes
2356 4911 2484 4964 recti
2522 4911 2706 4975 corde,
2742 4920 2802 4964 ut
2842 4912 2920 4965 ait
2957 4911 3194 4965 Paulus:
3225 4911 3328 4976 Qui
3373 4909 3570 4980 gloria-

1979 5007 2086 5064 tur,
2108 5001 2163 5052 in
2204 5000 2431 5054 Domino
2469 4999 2726 5071 glorietur
2755 5000 2810 5071 (1
2841 5001 2964 5057 Cor.
3001 5019 3035 5067 ι,
3070 5002 3180 5073 51).
3224 5000 3376 5056 Recti
3403 5000 3568 5055 corde

1979 5090 2250 5155 dicuntur,
2283 5093 2479 5159 quibus
2501 5093 2683 5146 omnia
2710 5093 2802 5146 Dei
2823 5093 3027 5161 judicia
3049 5093 3282 5162 placent,
3304 5099 3358 5146 et
3383 5105 3443 5146 se
3476 5106 3567 5145 ac-

1979 5191 2172 5238 cusant
2199 5184 2265 5240 de
2303 5184 2417 5238 suis
2465 5186 2726 5254 peccatis,
2760 5193 2814 5238 et
2846 5185 3011 5240 Deum
3055 5185 3168 5239 sive
3218 5185 3272 5238 in
3323 5183 3567 5238 adversis

1978 5275 2091 5330 sive
2129 5274 2183 5328 in
2211 5274 2484 5343 prosperis
2505 5289 2718 5343 semper
2741 5274 2979 5329 laudant.

2461 5364 2782 5420 PSALMUS
2819 5365 3078 5422 XXXVII.

2048 5460 2212 5516 Vens.
2246 5460 2296 5513 1.
2321 5489 2393 5500 -—
2419 5458 2628 5515 Titulus
2658 5458 2857 5514 Psalmi
2884 5477 2896 5512 :
2930 5459 2998 5513 In
3015 5460 3171 5527 ﬁnem
3200 5459 3428 5529 psalmus
3456 5459 3566 5516 Da-

2050 5614 2076 5653 b
2115 5612 2280 5668 Codd.
2301 5627 2442 5686 mss.
2471 5627 2484 5666 :
2509 5611 2696 5686 Quasi
2718 5612 3046 5686 nescientem
3089 5613 3307 5671 doceam
3335 5653 3350 5680 ,
3409 5614 3565 5686 quasi

1980 5685 2239 5755 inermem
2267 5682 2442 5755 gladio
2471 5683 2599 5755 vitae
2619 5682 3192 5755 salutarisaccingam.

2035 5764 2076 5831 ,ε
2118 5754 2212 5809 Sic.
2242 5754 2384 5810 edita
2411 5754 2766 5810 emendantur
2789 5753 2944 5809 codd.
2975 5753 3109 5811 mss.
