3996 6194
416 356 522 411 579
1051 377 1054 384 λ
1273 347 1332 400 Β.
1374 344 1434 398 Ρ.
1474 340 1698 396 ALBINI
1740 339 1869 394 εει]
1910 339 2026 393 Λιι(

2138 339 2187 392 ςι
2225 338 2508 394 ΟΡΕΚΕΜ
2551 338 2728 393 PARS
2765 337 2826 391 ll.
3577 330 3689 384 5·Ξο

416 474 498 527 rid
528 474 580 525 in
610 466 1086 523 reuwmorationem
1104 461 1207 514 diei
1230 456 1761 513 sabbati.Sabbatum
1789 456 2002 521 requies

2139 453 2444 507 onfessione
2479 461 2533 506 ct
2575 438 2832 506 maistitia
2888 463 2995 503 non
3048 448 3395 502 dimittuntur
3443 454 3692 514 peccata.

417 562 822 629 interpretatur,
850 551 974 621 quia
999 550 1344 620 requiescunt
1381 546 1534 620 μὴ,
1555 547 1658 601 hoc
1683 553 1764 598 est
1786 541 2001 612 quando
2108 543 2238 597 Tota
2274 544 2358 596 die
2389 543 2724 596 contristatus
2754 540 3106 610 ingrediebar,
3134 538 3411 609 indignum
3449 553 3538 591 me
3575 552 3705 592 esse

419 628 783 721 requiescunt]
831 645 1042 709 sancti,
1069 644 1123 698 id
1151 649 1234 698 est
1271 651 1456 696 sancta
1483 637 1722 695 Ecclesia
1771 634 1862 708 [de
1913 632 2004 687 illa
2097 633 2348 703 judicans
2397 633 2488 701 qui
2530 631 2615 686 vel
2656 630 2844 686 oculos
2867 630 2934 685 ad
2963 629 3162 685 coelum
3189 628 3370 684 levare
3397 629 3703 693 auderem;

420 719 604 811 requie
654 737 890 807 paradisi
921 750 1082 802 quam
1112 733 1346 804 perdidit
1379 731 1436 786 in
1481 727 1698 800 Adam].
1740 726 2006 781 Admonet
2105 726 2199 780 sed
2245 725 2556 796 percutiens
2587 732 2776 795 pectus
2807 737 2986 777 meum
3034 721 3248 777 aiebam
3280 739 3292 774 :
3326 719 3491 786 Deus,
3524 721 3711 791 propi-

418 844 600 889 autem
630 847 728 886 nos
749 832 1008 901 psalmus,
1036 829 1158 883 utsi
1187 829 1438 896 cuiquam
1475 824 1685 880 accidat
1724 821 2007 875 infirmitas
2106 817 2211 870 tius
2249 825 2357 869 esto
2395 815 2520 868 milii
2547 815 2828 885 peccaturi.
2862 813 2991 868 Tota
3017 813 3102 866 die
3140 822 3320 867 autem
3344 853 3360 878 ,
3417 814 3711 867 continua-

419 923 770 993 eorporisquc
791 920 1069 990 fragilitas,
1099 935 1206 973 non
1257 917 1482 972 desistat
1511 914 1783 970 cmlestem
1830 910 2008 980 requi-

423 1031 543 1070 rere
572 1014 912 1076 medicinam,
931 1012 983 1065 in
997 1027 1101 1080 qua
1123 1009 1450 1078 requiescat.
1474 1006 1528 1059 ln
1544 1006 1644 1060 hoc
1664 1019 1792 1058 vero
1806 1001 2010 1070 psalmo

423 1106 667 1174 corporis
689 1104 772 1159 sui
818 1118 1042 1158 causam
1078 1100 1326 1156 Christus
1381 1097 1530 1168 agit,
1581 1112 1685 1150 non
1721 1093 1863 1163 quod
1898 1092 2012 1162 ipse

422 1207 702 1269 peccatum
737 1196 983 1259 haberet,
1009 1195 1100 1248 sed
1135 1193 1277 1262 quod
1307 1207 1403 1260 pro
1435 1189 1591 1244 nobis
1610 1196 1891 1258 peccatum
1929 1183 2010 1238 fa-

424 1296 546 1342 ctus
569 1296 672 1350 est,
695 1295 752 1339 ut
796 1300 894 1339 nos
922 1301 950 1338 a
982 1291 1205 1352 peccato
1251 1281 1506 1334 liberaret
1533 1297 1544 1331 :
1578 1278 1671 1347 qui
1727 1273 2014 1345 aliquando

425 1395 488 1433 ex
514 1393 743 1448 persona
767 1376 933 1431 solius
955 1374 1150 1444 capitis
1179 1373 1434 1441 loquitur,
1469 1371 1612 1439 quod
1638 1375 1721 1422 est
1749 1369 1860 1436 ipse
1891 1363 2012 1419 Sal-

425 1480 580 1524 vator
597 1478 754 1523 natus
776 1483 842 1523 ex
872 1467 1034 1521 Maria
1059 1467 1299 1537 virgine;
1353 1461 1644 1533 aliquando
1670 1477 1736 1515 ex
1783 1472 2015 1528 persona

425 1564 670 1634 corporis
695 1562 794 1625 sui,
829 1562 972 1632 quod
1007 1569 1090 1616 est
1117 1566 1302 1614 sancta
1335 1556 1574 1612 Ecclesia
1601 1597 1614 1620 ,
1662 1551 1854 1609 dilfusa
1903 1559 2018 1605 toto

427 1655 562 1712 orbe
615 1664 922 1709 terrarum:
956 1653 1156 1707 idcirco
1206 1650 1349 1720 quod
1399 1663 1594 1717 corpus
1631 1645 1871 1715 loquitur
1915 1644 2019 1699 hoc

429 1745 570 1801 idem
602 1753 656 1800 et
688 1752 866 1814 caput.
907 1743 1076 1797 Erunt
1109 1742 1273 1810 igitur
1309 1739 1414 1793 duo
1460 1739 1512 1792 in
1559 1752 1722 1791 carne
1757 1750 1861 1789 una
1891 1732 2017 1806 [hoc

430 1836 537 1909 est]
559 1837 806 1892 Christus
828 1843 882 1888 ct
905 1834 1168 1888 Ecclesia.

501 1925 734 1982 Vensﬂ.
753 1954 824 1964 —-
849 1923 1012 1994 349
1043 1922 1257 1975 Dom'ne
1296 1939 1356 1975 ne
1387 1923 1440 1974 in
1465 1921 1544 1972 ira
1572 1931 1662 1972 tua
1691 1935 1884 1989 arguas
1921 1933 2022 1981 mc,

431 2027 594 2084 neque
619 2014 676 2066 in
705 2012 886 2081 furore
914 2021 1003 2063 tuo
1035 2012 1290 2080 corripias
1318 2026 1416 2062 me.
1463 2007 1656 2080 [Totus
1689 2007 1931 2078 psalmus
1956 2022 2022 2059 ex

431 2117 663 2173 persona
711 2101 1027 2172 pmnitentis
1077 2108 1197 2164 est,
1251 2099 1345 2154 sed
1391 2099 1458 2153 ad
1505 2098 1780 2153 Christum
1833 2096 2025 2151 referri

432 2201 628 2264 potest,
659 2193 802 2245 sicut
824 2199 880 2244 et
902 2191 1270 2260 sexagesimus
1299 2186 1572 2258 octavus]
1605 2187 1848 2251 Domine,
1880 2203 1941 2239 ne
1970 2187 2024 2238 in

433 2284 515 2335 ira
537 2291 649 2335 tua.
683 2281 766 2334 lra
790 2321 804 2342 ,
835 2288 896 2332 ut
912 2280 1027 2349 jam
1054 2279 1288 2332 diximus
1316 2318 1330 2341 ,
1363 2277 1652 2331 commotio
1687 2283 1774 2330 est
1814 2274 1978 2329 animi
2009 2291 2023 2339 ;

434 2373 588 2428 furor
613 2387 741 2427 vero
769 2373 1006 2426 vindicta
1039 2371 1423 2425 irrationabilis
1447 2387 1570 2424 cum
1602 2369 1742 2425 fellis
1771 2370 2029 2424 amaritun

435 2464 580 2519 dine.
611 2463 736 2518 Ideo
767 2463 868 2517 iste
894 2502 909 2526 ,
951 2462 1042 2532 qui
1074 2476 1132 2516 sc
1158 2470 1502 2532 peccatorem
1529 2460 1654 2525 scit,
1685 2476 1792 2515 non
1821 2460 1876 2514 in
1904 2460 1983 2514 ira
2010 2501 2025 2525 ,

434 2556 530 2614 sed
557 2571 656 2627 per
680 2554 1134 2617 misericordiam,
1187 2568 1287 2607 nec
1341 2553 1394 2607 in
1447 2551 1652 2617 furore,
1685 2551 1777 2607 sed
1806 2566 1906 2622 per
1934 2567 2031 2622 pa-

436 2646 681 2702 tientiam
729 2645 882 2714 argui
935 2659 995 2699 se
1049 2643 1304 2715 postulat.
1348 2641 1488 2698 Sunt
1529 2651 1707 2698 tamen
1745 2643 1840 2714 qui
1889 2643 2027 2697 iram

437 2747 697 2794 aeternam
729 2734 1030 2806 intelligant
1051 2735 1349 2806 gehennam
1377 2774 1391 2798 ,
1421 2742 1474 2787 et
1505 2732 1744 2788 furorem
1773 2741 2030 2804 purgato-

439 2825 578 2881 rium
605 2827 804 2897 ignem,
833 2839 862 2877 a
894 2823 1092 2893 quibus
1117 2823 1271 2894 [Ms.,
1305 2823 1370 2878 de
1396 2839 1503 2894 quo
1524 2822 1778 2897 utroque]
1807 2822 2030 2878 liberari

437 2917 522 2973 vir
551 2927 771 2972 sanctus
799 2916 992 2987 poscit.

511 3010 678 3065 Vens.
698 3011 752 3065 3.
776 3039 846 3048 —
874 3006 1136 3073 Quoniam
1162 3008 1369 3079 sagitta:
1399 3018 1504 3064 tua:
1531 3010 1711 3080 inﬁxa'
1731 3023 1852 3065 sunt
1876 3011 2029 3077 mihi,

437 3109 489 3156 et
515 3098 839 3167 conﬁrmasti
867 3112 1022 3167 super
1046 3113 1127 3150 me
1158 3114 1371 3151 manum
1402 3108 1570 3152 tuam.
1621 3097 1842 3169 Sagitta:
1866 3099 2030 3154 verba

438 3191 701 3245 doctrinae
730 3197 835 3243 tum
861 3199 1010 3253 sunt,
1034 3203 1155 3258 quae
1183 3197 1243 3242 ut
1265 3187 1510 3258 jaculum
1554 3190 2030 3246 transverberave-

439 3285 569 3334 runt
600 3293 698 3333 cor
725 3293 924 3344 meum,
969 3286 1030 3333 ut
1057 3293 1275 3349 agerem
1306 3279 1700 3349 paenitentiam.
1739 3281 1805 3334 Et
1835 3281 2031 3350 con/ir-

439 3367 597 3423 masti
640 3383 797 3437 super
839 3383 922 3420 me
972 3382 1186 3420 manum
1231 3375 1396 3430 tuam,
1442 3376 1503 3421 ut
1548 3376 1807 3438 tanquam
1855 3371 2030 3426 bonus

439 3460 720 3532 magister,
764 3457 1138 3529 castigationis
1167 3456 1486 3512 verberibus
1530 3458 1810 3525 alnictum,
1841 3461 2032 3517 redde-

440 3566 533 3609 res
559 3549 922 3607 emendatum.

513 3646 679 3701 Vens.
701 3645 755 3698 4.
783 3673 856 3684 --
883 3641 1006 3697 Non
1033 3651 1109 3696 est
1143 3643 1344 3696 sanitas
1387 3642 1441 3697 in
1479 3659 1637 3697 carne
1680 3659 1796 3697 mea
1834 3661 1865 3697 a
1895 3644 2031 3714 facie

439 3739 539 3792 ira
561 3747 686 3801 tuaz,
718 3754 822 3791 non
854 3745 927 3790 est
957 3751 1062 3806 pax-
1084 3735 1286 3789 ossibus
1323 3735 1452 3789 meis
1479 3753 1512 3789 α
1541 3735 1676 3805 facie
1697 3747 2030 3807 peccatorum

443 3845 699 3883 meorum.
729 3828 848 3882 Vidi
897 3827 1093 3882 faciem
1141 3829 1234 3882 irre
1274 3837 1380 3883 tuae
1407 3837 1460 3884 et
1501 3844 1606 3883 non
1653 3830 1825 3900 ipsam
1854 3831 1989 3885 iram
2013 3873 2028 3896 ,

443 3920 547 3974 hoc
577 3929 682 3982 est,
707 3916 942 3971 intellexi
973 3932 1069 3988 per
1091 3917 1403 3988 Scripturas
1429 3927 1670 3984 sanctas,
1699 3930 1900 3990 quanta
1931 3922 2032 3975 iiii-

443 4007 665 4063 nabaris
690 4008 1061 4078 peccantibus,
1093 4016 1149 4062 et
1175 4009 1392 4063 extabui
1422 4018 1613 4079 petens
1634 4025 1701 4064 ne
1724 4011 1840 4081 ipsa
1869 4027 2034 4082 super

442 4115 530 4156 me
556 4099 637 4153 ira
663 4097 1035 4153 descenderet.
1067 4097 1205 4163 Quia
1246 4115 1350 4152 non
1375 4109 1449 4152 est
1487 4117 1593 4169 pax
1621 4101 1823 4155 ossibus
1845 4103 1973 4156 meis
1999 4121 2033 4156 a

444 4190 581 4260 {acie
615 4199 947 4259 peccatorum
995 4205 1249 4242 meorum.
1293 4189 1504 4245 Nullam
1546 4193 1785 4261 quietem
1835 4194 2032 4249 indulsi

442 4280 527 4336 vel
553 4279 768 4334 ossibus
796 4279 932 4333 meis
967 4277 1053 4332 vel
1085 4279 1346 4334 membris
1372 4281 1506 4336 meis
1528 4321 1542 4345 ,
1576 4283 1747 4337 donec
1786 4299 1849 4338 ea
1891 4283 2031 4357 [pm-

441 4365 687 4440 nitendo]
727 4383 1038 4438 purgarem.

516 4457 682 4513 Vens.
711 4457 764 4512 5.
787 4487 861 4497 -
889 4456 1152 4524 Quoniam
1196 4460 1495 4532 iniquitates
1527 4481 1655 4518 mea:
1685 4483 2032 4539 supergressa?

444 4557 566 4603 sunt
601 4558 756 4619 caput
797 4565 992 4604 memn.
1024 4550 1372 4607 lnvaluerunt
1396 4554 1541 4609 enim
1572 4557 1720 4621 mihi,
1753 4567 1814 4612 ut
1849 4561 2032 4629 sequi-

445 4654 569 4708 tur;
597 4644 732 4698 sicut
759 4661 892 4699 onus
923 4656 1153 4715 gravata:
1180 4659 1300 4702 sunt
1328 4666 1484 4720 super
1503 4667 1604 4705 me.
1634 4650 1750 4706 Non
1778 4661 1863 4709 est
1888 4655 2032 4709 enim

445 4732 579 4788 mihi
605 4731 722 4787 leve
743 4743 1027 4803 peccatum
1055 4749 1256 4800 meum,
1282 4738 1378 4792 sed
1409 4753 1737 4809 recognosco
1763 4743 1888 4810 quia
1909 4758 2035 4812 gra-

445 4837 511 4878 ve
549 4823 759 4892 pondus
781 4823 970 4893 judicii
1001 4824 1291 4893 imposuit,
1321 4835 1377 4880 et
1404 4843 1566 4898 super
1590 4831 1849 4886 verticem
1886 4833 2036 4901 capi-

447 4911 518 4967 tis
556 4912 662 4968 mei
692 4912 954 4966 excrevit.
993 4911 1148 4968 Sicut
1174 4916 1382 4984 pondus
1405 4919 1627 4987 grande,
1677 4919 1757 4974 sic
1808 4932 2032 4990 peccata

447 5018 567 5057 inea
594 5018 757 5072 super
785 5018 892 5058 me.

520 5093 686 5150 Vens.
711 5094 762 5147 ϐ.
787 5121 858 5134 -
878 5092 1320 5164 Computruerunt
1350 5107 1398 5150 et
1428 5109 1686 5169 corrupta:
1724 5111 1846 5154 sunt
1888 5103 2032 5157 cica-

446 5185 598 5240 trices
626 5201 755 5241 mea:
788 5203 820 5240 a
850 5185 987 5256 facie
1021 5187 1336 5256 insipientia:
1357 5205 1504 5244 mere.
1536 5189 1672 5246 Nam
1701 5193 1834 5248 mihi
1865 5193 2036 5250 fetent

446 5281 503 5328 et
549 5281 996 5344 computrescunt
1039 5275 1265 5330 vulnera
1297 5287 1667 5346 peccatorum,
1718 5281 2033 5338 desideran-

447 5373 637 5435 terque
678 5374 936 5436 exspecto
981 5365 1268 5422 medicum.
1302 5368 1370 5423 Et
1397 5385 1518 5434 cur,
1551 5371 1730 5440 inquis
1757 5372 1883 5445 [Μδ.
1908 5414 1922 5437 ,
1953 5374 2034 5428 in-

447 5452 610 5526 quit],
655 5465 981 5526 putruerunt
1033 5473 1066 5512 a
1124 5457 1264 5516 facie
1318 5461 1639 5532 insipientia:
1681 5464 1854 5519 meai?
1897 5463 2034 5531 Quia

449 5541 698 5598 nolebam
729 5559 891 5616 agere
918 5548 1317 5617 paenitentiam.

519 5633 680 5686 Vens.
713 5633 765 5687 7.
795 5665 866 5676 —-
886 5637 1051 5692 Miser
1076 5637 1246 5707 factus
1272 5657 1384 5695 sum
1427 5650 1473 5696 et
1510 5644 1750 5699 turbatus
1783 5661 1944 5718 usque
1975 5646 2032 5700 in

447 5725 641 5794 ﬁnem,
687 5737 861 5794 usque
901 5727 1027 5810 dum
1059 5729 1362 5786 conﬁtendo
1401 5748 1667 5803 purgarer
1703 5756 1713 5792 :
1749 5737 1876 5806 quia
1915 5738 2033 5794 sine

2111 909 2311 963 tionem
2339 907 2540 962 doloris
2569 905 2840 977 signiﬁcat
2870 903 2998 977 [Ms.
3023 903 3301 976 ostendit].

2180 998 2346 1054 Vatis.
2373 996 2426 1051 8.
2446 1027 2517 1036 --
2545 996 2809 1062 Quoniam
2848 994 3012 1048 lumbi
3055 995 3156 1048 mei
3193 994 3394 1065 impleti
3429 1006 3551 1049 sunt
3580 994 3711 1049 illu-

2111 1089 2365 1149 sionibus.
2380 1097 2424 1142 et
2455 1103 2559 1142 non
2587 1097 2661 1142 est
2688 1087 2892 1142 sanitas
2922 1087 2977 1139 in
3009 1103 3167 1140 carne
3196 1102 3332 1140 mea.
3364 1086 3471 1140 Illis
3496 1087 3712 1144 illusio-

2112 1183 2270 1237 nibus
2298 1197 2356 1237 se
2385 1179 2673 1251 profitetur
2694 1194 2814 1234 esse
2844 1179 3106 1249 repletum
3150 1187 3311 1248 atque
3348 1180 3711 1244 infirmatam,

2113 1273 2308 1344 quibus
2349 1271 2595 1327 diabolus
2620 1272 2916 1326 humanum
2947 1285 3117 1340 genus
3142 1269 3296 1324 illicit
3325 1279 3382 1322 ut
3407 1269 3712 1339 delinquat.

2185 1365 2350 1421 Vens.
2383 1366 2436 1420 9.
2469 1394 2542 1404 —
2567 1363 2813 1434 Afﬂictus
2842 1380 2958 1418 sum
2993 1373 3042 1416 et
3075 1362 3382 1417 humiliatus
3404 1380 3520 1416 smn
3552 1364 3715 1416 nimis

2115 1473 2482 1528 usquequaque
2518 1474 2537 1510 :
2569 1455 2834 1524 rugiebam
2875 1472 2907 1508 a
2935 1455 3130 1525 gemitu
3156 1455 3330 1508 cordis
3357 1455 3474 1508 mei.
3510 1454 3719 1510 Possu-

2118 1565 2238 1604 mus
2263 1547 2488 1621 [autem]
2514 1562 2742 1618 corpore
2771 1548 3024 1611 curvari,
3070 1555 3125 1602 et
3162 1548 3342 1602 animo
3385 1563 3489 1603 non
3533 1548 3721 1603 humi-

2119 1644 2262 1700 liari.
2295 1643 2418 1698 [deo
2448 1641 2537 1696 hic
2566 1650 2858 1710 utrumque
2888 1639 3238 1710 conjunctum
3267 1648 3372 1694 est.
3407 1641 3544 1704 ,L‘uia
3575 1641 3723 1694 mul-

2123 1734 2288 1804 tiplex
2339 1731 2625 1787 calamitas
2674 1729 2904 1785 liberum
2955 1729 3030 1783 nil
3089 1727 3367 1799 relinquit,
3413 1729 3504 1783 hic
3543 1730 3720 1784 etiam

2053 1804 2095 1863 Β
2124 1823 2324 1891 aliquid
2353 1821 2528 1892 majus
2563 1819 2760 1890 adjecit
2783 1819 2991 1876 dicens.
3022 1833 3412 1887 usquequaque,
3436 1817 3486 1870 id
3514 1826 3623 1880 est,
3649 1832 3720 1871 ex

2125 1916 2269 1972 omni
2299 1922 2478 1986 parte,
2506 1921 2568 1967 ut
2595 1927 2720 1966 eum
2755 1911 2977 1982 copiosa
3011 1910 3296 1966 calamitas
3323 1908 3558 1980 undique
3590 1925 3725 1979 pro-

2124 2007 2349 2061 baretur
2377 2005 2631 2059 ambisse.
2663 2003 2952 2073 Rugiebam
2983 2020 3014 2056 a
3044 2002 3237 2073 gemitu
3275 2001 3446 2054 cordis
3469 2002 3572 2054 mei
3602 2017 3622 2054 :
3659 2013 3724 2054 ιη

2127 2100 2380 2154 virtutem
2432 2098 2706 2169 patientiae
2737 2111 2946 2168 magna:
2985 2104 3338 2160 monstraret,
3375 2095 3427 2150 in
3455 2097 3726 2166 gemitum

2127 2208 2185 2247 se
2216 2191 2432 2256 asserit,
2482 2206 2588 2245 non
2621 2191 2675 2245 in
2701 2189 2867 2243 verba
2890 2181 3221 2260 prorupisse.

2199 2283 2363 2336 Vens.
2402 2280 2490 2335 10.
2529 2311 2598 2320 -—
2623 2279 2866 2344 Domine,
2920 2289 3042 2334 ante
3083 2289 3132 2333 te
3185 2296 3336 2333 omne
3398 2279 3725 2333 desiderium

2127 2385 2318 2426 meum.
2354 2368 2483 2425 Tale
2510 2367 2613 2424 fuit
2635 2369 2962 2424 desiderium
3001 2367 3138 2437 ejus,
3162 2379 3222 2424 ut
3251 2379 3377 2424 ante
3402 2369 3571 2423 Deum
3595 2385 3728 2424 esse

2130 2470 2451 2517 mereretur.
2501 2460 2638 2515 Nam
2683 2460 2776 2530 qui
2821 2461 3062 2532 peccatis
3102 2460 3318 2516 veniam
3369 2460 3543 2530 petit,
3593 2473 3729 2515 ante

2129 2554 2300 2608 Deum
2327 2553 2482 2624 ponit
2506 2552 2835 2608 desiderium
2865 2567 3044 2607 suum.
3071 2550 3190 2606 Jam
3216 2550 3358 2622 quod
3388 2560 3512 2606 ante
3543 2552 3728 2624 ipsum

2131 2653 2240 2707 est,
2287 2642 2570 2698 consuevit
2612 2642 2807 2697 audiri.
2859 2642 2929 2696 Et
2960 2644 3181 2714 gemitus
3203 2659 3349 2696 meus
3379 2660 3408 2696 a
3434 2653 3481 2696 te
3509 2659 3614 2696 non
3646 2651 3726 2696 cst

2127 2734 2490 2800 absconditus,
2518 2733 2571 2788 id
2598 2740 2702 2798 est,
2730 2732 2989 2803 quidquid
3019 2733 3186 2788 habet
3213 2734 3396 2797 homo,
3431 2734 3572 2788 Deus
3591 2734 3724 2788 scit.

2131 2822 2403 2894 Quidquid
2429 2822 2670 2894 deliqui,
2713 2822 2975 2893 quidquid
3001 2823 3144 2879 male
3170 2824 3353 2894 gessi,
3399 2825 3580 2879 omnia
3626 2826 3725 2880 tibi

2133 2926 2257 2967 cum
2309 2912 2510 2984 gemitu
2563 2912 2801 2966 reseravi
2833 2929 2846 2965 :
2879 2911 3058 2968 sciens
3085 2913 3214 2983 quia
3244 2913 3340 2968 tibi
3388 2929 3493 2968 non
3537 2915 3729 2969 occid-

2133 3011 2318 3059 tantur
2341 3003 2576 3059 occulta.

2205 3095 2369 3150 Vens.
2402 3096 2489 3149 ll.
2517 3126 2590 3136 —
2616 3095 2722 3150 Cor
2749 3112 2920 3150 meum
2951 3097 3316 3152 conturbatum
3343 3109 3439 3164 est,
3475 3109 3522 3153 et
3567 3099 3724 3153 dere-

2058 3148 2104 3210 C
2135 3185 2288 3258 liquit
2316 3203 2399 3240 me
2428 3187 2592 3241 virtus
2617 3203 2753 3253 mea,
2789 3196 2836 3241 et
2869 3186 3044 3241 lumen
3080 3187 3352 3242 oculorum
3401 3205 3634 3243 meorum
3673 3201 3724 3243 et

2130 3279 2301 3350 ipsum
2331 3294 2436 3332 non
2476 3288 2553 3334 est
2596 3295 2820 3333 mecum.
2851 3277 3081 3349 Propter
3109 3279 3247 3334 iram
3273 3296 3432 3350 quam
3467 3281 3727 3350 superius

2131 3370 2428 3426 memoravi
2457 3411 2470 3437 ,
2513 3379 2569 3425 et
2598 3369 2807 3442 [quam]
2840 3370 3122 3424 incurrere
3159 3386 3476 3442 expavesco.
3507 3370 3721 3425 Lumen

2131 3458 2412 3514 oculorum
2459 3474 2706 3514 meorum
2733 3477 2842 3515 non
2868 3468 2953 3515 est
2979 3475 3214 3526 mecum,
3242 3463 3367 3531 quia
3414 3463 3727 3532 postposito

2131 3552 2378 3606 veritatis
2409 3551 2612 3606 lumine
2641 3551 2695 3605 in
2724 3552 2976 3607 tenebras
2997 3552 3305 3608 decideram
3340 3562 3722 3622 peccatorum.

2133 3644 2177 3698 A
2204 3646 2472 3717 principio
2513 3645 2708 3716 psalmi
2750 3644 3002 3700 Christus
3038 3654 3217 3716 egerat
3238 3659 3457 3698 causam
3481 3644 3565 3698 sui
3592 3660 3730 3698 cor-

2131 3738 2303 3808 poris,
2351 3754 2495 3792 nunc
2543 3753 2672 3793 vero
2725 3753 2880 3792 suam
2928 3738 3194 3808 propriam
3232 3736 3416 3804 incipit
3453 3750 3724 3805 perorare

2131 3828 2465 3899 passionem.

2209 3920 2371 3974 Vatis.
2409 3919 2495 3973 12.
2528 3950 2598 3959 -
2627 3920 2793 3974 Amici
2833 3921 2934 3974 mei
2966 3929 3016 3973 et
3047 3919 3270 3990 proximi
3309 3918 3408 3972 mei
3441 3918 3722 3973 adversum

2133 4027 2214 4065 me
2237 4011 2784 4081 appropinquaverunt
2811 4026 2872 4063 ac
2903 4017 3172 4063 steterunt.
3203 4007 3378 4062 Amici
3400 4007 3528 4061 dicti
3549 4005 3726 4061 Judaei

2131 4111 2353 4174 propter
2377 4102 2671 4156 Abraham.
2701 4099 2961 4166 Proximi,
2991 4115 3056 4155 eo
3077 4100 3221 4170 quod
3251 4098 3320 4153 ab
3345 4113 3530 4154 eorum
3560 4113 3726 4170 gene-

2135 4194 2344 4249 ratione
2386 4207 2608 4248 carnem
2637 4191 2885 4247 Christus
2913 4191 3206 4261 sumpserit
3232 4189 3387 4262 βία,
3417 4204 3703 4261 assumpse.

2134 4285 2253 4359 rit],
2269 4285 2364 4357 qui
2385 4284 2954 4358 appropinquavcrunt
2972 4284 3046 4349 ei,
3067 4291 3128 4337 ut
3150 4281 3724 4353 comprehenderetur.

2133 4373 2296 4446 350
2313 4375 2468 4442 Quod
2488 4388 2618 4428 vero
2647 4373 2743 4438 ait,
2768 4372 2928 4428 amici
2951 4372 3054 4426 mei
3073 4381 3129 4426 et
3152 4371 3265 4426 noti
3285 4370 3392 4424 mei
3414 4379 3608 4424 contra
3636 4385 3730 4426 me

2137 4475 2427 4532 steterunt,
2453 4473 2632 4538 potest
2651 4474 2707 4520 et
2732 4466 2799 4520 de
2827 4463 3103 4536 discipulis
3127 4464 3298 4534 accipi
3325 4504 3341 4526 ,
3370 4464 3462 4534 qui
3505 4463 3559 4518 in
3596 4477 3731 4534 pas-

2136 4558 2287 4613 sione
2318 4565 2464 4612 metu
2496 4555 2671 4611 territi
2701 4555 2856 4625 longe
2891 4562 3257 4618 recesserunt,
3297 4553 3351 4607 in
3383 4562 3590 4606 tantum
3617 4593 3633 4619 ,
3668 4563 3730 4607 ut

2133 4650 2296 4704 etiam
2356 4647 2550 4704 Petrus
2587 4648 2919 4719 denegaret;
2969 4645 3056 4701 vel
3106 4652 3375 4701 steterunt
3432 4653 3729 4699 causantes

2135 4749 2323 4796 contra
2352 4754 2497 4794 eum.
2534 4738 2602 4792 Et
2625 4739 2714 4809 qui
2757 4738 2920 4808 juxta
2964 4754 3045 4792 me
3075 4747 3257 4801 erant,
3287 4736 3352 4790 de
3384 4734 3535 4806 longe
3563 4745 3726 4790 διεξε-

2135 4844 2277 4888 runt.
2306 4831 2548 4903 Apostoli
2573 4829 2783 4885 scilicet
2810 4839 2864 4885 et
2889 4829 3082 4898 reliqui
3126 4827 3395 4898 discipuli,
3419 4827 3483 4882 de
3527 4825 3730 4895 quibus

2135 4927 2212 4980 ait
2238 4925 2584 4996 Evangelisla
2617 4941 2630 4977 :
2661 4921 2792 4978 Cum
2843 4921 3297 4992 appreltendissent
3342 4935 3480 4982 eum,
3511 4916 3728 4988 stabant

2134 5033 2311 5070 omnes
2343 5015 2450 5070 noti
2473 5014 2587 5084 ejus
2610 5030 2640 5066 a
2672 5012 2822 5082 longe
2846 5012 2998 5084 (Luc.
3028 5028 3187 5075 xxiu,
3216 5009 3329 5081 49).

2205 5104 2370 5160 Vatis.
2404 5105 2488 5159 l5.
2516 5132 2588 5142 —
2614 5101 2679 5155 Et
2709 5103 2810 5156 vim
2835 5101 3118 5171 faciebant,
3147 5101 3236 5171 qui
3266 5098 3566 5170 quarebant
3601 5099 3729 5151 ani-

2135 5211 2274 5249 mam
2301 5211 2489 5248 meam.
2523 5193 2644 5248 Vim
2673 5191 2945 5248 faciebant
2969 5207 3074 5246 non
3099 5190 3211 5245 noti
3230 5230 3245 5254 ,
3274 5188 3369 5245 sed
3395 5186 3566 5243 Judaei
3592 5203 3608 5252 ;
3642 5187 3730 5241 vel

2135 5284 2296 5339 Petro
2318 5325 2332 5348 ,
2365 5300 2487 5340 cum
2515 5283 2794 5338 dicerent:
2835 5281 3025 5337 Nonne
3053 5291 3100 5336 et
3127 5292 3185 5335 tu
3228 5279 3481 5336 Calilceus
3511 5295 3565 5332 es
3589 5279 3616 5331 1'
3644 5278 3736 5332 vel

2133 5375 2326 5432 Joanni
2357 5375 2521 5448 [Ms.,
2560 5373 2820 5446 Jacobo],
2851 5375 2945 5444 qui
2984 5389 3108 5429 cum
3145 5367 3501 5444 [traheretur]
3535 5367 3734 5424 relicta

2134 5466 2361 5523 sindone
2387 5465 2564 5521 nudus
2594 5467 2834 5537 profugit
2866 5467 2936 5521 ab
2963 5465 3076 5529 eis;
3123 5463 3208 5520 vel
3235 5464 3337 5535 ipsi
3367 5463 3534 5519 etiam
3568 5459 3737 5516 Chri-

2134 5567 2240 5613 sto.
2264 5557 2354 5630 [Et
2371 5558 2482 5612 vim
2495 5555 2788 5624 faciebant,
2817 5559 2908 5628 qui
2933 5557 3252 5630 qumrebant
3270 5557 3506 5612 animam
3523 5567 3733 5617 meam,

2136 5647 2241 5703 hoc
2268 5654 2372 5712 est,
2407 5643 2596 5714 Judaei,
2627 5649 2783 5719 quasi
2839 5648 3052 5704 illorum
3103 5646 3364 5703 fortitudo
3391 5653 3556 5708 esset,
3587 5652 3651 5700 et
3699 5658 3736 5699 a

2137 5739 2248 5793 Deo
2274 5739 2445 5808 ipsam
2492 5748 2814 5809 potestatem
2841 5754 2952 5795 non
2999 5737 3379 5809 accepissent].
3419 5735 3484 5791 Et
3529 5735 3618 5806 qui
3647 5735 3740 5788 iu-
