4012 6188
285 306 383 363 δεῖ

282 521 393 566 tota
422 512 508 565 die
536 513 948 569 meditabantur.
982 517 1176 575 Multos
1213 522 1433 590 quidem
1463 524 1614 581 dolos
1643 529 1885 585 titeJitati

283 607 432 665 sunt,
465 615 591 656 eum
623 602 1044 677 interrogarent,
1089 609 1136 664 si
1192 610 1455 668 deberent
1503 630 1727 671 censum
1757 619 1886 674 dare

285 689 488 746 Caesari
536 692 753 764 (Matth.
794 713 939 763 χχιι,
976 699 1103 772 17);
1137 710 1230 756 aut
1257 704 1300 759 si
1326 705 1519 762 mulier
1547 708 1881 778 deprehensa

283 783 336 838 in
393 785 663 841 adulterio
714 788 1050 859 lapidaretur
1105 793 1288 864 (Joan.
1338 813 1458 862 Vill,
1491 797 1568 868 4).
1610 799 1716 854 Sed
1754 811 1882 858 tunc

280 885 470 946 aperte
519 877 672 934 dolos
710 879 991 952 ingerunt,
1026 899 1151 939 cum
1204 886 1370 943 falsos
1413 899 1579 946 testes
1606 893 1884 950 adducunt

280 965 500 1034 (Matth.
535 984 693 1035 sxvr,
748 970 860 1035 60).
913 973 1104 1029 Locuti
1151 986 1282 1032 sunt
1333 989 1517 1036 autem
1566 984 1878 1052 vanitates,

279 1060 496 1129 quando
525 1061 815 1119 dixerunt:
847 1064 914 1120 In
946 1067 1232 1124 Beelzebub
1262 1073 1408 1142 ejicit
1429 1075 1694 1132 daemonia
1723 1079 1876 1151 (Luc.

277 1153 498 1224 11,15).

351 1244 512 1299 Vsus.
536 1245 620 1300 14.
637 1278 704 1286 —
721 1246 834 1318 Ego
865 1259 1039 1304 autem
1068 1261 1318 1322 tanquam
1340 1257 1535 1312 surdus
1567 1276 1670 1314 non
1691 1263 1876 1317 audie-

277 1335 478 1400 bam,et
505 1339 638 1392 sicut
656 1351 830 1395 mutus
856 1358 958 1395 non
981 1346 1217 1414 aperiens
1242 1364 1299 1402 os
1319 1365 1494 1404 suum.
1522 1350 1769 1424 Semper,
1793 1356 1877 1409 in-

272 1427 412 1496 quit,
427 1429 818 1498 exprobrantes
841 1433 1070 1488 sustinui
1093 1444 1149 1489 et
1155 1437 1358 1507 jugiter
1370 1439 1512 1495 silui.
1533 1441 1645 1499 l-loc
1666 1452 1720 1499 et
1734 1445 1875 1500 Pila-

271 1524 362 1572 tus
378 1515 708 1582 manifestat,
731 1535 854 1574 cum
874 1520 1008 1577 dicit
1031 1541 1043 1576 :
1071 1523 1203 1578 Mihi
1230 1542 1332 1581 non
1351 1531 1626 1599 respondes
1643 1533 1668 1584 Ζ)
1688 1550 1757 1586 an
1779 1550 1871 1588 ne-

269 1607 372 1662 scis
402 1609 528 1679 quia
545 1620 848 1680 potestatem
875 1613 1036 1667 habeo
1060 1615 1320 1672 dimittere
1342 1629 1390 1673 te
1415 1620 1595 1690 (Joan.
1615 1639 1730 1688 xix,
1757 1625 1874 1696 10)?

269 1696 386 1768 Ego
415 1709 596 1754 autem
628 1709 884 1771 tanquam
928 1713 1110 1760 mutus
1155 1722 1261 1762 non
1301 1712 1552 1780 aperiens
1581 1729 1644 1768 os
1685 1730 1864 1771 suum.

270 1787 432 1844 Certe
457 1798 514 1843 et
543 1792 686 1860 apud
711 1791 942 1848 Pilatum
983 1811 1089 1850 non
1118 1806 1202 1852 est
1229 1799 1371 1855 Deus
1399 1812 1585 1858 noster
1613 1803 1861 1872 loeutus;
1899 1797 1940 1852 Β

272 1889 328 1935 et
381 1881 449 1936 de
491 1884 680 1938 eodem
733 1884 976 1953 loquitur
1014 1887 1185 1943 Isaias
1223 1900 1387 1961 atque
1420 1893 1540 1947 ait:
1591 1894 1864 1966 Tanquam

269 1988 437 2041 agnus
465 1972 536 2026 ad
566 1975 826 2028 victimam
856 1975 1062 2039 ductus,
1106 1995 1209 2033 non
1237 1983 1474 2051 aperiens
1502 2001 1558 2038 os
1581 2002 1755 2040 suum.

341 2062 504 2118 Vens.
527 2063 610 2117 15.
627 2093 696 2105 —
722 2064 786 2118 Et
805 2065 978 2136 factus
1001 2085 1117 2121 sum
1141 2071 1274 2124 sicut
1304 2071 1460 2127 homo
1492 2091 1596 2129 non
1619 2078 1858 2142 audiens,

268 2163 314 2205 et
347 2169 453 2207 non
490 2155 686 2209 habens
738 2157 793 2210 in
831 2172 921 2212 ore
970 2175 1066 2212 suo
1118 2160 1534 2232 redargutiones.
1560 2165 1698 2221 Nam
1736 2184 1862 2223 cum

268 2258 354 2298 me
382 2246 558 2314 sputis
588 2245 829 2313 linirent,
855 2251 1118 2306 arundine
1145 2253 1519 2324 verberarem,
1549 2259 1862 2317 illuderent-

266 2347 372 2402 que
401 2351 542 2407 genu
575 2335 736 2402 ﬂexo,
763 2340 895 2394 nihil
922 2351 1100 2397 motus
1125 2344 1191 2398 iis
1219 2349 1493 2413 omnibus,
1538 2350 1716 2409 factus
1739 2369 1862 2410 sum

266 2440 374 2479 non
406 2425 616 2482 habens
652 2429 706 2482 in
736 2445 832 2484 ore
862 2432 1281 2504 increpationes.
1317 2437 1408 2495 Sic
1453 2445 1598 2498 tacui
1634 2460 1862 2502 accusa-

267 2524 377 2582 tus,
405 2520 562 2586 quasi
609 2537 717 2576 non
757 2523 966 2579 habens
1000 2527 1142 2594 quod
1181 2545 1281 2598 pro
1321 2546 1409 2586 me
1447 2537 1855 2604 responderem.

265 2607 331 2661 Et
355 2609 406 2662 iu
429 2611 680 2668 omnibus
700 2613 765 2667 iis
784 2616 1090 2686 exemplum
1119 2617 1376 2676 Christus
1405 2622 1574 2689 dedit,
1611 2636 1672 2680 ut
1697 2628 1860 2683 homo

267 2698 478 2770 ﬂagella
524 2706 880 2774 correptionis
923 2709 1194 2776 patienter
1230 2720 1411 2781 portet
1455 2713 1606 2786 [Ms.,
1638 2728 1859 2789 portare

263 2790 504 2866 debeat].

341 2885 505 2940 VERS.
555 2884 641 2941 16.
684 2919 757 2929 —
796 2889 1060 2956 Quoniam
1091 2894 1146 2948 in
1185 2904 1235 2950 te
1269 2896 1491 2955 Domine
1539 2907 1765 2973 speravi,
1799 2915 1858 2961 ω

265 2978 514 3032 mudies
558 2994 659 3044 me,
695 2979 916 3035 Domine
953 2982 1096 3038 Deus
1117 3001 1281 3041 meus.
1315 2988 1385 3045 Ut
1415 3007 1503 3047 me
1541 2996 1851 3054 resuscites.

266 3067 365 3124 Vel
390 3085 406 3123 :
434 3068 537 3142 [Tu
568 3074 818 3128 exaudies
845 3073 948 3147 me]
975 3117 990 3140 ,
1027 3078 1131 3134 hoc
1152 3088 1258 3144 est,
1281 3081 1401 3137 vide
1424 3082 1638 3139 illorum
1666 3102 1857 3159 super-

264 3159 413 3213 biam
441 3169 497 3214 et
523 3177 698 3217 meam
729 3163 1110 3222 humilitatem.

338 3248 502 3305 Vnus.
537 3252 622 3306 17.
649 3282 721 3292 -—
743 3251 881 3318 Quia
907 3255 1019 3310 dixi
1049 3274 1069 3312 :
1097 3258 1394 3330 Nequando
1433 3269 1851 3338 supergaudeant

261 3337 391 3391 mihi
406 3339 604 3394 inimici
625 3343 747 3407 mei,
767 3352 815 3397 et
835 3344 960 3398 dum
984 3361 1370 3405 commoventur
1385 3354 1540 3423 pedes
1560 3359 1683 3423 mei,
1697 3375 1854 3430 super

261 3446 345 3483 me
371 3446 566 3500 magna
593 3432 751 3489 locuti
776 3447 918 3490 sunt.
949 3437 1122 3495 Pedes
1165 3442 1367 3499 Christi
1411 3449 1584 3504 sancti
1623 3453 1851 3521 apostoli
1951 3432 2179 3536 ὖεοοειιο
2580 3432 2714 3547 [λης.

265 3521 370 3547 ,ΙΞΛΞ
406 3533 623 3547 ...εμπ-..-ι
684 3528 766 3547 ---2
799 3529 858 3547 ad
883 3531 934 3547 ,,-
973 3531 984 3542 ο
1203 3535 1213 3546 ο
1404 3546 1407 3547 ,
1781 3546 1784 3547 ,

889 313 1293 374 EXEGETICA.
1335 350 1406 360 --
1442 321 1806 380 EXPOSlTlO
1843 327 1909 382 IN
1946 329 2140 388 PSAL.
2181 335 2779 416 ['(ENITENTIALES,
2819 350 2969 407 ETC.

281 421 559 487 quirebant
592 423 732 476 mala
774 426 901 478 mihi
929 467 944 490 ,
987 425 1147 482 locuti
1175 441 1294 485 sunt
1323 424 1598 500 vanitates,
1636 448 1682 490 et
1734 438 1882 493 dolos
1913 443 1956 499 Α
1988 459 2068 498 me
2091 447 2286 519 inique.

1879 3159 1926 3222 C

3463 364 3570 422 582

2328 450 2486 523 [Quia
2510 471 2617 512 non
2645 470 2771 515 sunt
2811 467 2995 520 statim
3042 467 3241 527 ultione
3267 473 3444 531 divina
3473 495 3573 549 pu-

1991 536 2109 591 niti.
2142 537 2210 593 Et
2240 544 2562 611 conﬁrmasti
2591 565 2747 620 super
2785 569 2866 609 me
2901 572 3116 612 manum
3155 571 3320 616 tuam.
3364 536 3575 624 Con-lir-

1989 628 2119 682 mati
2165 640 2291 685 sunt
2333 633 2388 687 in
2426 633 2560 706 legis
2582 636 2843 708 litteram,
2876 646 2927 700 in
2958 662 3064 716 qua
3089 651 3407 720 spiritaliter
3433 674 3575 714 nun-

1987 718 2177 774 tiatum
2221 737 2326 777 non
2380 726 2779 787 intellexerunt.
2831 732 2900 787 Et
2944 718 3278 810 multiplicati
3317 756 3439 799 sunt
3478 750 3569 819 qui

1985 809 2208 864 oderunt
2255 830 2336 867 me
2369 817 2589 891 inique.]
2625 820 2784 878 Certe
2822 825 3005 895 inique
3031 809 3101 883 et
3125 846 3232 885 non
3274 809 3571 893 rationabi-

1983 897 2107 953 liter
2129 900 2360 969 faciunt,
2384 908 2478 975 qui
2503 925 2567 963 ex
2600 913 2704 967 hac
2730 914 2909 971 littera
2936 933 3119 975 semen
3141 937 3322 993 suum,
3341 937 3400 982 ut
3421 938 3568 986 astra

1983 989 2126 1055 caeli,
2161 993 2507 1064 multiplicari
2541 1000 2856 1058 credebant.

2051 1105 2214 1161 Vsus.
2246 1109 2335 1162 21.
2365 1139 2436 1148 -
2467 1110 2572 1177 Qui
2614 1115 2907 1170 retribuunt
2946 1119 3087 1174 mala
3126 1140 3221 1192 pro
3267 1125 3447 1192 bonis,
3477 1130 3568 1184 de-

1978 1198 2252 1252 trahebant
2293 1202 2439 1267 mihi,
2492 1206 2746 1274 quoniam
2792 1209 3042 1280 sequebar
3087 1212 3387 1270 bonitatem.
3430 1218 3566 1274 Nam

1979 1301 2088 1350 me,
2117 1287 2454 1344 dulcedinem
2505 1303 2722 1348 reternze
2763 1296 2888 1351 vita:
2926 1297 3273 1368 offerentem,
3305 1317 3459 1362 aceto
3501 1325 3566 1365 ac

1977 1376 2099 1434 felle
2142 1380 2442 1449 potabant,
2471 1391 2527 1436 et
2551 1385 2909 1442 detrahebant
2936 1391 3066 1446 mihi
3094 1393 3337 1450 dicentes
3377 1415 3390 1450 :
3419 1399 3566 1454 Alios

1974 1469 2146 1524 salvos
2212 1471 2375 1540 fecit,
2445 1475 2671 1545 seipsum
2755 1478 2952 1533 salvum
3013 1482 3183 1550 facere
3244 1502 3348 1540 non
3397 1498 3564 1557 potest

1975 1559 2191 1632 (Matth.
2226 1580 2398 1630 xxvn,
2425 1566 2492 1620 54
2516 1583 2529 1632 ;
2562 1567 2731 1623 Marc.
2757 1586 2842 1635 xv,
2875 1571 2985 1643 51).
3014 1573 3170 1645 351
3197 1578 3565 1638 Detrahebant

1973 1659 2152 1704 autem
2185 1653 2338 1718 mihi,
2371 1657 2624 1724 quoniam
2670 1660 2989 1716 subsecutus
3020 1680 3138 1720 sum
3182 1667 3470 1738 justitiam,
3504 1684 3563 1729 ut

1974 1741 2202 1810 implens
2230 1745 2561 1800 voluntatem
2591 1746 2770 1804 Patris
2818 1768 2917 1821 pro
2951 1754 3059 1808 vita
3092 1757 3270 1828 populi
3319 1762 3562 1834 suscipe-

1969 1846 2083 1886 rem
2113 1844 2362 1890 mortem.

2041 1925 2201 1980 Vnus.
2235 1927 2324 1992 9:2,
2357 1929 2446 1984 9.5.
2477 1962 2548 1971 —
2579 1931 2662 1987 Ne
2686 1933 3019 2007 derelinquas
3042 1956 3141 2004 me,
3164 1941 3388 1998 Domine
3413 1944 3556 2000 Deus

1966 2029 2129 2078 meus,
2189 2031 2252 2068 ne
2291 2018 2589 2073 discesseris
2620 2039 2761 2076 ante
2805 2039 2823 2076 :
2865 2024 3074 2080 intende
3123 2029 3181 2083 in
3227 2030 3557 2100 adjutorium

1963 2119 2160 2169 meum,
2191 2105 2412 2161 Domine
2456 2109 2596 2164 Deus
2645 2111 2832 2168 salutis
2869 2131 3016 2170 mete.
3069 2117 3410 2176 Manifestum
3449 2133 3554 2188 est,

1963 2193 2188 2248 Domine
2216 2193 2342 2250 Jesu
2363 2237 2377 2262 ,
2424 2200 2551 2267 quia
2594 2199 2755 2256 Pater
2776 2206 3045 2260 suscitans
3075 2215 3127 2262 te
3154 2222 3184 2261 a
3214 2210 3442 2265 mortuis
3465 2211 3554 2268 die

1966 2285 2161 2350 tertia,
2209 2287 2498 2343 collocavit
2541 2292 2607 2345 ad
2651 2293 2932 2349 dexteram
2977 2312 3130 2351 suam
3161 2299 3212 2352 in
3243 2299 3557 2358 caelestibus

1962 2391 2126 2446 super
2151 2391 2367 2433 omnem
2412 2381 2776 2453 principatum
2819 2398 2875 2440 et
2920 2396 3261 2456 potestatem,
3292 2390 3429 2448 dans
3458 2393 3554 2450 tibi

1963 2481 2160 2522 nomen
2187 2470 2331 2538 quod
2364 2479 2447 2524 est
2474 2487 2636 2542 super
2663 2489 2822 2530 omne
2851 2492 3066 2532 nomen.
3107 2479 3247 2551 Ergo
3267 2483 3393 2552 quia
3424 2500 3552 2555 gra-

1963 2572 2056 2611 ves
2087 2567 2214 2612 sunt
2250 2575 2443 2630 pugnae
2470 2564 2672 2630 carnis,
2703 2573 2780 2629 tu,
2814 2566 3056 2634 Domine,
3089 2571 3305 2627 intende
3354 2575 3408 2628 in
3457 2575 3554 2630 ad-

1957 2651 2218 2720 jutorium
2254 2661 2521 2719 nostrum,
2562 2664 2618 2710 et
2659 2665 2776 2711 esto
2821 2659 2979 2713 nobis
3019 2660 3165 2716 salus
3208 2663 3263 2718 in
3310 2671 3552 2735 tempore

1963 2741 2350 2798 tribulationis.

2544 2880 2866 2940 PSALMUS
2903 2886 2966 2940 L.

2033 3003 2242 3062 Titulus
2277 3008 2474 3078 psalmi
2519 3010 2624 3083 [est
2654 3053 2668 3078 ,
2709 3029 2870 3084 quem
2900 3018 3194 3088 explanare
3237 3023 3544 3102 nitimur]:

1961 3095 2028 3152 In
2057 3097 2215 3169 ﬁnem
2249 3101 2483 3170 psalmus
2534 3103 2728 3171 David,
2756 3125 2872 3162 cum
2901 3113 3036 3165 venit
3061 3111 3132 3166 ad
3171 3130 3288 3168 eum
3326 3095 3548 3178 Nathan

1953 3189 2204 3259 propheta
2227 3232 2242 3255 ,
2277 3191 2404 3245 dum
2429 3194 2641 3250 intravit
2671 3197 2742 3252 ad
2779 3198 3080 3258 Bethsabee.
3131 3204 3423 3266 Notissima
3465 3225 3551 3271 est

1953 3283 2162 3350 peccati
2203 3283 2368 3339 David
2401 3288 2638 3357 gravitas
2667 3305 2733 3345 ex
2759 3289 2965 3364 Regum
2993 3295 3217 3351 historia
3251 3298 3401 3372 [lls.,
3433 3319 3554 3359 ma-

1954 3376 2134 3446 gnifici
2188 3381 2331 3450 regis
2371 3381 2619 3457 historia]
2671 3399 2685 3438 :
2739 3395 2865 3441 nota
2905 3389 3068 3443 etiam
3106 3391 3402 3448 humillima
3451 3411 3550 3465 pro

2737 3518 2750 3541 ,
2799 3479 3140 3554 supplicatio]
3182 3499 3300 3552 quae
3349 3486 3400 3539 in
3443 3488 3547 3542 hoc

1951 3521 1968 3536 ,
2069 3521 2102 3522 ,,
2133 3521 2170 3524 ,-
2233 3521 2534 3542 --Γπ---μ
2580 3521 2750 3547 μω,
2799 3521 3139 3554 unum...“
3182 3521 3300 3552 qu.»
3443 3521 3547 3542 ιιυι,

262 3521 373 3576 diei
403 3533 649 3592 Ροεευηῑ,
677 3528 768 3598 qui
797 3529 934 3584 ﬁrmi
971 3531 1025 3585 in
1071 3535 1343 3602 νεὶεεὶοηεν
1395 3546 1652 3612 tanquam
1688 3546 1852 3614 pedes
1952 3558 2162 3629 psalmo
2184 3564 2509 3618 continetur.
2543 3564 2638 3620 Est
2662 3574 2843 3621 autem
2869 3569 3110 3637 psalmus
3143 3572 3245 3626 iste
3275 3573 3325 3626 in
3356 3575 3548 3630 ordine

260 3625 480 3682 corpus.
505 3616 770 3672 sustinere
784 3634 908 3673 eum
923 3621 1210 3684 debebant,

261 3791 376 3846 veri
418 3804 646 3863 possunt
685 3797 850 3866 pedes
895 3802 999 3856 mei
1031 3817 1062 3855 a
1091 3805 1384 3864 stabilitate
1413 3826 1534 3877 sua,
1561 3822 1616 3868 et
1644 3815 1849 3873 inimici

261 3881 396 3938 mihi
439 3884 724 3953 insultare,
769 3894 814 3942 si
862 3890 966 3946 hac
1019 3893 1074 3947 in
1119 3897 1298 3951 crucis
1330 3909 1504 3954 morte
1538 3902 1852 3961 humiliatus

261 3987 369 4028 non
419 3990 794 4033 resurrexcro.
841 3979 898 4034 In
943 3997 1031 4037 me
1080 3994 1262 4040 autem
1312 4005 1507 4061 magna
1534 3992 1696 4048 locuti
1723 4003 1851 4050 sunt

262 4061 504 4130 dicentes
532 4084 545 4119 :
583 4066 645 4122 Si
670 4065 847 4124 Filius
877 4071 976 4127 Dei
1010 4091 1083 4141 es,
1113 4076 1365 4134 descende
1393 4080 1456 4135 de
1487 4099 1658 4139 cruce.

281 4219 288 4227 π
329 4155 494 4212 Vsus.
522 4158 610 4213 18.
629 4189 700 4198 -—
729 4159 991 4226 Quoniam
1017 4183 1109 4238 ego
1136 4168 1191 4222 in
1216 4169 1428 4240 ﬂagella
1452 4186 1669 4242 paratus
1707 4194 1846 4243 sum,

257 4257 303 4300 et
327 4247 488 4302 dolor
509 4266 653 4305 meus
682 4253 736 4308 in
767 4268 1043 4327 conspectu
1073 4276 1186 4314 meo
1213 4278 1432 4332 semper.
1458 4263 1712 4336 Praeparo
1737 4284 1845 4333 me,

257 4339 456 4410 inquit,
487 4343 557 4397 ad
595 4346 964 4403 sustinendam
999 4366 1217 4406 crucem
1240 4392 1257 4418 ,
1286 4351 1554 4420 lanceam,
1596 4354 1690 4420 fel,
1725 4371 1850 4412 ace-

258 4439 393 4498 tum,
419 4441 483 4486 ut
503 4448 604 4504 per
629 4436 770 4492 hanc
806 4449 1035 4496 mortem
1076 4441 1222 4514 [meo
1254 4447 1539 4520 sanguine]
1584 4449 1846 4505 redimam

254 4525 510 4596 populum
542 4539 878 4597 pereuntem.
909 4510 1155 4590 Christus
1179 4538 1322 4592 enim
1356 4510 1424 4594 ad
1463 4510 1567 4595 hdc
1590 4543 1761 4608 venit,
1788 4553 1849 4599 ut
1878 4510 1927 4571 υ

1229 3628 1322 3681 sed
1343 3632 1599 3687 commoti
1632 3644 1758 3690 sunt
1785 3636 1850 3692 de

1967 3652 2280 3720 psalmorum
2325 3656 2833 3728 quinquagesimus,
2882 3661 3007 3726 quia
3059 3661 3543 3734 quinquagesimus

265 3700 370 3757 lide
417 3703 486 3758 ad
529 3704 916 3763 infidelitatem.
960 3711 1054 3765 Vel
1107 3713 1173 3768 de
1213 3715 1429 3773 Christo
1455 3721 1532 3775 ait
1565 3740 1577 3776 :
1609 3738 1850 3780 commo—

2084 3759 2212 3800 erus
2232 3744 2520 3813 injubilazo
2537 3761 2679 3801 anno
2700 3762 2869 3817 usque
2903 3749 2971 3804 ad
3002 3766 3187 3806 veram
3223 3757 3396 3810 sancti
3424 3756 3548 3828 Spi—

1953 3835 2090 3889 ritus
2134 3850 2297 3906 super
2341 3837 2612 3906 apostolos
2656 3839 2970 3896 missionem
3017 3854 3371 3902 consecratus
3419 3857 3502 3902 est
3529 3889 3546 3913 ,

1951 3923 2068 3977 sine
2090 3923 2244 3989 cujus
2269 3926 2441 3996 gratia
2473 3928 2846 3984 remissionem
2872 3929 3024 4002 [Ms..
3041 3943 3204 4004 atque
3229 3937 3285 3991 in
3307 3937 3543 3995 adventu

1950 4015 2119 4070 sancti
2145 4015 2378 4086 Spiritus
2398 4033 2560 4089 super
2595 4021 2865 4091 apostolos
2897 4025 3214 4080 remissione
3249 4043 3542 4086 consecra-

1949 4115 2038 4161 tus
2060 4115 2164 4172 est,
2191 4108 2317 4177 quia
2346 4123 2506 4164 nemo
2534 4111 2650 4164 sine
2676 4111 2850 4182 gratia
2877 4115 3052 4169 sancti
3080 4113 3316 4186 Spiritus
3344 4120 3543 4175 remis-

1949 4196 2254 4270 sionem...]
2304 4199 2552 4270 accipere
2597 4217 2758 4256 nemo
2797 4205 3016 4273 poterit.
3049 4205 3321 4263 Habemus
3359 4219 3542 4266 autem

1949 4287 2196 4357 exempla
2232 4288 2284 4342 in
2312 4299 2501 4344 sancta
2529 4289 2813 4362 Scriptura
2842 4294 2907 4349 de
2931 4297 3175 4364 peccatis
3200 4307 3540 4365 sanctorum,

1949 4388 2004 4432 et
2031 4379 2095 4433 de
2118 4381 2439 4450 pmnitentia
2463 4397 2653 4438 eorum
2681 4393 2736 4438 et
2760 4385 2826 4438 de
2853 4387 3173 4442 remissione
3194 4398 3542 4459 peccatorum

1950 4469 2055 4525 illis
2091 4486 2120 4525 a
2153 4471 2263 4526 Deo
2294 4472 2439 4527 data.
2487 4472 2658 4529 Nemo
2687 4474 2851 4545 igitur
2875 4476 3082 4532 dubitet
3109 4479 3174 4534 de
3207 4480 3300 4535 Dei
3330 4481 3542 4537 miseri-

1951 4562 2158 4629 cordia,
2181 4565 2428 4632 quamvis
2453 4565 2706 4620 maximis
2731 4565 3204 4643 involutus[esset]
3220 4571 3537 4639 sceleribus;

252 4618 564 4686 passionem
607 4621 922 4679 sustineret.
970 4625 1132 4682 Dolor
1159 4643 1314 4684 meus
1337 4640 1461 4686 ante
1484 4647 1572 4687 me
1596 4643 1679 4688 est
1704 4649 1849 4690 sem-

258 4725 354 4734 ν.--
437 4711 600 4734 1....--
656 4715 722 4734 -.9
740 4731 808 4734 μγ--
863 4717 911 4734 -.ο
952 4725 965 4734 Α
1041 4719 1052 4730 ο
1203 4721 1215 4732 ο
1295 4722 1307 4734 ο
1369 4723 1402 4734 η
1442 4723 1454 4734 ι

2145 4618 2158 4629 ι
2198 4618 2214 4632 .
2662 4618 2700 4620 η
2733 4618 2746 4619 τ
2777 4618 2780 4619 ν
2831 4618 2896 4620 -η
2925 4618 3204 4643 τ-τιν-τ--ι
3220 4618 3537 4639 "ww-"mw

1967 4667 2110 4707 nemo
2131 4661 2415 4723 peccatum
2442 4653 2691 4710 conﬁteri
2711 4656 3031 4724 erubescat,
3065 4674 3187 4714 cum
3221 4661 3388 4717 David
3413 4679 3538 4734 pro—

256 4725 373 4780 per,
430 4711 604 4768 donec
649 4715 815 4770 etiam
861 4717 1148 4773 victoriam
1201 4721 1256 4774 in
1287 4722 1493 4792 judicio
1543 4740 1848 4796 consequar

2132 4711 2150 4723 .
2894 4711 2933 4712 η
2989 4711 3031 4724 ν.
3075 4711 3186 4714 mn
3221 4711 3508 4734 ------.-.ν

1967 4748 2111 4802 theta
2139 4788 2154 4812 ,
2201 4747 2495 4802 multarum
2526 4764 2618 4803 res
2654 4750 2894 4820 gentium
2920 4792 2936 4817 ,
2981 4753 3430 4823 promissionibus
3471 4757 3540 4814 de

1948 4800 2072 4818 τ-ην
2141 4800 2154 4812 ,
2204 4800 2212 4801 κ
2267 4800 2272 4801 κ
2655 4800 2936 4820 οντων-ν
2981 4800 3430 4823 ,η-νυ---η-ςι---ν--υ
3472 4800 3534 4814 υν

255 4800 408 4873 [⁸³η
439 4804 614 4860 donec
641 4806 856 4876 θαῖίείίὶῐη
884 4809 1172 4865 νίεῑονίθπι
1199 4811 1251 4866 in
1272 4811 1522 4886 iudieiol-
1947 4836 2166 4892 Christo
2217 4837 2485 4909 gloriosus
2535 4837 2816 4913 [peccans]
2877 4853 3160 4912 peceatum
3219 4860 3375 4900 suum
3427 4863 3534 4904 non

321 4893 466 4913 ιν---
530 4896 591 4913 ,η
747 4897 785 4913 Α
905 4901 915 4912 .
1057 4902 1126 4913 ..
1207 4905 1218 4913 .

321 4893 488 4950 VEBS-
525 4896 611 4951 ¹9ο
641 4927 714 4937 --
741 4897 1004 4964 Quoniam
1051 4902 1379 4974 iniquitatem
1419 4923 1587 4961 ηιεαπι
1632 4926 1843 4964 "unum"
1879 4941 1887 4948 ·
1946 4927 2162 4982 erubuit
2207 4893 2420 4999 publice
2464 4893 2743 4996 cohiberi,
2775 4893 2832 4986 eJt
2867 4893 2934 4987 ad
2973 4933 3183 4990 Domini
3223 4937 3538 5006 pmnitendo

251 4984 392 5040 tiabo
437 4997 485 5040 et
525 4989 764 5057 cogitabo
797 5007 892 5060 pro
916 5004 1128 5062 peccato
1155 5011 1288 5049 meo.
1325 4995 1477 5052 Sicut
1505 5000 1650 5054 enim
1677 5003 1846 5057 male-

255 5073 474 5098 .I:..-:---2
506 5076 768 5098 ---l.:,_A__E.
830 5094 878 5098 η-
1203 5085 1214 5098 ι
1273 5087 1303 5098 ιι
1349 5095 1356 5098 .
1431 5087 1443 5098 ι
1518 5090 1530 5098 .

2209 4984 2225 4999 ,
2513 4984 2516 4985 ν
2644 4984 2652 4985 κ
2731 4984 2741 4996 ,
2787 4984 2826 4986 μ
3223 4984 3532 5006 τ---η---π

1967 5017 2237 5089 :onfugere
2276 5020 2640 5075 clementiam.
2689 5020 2882 5078 Petrus
2929 5025 3130 5080 trinam
3191 5029 3532 5098 negationem

252 5073 476 5130 dictioni
505 5076 794 5157 subiacuit.
827 5094 886 5135 ut
915 5098 1012 5137 nos
1052 5100 1081 5137 a
1110 5085 1398 5142 maledicto
1430 5087 1561 5160 legis
1584 5102 1801 5147 erueret
1826 5133 1842 5158 ,
1945 5073 2302 5166 amrfgsimis
2339 5112 2510 5166 abluit
2545 5113 2838 5184 lacrymis;
2867 5115 3190 5186 publica:.us
3220 5073 3535 5188 panitendo

250 5164 324 5218 ita
350 5175 407 5220 et
433 5179 782 5238 peceatorem
810 5188 868 5226 se
899 5174 1205 5243 profitetur,
1233 5175 1372 5252 [qui]
1403 5191 1625 5249 peccata
1655 5191 1842 5236 nostra

2279 5164 2295 5166 -
2345 5164 2398 5166 -_
2438 5164 2506 5166 __-
2825 5164 2838 5180 ,
2868 5164 3189 5186 ,__---_.._-
3220 5164 3530 5188 τρυπνηη-

1967 5197 2269 5253 ustilicatus
2295 5203 2523 5256 recessit
2546 5217 2576 5255 a
2603 5204 2830 5273 templo;
2870 5207 3147 5275 peccatrix
3180 5206 3378 5262 femina
3408 5225 3534 5264 san-

249 5267 498 5327 portaret
535 5276 592 5320 et
622 5266 756 5341 [pio]
800 5273 1037 5342 cogitatu
1075 5291 1139 5332 ac
1181 5274 1567 5351 [misericordi]
1616 5280 1842 5335 consilio

249 5367 350 5408 nos
381 5355 452 5410 ab
497 5358 576 5412 eis
615 5361 870 5430 eriperet.
902 5363 970 5416 Et
1019 5368 1253 5436 cogitabo
1301 5387 1395 5439 pro
1447 5381 1656 5438 peccato
1706 5389 1839 5425 meo.

248 5443 542 5504 Peccatum
581 5451 783 5508 Christi
820 5496 834 5516 ,
878 5457 1098 5511 humani
1142 5460 1335 5515 delicta
1394 5471 1519 5518 sunt
1581 5466 1793 5535 generis
1825 5507 1838 5531 ,

249 5548 474 5608 propter
501 5557 622 5611 qum
649 5555 700 5599 et
730 5546 876 5602 Patri
906 5566 1046 5606 nunc
1065 5552 1263 5606 dicitur
1290 5570 1409 5610 esse
1437 5557 1730 5626 subjectus.

327 5630 490 5685 Vens.
525 5634 615 5688 '20.
649 5667 718 5675 —
745 5637 956 5694 lntu.ici
993 5651 1166 5695 autent
1198 5646 1296 5697 mei
1318 5646 1524 5710 vivunt,
1559 5658 1606 5702 et
1643 5651 1839 5718 conﬁr-

254 5722 380 5773 mati
415 5734 535 5776 sunt
566 5743 723 5795 super
761 5745 840 5780 me
863 5771 874 5792 ,
909 5741 955 5784 et
984 5731 1314 5800 multiplicati
1339 5745 1477 5800 sunt,
1502 5740 1589 5806 qui
1621 5741 1840 5793 oderunt

1945 5297 2062 5342 clos
2091 5289 2300 5343 Domini
2341 5292 2507 5359 pedes
2531 5291 2789 5362 lacrymis
2815 5293 3172 5368 [paenitendo]
3224 5297 3434 5364 abluit,
3477 5308 3535 5355 et

1947 5376 2134 5430 audire
2164 5378 2392 5444 meruit,
2443 5381 2568 5448 quia
2599 5382 2824 5436 multum
2853 5385 3068 5448 dilexit,
3102 5388 3268 5443 multa
3320 5389 3398 5444 illi
3451 5391 3534 5446 di-

1945 5470 2233 5522 mittuntur
2261 5479 2486 5538 peccata
2517 5471 2668 5541 (Luc.
2695 5489 2794 5538 vn,
2830 5475 2940 5548 58).
2972 5477 3194 5534 Talibus
3245 5482 3532 5538 roboratus

1943 5559 2206 5630 exemplis
2241 5576 2399 5616 nemo
2427 5561 2492 5616 de
2523 5561 2617 5616 Dei
2655 5564 3026 5621 misericordia
3067 5567 3334 5640 desperet,
3369 5587 3532 5628 nemo

1943 5667 2042 5705 sua
2075 5652 2322 5721 quamvis
2348 5651 2458 5706 sint
2497 5652 2763 5723 ingentia,
2793 5656 3078 5714 erubescat
3119 5660 3365 5716 confiteri
3404 5677 3529 5717 sce-

1946 5743 2078 5809 lera,
2137 5758 2292 5796 nemo
2347 5744 2530 5799 tardus
2572 5748 2641 5799 sit
2689 5747 2939 5820 lacrymis
2992 5751 3329 5823 iniquitatem
3372 5765 3528 5807 suam
