4012 6188
430 315 535 370 583

1279 315 1338 368 Β.
1377 314 1441 366 F.
1483 309 1708 365 ALBINI
1749 308 1878 362 SEU
1919 304 2198 361 ALCUINI
2237 304 2525 360 OPERUM
2556 303 2737 360 PARS
2771 302 2834 358 il.

3585 303 3689 361 581

425 430 666 494 abluere,
694 437 750 485 et
771 427 895 497 quia
916 441 1103 482 omnes
1123 435 1438 494 peccatores
1467 439 1652 479 sumus
1676 463 1689 487 ,
1726 423 2013 492 unusquis»
2039 425 2087 480 Α
2115 420 2274 473 care?
2313 419 2372 473 In
2403 435 2508 489 quo
2537 420 2867 474 dementiam
2911 435 3064 474 suam
3105 421 3302 489 arguit,
3347 421 3438 490 qui
3469 436 3574 475 non
3602 439 3694 476 ex-

427 535 535 592 que
572 527 817 573 nostrum
852 515 999 568 dicat
1026 530 1148 569 cum
1173 515 1444 584 Propheta
1472 532 1484 566 :

2114 511 2264 580 pavit
2290 518 2439 564 tanto
2481 508 2669 565 Judice
2705 520 2967 579 praesente
3012 527 3256 582 peccare.
3295 512 3596 583 Sequitur:
3625 513 3696 569 Ut

503 609 664 663 Vens.
686 606 740 658 5.
757 635 829 644 —
849 603 1096 657 Miserere
1119 604 1242 669 mei,
1264 603 1426 668 Deus,
1453 603 1740 656 secundum
1769 617 2014 671 magnam
2105 603 2418 672 justiﬁceris
2445 604 2499 656 in
2530 603 2854 658 sermonibus
2883 605 2988 659 tuis
3013 614 3062 658 et
3086 606 3259 659 vincas
3278 623 3396 660 cum
3408 607 3696 677 judicaris.

426 697 842 753 misericordiam
867 706 1032 750 tuam.
1067 697 1338 758 Miserere,
1366 697 1491 765 quia
1520 698 1686 750 miser
1725 710 1878 758 sum;
1911 693 2014 748 mi-

426 804 634 855 serere,
687 789 814 859 quia
856 805 1052 859 magna
1097 796 1184 843 est
1235 788 1608 843 misericordia
1666 795 1775 840 tua.
1829 784 2016 838 Nullus

427 889 673 938 nostrum
703 897 826 935 cum
865 880 1034 935 Adam
1065 881 1134 936 ad
1178 881 1368 934 noxias
1412 877 1686 948 confugiat
1712 875 2018 931 excusatio-

429 988 550 1035 nes,
581 973 677 1027 sed
727 980 912 1040 aperte
960 969 1202 1040 proferat
1250 969 1394 1039 quod
1447 968 1627 1037 inique
1682 981 1739 1020 se
1787 964 2017 1035 gessisse

431 1063 696 1134 agnoscit.
729 1059 1014 1131 Refugium
1061 1059 1227 1114 faciat
1267 1058 1334 1112 ad
1363 1057 1840 1112 clementissimum
1867 1053 2020 1108 Judi-

431 1169 574 1218 cem,
607 1154 902 1224 przeveniat
931 1152 1126 1207 faciem
1155 1153 1272 1222 ejus
1299 1152 1351 1205 in
1383 1149 1743 1204 confessione.
1768 1162 1835 1201 ne
1857 1160 2020 1215 expc-

433 1243 606 1298 riatur
634 1243 686 1297 in
727 1241 908 1297 futuro
948 1242 1152 1312 judicio
1183 1242 1400 1303 iratum,
1431 1240 1476 1292 si
1508 1237 1665 1291 modo
1682 1245 2019 1304 contempse-

433 1333 506 1390 rit
556 1349 678 1388 eum
727 1329 1156 1387 misericordem.
1222 1327 1608 1385 Misericordize
1665 1335 1877 1395 tempus
1937 1332 2021 1378 est

430 1424 578 1477 omni
619 1421 820 1476 homini
851 1422 1009 1477 modo
1039 1421 1318 1491 pmnitenti
1350 1439 1361 1473 :
1391 1421 1443 1474 in
1469 1419 1649 1474 futuro
1672 1432 1801 1471 vero
1817 1415 2020 1486 judicio

433 1520 648 1582 tempUS
673 1511 780 1567 erit
806 1512 1051 1582 justitim,
1096 1511 1186 1565 ubi
1219 1510 1509 1578 unicuique
1541 1508 1795 1562 reddetur
1830 1519 2022 1559 secun-

433 1605 560 1659 dum
593 1619 759 1673 opera
803 1618 919 1658 sua.
953 1602 1084 1668 Quis
1113 1596 1267 1656 effari
1309 1600 1504 1671 poterit
1531 1606 1733 1668 quanta
1761 1595 1832 1649 sit
1861 1594 2022 1648 mise-

433 1695 668 1750 ricordia
697 1691 836 1766 [Dei]
888 1694 940 1748 in
983 1693 1265 1756 homines,
1308 1706 1428 1760 qua:
1477 1687 1658 1742 mundi
1705 1684 2020 1740 Creatorem

2117 693 2408 749 Sermones
2437 695 2650 748 Domini
2679 694 2873 749 merito
2913 695 3198 765 iustiﬁcari
3245 696 3527 760 dicuntur,
3559 711 3700 766 quo-

2116 784 2260 837 niam
2309 783 2426 838 sine
2472 784 2637 839 dubio
2661 797 2874 854 semper
2908 783 3028 853 ejus
3051 784 3194 838 dicta
3221 783 3561 854 complentur
3590 797 3606 837 :
3646 785 3701 838 in

2117 875 2268 944 cujus
2294 883 2586 945 conspectu
2623 891 2729 930 non
2763 875 3150 945 justiﬁcabitur
3171 876 3348 930 omnis
3372 875 3576 931 vivens.
3618 875 3705 930 ld-

2117 966 2263 1019 circo
2307 966 2456 1019 omni
2486 965 2688 1020 homini
2717 965 3005 1020 dicendum
3030 975 3115 1020 est
3141 979 3155 1018 :
3182 964 3306 1018 Non
3333 966 3491 1019 intres
3524 966 3580 1020 in
3607 966 3706 1036 ju-

2117 1058 2312 1111 dicium
2363 1074 2480 1111 cum
2523 1073 2667 1111 servo
2721 1067 2811 1111 tuo
2850 1055 3021 1128 (Psal.
3076 1072 3253 1120 cxut,
3300 1057 3389 1128 2).
3445 1056 3708 1112 Dominus

2117 1149 2346 1203 bellator
2371 1157 2556 1204 noster
2578 1147 2980 1203 atrocissimum
3008 1147 3218 1202 hostem
3244 1147 3464 1201 humani
3490 1148 3708 1217 generis

2114 1241 2387 1311 judicatus
2413 1241 2562 1306 vicit,
2593 1248 2648 1295 et
2675 1241 2932 1294 mundum
2958 1241 3246 1296 damnatus
3273 1241 3524 1296 absolvit.
3556 1241 3703 1298 Prte-

2121 1336 2310 1390 videns
2335 1349 2464 1405 ergo
2488 1333 2567 1405 [in
2599 1334 2792 1404 spiritu
2819 1333 3081 1404 propheta
3121 1333 3316 1406 (Edit.,
3365 1334 3420 1388 in
3481 1334 3706 1404 spiritus

2121 1425 2452 1499 prophetia)]
2475 1441 2583 1480 non
2607 1425 2708 1480 nisi
2736 1426 2788 1479 in
2809 1426 3067 1494 sanguine
3087 1424 3286 1481 Christi
3309 1435 3530 1496 peccata
3566 1425 3711 1480 redi—

2123 1521 2196 1574 mi
2215 1534 2388 1589 posse,
2407 1520 2591 1574 laudat
2608 1520 2872 1589 justitiam
2902 1520 3040 1590 ejus,
3057 1535 3163 1589 qua
3186 1520 3457 1574 diabolum
3482 1520 3710 1575 damna—

2122 1610 2226 1674 vit;
2250 1617 2307 1664 et
2325 1611 2775 1675 misericordiam,
2791 1625 2894 1679 qua
2915 1610 3172 1664 mundum
3198 1610 3444 1664 redemit.
3474 1609 3711 1666 Proinde

2129 1715 2234 1753 non
2260 1700 2432 1754 solum
2456 1714 2694 1769 pmsens
2721 1700 2804 1754 sui
2842 1699 3014 1769 ipsius
3050 1706 3354 1769 peccatum,
3381 1699 3474 1754 sed
3507 1714 3708 1769 paren-

433 1787 651 1843 mortali
678 1786 851 1841 induit
875 1800 1060 1848 carne,
1089 1792 1149 1837 ut
1181 1797 1392 1851 semper
1428 1782 1614 1834 vivens
1662 1779 1717 1832 in
1761 1791 1879 1842 suo,
1923 1790 2022 1846 pro
2055 1777 2099 1835 Β
2128 1797 2238 1843 tum
2281 1804 2523 1853 suorum,
2555 1789 2609 1842 in
2647 1789 2842 1858 quibus
2866 1789 2980 1858 ipse
3008 1795 3303 1858 conceptus
3329 1796 3414 1842 est
3443 1798 3499 1843 ει
3527 1799 3706 1854 ωερε,

433 1879 636 1934 nostris
665 1877 906 1948 peccatis
935 1875 1071 1930 mori
1099 1882 1283 1944 posset
1309 1889 1376 1928 ex
1404 1879 1613 1925 nostro.

507 1969 809 2026 Secundum
836 1966 1224 2022 multitudinem
1249 1964 1642 2018 miserationum
1676 1971 1887 2013 tuarum
1911 1955 2023 2010 dele

432 2060 760 2130 iniquitatem
811 2074 1000 2112 meam.
1031 2056 1076 2112 Ο
1107 2056 1366 2110 Domine!
1415 2052 1663 2122 quamvis
1716 2063 1912 2120 magna
1955 2047 2026 2100 sit

435 2151 695 2221 iniquitas
720 2164 859 2214 mea,
893 2157 1072 2202 tamen
1102 2145 1276 2214 major
1303 2152 1387 2200 est
1412 2138 1697 2196 multitudo
1725 2136 2026 2192 miseratio-

434 2243 524 2300 nis
570 2252 711 2307 tuxe,
754 2243 810 2297 in
851 2256 959 2311 qua
1004 2248 1066 2295 ut
1110 2239 1292 2294 deleas
1317 2275 1334 2302 ,
1375 2235 1674 2304 deprecor,
1712 2230 2025 2298 iniquitates

435 2352 610 2402 meas,
641 2350 780 2406 quas
821 2342 1012 2389 contra
1055 2347 1143 2387 me
1171 2331 1401 2400 scriptas
1432 2325 1599 2399 [esse]
1630 2326 1892 2379 horresco
1925 2339 1937 2372 :
1967 2328 2026 2373 ut

437 2438 494 2486 to
534 2428 826 2484 miserante
860 2438 1075 2480 merear
1117 2421 1280 2476 scribi
1309 2419 1364 2473 in
1389 2418 1529 2472 libro
1556 2415 1684 2469 vitae
1708 2421 1813 2466 tute
1855 2427 1869 2462 :
1898 2409 2025 2478 quia

439 2536 600 2578 nemo
634 2521 706 2575 ibi
744 2519 1023 2584 scribitur,
1054 2516 1159 2570 nisi
1186 2513 1342 2584 cujus
1376 2512 1467 2567 hic
1493 2522 1682 2566 omnes
1709 2505 2026 2576 iniquitates

441 2612 710 2668 delentur.

510 2707 675 2762 Vnus.
707 2702 760 2758 4.
789 2733 860 2744 -—
888 2701 1124 2771 Amplius
1147 2698 1264 2753 lava
1288 2715 1369 2752 me
1392 2696 1456 2750 ab
1483 2690 1745 2765 injustitia
1771 2705 1887 2744 mea
1911 2696 1959 2742 et
1991 2700 2024 2740 α

438 2796 630 2854 delicto
655 2812 768 2850 meo
787 2794 985 2848 munda
1007 2809 1108 2846 me.
1132 2791 1352 2845 Munere
1375 2783 1759 2843 misericordia:
1782 2789 1887 2836 tute
1907 2779 2026 2832 lava

440 2901 551 2952 me,
583 2886 828 2949 Domine,
861 2885 930 2938 ab
959 2882 1235 2954 iniustitiae
1256 2895 1391 2935 mete
1429 2877 1656 2933 maculis
1687 2895 1698 2929 :
1725 2889 1826 2929 nec
1855 2871 2026 2928 solum

441 2979 582 3044 lava,
620 2977 717 3034 sed
741 2978 903 3034 etiam
931 2975 1130 3030 munda
1157 2971 1308 3045 [Ms.,
1342 2967 1595 3041 emunda]
1618 3008 1633 3033 ,
1655 2981 1723 3022 ne
1743 2963 1871 3036 quid
1912 2977 2030 3018 sor—

443 3073 628 3131 didum
660 3077 938 3125 remaneat
978 3067 1032 3122 in
1067 3067 1181 3120 vita
1225 3079 1365 3119 mea.
1399 3061 1690 3118 Sordidarc
1716 3072 1803 3113 me
1829 3055 2028 3127 potui,

442 3163 539 3220 sed
563 3160 856 3216 emundare
884 3171 1094 3227 nequeo
1117 3195 1134 3222 ,
1177 3154 1281 3209 nisi
1331 3161 1386 3207 tu
1431 3151 1655 3207 Domine
1695 3147 1820 3202 Jesu
1851 3139 2030 3199 sancti
2059 3129 2107 3192 C

445 3252 726 3326 sanguinis
757 3250 832 3306 tui
862 3248 1176 3318 aspersione
1211 3243 1470 3300 mundum
1506 3255 1593 3295 me
1619 3238 1808 3293 facias.

515 3345 680 3402 Vsus.
721 3344 776 3400 5.
821 3373 891 3384 -—-
921 3340 1184 3406 Quoniam
1227 3335 1556 3406 iniquitatem
1594 3346 1762 3384 meam
1803 3344 1896 3398 ego
1943 3342 2032 3379 co-

443 3454 660 3510 gnosco,
709 3444 758 3489 et
791 3433 1039 3488 delictum
1092 3442 1265 3481 meum
1319 3433 1499 3478 contra
1547 3438 1630 3475 me
1685 3431 1759 3474 est
1808 3432 2026 3486 semper.

443 3508 701 3586 Nostrum
744 3535 826 3581 est
854 3529 1080 3594 peccata
1109 3525 1293 3572 nostra
1333 3526 1664 3585 cognoscere
1685 3508 1838 3582 [Μδη
1869 3521 2032 3576 agno-

447 3620 626 3693 scere]
655 3662 671 3686 ,
699 3628 754 3675 ct
791 3616 1071 3674 humiliter
1095 3611 1362 3669 conﬁteri.
1397 3608 1492 3663 Dei
1518 3615 1602 3663 est
1631 3621 1734 3660 non
1765 3606 2033 3674 imputare

446 3714 624 3776 nobis,
651 3712 744 3766 sed
768 3706 1194 3764 misericorditer
1212 3705 1512 3774 ignoscere.
1530 3697 1754 3752 Plurimi
1778 3695 1918 3751 scire
1937 3708 2033 3747 sua

446 3810 674 3876 peccata
698 3805 962 3870 possunb.
986 3797 1081 3851 sed
1105 3796 1204 3850 soli
1231 3794 1305 3848 illi
1331 3795 1466 3848 bene
1488 3806 1554 3848 ea
1585 3801 1876 3859 agnoscere
1904 3799 2032 3854 pro-

447 3895 680 3955 bantur,
708 3889 800 3959 qui
831 3887 917 3942 illa
950 3887 1199 3940 videntur
1229 3883 1446 3956 prepria
1482 3879 1856 3936 exsecratione
1885 3876 2036 3930 dam-

451 3996 607 4038 nare.
655 3976 902 4033 Perfecta
934 3977 1078 4031 enim
1107 3972 1427 4046 paenitentia
1478 3980 1563 4026 est
1613 3968 1795 4024 futura
1842 3980 2038 4021 cavere

449 4078 678 4144 peccata
732 4077 787 4124 et
830 4068 1015 4139 lugere
1067 4066 1362 4138 praeterita.
1431 4062 1593 4133 352
1639 4059 1805 4114 Addit
1853 4067 2036 4111 autem

450 4161 622 4217 David
650 4179 662 4214 :
690 4159 756 4214 Et
785 4158 1030 4213 delictum
1059 4172 1232 4209 meum
1261 4163 1441 4208 contra
1469 4169 1548 4206 me
1574 4162 1647 4204 est
1675 4165 1893 4220 semper.
1936 4147 2039 4202 De-

449 4253 638 4309 lictum
669 4258 912 4304 nostrum
931 4254 1121 4301 contra
1143 4260 1242 4299 nos
1267 4241 1638 4314 ponimus,ch
1667 4254 1853 4293 coram
1879 4237 2039 4292 nobis

452 4359 669 4416 semper
715 4341 1000 4403 habemus,
1032 4335 1247 4408 quando
1277 4335 1330 4388 in
1359 4331 1623 4388 memoria
1663 4329 1796 4385 illud
1835 4328 2040 4397 jugiter

2126 1879 2416 1934 conﬁtetur
2449 1879 2636 1934 dicens
2662 1893 2677 1931 :

2196 1969 2357 2024 Vnus.
2390 1970 2440 2022 7.
2464 2000 2536 2009 —
2563 1968 2700 2022 Ecce
2737 1970 2790 2021 in
2820 1968 3181 2039 iniquitatibus
3219 1979 3493 2040 conceptus
3518 1986 3631 2024 sum
3656 1977 3708 2023 et

2123 2062 2180 2114 in
2223 2060 2424 2115 delictis
2461 2060 2693 2130 concepit
2739 2058 2884 2130 [Ms.,
2935 2061 3159 2130 peccatis
3185 2058 3402 2131 peperit]
3431 2076 3510 2114 me
3541 2069 3710 2114 mater

2123 2166 2259 2203 mea.
2289 2149 2422 2216 Quis
2449 2165 2535 2204 me
2561 2159 2742 2220 potest
2764 2165 2828 2204 ex
2859 2149 3134 2204 immundo
3163 2151 3368 2206 semine
3388 2159 3707 2221 conceptum

2125 2240 2386 2294 mundum
2439 2238 2619 2294 facere
2643 2280 2657 2304 ,
2683 2239 2787 2294 nisi
2821 2248 2878 2294 tu
2910 2239 3050 2294 Deus
3091 2239 3239 2294 solus
3259 2280 3274 2306 ,
3301 2240 3393 2310 qui
3425 2240 3542 2295 sine
3583 2255 3713 2311 pec-

2126 2337 2249 2384 cato
2273 2329 2366 2384 es?
2389 2330 2528 2397 Quid
2557 2331 2755 2385 mirum
2794 2340 2879 2385 est
2915 2339 3094 2386 autem
3115 2371 3130 2393 ,
3154 2331 3201 2386 si
3241 2330 3484 2397 fecerim,
3514 2333 3569 2386 in
3593 2323 3740 2401 qui"

2125 2422 2227 2477 bus
2252 2436 2340 2476 me
2382 2430 2720 2492 peccatorem
2767 2421 3026 2478 conﬁteor
3051 2463 3066 2488 ,
3095 2423 3187 2492 qui
3212 2423 3323 2493 jam
3350 2438 3415 2478 ex
3458 2423 3706 2494 originali

2124 2522 2348 2583 peccato
2374 2514 2429 2567 in
2472 2514 2846 2584 iniquitatibus
2882 2515 2997 2570 scio
3041 2530 3128 2570 me
3169 2529 3288 2570 esse
3337 2525 3652 2586 conceptum
3681 2515 3709 2569 2

2127 2605 2220 2674 qui
2245 2613 2372 2660 ante
2395 2613 2614 2674 peccata
2641 2605 2886 2660 contraxi
2912 2645 2928 2671 ,
2975 2621 3137 2675 quam
3168 2604 3293 2658 vitae
3315 2604 3578 2675 principia
3609 2605 3708 2659 ha-

2126 2697 2345 2751 berem?
2373 2695 2418 2750 Ο
2448 2697 2673 2751 Domine
2695 2694 2844 2762 Jesu,
2873 2696 3070 2765 quibus
3102 2695 3528 2750 misericordiam
3563 2703 3708 2750 tuam

2128 2790 2378 2845 laudibus
2422 2788 2697 2844 efferimus
2725 2830 2739 2854 ,
2789 2804 2923 2859 quas
2972 2788 3070 2843 tibi
3117 2789 3412 2859 gratiarum
3470 2788 3714 2843 actiones

2130 2882 2322 2955 dignas
2351 2882 2630 2938 exsolvere
2669 2897 2984 2952 possumus,
3013 2883 3106 2952 qui
3129 2897 3229 2937 nos
3255 2882 3321 2936 de
3346 2882 3506 2953 hujus
3538 2881 3714 2937 chiro-

2131 2978 2320 3050 graphi
2357 2979 2537 3034 debito
2562 2979 2616 3032 in
2646 2978 2908 3048 sanguine
2953 2984 3046 3030 tuo
3091 2975 3368 3041 liherasti,
3423 2975 3608 3031 delens
3657 2976 3714 3029 in

2133 3087 2295 3129 cruce
2344 3079 2560 3126 nostras
2601 3077 2950 3142 peccatorum
3007 3068 3318 3134 cautiones,
3363 3082 3482 3137 qua:
3527 3075 3719 3122 contra

2137 3180 2238 3220 nos
2266 3179 2296 3217 a
2327 3163 2517 3233 primis
2540 3161 2856 3233 parentibus
2895 3158 3218 3229 conscripta:
3243 3167 3367 3214 sunt
3392 3159 3596 3214 nostris
3625 3157 3644 3210 ?

2203 3258 2368 3312 Vens.
2400 3257 2452 3311 8.
2478 3285 2551 3297 -ο
2585 3254 2722 3308 Ecce
2751 3254 2888 3308 enim
2917 3252 3186 3306 veritatem
3213 3251 3442 3304 dilexisti
3465 3290 3478 3311 ,
3512 3251 3718 3303 incerta

2135 3358 2181 3402 et
2212 3349 2416 3401 occulta
2452 3345 2723 3416 sapientia:
2751 3354 2853 3398 tua:
2881 3342 3232 3411 manifestasti
3267 3341 3412 3394 mihi.
3451 3338 3604 3394 Sicut
3626 3354 3722 3394 su-

2134 3439 2333 3508 periori
2362 3454 2522 3493 versu
2548 3453 2646 3508 per
2672 3451 2958 3492 commune
3001 3435 3258 3490 delictum
3296 3433 3544 3504 probavit
3573 3432 3719 3502 quod

2135 3544 2295 3584 nemo
2321 3529 2562 3598 peccatis
2587 3526 2904 3582 redderetur
2923 3534 3205 3595 exemptus
3233 3525 3387 3597 [Ms.,
3410 3521 3716 3595 exceptus];

2137 3618 2217 3672 sic
2247 3617 2445 3672 iterum
2474 3617 2528 3670 in
2572 3616 2879 3672 conﬁtendo
2929 3624 3148 3685 peccata
3198 3615 3482 3669 veritatem
3536 3614 3721 3677 dixit,

2136 3722 2298 3777 quam
2327 3707 2450 3779 plus
2479 3707 2737 3762 Dominus
2767 3707 2924 3770 Deus,
2953 3721 3017 3760 ac
3043 3720 3201 3775 super
3225 3704 3406 3758 omnia
3450 3701 3722 3757 sacriﬁcia

2137 3800 2384 3870 requirit.
2417 3798 2532 3854 Non
2569 3799 2712 3853 enim
2749 3798 2890 3853 Deus
2927 3795 3227 3852 delectatur
3251 3795 3429 3866 pomis
3478 3794 3719 3855 nostris,

2138 3894 2231 3948 sed
2261 3891 2653 3947 confessionem
2679 3891 2870 3960 quaerit
2889 3889 3111 3944 erroris.
3143 3887 3354 3942 Incerta
3381 3901 3511 3958 ergo
3542 3896 3591 3940 et
3629 3896 3720 3939 occ

2139 3983 2280 4037 culta
2315 3983 2583 4052 sapientia:
2633 3990 2738 4034 tute
2786 3979 3135 4050 manifestasti
3165 3979 3330 4043 mihi;
3355 3977 3610 4033 nimirum
3655 3989 3722 4030 ea

2138 4091 2260 4145 qua:
2286 4074 2430 4128 Deus
2467 4072 2590 4146 [illi]
2623 4073 2675 4126 in
2706 4072 2823 4126 Filii
2848 4072 2930 4127 sui
2970 4070 3404 4126 manifestatione
3444 4067 3720 4124 revelavit.

2140 4165 2382 4220 Primum
2409 4176 2468 4220 ut
2494 4177 2844 4236 agnoscerem
2870 4163 3070 4218 habere
3091 4179 3214 4219 eum
3241 4163 3407 4217 ﬁlium
3433 4179 3448 4228 ;
3482 4160 3677 4217 deinde
3703 4199 3718 4221 .

2141 4265 2199 4310 ut
2228 4257 2400 4327 ipsum
2432 4271 2645 4311 nossem
2673 4270 2741 4310 ex
2785 4270 2906 4310 meo
2953 4253 3160 4309 semine
3197 4255 3249 4307 in
3287 4253 3468 4308 carnis
3517 4265 3726 4306 assum-

2141 4348 2322 4418 ptione
2347 4356 2655 4412 venturum,
2685 4361 2917 4415 eumque
2940 4346 3291 4415 praedicarem
3315 4384 3328 4408 ,
3381 4352 3436 4397 et
3482 4353 3726 4396 resurre-

453 4445 702 4492 tenemus
729 4432 797 4486 ad
827 4427 1236 4501 supplicandum
1266 4439 1365 4497 pro
1390 4439 1455 4479 eo
1479 4463 1493 4489 ,
1524 4423 1696 4478 donec
1719 4421 1968 4474 vincatur
2007 4434 2038 4472 a
2070 4472 2120 4534 Β
2143 4441 2338 4494 omnis
2363 4439 2587 4509 gloriam
2609 4440 2912 4493 nuntiarem
2935 4450 2981 4490 α,
3011 4436 3272 4506 Sequitur
3296 4451 3310 4488 ε

454 4527 612 4583 nobis
642 4524 911 4594 mortique
966 4523 1122 4578 detur
1167 4518 1548 4588 sempiternae;
1583 4529 1652 4568 ne
1698 4513 1893 4568 iterum
1941 4525 2041 4565 nos

452 4617 726 4674 debellare
752 4617 947 4678 valeat,
983 4614 1124 4669 sicut
1147 4612 1356 4683 pridem
1386 4609 1531 4664 fecit.
1565 4607 1699 4678 Nam
1729 4606 1889 4660 toties
1916 4617 2042 4674 pec-

457 4716 579 4764 cata
605 4707 942 4778 respicimus,
969 4705 1180 4776 quoties
1201 4703 1484 4757 commissa
1516 4700 1874 4770 deploramus.

529 4796 693 4853 Vnus.
718 4795 842 4851 6.-
870 4794 983 4850 Tibi
1003 4793 1102 4848 soli
1127 4793 1332 4864 peccavi
1354 4803 1402 4846 et
1422 4791 1618 4846 malum
1651 4807 1826 4844 coram
1850 4800 1898 4842 te
1919 4789 2038 4859 feci.

459 4887 597 4963 [Soli
645 4889 756 4944 Deo
800 4885 882 4960 se]
919 4899 1173 4958 peccasse
1201 4884 1505 4947 conlitetur,
1541 4883 1666 4953 quia
1697 4882 1810 4935 Rex
1854 4889 2044 4950 potens

458 4979 622 5034 alium
650 4994 758 5035 non
788 4976 982 5032 metuit
1027 4975 1256 5030 ultorem
1303 4973 1511 5045 peccati
1559 4973 1662 5028 sui.
1693 4972 1761 5027 Et
1786 4980 1845 5025 ut
1873 4971 2046 5040 majus

457 5071 761 5140 iniquitatis
783 5067 958 5123 scelus
981 5064 1308 5128 ostenderet,
1333 5063 1577 5133 adjunxit
1603 5080 1614 5115 :
1648 5060 1842 5116 malum
1867 5077 2044 5114 coram

461 5170 513 5215 te
549 5159 674 5232 feci.
734 5159 872 5214 Dum
907 5157 1054 5212 enim
1092 5155 1291 5224 ubique
1320 5163 1371 5208 te
1398 5161 1716 5224 praesentem
1763 5153 1998 5208 sciebam
2027 5193 2043 5216 ,

465 5251 609 5328 [cur]
637 5252 694 5307 in
721 5250 1008 5323 praesentia
1038 5247 1174 5303 tanti
1203 5244 1412 5301 Iudicis
1437 5260 1542 5299 non
1571 5244 1877 5298 metuebam
1923 5258 2047 5312 pec-

534 5440 559 5470 ι
585 5427 645 5482 ln
668 5427 825 5483 codd.
852 5443 980 5483 mss.
1009 5425 1193 5497 priora
1225 5426 1304 5497 ita
1326 5424 1576 5497 leguntur
1590 5437 1614 5497 _:
1646 5418 1956 5497 «Primum,
1992 5428 2052 5473 ut

461 5506 782 5567 agnosceret
825 5492 1028 5554 habere
1066 5512 1191 5551 eum
1258 5492 1464 5567 ﬁliuni;
1517 5492 1713 5567 deinde
1758 5499 1819 5544 ut
1875 5492 2049 5561 ipsum

463 5562 668 5631 nosset,
696 5583 763 5621 ex
792 5583 899 5637 quo
921 5568 1130 5623 semine
1156 5567 1210 5621 in
1245 5562 2053 5637 carnis]assumptione__vcntu-

462 5651 558 5691 rus
579 5629 762 5700 esset,
793 5629 854 5709 tit
880 5637 1148 5709 passionis
1173 5650 1386 5706 quoque
1422 5629 1654 5709 ﬁguram
1693 5629 2011 5709 praediceret
2033 5667 2046 5690 9

463 5716 521 5764 et
557 5700 971 5763 resurrectionis
1005 5700 1230 5776 gloriam
1283 5700 1594 5759 nuntiaret:
1630 5710 1684 5758 et
1700 5700 1904 5757 deinde
1944 5713 2050 5752 non

2217 4532 2379 4586 Vens.
2410 4531 2463 4586 9.
2495 4561 2565 4570 —
2599 4530 2851 4601 Asperges
2899 4545 2979 4583 me
3019 4529 3242 4600 hyssOpo
3289 4535 3336 4580 et
3386 4521 3729 4586 mundabor;

2144 4619 2342 4674 lambis
2371 4636 2451 4673 me
2477 4661 2492 4684 ,
2539 4628 2589 4673 et
2635 4635 2791 4689 super
2834 4619 2999 4672 nivem
3043 4617 3343 4671 dealbabor.
3384 4613 3538 4667 Sicut
3579 4611 3728 4665 enim

2144 4709 2410 4779 hyssopus
2453 4706 2606 4780 [Ms.,
2631 4709 2924 4778 hyssopum
2971 4714 3356 4759 terrenum.....
3389 4698 3596 4772 aptum]
3623 4709 3732 4754 ter-

2146 4814 2274 4853 rena
2306 4798 2557 4854 curandis
2587 4797 2930 4868 pulmonibus
2956 4805 3078 4864 apta
3103 4804 3206 4856 est,
3234 4803 3294 4848 ut
3333 4799 3542 4847 avertat
3584 4787 3730 4844 inﬂa-

2149 4890 2346 4944 tionem
2381 4905 2394 4942 :
2434 4889 2508 4942 ita
2544 4887 2753 4942 cmlesti
2798 4887 2920 4956 quis
2966 4899 3247 4952 respersus
3293 4885 3549 4954 hySSOpo,
3575 4880 3732 4936 idest

2148 4979 2450 5034 humilitate
2493 4979 2706 5044 cordis,
2753 4979 2820 5032 ab
2865 4977 3012 5032 omni
3071 4977 3338 5047 superbia:
3400 4973 3736 5044 malignitate

2147 5077 2430 5140 purgatur.
2455 5068 2683 5124 Lavahis
2701 5083 2831 5140 ergo
2850 5083 2938 5121 me
2958 5075 3012 5121 et
3033 5081 3197 5136 super
3218 5066 3398 5121 nivem
3420 5063 3732 5124 dealbabor,

2149 5175 2380 5230 cumque
2414 5167 2635 5230 peccata
2680 5174 2799 5214 mea
2849 5157 3122 5227 phmnicio
3153 5156 3263 5210 sint
3306 5153 3535 5215 similia.
3581 5151 3735 5222 quasi

2151 5255 2243 5304 nix
2273 5250 2666 5306 dealbabuntnr
2701 5250 2751 5301 ι’.
2781 5248 2956 5319 Super
2991 5247 3170 5301 nivem
3213 5255 3394 5300 autem
3440 5243 3624 5298 album
3668 5242 3737 5297 de

2154 5447 2235 5495 se,
2259 5431 2408 5494 dicit,
2431 5428 2677 5483 debuisse
2698 5441 2945 5498 peccare,
2963 5441 3086 5482 cum
3108 5423 3234 5478 talia
3261 5421 3547 5477 meruisset
3571 5432 3738 5488 agni.-

2267 5517 2326 5552 'e.
2366 5517 2384 5548 ι

2267 5517 2275 5528 .
2314 5540 2326 5552 .
2366 5517 2384 5548 ,

2155 5515 2342 5623 suain
2369 5566 2524 5623 codd.
2559 5583 2688 5624 mss.
2719 5587 2737 5619 ‹
2772 5567 2841 5623 Ut
2875 5566 3000 5638 quia
3039 5572 3259 5637 peccata
3303 5577 3421 5618 mea
3465 5557 3740 5632 phemirio

2157 5646 2283 5695 sunt
2303 5639 2522 5705 similia,
2550 5639 2702 5709 quasi
2731 5639 2822 5693 nix
2845 5635 3183 5694 dealbentur.
3215 5653 3236 5688 ι
