4012 6188
312 330 423 385 5εῆ

907 324 1312 381 EXECETICA.
1352 354 1420 364 -ο
1457 324 1813 380 EXPOSITIO
1851 327 1882 379 l';

1988 325 2147 379 ’SAL.
2193 325 2787 393 PGJNITENTIALES,
2830 331 2979 385 ΕΠΖ.

3464 333 3565 386 586

311 442 633 514 corporibus
679 424 809 494 nihtl
850 447 1024 508 potest
1057 439 1302 506 inveniri.
1331 439 1434 491 Sed
1464 437 1582 493 ideo
1610 454 1770 508 super
1812 440 1888 507 ni-
1915 449 1960 501 Α
2063 438 2222 510 Vens.
2257 439 2622 495 l6.-—Libera
2645 459 2724 496 me
2748 444 2812 496 de
2841 446 3203 514 sanguinibus,
3240 446 3396 507 Deus.
3431 448 3567 501 Dens

312 551 437 593 γεω
464 533 624 598 dixit,
656 533 781 600 quia
805 531 1060 600 spiritalis
1082 530 1259 600 anima
1285 529 1439 599 longe.
1465 545 1625 599 supra
1665 545 1888 600 corpora

313 624 575 680 mundata
626 619 952 690 resplendet.
1002 617 1286 672 Humilitas
1313 617 1513 673 Christi
1543 617 1704 671 solvit
1736 617 1889 688 [Ms.,

313 709 560 782 salvavit]
605 717 825 780 peccata
855 716 1062 780 nostra,
1091 707 1404 781 humillima:
1431 707 1612 764 herbae
1659 708 1892 777 hyssopo

311 802 450 856 bene
479 806 790 870 comparata
832 813 844 849 :
891 811 1010 865 quae
1033 836 1047 858 ,
1091 796 1230 849 sicut
1255 803 1310 862 et
1333 796 1448 850 haec
1473 810 1504 848 a
1532 797 1846 865 corporibus
1872 835 1886 857 .

311 892 381 946 ab
413 886 609 956 animis
638 885 838 948 nostris
872 882 1201 939 inﬂationem
1233 883 1366 937 tollit
1395 884 1680 954 superbiae.

390 981 552 1040 Vens.
583 976 670 1031 lo.
698 1006 768 1016 —
790 974 1008 1029 Auditui
1049 990 1162 1028 meo
1188 973 1337 1028 dabis
1361 973 1611 1043 gaudium
1656 984 1702 1025 et
1753 971 1889 1026 lam-

309 1071 442 1122 tiant
467 1107 484 1132 ,
519 1078 564 1120 et
591 1063 922 1119 exsultabant
961 1079 1080 1117 ossa
1109 1061 1406 1116 humiliata.
1445 1061 1664 1115 Auditui
1707 1061 1890 1115 datum

311 1167 397 1212 est
423 1156 676 1226 gaudium
701 1194 717 1218 ,
749 1154 960 1223 quando
986 1153 1120 1221 dixit
1143 1153 1191 1207 ei
1222 1151 1450 1218 Nathan,
1491 1153 1778 1208 dimissum
1807 1160 1891 1207 est

310 1254 594 1316 peccatum
631 1255 779 1298 tuum
813 1241 900 1315 (II
932 1240 1059 1312 Reg.
1084 1259 1184 1306 xu,
1231 1242 1339 1314 13).
1370 1242 1632 1296 Gaudium
1659 1243 1892 1313 pertinet

310 1336 380 1390 ad
410 1333 799 1390 absolutionem
826 1371 840 1396 ,
889 1331 1073 1385 laetitia
1100 1331 1165 1385 ad
1190 1339 1444 1399 perpetua
1473 1330 1694 1400 praemia
1718 1331 1892 1409 possi-

311 1427 508 1482 denda.
541 1423 699 1494 353
729 1421 796 1476 Et
823 1419 1174 1479 exsultabant.
1209 1421 1402 1490 inquit,
1447 1437 1564 1488 ossa
1591 1420 1886 1496 Iutmiliata,

311 1515 565 1577 virtutes,
595 1504 714 1581 qua:
741 1511 893 1586 prius
921 1508 1135 1563 fuerant
1157 1518 1377 1579 peccato
1404 1509 1716 1564 humiliata.
1745 1510 1842 1564 Vel
1873 1529 1884 1562 :

309 1601 631 1676 aeternitatis
652 1614 776 1674 spes
805 1597 958 1670 [Ms.,
985 1599 1256 1652 azternitas
1281 1599 1394 1667 spei
1427 1597 1580 1671 meae]
1602 1638 1616 1663 ,
1650 1615 1770 1669 quae
1807 1615 1891 1654 me

309 1698 569 1761 peccante
603 1688 880 1742 humiliata
921 1687 1117 1752 fuerat,
1151 1695 1202 1742 te
1227 1687 1535 1758 indulgente
1563 1688 1813 1743 exsultat.

1990 524 2174 605 salutis
2199 543 2342 596 mew.
2376 537 2422 579 et
2463 527 2710 583 exaltabit
2740 531 2917 601 lingua
2959 549 3072 586 mea
3100 533 3362 602 justitiam
3401 549 3562 591 tuam.

1990 613 2233 669 Liberari
2281 630 2338 669 se
2382 616 2516 685 petit
2555 617 2820 688 Propheta
2865 621 2931 674 de
2959 622 3338 691 sanguinibus,
3378 626 3431 682 id
3461 639 3563 689 est,

1989 703 2298 758 carnalibus
2333 704 2560 770 delictis,
2601 715 2661 760 ut
2687 707 2799 774 jam
2837 709 3105 765 desineret
3145 713 3195 766 in
3235 715 3337 769 ista
3366 715 3569 790 fragili-

1991 799 2101 846 tate
2124 808 2368 861 peccare.
2414 793 2644 866 Sanguis
2671 798 2812 852 enim
2835 815 2932 868 pro
2960 816 3187 871 corpore
3214 805 3446 862 humano
3472 823 3568 878 po-

1990 880 2157 969 nitur,
2197 882 2322 950 quia
2359 885 2500 939 inler
2536 895 2760 941 caeteros
2798 889 3048 945 humores
3086 891 3206 959 ejus
3242 896 3355 966 ipse
3391 902 3569 969 potior

1988 968 2201 1024 videtur
2241 971 2494 1027 existere.
2534 973 2687 1041 Quod
2732 991 2860 1030 vero
2899 979 2992 1042 ait,
3034 980 3173 1036 Deus
3205 968 3564 1054 salutisimea;

1990 1057 2256 1126 signiﬁcat
2286 1058 2569 1114 Dominum
2601 1060 2958 1145 salvatorem,
2978 1055 3090 1136 per
3117 1055 3280 1150 quem
3309 1073 3453 1150 salus
3479 1080 3564 1145 pic

1989 1145 2332 1202 credentibus
2378 1148 2554 1202 datur.
2597 1143 2829 1232 Addidit
2855 1153 3036 1220 etiam,
3089 1143 3344 1238 exaltabit.
3387 1143 3566 1232 lingua

1989 1249 2103 1287 mea
2119 1234 2382 1314 justitiam
2408 1245 2578 1300 tuam,
2614 1237 2665 1290 id
2690 1248 2791 1304 est,
2823 1241 2867 1296 si
2895 1257 2979 1296 me
3009 1234 3323 1315 liberaveris
3350 1249 3415 1303 de
3445 1265 3568 1302 san-

1989 1323 2260 1390 guinibus,
2291 1325 2433 1405 quod
2463 1325 2776 1396 intelligitur
2801 1329 2866 1383 de
2895 1315 3149 1400 peccatis,
3177 1335 3386 1390 laudem
3419 1348 3562 1392 tuam

1990 1411 2170 1494 lingua
2199 1428 2316 1468 mea
2341 1414 2486 1482 juste
2508 1415 2772 1504 loquetur,
2805 1419 2887 1501 vel
2913 1422 3227 1503 praedicabit
3250 1425 3425 1496 lingua
3448 1443 3562 1482 nwa

1990 1503 2241 1557 mandata
2271 1513 2381 1558 tua.

2061 1593 2220 1648 Vens.
2249 1595 2664 1664 i7.—Domine,
2697 1599 2835 1655 labia
2859 1618 2973 1656 mea
2995 1605 3215 1673 aperies,
3237 1615 3284 1659 et
3310 1622 3366 1660 os
3395 1624 3561 1682 meum

1991 1681 2319 1735 annuntiabit
2341 1681 2547 1763 laudem
2569 1696 2732 1739 tuam.
2760 1689 2926 1744 Labia
2947 1689 3246 1760 Prophetas,
3277 1681 3401 1763 quas
3421 1694 3565 1749 clau-

383 1781 545 1835 V'ens.
577 1779 941 1832 {L—Averte
967 1777 1154 1852 faciem
1183 1786 1327 1830 tuam
1354 1795 1384 1830 a
1412 1779 1633 1847 peccatis
1669 1779 1818 1842 meis,
1845 1787 1893 1832 et
1927 1778 1970 1838 Β
1999 1785 2056 1824 sa
2089 1770 2300 1850 fuerant
2327 1774 2629 1840 conditione
2661 1778 2890 1845 peccati,
2922 1780 3182 1836 beneﬁcio
3217 1770 3566 1860 absolutionis

309 1887 489 1944 omnes
519 1870 815 1942 iniquitates
847 1885 988 1944 meas
1014 1866 1144 1940 dele.
1186 1866 1262 1938 Ne
1289 1882 1407 1922 mea
1439 1878 1658 1944 peccata
1691 1870 1768 1924 sic
1798 1885 1888 1924 ac-

311 1961 484 2030 cipias
517 1958 673 2031 [Ms.,
712 1956 996 2030 aspicias],
1028 1965 1088 2011 ut
1114 1965 1452 2033 revertantur
1482 1958 1547 2012 ad
1575 1959 1886 2037 memoriam

310 2059 482 2123 tuam.
521 2049 716 2103 Averte
751 2047 939 2104 faciem
977 2055 1153 2126 tuam;
1194 2063 1258 2102 ac
1295 2049 1339 2107 si
1377 2048 1540 2112 dicat,
1581 2065 1646 2104 ne
1682 2051 1885 2125 videas.

312 2155 380 2195 ne
423 2139 720 2204 recorderis
758 2138 866 2192 illa.
923 2137 989 2191 Et
1027 2154 1202 2192 omnes
1238 2139 1536 2216 iniquitates
1573 2155 1713 2192 meas
1744 2138 1884 2207 dele,

307 2229 632 2307 praeteritas,
672 2236 960 2298 praesentes
997 2236 1052 2282 et
1087 2227 1313 2282 futuras.

389 2317 546 2392 Vens.
583 2316 870 2370 12.—Cor
897 2317 1144 2388 mundum
1173 2333 1292 2372 crea
1321 2318 1374 2388 in
1399 2333 1496 2394 me,
1527 2317 1684 2383 Deus,
1714 2328 1760 2374 et
1781 2319 1885 2390 spi—

309 2408 474 2472 ritum
517 2417 709 2477 rectum
745 2408 934 2483 innova
971 2408 1027 2482 in
1068 2406 1343 2480 visceribus
1381 2409 1528 2461 meis.
1577 2407 1714 2462 Petit
1749 2409 1884 2463 Pro-

308 2497 475 2566 pheta
503 2498 759 2555 mundum
787 2513 882 2552 cor
905 2497 1007 2551 sibi
1035 2497 1230 2561 creari,
1261 2497 1312 2552 id
1341 2506 1423 2552 est
1454 2500 1766 2563 restaurari,
1807 2498 1890 2570 [ut

314 2585 482 2659 Deum
503 2586 702 2658 videat]
732 2605 744 2639 :
769 2587 839 2640 ita
861 2595 914 2641 et
937 2587 1302 2657 unusquisque
1329 2587 1487 2642 debet
1516 2586 1714 2642 facere.
1761 2586 1888 2658 [Cor

1987 1861 2275 1937 aperienda
2303 1864 2734 1932 pronuntiantur.
2779 1863 2852 1920 Os
2878 1875 3056 1922 autem
3089 1869 3288 1923 dicitur
3301 1859 3362 1924 et
3386 1859 3564 1926 cardis

1988 1965 2241 2026 arcanum
2267 1990 2280 2014 ,
2334 1951 2472 2005 unde
2524 1951 2750 2008 ellicitur
2792 1955 2907 2010 laus
2935 1957 3131 2010 divina.
3179 1943 3367 2014 Merito
3411 1975 3558 2031 ergo,

1983 2049 2106 2120 post
2141 2041 2526 2096 absolutionem
2575 2046 2802 2114 peccati,
2852 2055 2906 2100 et
2955 2047 3091 2102 labia
3132 2037 3228 2121 sua
3277 2029 3563 2128 aperienda

1985 2143 2104 2183 esse
2141 2130 2472 2199 pronuntiat,
2511 2141 2566 2186 et
2599 2147 2662 2187 os
2697 2149 2854 2189 suum
2892 2137 3022 2215 dicit
3057 2141 3377 2215 annuntiare
3404 2157 3560 2213 posse

1984 2221 2250 2289 praeconia
2279 2231 2334 2276 et
2363 2221 2574 2279 laudem
2599 2223 2716 2293 ejus
2743 2241 2847 2296 qua
2872 2239 3146 2303 recreatus
3165 2241 3264 2286 est.

2057 2311 2216 2366 Vens.
2261 2312 2703 2380 18.—Quoniam
2733 2318 2779 2371 si
2817 2317 3062 2375 voluisses
3097 2323 3436 2392 sacri/icium,
3472 2327 3561 2380 de-

1985 2398 2175 2453 dissem
2216 2402 2420 2469 utique;
2457 2402 2775 2484 holocaustis
2814 2422 2916 2484 non
2950 2393 3302 2487 delectaberis.
3348 2394 3559 2485 Signiﬁ-

1986 2499 2074 2543 cat
2110 2491 2197 2545 bic
2241 2491 2507 2561 Propheta
2551 2493 2687 2547 ritus
2720 2509 2994 2550 sacrorum
3033 2513 3130 2567 per
3168 2501 3564 2560 immolationes

1984 2581 2270 2650 pecudum,
2313 2582 2405 2650 qui
2450 2591 2608 2662 erant
2641 2583 2696 2665 in
2740 2584 2968 2665 adventu
3005 2587 3214 2663 Domini
3255 2573 3556 2665 respuendi.

314 2676 566 2729 mundum
595 2693 711 2730 crea
733 2677 787 2730 in
809 2693 888 2730 me
907 2677 1068 2741 Deus,
1086 2684 1372 2748 propterea
1394 2678 1637 2747 rogabat,
1661 2685 1719 2730 ut
1734 2693 1888 2731 mun—
1987 2671 2138 2726 Unde
2175 2679 2386 2727 constat
2418 2660 2742 2754 Prophetam
2785 2660 2969 2752 sic—ad
3016 2661 3183 2757 Deum
3228 2660 3358 2755 tota-
3383 2696 3562 2760 mente

311 2765 413 2821 dus
436 2767 590 2840 ﬁeret
606 2783 635 2820 a
649 2767 920 2840 peccato.]
948 2768 1013 2821 Et
1035 2769 1272 2843 spiritum
1294 2779 1486 2822 rectum
1506 2769 1691 2824 innova
1715 2771 1768 2824 in
1791 2770 1882 2824 ris-

1988 2760 2328 2826 translatum,
2370 2771 2429 2816 ut
2473 2778 2578 2847 non
2623 2778 2684 2819 se
2733 2765 3014 2846 sacriﬁciis
3047 2785 3165 2840 qua:
3203 2770 3295 2845 illo
3324 2780 3562 2848 tempore

312 2856 518 2928 εει-ἱρω
558 2859 718 2933 meis,
760 2873 865 2932 quo
897 2856 993 2930 [te]
1033 2866 1178 2915 recte
1202 2858 1495 2923 conﬁtear;
1527 2858 1610 2912 vel
1641 2859 1886 2929 spiritum
1987 2850 2330 2920 serebantur,
2354 2851 2598 2935 crederet
2622 2854 2967 2931 expiandum,
3001 2860 3092 2940 sed
3121 2859 3210 2914 illa
3235 2849 3560 2940 magisobla-

313 2955 523 3021 reetum
559 2947 630 3002 ad
666 2948 950 3022 videndum
988 2958 1042 3002 et
1079 2949 1517 3015 discernendum,
1558 2949 1696 3003 sicut
1729 2956 1886 3003 antea

312 3045 495 3112 rectus
521 3035 623 3092 fuit
653 3037 708 3106 in
733 3053 836 3104 me,
869 3039 1079 3101 innova,
1120 3041 1242 3111 quia
1278 3048 1431 3096 vetus
1465 3039 1639 3096 factus
1669 3047 1752 3094 est
1786 3055 1886 3111 pro

1987 2941 2153 3025 tione,
2183 2954 2287 3027 qua
2317 2928 2446 3021 dicit
2468 2928 2858 3026 consequenter
2883 2931 3036 3026 me,
3067 2928 3342 3025 inferius];

2056 3030 2215 3114 Vsus.
2249 3033 2333 3112 l9.
2349 3065 2418 3075 -—
2432 3035 2763 3116 Sacriﬁcium
2783 3039 2890 3114 Deo
2911 3043 3123 3118 spiritus
3144 3046 3517 3115 contribulium
3545 3069 3560 3106 :

314 3109 558 3200 peccato.
599 3129 845 3185 Innovari
869 3131 1098 3201 postulat
1122 3109 1218 3201 per
1247 3133 1495 3202 gratiam,
1526 3140 1580 3188 et
1617 3109 1804 3199 addit,
1826 3131 1883 3206 in
1909 3113 1956 3176 C
1985 3109 2078 3214 cf?
2094 3109 2373 3196 ροητνίιιιηι
2396 3135 2441 3180 ει
2456 3109 2789 3207 Ἰξυιῃὶιὶάιιιίῃ
2813 3109 3363 3214 υὲαῖῃοηᾎεᾷρὶσξεξ.
3395 3134 3559 3209 Quasi

310 3220 592 3278 uisceribus
631 3223 790 3286 meis,
833 3221 973 3276 unde
1018 3230 1240 3277 noverat
1285 3222 1531 3277 adulterii
1571 3220 1886 3290 detestabile

309 3314 522 3376 crimen
567 3314 778 3368 exiisse.
830 3313 1080 3383 Utrisque
1125 3315 1268 3370 enim
1306 3314 1550 3384 partibus
1593 3313 1883 3383 remedium

308 3407 550 3476 petebat.
588 3405 838 3474 quoniam
876 3405 941 3460 de
981 3412 1208 3475 utroque
1247 3411 1582 3481 peccaverat.

391 3494 552 3548 Vsus.
584 3492 839 3548 I3.—Ne
860 3494 1106 3564 projicias
1128 3509 1206 3547 me
1225 3511 1257 3546 α
1277 3493 1410 3562 faeie
1430 3501 1542 3562 tua,
1561 3503 1608 3547 et
1631 3491 1883 3564 Spiritum

306 3592 551 3636 sanctum
584 3593 730 3636 tuum
761 3599 823 3636 ne
847 3582 1059 3650 auferas
1088 3601 1120 3635 a
1149 3599 1250 3636 me.
1294 3580 1369 3636 Ne
1395 3581 1647 3654 projicias
1674 3567 1789 3657 me,
1816 3599 1883 3637 ne

311 3673 451 3727 sicut
473 3671 604 3727 Cain
630 3670 782 3726 exsul
807 3686 835 3724 a
865 3679 914 3724 te
935 3669 1151 3725 elliciar.
1191 3669 1476 3741 Projicitur
1503 3687 1532 3725 a
1560 3670 1712 3746 facie.
1738 3673 1880 3742 quia

309 3772 465 3830 patre
492 3761 872 3817 contemnitur.
916 3760 1130 3817 Sciebat
1156 3761 1298 3828 enim
1329 3763 1396 3817 ab
1417 3761 1558 3834 illius
1583 3762 1718 3840 facie
1741 3762 1883 3837 sani-

312 3863 476 3907 tatem
504 3853 722 3915 mentis,
760 3859 815 3905 et
849 3851 1026 3906 lumen
1064 3851 1246 3906 venire
1281 3851 1574 3920 sapientiae,
1614 3860 1668 3906 et
1704 3852 1885 3906 crede-

309 3945 402 4000 bat
428 3958 488 3999 se
521 3943 739 4001 inimico
767 3943 930 4016 tradi,
969 3943 1015 4014 si
1048 3957 1078 3996 a
1111 3941 1259 4012 vultu
1304 3942 1512 4014 Domini
1550 3939 1883 4020 judicaretur

307 4034 523 4106 expelli.
553 4035 753 4103 Deinde
777 4049 904 4104 vero
921 4035 1164 4104 spiritum
1186 4035 1477 4104 prophetia:
1498 4035 1630 4104 petit
1656 4035 1754 4089 sibi
1776 4049 1880 4104 non

303 4123 530 4188 auferri,
558 4137 716 4192 quem
738 4123 1030 4193 pretiosum
1050 4138 1211 4193 supra
1237 4133 1427 4194 cuncta
1452 4140 1542 4179 rex
1569 4125 1773 4194 habuit.

377 4212 549 4265 Vens.
578 4211 743 4264 Μυ-
759 4211 932 4266 Redde
953 4213 1076 4266 mihi
1095 4212 1332 4268 ltetitiant
1351 4212 1595 4267 salutaris
1616 4216 1713 4277 tui,
1739 4215 1881 4269 illam

299 4301 523 4374 scilicet
550 4299 742 4356 Christi
774 4302 850 4356 tui
878 4303 1308 4367 exsultationem,
1340 4318 1500 4374 quam
1536 4303 1587 4357 in
1627 4318 1692 4358 eo
1721 4305 1881 4359 habui

305 4391 623 4464 priusquam
660 4391 1007 4460 peccaverim.
1052 4390 1296 4464 salutare
1326 4390 1419 4446 Dei
1446 4391 1620 4468 Patris
1641 4391 1884 4447 Christus

1987 3210 2155 3280 dicat,
2185 3228 2218 3269 ο
2241 3214 2432 3295 homo,
2461 3217 2505 3270 si
2532 3219 2870 3293 peccaveris,
2903 3220 3010 3294 noli
3038 3210 3373 3298 extrinsecus
3393 3241 3558 3297 pecus

1984 3305 2131 3386 quod
2173 3314 2375 3386 mactes
2421 3308 2726 3390 inquirere;
2750 3311 2915 3385 habes
2958 3313 3104 3368 intus
3135 3317 3278 3390 quod
3317 3317 3553 3390 occidas.

1984 3392 2276 3476 Postquam
2294 3398 2437 3478 enim
2455 3399 2589 3474 dixit
2605 3387 2722 3470 (ιικὲ
2735 3402 2999 3469 sacriﬁcia
3016 3389 3156 3472 Deus
3170 3409 3391 3478 respuit,
3414 3387 3555 3466 nunc

1985 3481 2117 3538 dicit
2141 3483 2230 3538 illa
2269 3477 2387 3569 qua:
2415 3489 2606 3557 poscit.
2647 3487 2795 3565 istud
2832 3491 2976 3565 enim
3012 3493 3200 3548 damus
3233 3477 3556 3552 sacriﬁcium

1987 3573 2117 3646 Deo,
2149 3576 2396 3661 spiritum
2428 3578 2632 3633 scilicet
2656 3579 2941 3652 superbiat,
2969 3582 3316 3651 confessionis
3346 3585 3554 3649 humili-

1985 3676 2096 3724 tate
2133 3663 2450 3744 mactatunt,
2488 3669 2650 3740 355
2687 3672 2826 3724 unde
2860 3687 2965 3740 non
3005 3674 3222 3744 sanguis
3259 3677 3556 3746 egreditur,

1985 3762 2078 3815 sed
2117 3761 2474 3833 lacrymarum
2514 3760 2710 3813 ﬂuenta
2744 3761 3056 3832 decurrunt.
3111 3762 3427 3836 [Sequiturz
3454 3769 3558 3835 Cor

1985 3849 2261 3900 contritum
2289 3856 2336 3900 et
2367 3845 2697 3923 humiliatum
2727 3847 2862 3902 Deus
2892 3867 2992 3918 non
3021 3852 3260 3926 spernit].
3299 3853 3403 3908 Cor
3434 3873 3556 3909 con-

1983 3939 2161 4014 tritum
2202 3945 2357 3992 vocat
2382 3937 2707 4009 poenitentia:
2745 3937 3014 4006 laboribus
3052 3943 3394 4012 vehementer
3426 3945 3556 4000 allii-

1980 4040 2149 4104 ctum.
2204 4027 2551 4099 Humiliatum
2573 4068 2587 4092 .
2619 4029 2727 4094 Deo
2755 4029 2980 4104 scilicet,
3017 4038 3076 4097 ut
3114 4033 3256 4101 quod
3290 4046 3414 4088 ante
3444 4035 3552 4088 t’ne-

1985 4128 2068 4173 rat
2083 4103 2311 4174 elatione
2333 4119 2640 4189 superbum,
2665 4117 2804 4191 l'oret
2822 4118 2908 4190 pia
2926 4118 3262 4188 confessione
3282 4121 3549 4176 devotum.

1984 4207 2134 4282 [Non
2169 4207 2384 4279 spernit]
2411 4225 2422 4260 :
2449 4215 2661 4262 constat
2694 4208 2836 4263 enim
2877 4208 3012 4270 tales
3049 4209 3344 4266 oblationes
3385 4211 3550 4267 Deum

1984 4314 2089 4354 non
2119 4313 2392 4371 spernere,
2429 4299 2564 4370 sicut
2597 4298 2682 4373 illa
2721 4299 3062 4374 cognoscitur
3089 4300 3267 4370 priora
3288 4301 3550 4356 sacriﬁcia

1984 4389 2268 4460 respuisse.

305 4455 413 4550 pst,
441 4455 508 4536 ac
537 4481 582 4535 si
613 4455 774 4544 dicat,
803 4482 940 4536 sicut
968 4459 1469 4550 ante'prtevidebam
1500 4479 1594 4558 p'er
1622 4481 1880 4552 Spiritum
1915 4455 1962 4513 ῐ)
2057 4455 2216 4532 vus.
2246 4477 2660 4554 20.—Benigne
2693 4479 2798 4547 fac,
2838 4477 3077 4542 Domine,
3113 4482 3166 4535 in
3205 4483 3335 4536 bona
3375 4483 3552 4538 volun-

310 4580 555 4626 sanctum
582 4587 705 4627 enm
733 4573 786 4626 in
813 4588 975 4628 carne
1002 4575 1228 4634 venisse,
1259 4583 1313 4627 et
1349 4574 1508 4648 modo
1545 4573 1626 4628 sic
1662 4573 1875 4628 faciam.

312 4660 377 4713 Et
409 4662 596 4732 spiritu
623 4661 895 4733 principali
917 4663 1169 4732 conﬁrma
1207 4680 1304 4728 me,
1330 4671 1388 4717 ut
1413 4663 1527 4732 ipsa
1558 4663 1610 4717 in
1639 4679 1723 4719 me
1751 4664 1878 4718 vitia

311 4764 416 4804 non
445 4750 812 4821 principentur
838 4749 991 4823 [Ms.,
1017 4751 1086 4823 Ut
1108 4752 1220 4820 ipse
1249 4751 1301 4805 in
1331 4766 1432 4813 me,
1457 4767 1561 4806 non
1586 4751 1712 4805 vitia
1733 4752 1877 4820 prin-

311 4837 598 4911 cipentur].
630 4837 897 4910 Conﬁrma
927 4856 1012 4917 me
1035 4838 1212 4914 [dixit]
1238 4855 1302 4894 ne
1328 4841 1520 4894 iterum
1547 4855 1786 4912 peccem,
1812 4856 1878 4895 ne

314 4945 343 4982 a
371 4939 422 4984 te
443 4931 638 5000 animae
662 4916 1014 5005 mutabilitate
1037 4929 1326 4986 discedam.
1369 4929 1466 4985 llic
1490 4940 1672 4985 sancta
1705 4929 1880 4984 Trini-

315 5027 396 5082 tas
425 5019 763 5098 intelligenda
794 5028 875 5074 est
901 5037 914 5073 :
944 5020 997 5074 in
1027 5020 1214 5090 spiritu
1253 5019 1529 5088 principali
1568 5021 1759 5099 Pater;
1805 5021 1878 5093 [in

314 5107 523 5181 spiritu]
552 5095 786 5178 Spiritus
806 5119 1051 5172 sanctus;
1083 5111 1135 5165 in
1163 5109 1351 5178 spiritu
1379 5119 1524 5165 recto
1553 5095 1735 5186 Filius.

383 5199 544 5276 Vens.
571 5199 1170 5275 l$.—-Doceboiniquos
1200 5200 1306 5254 vias
1333 5211 1470 5277 tuas,
1498 5209 1544 5254 et
1571 5201 1713 5270 impii
1740 5201 1808 5253 ad
1836 5210 1884 5253 te

314 5298 686 5354 convertentur.
726 5289 956 5365 Docebo,
982 5291 1219 5360 inquam,
1247 5291 1383 5354 illos,
1411 5297 1471 5345 ut
1493 5290 1821 5361 declinantes
1850 5304 1878 5342 a

315 5379 416 5434 viis
456 5380 638 5450 pravis
681 5389 738 5452 et
782 5380 1150 5456 pmnilentiam
1195 5389 1410 5454 agentes
1457 5381 1879 5438 misericordiam

314 5478 734 5538 consequantur,
757 5469 893 5524 sicut
915 5482 1014 5538 ego
1042 5483 1074 5546 ᾳ
1102 5477 1152 5521 te
1181 5468 1602 5532 misericordiam
1623 5483 1881 5525 consecu-

317 5567 402 5612 tus
437 5573 554 5613 sum
583 5572 598 5610 :
627 5559 730 5634 hoc
767 5567 870 5620 est,
917 5571 1205 5629 proponam
1245 5573 1328 5612 me
1370 5560 1562 5628 ipsum,
1608 5571 1664 5614 nt
1703 5578 1878 5617 meum

315 5650 617 5728 ι-κρηηιμιιπι
648 5650 734 5728 alii
766 5651 1058 5703 imitentur.

712 5763 978 5820 Parant.
1032 5756 1099 5817 (Ζ.

1984 4577 2086 4620 tate
2127 4577 2217 4619 tua
2261 4566 2412 4642 Sion,
2457 4577 2511 4620 ut
2551 4567 2873 4635 azdiﬁcentur
2910 4570 3044 4621 nturi
3073 4569 3383 4626 Jerusalem.
3423 4573 3551 4630 Sion

1983 4655 2195 4731 specula
2225 4656 2628 4725 interpretatur,
2659 4656 3027 4727 signiﬁcatque
3051 4658 3360 4726 Eeclesiam,
3387 4677 3546 4734 quam

1985 4754 2200 4801 sanctus
2225 4746 2486 4822 Propheta
2515 4754 2626 4808 toto
2649 4747 2779 4800 orbe
2808 4756 3072 4802 terrarum
3093 4749 3345 4806 :ediiicari
3368 4764 3545 4824 postn-

1986 4838 2076 4910 lat.
2115 4835 2408 4905 Jerusalem
2456 4837 2592 4892 visio
2627 4837 2774 4910 pacis
2809 4837 3211 4907 interpretatur.
3265 4841 3547 4910 (ﬁdi/iatn-

1979 4942 2062 4980 mr
2085 4942 2213 5000 ergo
2235 4929 2370 4981 muri
2395 4927 2708 4990 Jerusalem,
2739 4927 2788 4981 id
2812 4935 2913 4987 est.
2947 4937 3283 4984 monumenta
3306 4940 3548 4986 constru-

1980 5029 2140 5075 antur
2163 5017 2577 5092 inuuortalitatis
2600 5025 2798 5073 nostrae
2833 5019 2885 5072 in
2921 5018 3025 5073 ﬁde
3057 5018 3134 5091 [et
3167 5019 3282 5092 spe]
3328 5030 3383 5076 et
3419 5023 3542 5077 cltu-

1981 5110 2158 5162 ritate.

2053 5197 2213 5251 Vsus.
2243 5197 2574 5253 2L—Tunc
2623 5200 2910 5270 acreptabis
2953 5203 3266 5270 sacriﬁcium
3300 5204 3544 5274 justitia',

1982 5287 2265 5342 oblationes
2298 5298 2345 5342 et
2380 5289 2703 5354 holocausta,
2740 5300 2861 5345 tunc
2900 5293 3160 5364 imponent
3189 5312 3343 5366 super
3381 5295 3548 5352 altare

1981 5389 2134 5454 tuum
2154 5378 2380 5433 vitulam-
2404 5379 2556 5435 Patri
2590 5381 2820 5436 dicitur:
2850 5380 2991 5436 Tunc
3025 5385 3311 5454 acceptabis
3345 5389 3551 5457 sacrifi-

1982 5476 2121 5527 cium
2143 5470 2389 5540 justitiaz,
2419 5471 2472 5525 id
2495 5479 2598 5533 est.
2623 5471 2744 5528 Filii
2767 5472 3205 5542 gloriosissimam
3220 5478 3547 5548 passionem.

1981 5564 2072 5636 qui
2105 5579 2165 5620 se
2197 5561 2516 5620 sacrificium
2555 5578 2654 5636 pro
2693 5565 2942 5622 omnibus
2982 5567 3194 5632 obtulit,
3227 5579 3289 5625 ut
3324 5572 3546 5629 salutem

1985 5655 2232 5718 mundus,
2258 5670 2415 5722 quam
2444 5647 2829 5743 sttis'opcrilms
2856 5673 2957 5708 mm
2993 5661 3316 5727 merebatur,
3345 5666 3548 5730 arripv-

3038 5771 3111 5829 19
