4012 6188
413 376 530 440 ’33⁸1

1264 375 1321 428 Β.
1363 374 1421 427 F.
1462 372 1687 428 ALBINI
1728 374 1859 429 SEU
1900 371 2175 428 ALCUiNl
2214 370 2498 426 OPPIRUM
2538 369 2716 426 PARS
2753 371 2816 425 l'i.

3560 372 3675 428 εδδ

418 496 721 565 ηιυριιοά
747 506 870 546 vero
890 491 985 554 ait,
1009 489 1291 543 oblationes
1309 498 1356 541 et
1377 487 1701 553 holocausta,
1724 487 1790 542 ad
1809 484 1992 540 ﬁdeles
2024 491 2069 547 Α
2097 484 2208 548 dat,
2250 481 2482 552 postulat
2522 482 2778 549 auxilium
2831 483 2885 536 in
2926 484 3077 538 omni
3117 485 3362 554 angustia
3402 485 3675 543 divinum-

423 590 589 645 etiatn
613 582 843 656 pertinet
868 579 1203 634 Christianos
1222 618 1236 643 ,
1263 578 1355 648 qui
1380 585 1536 632 erant
1560 585 1681 648 post
1707 576 1992 632 adventum

427 673 637 732 Domini
663 669 938 734 credituri,
964 668 1336 741 significatque
1360 665 1680 721 immolanda
1709 664 1871 722 corda
1896 665 1994 719 ho—

426 767 629 821 minum
677 756 992 825 viventium,
1032 774 1141 815 non
1180 761 1417 814 membra
1455 758 1718 828 pecudum
1757 766 1993 810 mortua—

425 870 565 910 rum.
601 851 747 907 Tunc
766 852 1024 923 imponent
1051 864 1205 919 super
1231 846 1397 902 altare
1418 857 1563 901 tuum
1588 844 1793 906 vitulos,
1818 858 1994 899 sacer-

425 942 578 1001 dotes
596 940 821 1005 scilicet,
836 939 1047 1009 quando
1071 938 1308 992 Ecclesia
1322 935 1581 992 catholica
1602 932 1762 988 fuerit
1784 933 1993 988 Domini

410 1030 675 1103 passione
692 1036 1018 1085 constructa.
1066 1025 1270 1081 Vitulos
1291 1026 1484 1093 quippe
1516 1023 1693 1094 posuit
1719 1036 1816 1093 pro
1843 1022 1994 1075 inno-

425 1121 671 1178 centibus
703 1118 921 1183 adultis,
958 1130 1187 1186 quorum
1221 1126 1353 1169 :etas
1388 1114 1557 1183 prima
1594 1121 1697 1176 est,
1733 1120 1786 1165 et
1811 1126 1840 1165 a
1864 1111 1993 1181 jugo

424 1211 631 1282 peccati
654 1209 834 1266 cervix
853 1220 903 1277 p'
919 1207 1112 1263 ohatur
1130 1206 1318 1260 aliena.
1352 1206 1459 1258 Aut
1483 1204 1601 1257 illos
1620 1202 1994 1272 praedicatores

426 1296 698 1369 Evangelii
732 1295 1017 1366 promittit,
1058 1307 1285 1362 quorum
1325 1293 1611 1363 imaginem
1649 1291 1700 1344 iu
1741 1291 1893 1344 vituli
1934 1289 1994 1344 ll-

427 1402 559 1459 gura
594 1389 762 1442 Lucas
798 1382 1169 1457 [evangelista]
1207 1384 1480 1453 suscepit:
1508 1380 1610 1435 nisi
1647 1378 1786 1435 forte
1825 1380 1996 1450 magis

426 1476 547 1533 illos
576 1473 729 1548 [Ms.,
761 1473 874 1528 sive
899 1472 1016 1526 illos
1053 1470 1243 1544 magis]
1284 1470 1478 1526 vitulos
1511 1471 1766 1525 debemus
1802 1469 1995 1523 intelli-

426 1580 576 1637 gere,
612 1564 705 1634 qui
742 1562 950 1617 animas
985 1576 1112 1616 suas
1149 1562 1203 1616 in
1236 1561 1463 1617 hostiam
1508 1559 1787 1614 suavitatis
1826 1558 1996 1613 sacris

427 1652 686 1708 altaribus
709 1650 1036 1706 obtulerunt.

497 1741 607 1798 Nos
628 1756 841 1812 quoque
866 1738 1049 1795 famuli
1075 1738 1170 1801 tui,
1196 1736 1418 1793 Domine
1438 1735 1586 1802 Jesu,
1608 1735 1873 1807 supplices
1897 1733 1993 1789 de-

2093 572 2216 629 ldeo
2257 574 2647 644 subsequenter
2674 575 2749 629 ait
2778 592 2790 626 :
2816 570 3025 628 Inclina
3056 573 3217 645 355
3254 577 3324 628 ad
3361 591 3445 631 me
3486 592 3669 633 aurem

2091 674 2258 729 tuam,
2289 664 2341 718 id
2376 673 2477 729 est,
2515 662 2803 735 benignum
2831 664 3011 733 prmbe
3043 665 3303 720 auditum.
3343 665 3401 720 lu
3430 682 3670 735 quacun-

2092 769 2197 824 que
2235 756 2323 810 dic
2359 754 2676 809 invocavcro
2718 762 2793 818 te,
2841 753 2895 808 id
2933 760 3037 817 est,
3085 753 3137 806 in
3185 753 3271 809 die
3308 754 3672 812 tribulationis

2091 858 2246 897 mete.
2291 840 2419 898 Dies
2442 842 2799 897 tribulationis
2830 847 2886 896 et
2922 842 3232 896 tentationis
3267 843 3380 898 haec
3413 844 3522 898 vita
3561 852 3668 911 est,

2092 933 2147 987 in
2169 947 2273 1002 qua
2295 931 2550 986 velociter
2568 945 2626 987 se
2651 931 2754 986 iste
2774 931 3041 1002 paenitens
3063 932 3302 986 exaudiri
3324 933 3669 1003 deprecatur,

2093 1036 2160 1077 ne
2182 1031 2354 1083 morte
2383 1022 2742 1093 praeveniente
2767 1022 3015 1093 indiguus
3044 1023 3113 1077 sit
3141 1024 3404 1077 exaudiri.
3450 1024 3585 1090 Quia
3611 1025 3666 1081 in

2092 1112 2197 1167 hac
2234 1114 2345 1166 vita
2379 1122 2587 1180 tempus
2616 1119 2697 1166 est
2724 1111 3126 1175 misericordiae,
3152 1112 3205 1165 in
3233 1110 3413 1166 futura
3436 1128 3563 1168 vero
3581 1113 3672 1183 ju-

2093 1199 2239 1262 dicii,
2280 1200 2408 1255 dum
2450 1200 2638 1255 reddet
2682 1199 2825 1255 Deus
2869 1200 3158 1269 unicuique
3202 1204 3495 1257 secundum
3537 1216 3665 1275 ope~

2094 1302 2154 1342 ra
2183 1303 2300 1343 sua.

2165 1374 2325 1435 Vsus.
2356 1374 2647 1446 L—Quia
2679 1378 2980 1449 defecerunt
3011 1380 3146 1434 sicut
3177 1381 3352 1450 fumus
3390 1382 3501 1437 dies
3542 1397 3666 1437 met.

2096 1467 2247 1525 Sicut
2276 1468 2451 1524 fumus
2473 1470 2717 1523 veniente
2745 1479 2903 1525 vento
2932 1471 2985 1523 in
3016 1486 3175 1525 auras
3201 1471 3525 1543 dispergitur
3544 1513 3559 1538 ,
3593 1473 3669 1527 ita

2096 1557 2316 1631 [omnis]
2345 1558 2590 1628 superbia
2615 1559 2774 1627 hujus
2796 1561 2918 1614 vita:
2947 1572 3117 1616 morte
3141 1566 3497 1631 praeveniente
3513 1563 3669 1635 [Ms.,

2095 1647 2365 1721 veniente]
2398 1651 2690 1704 evanescit.
2743 1649 2842 1716 Qui
2887 1650 3045 1705 hodie
3073 1651 3366 1718 extollitur,
3410 1669 3531 1708 cras
3562 1667 3671 1708 non

2098 1738 2201 1793 erit
2225 1755 2238 1790 :
2265 1739 2407 1806 quod
2430 1738 2530 1792 iste
2551 1739 2817 1807 pmniteus
2841 1750 3160 1809 agnoscens,
3190 1742 3526 1798 miseriarum
3546 1757 3672 1798 sua-

428 1846 736 1905 precamur,
784 1839 844 1884 ut
889 1829 1106 1900 pietatis
1148 1828 1372 1885 consilio
1420 1832 1629 1899 magnis
1671 1826 1998 1881 facinoribus
2030 1830 2072 1889 Β
2102 1844 2220 1883 rum
2244 1830 2357 1884 dies
2376 1829 2601 1899 plangit,
2624 1830 2770 1884 fumo
2792 1845 2912 1884 esse
2936 1831 3160 1885 similes.

430 1920 629 1977 nostris
668 1921 985 1974 immensam
1033 1918 1453 1973 misericordiam
1491 1917 1757 1987 largiaris,
1797 1930 2002 1984 nosque

428 2022 525 2081 per
542 2008 723 2065 cordis
741 2008 1117 2064 contritionem
1140 2008 1449 2063 humiliatos
1472 2009 1522 2061 in
1545 2007 1827 2061 mactaudo
1848 2007 1996 2071 vitia,

422 2097 715 2171 iugulando
761 2097 978 2163 delicta,
1017 2097 1237 2168 dignum
1270 2104 1327 2154 et
1369 2096 1698 2167 acceptabile
1729 2110 2002 2167 prepares

431 2186 820 2244 holocaustum.
861 2186 1056 2241 Amen.

980 2274 1305 2334 ’I’SALWUS
1356 2274 1440 2331 Cl.

416 2382 419 2385 ‘
492 2367 666 2426 Vens.
705 2365 1049 2421 l.-—-Psalmi
1071 2365 1276 2439 [hujus]
1303 2364 1734 2422 titulus:0ratio
1757 2368 2001 2437 pauperis

420 2470 548 2515 cum
591 2458 867 2531 afflixerit,
918 2469 967 2512 et
1014 2472 1191 2512 coram
1244 2457 1470 2512 Domino
1512 2458 1751 2527 eﬂ'udcrit
1800 2473 2000 2528 precem

428 2564 600 2605 suam.
645 2547 760 2602 Vox
780 2556 862 2603 est
882 2546 1164 2616 aﬂligentis
1190 2555 1241 2601 et
1268 2546 1530 2616 gementis
1550 2547 1802 2616 pauperis
1824 2546 1875 2599 in
1900 2546 2004 2601 hoc

428 2630 654 2710 psalmo,
682 2643 738 2690 et
761 2634 1006 2690 miserias
1031 2650 1155 2690 snas
1180 2635 1423 2705 piissimo
1442 2636 1609 2706 judici
1647 2651 1768 2690 cum
1809 2648 2003 2704 magna

431 2726 731 2785 humilitate
755 2725 1043 2790 offerentis,
1077 2726 1219 2781 sicut
1243 2742 1296 2781 tn
1332 2726 1485 2781 titulo
1522 2725 1720 2780 Psalmi
1758 2724 2004 2795 praescri-

428 2818 597 2884 bitur,
618 2832 724 2889 quo
742 2819 810 2873 ab
830 2821 1096 2883 oratione,
1117 2832 1238 2888 quae
1254 2818 1320 2873 ad
1342 2817 1507 2873 Deum
1527 2817 1783 2889 [clamore
1804 2814 2000 2888 valido]

429 2905 700 2979 dirigitur,
731 2907 916 2977 incipit
942 2922 1146 2978 pauper
1170 2908 1293 2972 iste,
1312 2906 1389 2961 [ita
1416 2907 1635 2962 dicens:

502 2997 665 3056 Vens.
690 2996 749 3051 2.
766 2996 1090 3063 —Domine,
1120 2998 1313 3052 exaudi
1333 2998 1619 3051 orationem
1641 3013 1809 3052 meam
1827 3007 1875 3051 et
1895 2997 2004 3052 cla-

430 3100 545 3142 mor
572 3101 716 3141 meus
746 3086 816 3141 ad
857 3095 907 3141 te
944 3087 1114 3142 sentiat
1155 3084 1301 3159 [llis.,
1337 3086 1642 3160 perveniat].
1694 3086 1820 3143 llaec
1858 3088 2002 3142 enim

2169 1916 2329 1973 Vsus.
2365 1915 2804 1971 5.—Percussus
2834 1934 2950 1971 sum
2991 1928 3046 1972 ut
3086 1920 3283 1989 fenum,
3328 1926 3375 1973 et
3408 1920 3546 1973 aruit
3580 1934 3675 1975 cor

2097 2026 2290 2064 meum.
2330 2009 2486 2065 Venit
2516 2010 2618 2064 istc
2658 2010 2927 2079 pmnitens
2953 2010 3020 2064 ad
3048 2010 3274 2064 flebilem
3302 2010 3672 2067 narrationem

2097 2099 2437 2155 miseriarum
2475 2098 2722 2154 humanae
2764 2097 3068 2169 fragilitatis
3105 2096 3245 2170 (quae
3270 2108 3328 2153 ut
3356 2098 3535 2153 fenum
3560 2099 3674 2154 cito

2098 2191 2317 2255 decidit,
2346 2190 2435 2244 ubi
2469 2190 2649 2259 aliquo
2677 2204 2804 2244 casu
2832 2189 3067 2244 arefacta
3091 2189 3274 2262 fuerit)
3314 2198 3374 2244 ut
3417 2190 3674 2246 festinau-

2100 2292 2184 2337 ter
2216 2282 2411 2336 divina:
2451 2281 2748 2336 remedium
2789 2280 3168 2335 misericordia:
3210 2281 3495 2350 acciperet,
3544 2282 3673 2335 dum

2098 2372 2369 2426 miseriam
2392 2384 2545 2425 suam
2573 2369 2660 2439 pio
2688 2369 2896 2424 medico
2922 2385 3027 2423 non
3059 2377 3281 2424 taceret.
3317 2369 3416 2435 Qui
3444 2371 3495 2423 in
3520 2384 3674 2423 man-

2099 2460 2238 2515 datis
2267 2459 2479 2513 Domiui
2501 2458 2732 2527 proficit,
2767 2458 2888 2513 feno
2912 2456 3091 2529 [viridi
3118 2465 3170 2512 et
3196 2455 3407 2512 ﬂorenti
3433 2458 3670 2526 aequabi-

2099 2559 2210 2616 tur,
2256 2560 2508 2620 peccator
2552 2563 2683 2605 vero
2731 2550 2994 2604 arescenti
3045 2547 3190 2620 fano]
3249 2548 3669 2618 comparabitur.

2102 2642 2240 2708 Quia
2279 2641 2487 2696 oblitus.
2511 2657 2624 2695 sum
2662 2640 2928 2695 comedere
2954 2639 3098 2711 [Ms.,
3125 2636 3462 2711 manducare]
3488 2655 3673 2709 panem

2100 2749 2291 2787 meum.
2340 2733 2500 2788 Panis
2531 2731 2674 2786 enim
2708 2732 2862 2786 nobis
2902 2732 3022 2785 vitm
3052 2738 3134 2784 cst
3155 2738 3540 2799 praceptorum
3568 2729 3674 2783 Da-

2101 2820 2231 2874 mini
2270 2820 2594 2883 observatio,
2638 2834 2797 2889 quem
2839 2826 3088 2889 peccator
3123 2817 3458 2872 obliviscitur
3491 2819 3674 2880 edere,

2102 2909 2229 2964 dum
2277 2910 2652 2979 iniquitatibus
2690 2908 2774 2963 vel
2809 2908 3043 2979 peccatis
3085 2922 3143 2963 se
3185 2908 3298 2962 suis
3338 2907 3679 2978 obligaverit.

2101 2996 2201 3053 Hic
2232 2999 2375 3054 enim
2413 2999 2733 3070 exprimitur
2753 3006 2941 3052 natura
2970 2997 3326 3067 peccantium,
3358 3000 3480 3068 quia
3521 2997 3679 3071 [Hs.,

2102 3086 2231 3160 qua]
2279 3090 2404 3143 dum
2444 3088 2695 3143 delictum
2726 3088 3010 3158 appetitur,
3048 3086 3427 3157 contemplatio
3464 3087 3680 3142 Domini

432 3194 535 3235 vox
566 3186 652 3235 est
687 3179 1015 3257 ptenitentis,
1049 3156 1248 3249 Deique
1272 3156 1621 3234 clementiam
1643 3193 1741 3248 pro
1767 3180 2003 3249 peccatis
2030 3156 2074 3219 Ο
2106 3156 2483 3233 non‘babetur.

431 3268 542 3324 luis
579 3267 939 3338 deprecantis,
984 3282 1049 3323 ac
1092 3273 1268 3336 primo
1311 3270 1548 3322 omnium
1590 3277 1648 3322 ut
1687 3268 2006 3323 exaudiatur

422 3354 782 3427 postulantis:
804 3356 948 3425 quod
978 3370 1184 3426 magna:
1208 3356 1322 3425 spei
1360 3365 1443 3411 est
1463 3357 1515 3410 in
1538 3357 1870 3412 orationibus
1887 3373 2003 3414 cre-

432 3447 581 3512 dere.
610 3461 671 3503 se
705 3459 865 3517 posse
904 3460 935 3497 a
975 3446 1083 3500 Deo
1118 3446 1379 3501 exaudiri.
1426 3446 1548 3502 Ideo
1581 3448 1755 3502 omnis
1792 3460 2004 3518 penitus

433 3535 677 3597 itumiliet
697 3535 954 3608 seipsum,
976 3543 1031 3591 et
1051 3536 1330 3590 lmmiliato
1352 3537 1690 3606 ccutritoque
1712 3539 1871 3593 corde
1891 3539 2004 3594 cla-

432 3634 549 3683 met
566 3625 634 3681 ad
659 3624 942 3681 Dominum
970 3643 985 3680 :
1014 3626 1160 3695 quia,
1191 3626 1327 3682 sicut
1348 3626 1403 3681 in
1424 3626 1529 3682 alio
1548 3627 1744 3682 dicitur
1775 3629 2000 3698 psalmo,

431 3731 526 3772 cor
568 3719 847 3771 contritum
892 3716 1034 3770 Deus
1083 3733 1185 3771 non
1224 3718 1438 3787 spernit.
1478 3716 1663 3773 Oratio
1705 3727 1790 3773 est
1824 3719 2004 3774 suavis

433 3806 624 3870 animi,
644 3820 766 3861 cum
785 3807 1194 3876 compunctiouc
1214 3807 1393 3863 cordis
1415 3806 1743 3879 [deprecatio
1761 3824 1776 3873 ;
1800 3809 2004 3864 clamor

434 3902 519 3952 est
551 3894 698 3951 vocis
732 3894 959 3966 prolata,
994 3910 1115 3952 cum
1151 3896 1444 3953 intentione
1480 3896 1679 3970 cordis]
1714 3896 1999 3953 confessio.

436 3983 620 4045 Primo
644 3993 825 4040 autem
853 3985 1030 4056 posuit
1051 3985 1369 4051 orationem,
1401 4000 1543 4041 nunc
1577 3985 1773 4054 adjecit
1806 3986 2005 4041 clamo-

434 4089 575 4144 rem,
619 4083 683 4133 ut
717 4074 891 4131 studia
925 4075 1327 4147 supplicationis
1359 4075 1595 4132 crevisse
1631 4090 2001 4147 cognosceres,

435 4164 589 4236 cujus
612 4165 913 4222 orationem
941 4164 996 4219 in
1035 4164 1325 4221 clamorem
1366 4166 1660 4223 maximum
1697 4166 2005 4236 prorupisse

435 4258 779 4332 intelligens.
821 4255 977 4313 llunc
996 4270 1127 4313 vero
1146 4254 1365 4311 modum
1389 4264 1589 4312 sanctae
1611 4256 1868 4311 orationis
1886 4270 2002 4311 ser-

432 4348 668 4403 vandum
706 4344 1079 4403 devotissimus
1115 4342 1453 4400 Christianus
1490 4343 1768 4415 intelligat,
1810 4352 1867 4398 ut
1902 4343 2005 4416 [id-

437 4435 635 4511 ipsutu]
666 4435 990 4510 cogitatione
1022 4442 1379 4507 prosequatur
1410 4432 1577 4509 [quod
1610 4435 1789 4491 verbis
1819 4433 2005 4491 eti‘udit

437 4528 633 4602 (Edit.,
679 4536 741 4586 ut
789 4527 963 4599 ipsum
1002 4526 1330 4598 cogitatione
1372 4534 1761 4597 prosequatur;
1794 4536 1849 4580 et
1879 4539 2003 4581 cum

436 4617 602 4678 verba
620 4615 889 4691 ell'undit)]
914 4635 927 4671 :
951 4615 1130 4687 Ipsum
1156 4616 1407 4687 respiciat
1436 4624 1635 4682 mente,
1678 4615 1763 4671 cui
1804 4614 2004 4686 suppli-

435 4718 557 4778 cat;
585 4724 774 4766 omnes
799 4706 1097 4779 superfluas
1121 4707 1472 4776 cogitationes
1497 4706 1764 4770 excludat,
1795 4721 1915 4775 qua:
1938 4705 2005 4760 ab

437 4802 655 4860 inimico
671 4803 1008 4876 ingeruntur,
1034 4805 1095 4851 ut
1117 4794 1302 4852 cilicax
1331 4798 1506 4852 oratio
1540 4811 1607 4851 cx
1637 4796 1815 4850 cordis
1846 4795 2005 4850 clari-

439 4905 550 4954 tate
578 4894 855 4966 perveniat
886 4890 951 4946 ad
981 4889 1169 4954 Deum,
1207 4888 1346 4943 sicut
1373 4886 1658 4958 Apostolus
1694 4886 1803 4940 ait:
1829 4883 2003 4939 Orabo

437 4987 643 5057 spiritu,
685 4984 846 5038 orabo
886 4990 935 5035 ct
976 4990 1177 5046 mente;
1208 4978 1429 5049 psallunt
1465 4978 1673 5049 spirittt,
1705 4973 1925 5046 psallam
1959 4983 2008 5028 et

439 5086 605 5130 mente
625 5072 676 5147 (Ι
694 5072 823 5128 Cor.
854 5085 965 5135 xtv,
997 5068 1107 5140 15).
1158 5066 1309 5123 Tunc
1332 5067 1475 5124 cnim
1500 5081 1530 5120 a
1558 5066 1666 5120 Deo
1687 5073 1903 5134 accepta
1924 5072 2008 5120 est

438 5165 612 5222 oratio
635 5162 899 5231 canentis,
930 5162 977 5218 si
997 5175 1133 5232 pura
1155 5173 1308 5215 mens
1331 5158 1471 5215 idem
1493 5157 1650 5230 gerit,
1676 5158 1817 5227 quod
1838 5157 2007 5228 expli-

430 5266 526 5314 'cat
550 5271 665 5313 ore.

508 5348 672 5406 Vens.
696 5343 936 5403 3.—Nc
954 5352 1154 5399 avertas
1181 5341 1369 5413 {actem
1403 5348 1546 5395 tuam
1588 5358 1622 5394 a
1655 5357 1758 5405 me,
1790 5341 1844 5393 in
1881 5356 2009 5409 qua-

440 5451 641 5508 cunque
660 5436 746 5491 die
771 5434 1008 5490 tribulor.
1045 5433 1236 5488 Facies
1274 5428 1482 5487 Domini
1516 5446 1614 5500 pro
1641 5429 2006 5485 misericordia

442 5524 538 5582 Dei
564 5527 780 5592 dicitur,
807 5541 966 5596 quam
997 5525 1097 5580 iste
1120 5539 1344 5595 pauper,
1395 5537 1613 5595 gemens
1655 5532 1709 5577 et
1743 5522 2008 5591 pmnitens

443 5632 474 5672 ι
497 5631 557 5673 se
582 5632 686 5672 non
721 5619 888 5673 averti
916 5617 1250 5687 deprecatur.
1293 5614 1361 5669 In
1389 5628 1695 5685 quacunque
1724 5613 1809 5665 die
1844 5610 2007 5665 tribu-

445 5710 544 5765 lor.
596 5708 854 5776 Qualibet
874 5724 932 5769 se
951 5708 1177 5762 tcntatio
1203 5705 1357 5779 [Ms.,
1389 5704 1685 5777 tribulatio]
1717 5703 2007 5775 apprchen-

2031 4488 2078 4549 D

2173 3267 2337 3324 Vens.
2386 3267 2580 3322 6.--A
2625 3283 2745 3322 voce
2785 3268 3005 3337 gemitus
3045 3268 3146 3321 mei
3188 3267 3514 3322 adha’serunt
3553 3283 3682 3321 ossa

2100 3373 2217 3412 mea
2245 3360 2392 3412 carni
2415 3374 2561 3412 mete.
2613 3356 2845 3427 Dignum
2881 3365 2966 3411 est
2993 3370 3205 3427 gemere
3231 3373 3352 3412 eum
3380 3357 3469 3426 qui
3497 3356 3678 3425 perdit

2094 3447 2380 3518 justitiam,
2409 3456 2468 3502 ut
2495 3448 2701 3503 lucrum
2724 3446 2987 3516 acquirat,
3017 3448 3099 3501 vel
3121 3456 3341 3516 peccato
3368 3447 3585 3501 cuilibet
3618 3458 3678 3501 se

2101 3535 2372 3604 subjiciat.
2417 3536 2781 3600 Adlttrserunt,
2812 3536 3003 3603 inquit,
3037 3551 3154 3589 ossa
3190 3550 3305 3587 mea
3339 3535 3488 3587 carni
3524 3549 3677 3597 metr,

2102 3626 2155 3681 id
2179 3634 2278 3689 est,
2310 3625 2567 3680 fortitudo
2592 3640 2707 3680 mea
2734 3625 3039 3680 carnalibus
3067 3623 3362 3687 desideriis,
3390 3634 3509 3692 quae
3536 3623 3679 3677 mili-

2100 3725 2218 3771 tant
2242 3716 2502 3772 adversus
2529 3716 2761 3769 animam
2791 3713 3032 3787 [meam],
3068 3714 3121 3768 in
3155 3729 3260 3783 qua
3289 3712 3549 3769 fortitudo
3585 3714 3676 3769 de»

2102 3806 2193 3862 bet
2239 3820 2359 3862 esse
2408 3805 2628 3878 regendi
2676 3812 2731 3860 et
2785 3804 3168 3874 comprimendi
3220 3803 3435 3859 illicitos
3500 3804 3679 3859 carnis

2103 3907 2300 3952 motus.
2916 3900 2919 3903 λ

2174 3987 2331 4045 Vens.
2364 3987 2416 4054 7,
2445 3985 2798 4044 8.-Similis
2822 3986 2991 4057 {actus
3014 4003 3130 4040 sum
3148 3986 3386 4057 pelicnno
3412 3988 3468 4041 in
3494 3985 3678 4040 solita-

2096 4080 2242 4144 τῆκε,
2270 4080 2403 4134 sicut
2435 4080 2735 4149 nycticoraa:
2761 4077 2816 4132 in
2845 4076 3129 4131 domicilio.
3185 4074 3407 4147 Vigilaei
3434 4084 3483 4131 et
3510 4075 3676 4145 factus

2103 4182 2218 4221 sum
2264 4168 2396 4221 sicut
2447 4181 2627 4238 passer
2673 4166 2940 4220 solitarius
2988 4166 3044 4219 in
3100 4173 3254 4218 tecto.
3309 4163 3433 4219 Trin
3480 4178 3676 4235 genera

2104 4261 2282 4315 avium
2314 4261 2515 4330 posuit,
2555 4267 2610 4315 et
2641 4259 2742 4314 tria
2774 4257 2889 4312 loca
2932 4256 3281 4312 habitationis
3318 4255 3545 4318 illarum,
3580 4270 3678 4326 per

2103 4363 2222 4419 qua:
2248 4349 2457 4404 diversa
2484 4348 2639 4403 nobis
2668 4346 3043 4416 pmnitentium
3079 4358 3279 4417 genera
3306 4343 3676 4399 demonstran-

2104 4447 2211 4494 tur.
2257 4438 2538 4494 Pelicanus
2575 4448 2658 4493 est
2698 4439 2813 4492 avis
2850 4435 3199 4509 Egyptiaca,
3239 4433 3463 4490 naturali
3502 4433 3676 4486 macie

2103 4543 2314 4599 semper
2346 4526 2553 4594 affecta,
2590 4527 2966 4584 solitudinibus
3003 4540 3062 4582 se
3096 4524 3400 4589 delectans;
3443 4520 3583 4576 sicut
3617 4521 3673 4574 in

2098 4621 2305 4676 crebris
2339 4611 2558 4692 jejuniis
2596 4622 2920 4692 pcenitentes
2956 4634 3075 4676 esse
3116 4619 3383 4675 convenit.
3422 4614 3527 4672 Per
3570 4615 3675 4670 hoc

2100 4726 2229 4781 ergo
2254 4712 2433 4768 avium
2456 4726 2623 4781 genus
2643 4710 3003 4780 pulcherrime
3024 4708 3397 4779 significantur
3414 4704 3673 4767 exemita.

2101 4802 2194 4872 qui
2246 4801 2523 4857 hominum
2569 4801 2841 4855 consortio
2880 4800 3156 4865 derelicto,
3201 4795 3419 4871 [timore
3463 4795 3675 4850 Domini

2102 4890 2378 4965 commoti]
2402 4907 2461 4947 se
2481 4889 2647 4947 multa
2667 4889 2950 4947 afﬂictione
2969 4890 3313 4945 discruciant.
3353 4887 3678 4958 Nycticorax

2104 4979 2296 5035 Latino
2320 4981 2580 5036 vocabulo
2604 4982 2776 5036 noctis
2804 4994 3000 5035 corvus
3021 4979 3126 5034 dici
3148 4987 3346 5049 potest,
3383 4991 3571 5032 amans
3599 4985 3679 5030 te-

2106 5073 2317 5135 nebras,
2348 5087 2452 5127 non
2484 5071 2685 5138 lucem;
2715 5087 2875 5142 quem
2903 5071 3005 5127 sibi
3032 5072 3185 5125 escas
3208 5069 3453 5124 noctibus
3476 5081 3680 5137 quasre-

2106 5177 2167 5216 re
2218 5170 2474 5216 constat:
2512 5162 2585 5215 ita
2626 5165 2892 5230 paenitens
2934 5162 3090 5216 debet
3131 5170 3395 5215 nocturno
3436 5167 3679 5228 tempore

2104 5267 2260 5307 escas
2296 5252 2487 5305 anima:
2526 5251 2751 5305 sollicita
2792 5252 3102 5306 curiositate
3147 5251 3497 5318 perquirere,
3553 5246 3679 5299 licet

2104 5344 2373 5396 communi
2404 5341 2808 5396 conversatione
2837 5341 2890 5395 in
2921 5339 3188 5396 domicilio
3212 5336 3505 5392 multorum
3532 5333 3678 5389 habi-

2105 5439 2221 5487 tare
2261 5433 2519 5485 videatur.
2568 5427 2789 5498 Vigilaui
2815 5441 2864 5485 et
2892 5432 3061 5500 factus
3086 5446 3202 5484 sum
3228 5428 3362 5483 sicut
3389 5441 3570 5499 passer
3594 5439 3679 5478 co-

2104 5520 2312 5575 litarius
2338 5523 2391 5574 in
2420 5530 2571 5574 tecto.
2614 5520 2804 5576 Passer
2833 5523 2948 5577 avis
2982 5530 3065 5576 est
3100 5520 3429 5581 acutissima,
3465 5531 3586 5585 qua:
3623 5514 3679 5567 in

2106 5613 2260 5668 tectis
2303 5613 2548 5669 habitare
2592 5612 2763 5677 solet,
2807 5613 3039 5667 humana
3086 5612 3324 5684 gaudens
3362 5609 3676 5663 vicinitate:

2106 5704 2233 5760 huic
2274 5708 2465 5759 merito
2510 5714 2870 5775 comparatur,
2916 5706 3008 5774 qui
3052 5703 3325 5759 diabolica:
3369 5700 3679 5757 calliditatis
