4012 6188
356 370 461 429 539

974 373 1379 430 EXEGETICA.
1419 407 1488 416 ——-
1523 377 1884 434 EXPOSlTlO
1922 377 1986 432 ΙΝ
2029 379 2219 435 PSAL.
2259 380 2856 457 PWNITENTIALES,
2899 390 3047 446 ETC.

3514 401 3617 459 ἔξῦῦ

355 484 580 586 fraudes
601 483 834 586 fugiens,
862 484 1134 586 vigiliis-et
1154 487 1508 586 orationibus,
1534 497 1587 543 et
1614 489 1942 586 paenitentia:
1971 496 2016 551 Α
2044 492 2179 546 siam
2217 495 2515 563 Optantium
2554 499 2840 556 adventum
2872 501 3106 559 Domini.
3150 502 3456 585 Subiunxit]
3497 517 3620 586 quia

354 574 610 646 lacrymis
648 575 790 628 intra
828 582 1014 629 sancta
1052 575 1306 632 Ecclesia:
1340 586 1490 648 septa
1527 594 1585 634 se
1619 580 1829 635 munire
1865 579 1942 634 fe-

351 665 540 735 stiuat.

424 752 591 808 Vens.
620 750 907 808 9.—Tota
932 753 1019 807 die
1045 755 1428 824 exprobrabant
1455 758 1581 811 mihi
1600 759 1798 813 inimici
1817 760 1936 824 mei,

348 854 399 896 et
420 841 512 912 qui
539 841 826 895 laudabunt
852 858 954 906 me,
983 843 1259 898 adversum
1290 862 1369 899 me
1383 845 1655 916 jurabant.
1696 846 1801 902 Ore
1827 848 1940 903 lau-

351 933 581 993 dabant,
612 941 669 987 et
707 930 873 986 corde
906 931 1130 987 insidas
1165 936 1557 1004 praeparabant.
1605 934 1934 1001 Laudabant,

349 1032 413 1079 ut
442 1024 783 1093 deciperent;
808 1022 1193 1093 prtedicabant.
1221 1035 1280 1078 ut
1309 1026 1683 1082 subverterent
1714 1044 1727 1078 :
1758 1035 1810 1082 et
1836 1027 1940 1082 hoc

349 1114 383 1169 a
429 1114 667 1177 diabolo,
716 1112 808 1182 qui
849 1113 893 1166 si
933 1113 1165 1181 publicis
1203 1114 1439 1183 peccatis
1480 1129 1695 1169 servum
1736 1114 1936 1171 Christi

350 1206 671 1259 subvertere
701 1218 805 1256 non
831 1202 1057 1272 poterit,
1090 1201 1394 1272 opprobriis
1423 1211 1475 1257 et
1508 1204 1938 1271 reprehensioni-

349 1296 454 1352 bus
481 1291 1040 1349 circumhahitantium
1072 1307 1102 1344 a
1129 1291 1213 1344 via
1242 1291 1484 1345 veritatis
1507 1305 1633 1345 eum
1663 1291 1937 1346 deterrere

348 1385 562 1441 nititur.
606 1381 744 1437 Sunt
783 1381 997 1451 plurimi
1037 1380 1174 1434 bona
1212 1378 1390 1436 facere
1424 1381 1832 1444 erubescentes,
1868 1397 1935 1436 nc

349 1473 641 1529 dissimiles
669 1473 777 1526 sint
805 1470 1128 1525 multitudini
1161 1470 1299 1524 mala
1340 1469 1493 1543 [Ms.,
1532 1470 1693 1543 male]
1733 1470 1935 1525 facien-

350 1561 507 1615 tium.
531 1560 645 1615 lloc
665 1574 878 1630 quoque
893 1567 1171 1627 peccatum
1187 1559 1456 1627 pmniteus
1478 1559 1579 1616 istc
1601 1560 1935 1615 commisisse

348 1650 550 1706 fatetur
578 1650 736 1723 Uis,
765 1648 1089 1722 profitetur].

420 1742 584 1797 Vens.
616 1740 935 1806 l0.—-—Quia
974 1741 1198 1794 cinerem
1223 1753 1472 1812 tanquam
1497 1759 1683 1813 panem
1713 1743 1934 1797 mandu-

2041 582 2173 637 renit
2200 593 2399 655 tempus
2422 586 2700 641 miserandi
2732 590 2845 659 ejus
2867 607 2885 645 :
2906 592 3011 648 hoe
3046 602 3147 660 est,
3189 604 3398 666 tempus
3426 582 3620 671 «le-quo

2039 671 2325 740 Apostolus
2350 674 2427 728 ait
2450 693 2464 729 :
2484 684 2759 748 postquam
2788 680 2920 734 venit
2948 681 3212 752 plenitudo
3234 688 3497 757 temporis,
3520 692 3620 744 mi~

2036 759 2104 811 sit
2134 758 2274 815 Deus
2303 759 2351 814 F
2353 761 2501 817 ilium
2534 780 2684 818 suum
2714 763 2856 835 (Gal.
2886 783 2960 834 tv,
2984 768 3063 840 4).
3106 769 3392 829 Sciendum
3419 785 3501 831 est
3530 794 3619 833 vc-

2039 863 2122 912 ro,
2152 850 2294 918 quod
2320 853 2587 921 pmnitens
2615 854 2718 910 iste
2742 871 2847 910 non
2871 857 2952 912 sui
2974 858 3139 915 solius
3165 868 3367 916 tantum
3396 881 3612 921 causam

2036 936 2165 1006 agit,
2199 951 2383 991 verum
2417 941 2581 994 etiam
2606 942 2772 997 totius
2799 945 3018 999 humani
3053 948 3266 1017 generis
3293 959 3443 1019 optat
3470 952 3623 1008 salu-

2036 1032 2168 1090 tem,
2199 1041 2319 1095 quaa
2338 1028 2442 1083 nisi
2469 1028 2785 1088 adveniente
2805 1032 2943 1089 Filio
2965 1034 3060 1089 Dei
3092 1034 3206 1090 fieri
3231 1052 3335 1091 non
3362 1043 3556 1109 potuit.

2106 1117 2269 1172 Vnus.
2298 1117 2745 1184 15.—Quoniam
2769 1121 3077 1193 placuerunt
3106 1127 3263 1181 sertis
3289 1130 3391 1184 tuis
3421 1130 3619 1201 lapides

2034 1208 2170 1277 ejus,
2202 1218 2248 1262 et
2274 1218 2427 1264 teme
2446 1209 2560 1280 ejus
2583 1213 2980 1269 miserebantur.
3010 1215 3306 1272 Videndum
3329 1227 3432 1286 est,
3456 1236 3616 1290 quam

2035 1312 2187 1369 prop:
2202 1298 2250 1353 ie
2271 1300 2432 1354 verba
2465 1300 2625 1356 rebus
2648 1312 2914 1372 aptentur.
2956 1304 3185 1376 Lapides
3206 1306 3342 1363 dixit
3366 1310 3618 1380 benepla-

2034 1389 2191 1453 citos,
2223 1390 2314 1461 qui
2339 1401 2463 1446 sunt
2487 1394 2710 1464 apostoli
2736 1404 2791 1449 et
2818 1404 3103 1466 martyres,
3134 1399 3495 1471 prmcipuiquc
3523 1418 3617 1458 vc-

2036 1480 2211 1534 ritatis
2231 1482 2611 1550 prredicatorcs
2636 1484 2691 1539 in
2721 1485 2873 1549 Sion,
2902 1487 2954 1541 id
2985 1496 3084 1547 est.
3114 1490 3168 1543 in
3197 1490 3453 1547 Ecclesia.
3485 1494 3617 1549 Ter-

2035 1585 2094 1624 ra
2135 1580 2313 1626 autem
2350 1581 2663 1641 peccatores
2703 1576 2991 1647 signiﬁcat,
3038 1580 3231 1648 quibus
3271 1583 3324 1637 in
3360 1586 3619 1657 sanguine

2034 1658 2286 1716 salutaris
2316 1660 2469 1733 [Μδ.,
2508 1662 2824 1740 Salvatoris]
2857 1670 3026 1724 nostri
3060 1671 3313 1728 misertus
3340 1686 3421 1729 est
3450 1676 3612 1731 Deus.

2035 1746 2265 1818 Lapides
2318 1751 2545 1807 Domino
2592 1754 2885 1812 miserante
2932 1757 3243 1830 [dicuntur,
3292 1762 3408 1837 qui]
3458 1765 3615 1820 solidi

344 1830 553 1895 cubum,
587 1841 636 1884 et
672 1839 852 1901 potum
891 1845 1062 1883 meum
1102 1846 1220 1884 cum
1255 1831 1381 1900 ﬂetu
1420 1832 1715 1886 miscebam.
1755 1832 1931 1887 Pmui-
1966 1837 2006 1891 Β
2034 1848 2158 1893 sunt
2186 1841 2239 1894 in
2267 1842 2619 1899 mdilicalione
2644 1844 2853 1900 Domini
2892 1857 2945 1900 et
2984 1848 3240 1906 lirmitate
3278 1830 3614 1910 sua-securi.

345 1921 533 1986 tentis,
561 1919 822 1990 hujusque
859 1919 1040 1974 sreculi
1078 1918 1425 1990 despicientis
1463 1921 1704 1977 convivia
1744 1922 1934 1993 lugens

344 2013 452 2068 iste
472 2010 729 2082 exprimit
752 2025 766 2064 :
791 2009 916 2080 quia
942 2025 1040 2080 per
1062 2009 1370 2079 hujusmodi
1409 2011 1713 2065 convivium
1747 2025 1933 2080 pervc-

341 2103 463 2159 nire
506 2116 566 2157 sc
613 2108 835 2172 sperant
886 2100 955 2153 ad
1007 2099 1250 2153 mensam
1294 2099 1524 2153 Domini.
1574 2100 1929 2171 Quapmpzcr,

340 2210 378 2251 ο
416 2200 669 2266 peccator
693 2231 709 2255 ,
748 2190 857 2246 noli
898 2190 1185 2260 desperare
1218 2190 1284 2245 dc
1316 2190 1644 2259 indulgentia
1686 2198 1934 2259 peccato-

341 2299 486 2348 rum,
520 2281 587 2338 In
613 2298 921 2355 quacunque
945 2281 1029 2335 die
1058 2281 1214 2351 fuerit
1231 2296 1518 2335 conversus
1546 2290 1802 2351 peccator,
1828 2281 1931 2335 vita

340 2374 494 2438 uiuet,
516 2382 564 2426 et
584 2388 689 2426 non
709 2372 979 2445 morietur.
1004 2368 1112 2425 Sed
1132 2369 1239 2423 noli
1260 2368 1470 2424 tardare
1488 2370 1713 2424 converti
1735 2369 1804 2422 ad
1828 2368 1934 2422 Do-

341 2464 561 2520 minum.
600 2461 933 2532 Indulgentia
959 2462 1052 2516 tibi
1077 2460 1414 2516 convcrtenti
1445 2476 1476 2514 a
1508 2460 1745 2531 peccatis
1782 2468 1930 2514 certa

341 2564 446 2621 cat,
476 2553 573 2610 sed
601 2554 872 2609 crastinus
907 2553 1022 2608 dies
1056 2552 1151 2606 tibi
1186 2552 1422 2607 incertus
1457 2559 1558 2606 est.
1602 2551 1769 2606 Hodie
1806 2566 1931 2605 con-

343 2655 579 2709 vertere,
606 2659 675 2698 ne
700 2642 839 2698 forte
863 2657 983 2698 cras
1011 2643 1278 2698 moriaris.
1326 2642 1382 2697 Si
1407 2642 1546 2696 male
1575 2641 1755 2695 vixisﬁ
1790 2641 1925 2702 heri.

344 2736 484 2790 bene
509 2733 629 2787 vive
658 2732 772 2803 jam
818 2731 999 2797 hodie,
1043 2747 1249 2787 memor
1288 2732 1432 2786 illius
1470 2732 1535 2786 de
1572 2745 1681 2800 quo
1715 2730 1931 2786 Veritas

341 2826 419 2882 ait
443 2840 459 2880 :
484 2823 651 2881 Stulte
677 2824 777 2878 hac
803 2833 952 2879 nocte
980 2824 1229 2880 morieris
1257 2823 1411 2895 (Luc.
1441 2840 1537 2888 xu,
1563 2822 1676 2889 ΞΟ).
1711 2822 1929 2892 Corrige

344 2926 420 2983 te,
452 2924 513 2970 ut
540 2917 594 2970 in
626 2929 851 2986 corpore
876 2915 1076 2971 Christi
1108 2917 1249 2971 hanc
1266 2931 1454 2971 vocem
1480 2913 1677 2969 habere
1706 2913 1886 2968 valeas
1912 2932 1923 2965 :

342 3006 604 3074 Quoniam
641 3007 865 3061 cinerem
900 3016 1149 3078 tanquam
1168 3024 1356 3079 panem
1378 3005 1781 3072 manducabam,
1817 3014 1924 3061 etc.

412 3096 578 3168 356
613 3096 780 3151 Vens.
812 3096 1032 3151 ll.—A
1071 3097 1207 3167 [acie
1245 3097 1339 3152 ἐγω
1386 3096 1762 3168 indignationis
1801 3106 1922 3159 tua,

339 3191 464 3261 quia
504 3189 708 3245 elevem
749 3188 959 3244 allisisti
1005 3207 1105 3245 me.
1151 3191 1384 3259 Exponit
1427 3191 1587 3246 isthic
1629 3191 1925 3262 gemenda,

341 3299 439 3340 cur
480 3298 541 3338 se
575 3292 724 3338 tanta
763 3281 1049 3338 alllictione
1094 3282 1147 3337 in
1190 3283 1508 3352 pmnitentia
1551 3281 1925 3355 fatiget:quia

343 3376 554 3430 scilicet
574 3391 693 3429 cum
725 3375 803 3430 ira
842 3384 898 3430 ct
938 3375 1305 3445 indignatione
1347 3376 1441 3431 Dei
1477 3376 1768 3442 nascimur,
1805 3391 1926 3446 quas

340 3466 583 3538 peccatis
611 3467 1111 3536 supervenientibus
1146 3466 1365 3539 gravior
1393 3468 1652 3532 ellicitur,
1684 3469 1806 3524 ideo
1831 3470 1925 3526 ad-

338 3558 455 3613 dit:
480 3555 619 3622 Quia
644 3562 850 3611 elevans
879 3556 1095 3611 allisisti
1110 3574 1209 3611 me.
1251 3557 1503 3612 Elcvatus
1529 3566 1614 3612 est
1638 3558 1801 3613 homo
1829 3558 1926 3613 bo-

338 3661 470 3702 nore
505 3646 757 3716 imaginis
791 3645 883 3700 Dei
917 3653 972 3701 et
1008 3646 1179 3701 libero
1207 3645 1431 3700 arbitrio
1459 3646 1808 3702 nobilitatus:
1831 3645 1925 3700 sed

336 3736 441 3791 hoc
466 3735 606 3791 male
628 3751 758 3791 usus
785 3735 972 3790 allisus
994 3743 1077 3791 est
1103 3743 1158 3791 et
1187 3735 1426 3803 deiectus
1455 3737 1508 3790 in
1530 3730 1671 3791 hanc
1701 3734 1922 3791 conval-

336 3827 442 3881 lem
473 3826 857 3897 lacrymarum.

407 3916 571 3972 Vsus.
600 3915 909 3970 12.-—Dies
948 3914 1049 3970 mei
1086 3915 1222 3971 sicut
1260 3915 1444 3969 umbra
1490 3913 1922 3970 declinaverunt:

333 4017 383 4060 ct
406 4024 499 4078 ego
521 4009 657 4063 sicut
682 4007 859 4079 fenum
882 4007 1020 4062 arui.
1062 4006 1197 4075 Quia
1226 4008 1385 4062 homo
1416 4024 1446 4061 a
1476 4008 1586 4062 Deo
1616 4005 1921 4069 declinavit,

334 4100 627 4156 declinavit
662 4101 730 4156 ab
758 4115 825 4155 eo
847 4099 962 4154 dies
993 4100 1265 4155 felicitatis
1297 4100 1413 4169 ejus
1439 4115 1453 4153 :
1476 4100 1566 4170 qui
1604 4099 1704 4155 fuit
1739 4099 1827 4153 lux
1869 4098 1925 4152 in

333 4190 589 4253 Domino,
612 4191 796 4245 umbra
820 4188 995 4246 factus
1022 4199 1106 4246 est
1134 4190 1187 4245 in
1216 4197 1468 4260 peccato;
1492 4198 1546 4245 et
1571 4188 1669 4245 llos
1702 4189 1827 4244 vitae
1856 4187 1922 4243 il—

332 4280 443 4335 lius
468 4278 613 4333 sicut
632 4278 808 4334 fenum
831 4278 976 4335 aruit
1003 4298 1015 4332 :
1041 4295 1141 4335 nec
1161 4294 1396 4350 unquam
1421 4280 1791 4344 reviresceret,
1819 4277 1923 4332 nisi

332 4372 601 4444 sanguine
641 4370 843 4428 Christi
889 4372 1227 4444 irrigaretur.

405 4465 574 4521 Vens.
606 4463 778 4519 l5.-—
794 4463 874 4518 Tu
899 4476 1091 4523 autem,
1116 4463 1355 4526 Domine,
1377 4460 1431 4516 in
1451 4470 1702 4516 wternum
1722 4473 1924 4531 pernta-
1952 4499 2001 4558 ο

334 4571 449 4621 nes,
489 4563 540 4609 et
584 4552 887 4609 memoriale
919 4563 1068 4608 tuum
1100 4554 1153 4608 in
1185 4552 1517 4623 generatione
1554 4560 1603 4605 et
1634 4550 1926 4622 generatio-

334 4660 475 4699 nem.
500 4642 604 4713 Qui
630 4659 689 4699 se
716 4657 886 4712 usque
912 4642 980 4697 ad
1006 4641 1243 4697 cinerem
1270 4640 1583 4712 pmnitcndo
1609 4636 1802 4706 deiecit
1825 4654 1923 4710 pro

333 4737 577 4808 peccatis
620 4736 759 4802 suis,
794 4734 963 4791 Deum
999 4736 1264 4791 laudando
1305 4736 1360 4790 in
1399 4734 1677 4790 beneﬁciis
1714 4735 1828 4790 suis
1867 4751 1924 4790 sc

333 4828 513 4882 erexit
541 4825 728 4882 dicens
759 4844 772 4881 :
808 4842 895 4882 me
936 4833 1217 4881 arescente
1250 4833 1308 4879 tu
1345 4839 1631 4895 permanes
1673 4825 1728 4879 in
1765 4833 1923 4879 αξιοι-ο

335 4930 497 4978 num;
526 4924 858 4985 quapropter
893 4914 1096 4986 Optime
1121 4914 1190 4968 ab
1221 4913 1452 4967 adventu
1493 4912 1704 4968 Domini
1739 4913 1927 4968 salutis

332 5019 466 5069 sum,
490 5014 548 5061 et
584 5004 759 5060 laudis
791 5004 987 5061 divintn
1021 5003 1151 5060 fecit
1180 5003 1412 5067 initium,
1446 5000 1541 5075 per
1575 5018 1733 5074 quem
1771 5020 1927 5058 mun—

333 5095 463 5150 dum
499 5103 727 5151 noverat
760 5109 882 5152 esse
914 5095 1250 5150 salvandum.
1288 5092 1596 5149 Memoriale
1634 5103 1814 5150 autem
1837 5096 1929 5151 hic

334 5187 541 5244 dictum
568 5196 651 5243 est
689 5186 924 5242 salutare
959 5186 1286 5257 promissum
1323 5184 1390 5239 de
1427 5184 1640 5241 Domini
1678 5184 1927 5241 incarna-

332 5275 484 5332 tione
515 5275 728 5333 venturi
757 5273 912 5350 [Ms.,
943 5274 1277 5349 venturum],
1305 5277 1447 5349 quod
1475 5274 1620 5331 nulla
1658 5274 1927 5331 oblivione

332 5364 624 5422 delabitur.

411 5455 573 5513 Vens.
592 5456 682 5514 l-i.
700 5488 768 5501 —-
786 5457 864 5515 Tu
880 5467 1079 5521 autem,
1096 5458 1336 5523 Domine,
1350 5476 1630 5531 exsurgens
1650 5459 1924 5515 miserebe-

336 5549 409 5607 ris
425 5545 576 5613 Sion,
594 5554 718 5622 quia
744 5563 946 5625 tempus
973 5552 1250 5608 miserendi
1272 5554 1322 5623 ej
1327 5569 1410 5620 us,
1423 5557 1545 5621 quia
1557 5555 1688 5611 venit
1702 5566 1924 5627 tempus.

334 5639 504 5706 Quasi
527 5638 734 5698 diceret
757 5661 770 5696 :
794 5643 934 5710 Quid
966 5642 1150 5698 tardas
1174 5641 1242 5696 de
1266 5643 1438 5698 salute
1458 5645 1622 5701 Sion?
1646 5645 1775 5702 Sion
1794 5662 1926 5702 vero

335 5746 493 5786 muns
514 5740 616 5795 est,
643 5732 732 5786 ubi
761 5734 1018 5804 templum
1042 5732 1251 5787 Domini
1280 5739 1362 5786 est
1387 5731 1720 5805 [signiﬁcans
1744 5737 1919 5793 Eccle-

2034 1931 2201 1987 Tcrra
2228 1940 2405 1986 autem
2433 1946 2529 2002 per
2558 1934 2984 1992 misuricordiatn
3008 1940 3207 1994 munda
3228 1942 3353 2006 erit,
3376 1952 3434 1997 ut
3457 1944 3617 2013 digna

2034 2020 2105 2075 sit
2126 2021 2181 2075 in
2210 2021 2563 2079 :edilicatioue
2588 2022 2800 2079 Domini
2830 2027 2974 2095 poni.

2102 2111 2264 2167 Vsus.
2299 2112 2551 2167 lli—Et
2591 2114 2839 2169 timebunt
2876 2126 3047 2187 gentes
3088 2135 3275 2175 nomen
3310 2130 3476 2187 tuum,
3513 2121 3623 2178 Do-

2032 2199 2190 2264 mine,
2212 2209 2260 2253 et
2289 2217 2465 2256 omnes
2493 2217 2633 2272 reges
2655 2210 2809 2256 terra:
2829 2203 3051 2274 gloriam
3077 2214 3261 2261 tuam.’
3296 2208 3442 2276 Quos
3462 2226 3619 2281 supc—

2033 2287 2177 2341 riore
2214 2302 2373 2342 versu
2424 2297 2625 2344 terram
2673 2291 2991 2358 nominavit,
3036 2295 3253 2350 eosdem
3294 2296 3385 2352 hic
3431 2308 3615 2369 gentes

2031 2376 2263 2446 appellat
2305 2378 2533 2433 terrenis
2573 2379 2786 2435 actibus
2822 2381 3181 2454 iuvigilantes.
3235 2383 3411 2457 Reges
3451 2398 3617 2451 sunt.

2032 2466 2337 2535 quicunque
2365 2468 2571 2537 seipsos
2598 2469 2735 2526 bene
2759 2482 2984 2542 regunt,
3017 2473 3244 2545 aliisque
3269 2492 3502 2547 prmcsse
3526 2481 3620 2535 bo-

2031 2553 2117 2607 nis
2152 2554 2432 2623 exemplis,
2480 2556 2564 2609 vel
2605 2555 2784 2611 verbis
2826 2560 3223 2628 prmdicationis
3257 2574 3497 2620 norunt:
3523 2569 3612 2637 qui

2032 2658 2280 2713 magnum
2312 2658 2505 2699 nomen
2535 2644 2735 2700 Christi
2766 2647 2892 2713 Dei,
2920 2650 3093 2704 servis
3122 2651 3263 2717 suis,
3294 2668 3431 2723 quos
3458 2671 3617 2725 supe-

2031 2735 2144 2790 rius
2181 2735 2384 2806 lapides
2421 2737 2724 2807 appellavit,
2762 2741 3179 2809 praedicantibus
3208 2744 3434 2814 gloriam
3478 2748 3617 2819 ejus,

2032 2825 2242 2880 timent.

2105 2914 2263 2970 Vens.
2297 2915 2743 2984 l7.—Quoniam
2777 2921 3055 2991 rrdiﬁcavit
3091 2922 3345 2981 Dominus
3378 2926 3525 2993 Sion,
3563 2941 3614 2984 et

2030 3002 2285 3057 videbitur
2308 3004 2363 3059 in
2391 3003 2561 3076 gloria
2585 3024 2704 3062 sua.
2745 3008 2866 3064 Ideo
2902 3010 3166 3068 timebunt
3190 3014 3473 3072 Dominum
3499 3036 3587 3076 om
3606 3051 3619 3061 -

2031 3109 2125 3148 nes
2160 3104 2371 3165 gentes,
2408 3105 2463 3152 et
2497 3113 2653 3169 reges
2675 3100 2944 3169 spiritales
2971 3103 3195 3174 gloriam
3218 3104 3333 3175 ejus
3362 3107 3618 3164 formida-

2030 3184 2182 3249 hunt,
2208 3184 2333 3254 quia
2357 3186 2623 3243 tedilicata
2647 3196 2732 3243 est
2756 3204 2786 3243 a
2810 3188 3038 3247 Domino
3070 3190 3222 3259 Sion,
3258 3204 3434 3251 mater
3466 3198 3617 3257 s'cili-

2025 3283 2113 3331 cet
2145 3275 2403 3341 Ecclesia,
2445 3276 2512 3333 de
2554 3279 2689 3334 vivis
2722 3280 2990 3350 lapidibus
3024 3292 3362 3352 constructa,
3411 3286 3464 3341 in
3510 3303 3617 3360 qua

2026 3365 2174 3422 salus
2205 3364 2359 3440 [Ms.,
2386 3365 2527 3441 laus]
2555 3369 2673 3425 sine
2702 3370 2809 3426 line
2837 3381 3137 3442 permanet.
3184 3373 3288 3442 Qui
3316 3390 3444 3430 vero
3474 3393 3617 3433 nunc

2025 3458 2173 3512 visus
2199 3466 2283 3513 cst
2312 3458 2367 3514 in
2397 3458 2719 3526 humilitate,
2747 3461 2862 3531 ipse
2900 3462 3186 3531 videbitur,
3218 3466 3535 3521 conﬁrmata
3565 3478 3620 3520 et

2026 3555 2335 3603 constructa
2369 3549 2588 3607 civitate
2625 3565 2721 3605 sua
2761 3550 2913 3623 [Λίδη
2943 3563 3315 3609 consummata
3346 3546 3616 3612 structura

2026 3635 2262 3691 civitatis
2286 3636 2442 3710 sum].
2471 3639 2524 3693 in
2553 3639 2721 3708 gloria
2748 3655 2880 3704 sua;
2908 3655 3032 3696 cum
3062 3643 3267 3697 venerit
3291 3642 3345 3698 iu
3368 3643 3618 3713 majesta-

2027 3735 2079 3783 te
2110 3726 2287 3782 Patris
2317 3736 2370 3783 et
2407 3737 2717 3783 sanctorum
2759 3731 3093 3803 angelorum,
3132 3733 3439 3793 discernere
3477 3737 3620 3793 inter

2027 3833 2194 3887 agnos
2219 3828 2272 3873 et
2298 3819 2498 3873 hrcdos.

2098 3911 2263 3966 Vens.
2308 3909 2735 3981 18.——Respe.rit
2784 3914 2839 3969 in
2891 3917 3179 3972 orationem
3228 3935 3515 3989 pauperum
3568 3932 3615 3973 et

2027 4016 2131 4055 non
2156 4000 2344 4068 sprevit
2367 4016 2569 4071 precem
2590 4016 2791 4054 eorum.
2837 4003 3100 4058 Veniente
3124 4003 3405 4062 Salvatotc
3431 4019 3617 4065 nostro

2027 4089 2080 4144 in
2114 4090 2391 4153 mundum,
2423 4099 2551 4145 tunc
2575 4092 2843 4149 exaudita:
2865 4103 2991 4149 sunt
3014 4109 3205 4167 preces
3229 4095 3390 4167 hujus
3417 4114 3617 4170 paupe-

2025 4181 2122 4247 ris,
2150 4198 2271 4253 quze
2296 4183 2491 4253 surpius
2517 4181 2686 4258 [ante]
2714 4186 2953 4242 recitata:
2975 4198 3100 4242 sunt
3126 4188 3179 4243 in
3216 4198 3504 4260 conspectu
3535 4192 3616 4247 di-

2026 4273 2165 4330 vina:
2204 4274 2440 4345 pictatis.
2483 4275 2589 4332 lste
2625 4293 2832 4349 pauper
2861 4297 3000 4336 unus
3035 4290 3136 4346 est,
3174 4291 3230 4338 et
3265 4282 3416 4338 mulsi
3454 4293 3613 4344 sunt;

2026 4380 2166 4420 unus
2205 4365 2259 4419 in
2300 4367 2580 4431 charitate,
2628 4369 2780 4424 multi
2821 4370 2873 4425 in
2914 4369 3198 4427 latitudine
3238 4373 3407 4429 totius
3442 4373 3614 4440 orbis,

2026 4456 2221 4527 quibus
2247 4466 2330 4514 est
2361 4474 2466 4512 una
2493 4459 2642 4524 ﬁdes,
2672 4477 2839 4516 unum
2869 4463 3150 4532 baptisma,
3177 4480 3316 4520 unus
3336 4465 3502 4521 Deus.

2100 4546 2260 4601 Vens.
2303 4546 2802 4603 i9.—Scribantur
2834 4550 2945 4604 lucc
2983 4553 3039 4605 in
3065 4555 3397 4622 generatione
3423 4554 3610 4618 altera,

2024 4649 2073 4693 et
2100 4637 2322 4712 populus
2349 4639 2442 4712 qui
2475 4640 2755 4708 creabitur,
2794 4640 3028 4697 laudabit
3057 4643 3358 4700 Dominum.
3401 4644 3612 4718 Scripta

2026 4736 2153 4784 sunt
2179 4730 2295 4786 haec
2320 4731 2702 4802 prophetarum
2732 4733 2895 4798 dicta,
2929 4750 3049 4805 qua:
3085 4737 3245 4792 modo
3279 4737 3529 4809 leguntur
3557 4740 3610 4794 in

2027 4823 2371 4893 generatione
2396 4823 2583 4879 altera.
2632 4825 2729 4881 Illa
2759 4825 2859 4881 fuit
2882 4828 3058 4896 prima
3086 4831 3384 4900 generatio,
3415 4831 3467 4884 in
3505 4846 3609 4901 qua

2027 4915 2143 4971 haec
2173 4915 2453 4986 Scriptura
2491 4917 2634 4972 edita
2663 4926 2766 4982 est,
2794 4934 2955 4989 quam
2989 4934 3133 4974 nunc
3159 4918 3286 4991 legit
3312 4920 3363 4974 in
3389 4920 3490 4975 ista
3525 4936 3612 4992 ge-

2027 5008 2303 5067 neratione
2339 5009 2585 5081 sequenti
2617 5009 2867 5080 populus,
2907 5011 3032 5082 quia
3062 5012 3333 5067 creabitur
3362 5027 3393 5066 a
3426 5011 3611 5066 Domi-

2028 5108 2098 5147 no
2137 5095 2204 5149 de
2243 5098 2585 5154 multitudine
2624 5099 2882 5170 gentium,
2924 5098 3146 5155 laudans
3181 5097 3513 5174 [Dominum]
3558 5102 3611 5156 in

2026 5181 2255 5238 veritate
2280 5184 2437 5251 lucis,
2463 5201 2571 5241 non
2592 5186 2648 5241 in
2673 5186 2858 5258 ﬁguris
2885 5187 3219 5245 umbrarum.

2096 5272 2259 5345 357
2282 5274 2445 5331 Vsus.
2475 5276 2565 5331 20.
2589 5308 2659 5318 —
2694 5277 2960 5344 Quoniam
3002 5282 3266 5353 prospexit
3299 5282 3364 5338 de
3408 5281 3614 5339 excelso

2027 5376 2208 5421 sancto
2229 5381 2348 5431 suo,
2364 5365 2619 5423 Dominus
2640 5368 2705 5424 de
2720 5368 2844 5423 caelo
2866 5368 2921 5425 in
2939 5379 3136 5426 terram
3156 5373 3377 5444 aspexit.
3402 5374 3481 5432 De
3498 5390 3610 5432 ca:-

2027 5457 2079 5512 lo
2092 5457 2352 5513 Dominus
2372 5471 2469 5526 per
2488 5457 2706 5515 unicum
2729 5458 2926 5517 Filium
2948 5470 3105 5519 Suum
3130 5464 3409 5536 prospexit
3432 5466 3486 5523 in
3504 5476 3612 5523 ter-

2027 5563 2141 5603 ram
2170 5547 2398 5602 miseria:
2414 5555 2612 5603 n0stm:
2641 5544 2817 5619 (Vers.
2841 5547 2955 5622 21).
3015 5548 3084 5606 Ut
3103 5553 3309 5610 audiret
3340 5553 3506 5629 [sicut
3524 5572 3609 5614 se.

2027 5654 2201 5710 quens
2218 5653 2408 5694 versus
2425 5636 2681 5711 ostendit]
2701 5641 2921 5710 gemitus
2943 5643 3372 5714 cornpcditorum,
3390 5646 3610 5703 humani

2028 5732 2232 5789 scilicet
2251 5731 2480 5802 generis,
2504 5731 2860 5802 quoddiaboli
2872 5735 3101 5793 vinculis
3123 5754 3174 5793 tu
3195 5740 3371 5808 primo
3391 5744 3612 5808 parente
