4020 6188
404 347 503 406 τω

1276 347 1331 399 Β.
1373 346 1435 399 ι’.
1460 345 1681 398 ΑιΒΙΝΙ
1723 344 1849 398 SEU
1892 344 2163 399 ALCUI‘I
2202 344 2481 399 OPERIJM
2522 346 2699 399 PARS
2732 349 2792 401 il.

3539 350 3648 405 59‘!

406 460 628 530 ligatum
658 464 783 517 est.,
814 455 1081 522 mortique
1100 462 1379 523 perpotare
1426 452 1741 522 perditionis
1784 449 1969 503 addic-
2003 456 2043 514 Α
2076 450 2202 523 [vel]
2239 454 2516 521 generatio
2543 452 2699 519 hujus
2721 455 3103 523 geuerationis,
3131 471 3247 523 qua:
3273 456 3327 509 in
3352 456 3646 531 Evangelia

408 559 519 603 tum
550 562 565 599 :
602 547 704 599 hoc
747 544 812 597 de
837 541 974 596 cmlo
1008 542 1353 613 prospiciens
1383 541 1641 595 Dominus
1672 540 1814 593 venit
1860 539 1969 591 sol-

408 649 531 694 vere
559 633 765 687 vinctos
788 640 845 685 et
875 630 1143 685 t'ivilicare
1169 631 1536 702 interemptos.

476 726 634 781 Vsus.
661 723 750 779 22.
772 753 841 764 -—
865 721 931 777 Ut
953 733 1293 779 annunttetur
1311 726 1364 779 in
1388 724 1518 780 Sion
1533 742 1714 783 nomen
1739 725 1964 791 Domini,

401 829 446 876 et
485 818 602 873 laus
630 817 744 886 ejus
772 817 828 871 in
853 814 1166 869 Jerusalem.
1196 814 1328 881 Quia
1353 816 1418 869 de
1456 814 1606 880 Sion,
1637 825 1695 875 ut
1723 817 1799 871 ait
1837 833 1966 887 pro-.

400 909 583 978 pheta,
608 905 763 963 exibit
784 903 868 958 lex
889 913 936 958 et
966 905 1170 960 verbum
1192 904 1403 958 Domini
1416 903 1482 959 de
1499 903 1791 961 Jerusalem
1810 905 1964 976 (lsai.

401 1014 464 1062 ιι,
491 998 568 1067 3).
599 996 675 1050 lbi
703 996 898 1066 quippe
947 996 1554 1065 primumprtedicatum
1601 1004 1685 1049 est
1710 1011 1809 1064 per
1837 1011 1966 1066 apo-

400 1087 787 1143 stolosnomen
818 1084 1061 1147 Domini;
1093 1084 1171 1138 sic
1193 1083 1317 1154 (Ms.
1342 1124 1356 1148 ,
1384 1084 1542 1154 sicut)
1566 1085 1761 1154 legitur
1783 1085 1834 1139 in
1860 1086 1966 1140 Ac-

401 1180 545 1232 tibus
605 1173 966 1244 apostolorum
994 1215 1008 1239 ,
1058 1173 1453 1230 multitudinem
1503 1176 1835 1229 credentium
1890 1176 1966 1230 ibi

397 1282 555 1331 esse;
591 1275 645 1322 ct
682 1266 855 1335 ipsum
907 1264 1188 1318 Dominum
1228 1266 1548 1334 praecepisse
1579 1266 1633 1319 in
1674 1266 1963 1337 Evangelio

406 1363 615 1409 constat
635 1351 972 1422 ,_praedicare
996 1349 1263 1420 apostolos
1292 1354 1661 1421 paenitentiam
1703 1364 1758 1408 et
1784 1357 1966 1410 remis-

398 1446 602 1498 sionem
631 1442 1246 1509 omniumpeccatorum
1275 1442 1329 1495 in
1356 1457 1543 1498 omnes
1569 1452 1754 1514 gentes
1786 1485 1801 1509 ,
1832 1445 1966 1499 inri-

400 1532 806 1605 pientesprimo
833 1531 900 1586 ab
919 1530 1217 1587 Jerusalem
1258 1532 1406 1604 (Luc.
1436 1549 1587 1599 xxiv,
1628 1534 1720 1601 47,
1745 1535 1856 1606 53).
1890 1535 1963 1591 De

402 1625 595 1693 quibus
621 1622 782 1696 paulo
797 1631 936 1693 post
980 1623 1054 1678 ait
1074 1623 1416 1695 Evangeiista
1451 1642 1465 1680 ;
1496 1624 1563 1677 Et
1591 1635 1738 1679 erant
1765 1642 1964 1695 semper

404 1717 455 1768 in
475 1712 662 1784 templo
690 1711 962 1771 laudantes
990 1722 1036 1766 et
1068 1712 1419 1767 benedicentes
1451 1712 1748 1767 Dominum.

2069 538 2379 609 designatur
2401 580 2417 604 ,
2442 540 2534 593 ubi
2564 539 2820 597 Dominus
2844 543 2922 597 ait
2949 562 2961 596 :
2991 541 3055 596 In
3085 547 3491 613 regenerationc,
3522 566 3643 604 cum

2068 627 2256 681 sederit
2282 626 2453 682 Filius
2470 626 2736 703 [hominis]
2752 632 2803 685 in
2819 633 2938 686 sede
2960 632 3248 701 mujestatis
3286 651 3397 689 sua:
3422 637 3645 706 (Matth.

2091 734 2203 782 XIX,
2237 719 2350 790 23).

2137 807 2297 863 Vens.
2320 809 2408 863 26.
2429 842 2497 850 —
2512 810 2579 865 In
2608 813 2757 865 initio
2783 821 2861 877 tu,
2885 811 3124 877 Domine,
3151 823 3344 866 terram
3371 814 3641 884 fundasti,

2065 905 2113 949 et
2144 912 2297 966 opera
2328 915 2577 953 manuum
2608 909 2819 954 tuarum
2862 910 2981 954 sunt
3021 901 3154 955 cwli.
3209 900 3321 957 Hoc
3351 912 3456 969 est,
3494 908 3640 974 quod

2067 985 2120 1039 in
2150 986 2323 1058 capite
2349 996 2655 1043 sanctarum
2686 988 3086 1059 Scripturarum
3129 991 3326 1061 legitur
3353 1009 3366 1045 :
3399 991 3467 1046 in
3490 996 3639 1064 prino

2065 1074 2197 1145 cipio
2221 1077 2409 1130 creavit
2440 1077 2579 1131 Deus
2607 1078 2790 1132 ctelum
2818 1088 2868 1132 et
2892 1089 3106 1132 terram.
3135 1078 3247 1134 Hoc
3269 1080 3389 1135 ideo
3426 1082 3503 1136 ait
3534 1083 3640 1140 isto

2064 1165 2309 1220 laudator
2356 1168 2590 1233 Domini,
2621 1177 2681 1223 ut
2718 1168 3107 1239 intelligeretur
3130 1185 3230 1226 nos
3258 1173 3503 1228 eumdem
3534 1175 3637 1229 lia--

2062 1253 2191 1308 bere
2243 1249 2657 1325 Redemptorem
2714 1256 2897 1329 [quem
2945 1259 3289 1332 creatorem].
3348 1260 3450 1328 Qui
3504 1278 3637 1317 vero

2063 1345 2218 1398 initio
2267 1345 2462 1401 coelum
2497 1356 2551 1403 et
2606 1356 2806 1407 terram
2852 1350 3058 1404 creavit
3083 1390 3098 1414 ,
3136 1351 3252 1406 sine
3306 1352 3459 1407 initio
3509 1368 3635 1408 esse

2063 1433 2405 1495 manifesmm
2432 1446 2532 1492 est.
2577 1437 2754 1514 Opera
2783 1456 3036 1495 manuum
3084 1450 3296 1495 tuarum
3325 1452 3450 1496 sunt
3485 1440 3626 1504 coeli.

2064 1525 2117 1583 id
2144 1533 2248 1590 est,
2288 1528 2487 1584 virtute
2534 1527 2630 1585 Dei
2682 1539 2737 1584 et
2784 1530 3043 1598 sapientia
3083 1529 3224 1585 laeta
3269 1541 3395 1585 sunt
3450 1532 3634 1587 omnia

2064 1613 2214 1687 [Ms.,
2246 1617 2299 1671 id
2344 1626 2449 1684 est,
2470 1619 2697 1674 virtutes
2742 1629 2867 1685 tua},
2900 1620 3024 1692 quia
3059 1635 3156 1689 per
3177 1622 3397 1676 verbum
3423 1621 3517 1677 Dei
3538 1662 3555 1687 ,
3575 1622 3635 1681 id

2062 1713 2161 1770 est.
2200 1707 2450 1763 virtutem
2481 1708 2594 1774 Dei,
2618 1710 2934 1781 sapientiam
2956 1711 3051 1766 Dei
3080 1710 3221 1766 facta
3248 1719 3373 1766 sunt
3397 1712 3627 1787 omnia].

466 1802 628 1858 Vsus.
655 1802 743 1863 23.
767 1832 837 1841 —
856 1800 919 1855 In
960 1801 1307 1856 convenientia
1326 1802 1543 1873 populos
1590 1805 1644 1857 in
1673 1820 1857 1871 unum,
1910 1814 1958 1858 et
1990 1784 2033 1844 θ
2132 1796 2292 1852 VERS-
2316 1796 2406 1857 27.
2428 1828 2497 1838 -
2520 1797 2627 1865 Ipsi
2649 1799 2914 1872 peribunt,
2946 1800 2999 1856 id
3024 1808 3137 1865 est,
3169 1798 3352 1854 omium
3391 1810 3438 1855 et
3464 1784 3629 1867 terra,

396 1910 553 1963 regna
576 1903 630 1951 ut
651 1892 874 1947 serviant
894 1892 1133 1944 Domino.
1150 1891 1231 1945 Ad
1244 1892 1347 1947 hoc
1360 1893 1500 1946 enim
1519 1895 1749 1964 gemitus
1763 1910 1823 1963 pa
1832 1910 1960 1963 upe-

400 1999 517 2042 rum
543 1982 825 2042 exauditus
855 1990 957 2046 est,
980 1980 1184 2035 scilicet
1214 1990 1273 2036 ut
1296 1983 1621 2037 conveniens
1649 1983 1875 2052 populus
1903 1983 1957 2039 in

394 2086 557 2124 unum
596 2069 778 2130 laudes
832 2069 1040 2127 Domini
1066 2079 1416 2139 personaret.
1448 2070 1504 2129 in
1549 2086 1635 2135 eo,
1687 2072 1829 2140 quod
1859 2072 1954 2138 ait,

393 2160 607 2232 populos
629 2163 683 2215 in
740 2175 921 2223 unum,
956 2158 1128 2213 virtus
1151 2159 1425 2217 catholica:
1452 2161 1670 2216 unitatis
1692 2164 1955 2231 signatur,

391 2254 520 2321 quia
541 2265 726 2306 omnes
762 2264 925 2304 unum
951 2264 1137 2305 sumus
1166 2250 1218 2309 in
1247 2250 1461 2311 Christo
1487 2268 1501 2303 :
1532 2251 1695 2305 veluti
1718 2252 1831 2321 ipse
1857 2250 1959 2306 Do-

394 2342 571 2395 minus
612 2340 757 2394 Patri
805 2356 903 2410 pro
930 2341 1043 2395 suis
1072 2339 1377 2410 supplicans
1420 2341 1516 2406 ait,
1564 2350 1623 2394 ut
1651 2342 1753 2395 sint
1794 2358 1954 2395 unum

390 2433 444 2485 in
472 2430 637 2485 nobis.
669 2429 737 2483 Et
762 2446 916 2499 regna
951 2440 1005 2484 ut
1042 2432 1266 2484 serviant
1293 2429 1537 2484 Domino.
1580 2431 1685 2487 Ista
1729 2433 1958 2486 servitus

389 2519 598 2573 Domini
630 2534 753 2573 vera
795 2519 1016 2573 libertas
1044 2527 1129 2574 est
1162 2519 1394 2574 hominis
1416 2559 1430 2582 ,
1478 2534 1576 2588 per
1605 2521 1748 2589 quod
1789 2523 1957 2576 servi-

390 2611 523 2663 tium
560 2609 652 2663 Dei
685 2610 735 2663 in
768 2616 970 2662 tantam
1000 2606 1271 2679 [gloriam]
1308 2608 1544 2662 exaltata
1571 2615 1655 2664 est
1692 2608 1954 2674 Ecclesia,

389 2701 634 2756 utetiam
672 2714 833 2771 regna
877 2700 1113 2756 serviant
1140 2698 1239 2765 illi,
1269 2714 1387 2770 qua:
1414 2700 1577 2754 etiam
1616 2707 1740 2755 ante
1772 2712 1955 2771 persc-

388 2792 690 2858 quebmtur
717 2805 860 2846 eam.

459 2880 619 2935 Vsus.
645 2879 734 2934 24.
760 2911 828 2921 -—
851 2878 1132 2949 Respondit
1156 2881 1203 2934 ei
1230 2880 1286 2933 in
1310 2881 1392 2934 via
1409 2881 1614 2934 virtutis
1640 2897 1769 2934 aute.
1786 2880 1955 2948 Quis?

387 2969 483 3024 Cui
512 2969 825 3048 respondit?
847 2968 1080 3039 P0pulus
1118 2968 1459 3025 Christianus
1482 2970 1592 3025 Deo
1612 2986 1709 3025 suo
1732 3012 1748 3036 ,
1775 2970 1954 3027 Eccle-

385 3062 464 3117 sia
490 3060 705 3123 Christo
728 3059 890 3131 capiti
920 3074 1037 3117 suo.
1067 3057 1205 3124 Quid
1228 3060 1540 3127 respondit?
1564 3068 1619 3115 ut
1649 3059 1810 3115 faciat
1827 3076 1946 3131 qua:

2059 1885 2197 1941 sicut
2218 1886 2269 1938 in
2293 1885 2580 1956 Evangelia
2606 1887 2800 1955 legitur
2827 1928 2843 1952 ,
2875 1886 3240 1962 [transibunt],
3269 1891 3419 1945 verba
3447 1903 3621 1948 autem

2058 1990 2171 2028 mea
2202 1991 2304 2028 non
2352 1977 2667 2033 transiliunt.
2708 1976 2785 2031 Tu
2815 1989 2987 2035 autem
3028 1996 3336 2050 pennanes;
3367 1992 3416 2036 et
3448 1998 3627 2038 omnes

2055 2064 2190 2118 sicut
2218 2067 2567 2119 vestimentum
2597 2078 2923 2126 veterasunt.
2948 2068 3129 2125 Solum
3158 2070 3440 2127 Dominum
3469 2071 3623 2145 [Μελ.⁸

2059 2151 2248 2224 Deum]
2277 2153 2662 2213 immutabilem
2687 2172 2805 2213 esse
2834 2158 3091 2225 declarat,
3114 2161 3239 2216 dum
3266 2163 3446 2217 omnia
3485 2164 3626 2219 sicut

2056 2242 2373 2300 vestimenta
2426 2255 2779 2309 veterasceut.
2821 2248 3013 2306 Carnis
3061 2267 3189 2307 vero
3230 2253 3478 2309 humanae
3515 2253 3624 2312 fita-

2056 2331 2313 2403 gilitatem
2342 2334 2430 2389 hic
2455 2336 2667 2391 videtur
2715 2340 3020 2395 ostendere.
3059 2341 3238 2413 ipsum
3288 2345 3435 2398 enim
3476 2355 3623 2401 vete-

2057 2421 2238 2507 rascit,
2268 2424 2410 2490 quod
2455 2439 2602 2483 more
2622 2427 2791 2483 vestis
2818 2426 3037 2502 [morte]
3068 2434 3419 2488 consumitur.
3456 2434 3623 2507 358

2058 2506 2205 2565 Sicut
2243 2514 2554 2581 opertorium
2611 2514 2768 2586 [Ms.,,
2808 2520 3211 2593 coopertorium]
3252 2506 3479 2577 mutabis
3499 2506 3616 2589 eos,

2054 2607 2100 2650 et
2130 2600 2485 2656 mutabuntur.
2516 2603 2784 2662 Fortassis
2826 2608 3021 2662 caelum
3064 2609 3381 2682 intelligitur
3403 2627 3622 2685 meper-9

2055 2689 2250 2744 torium
2282 2699 2437 2747 terrae
2471 2708 2609 2760 esse,
2652 2697 2795 2766 quod
2831 2697 2883 2751 in
2925 2698 3115 2752 melius
3161 2702 3472 2756 mutandum
3500 2717 3620 2759 esse

2052 2776 2155 2831 alia
2185 2779 2460 2852 Scriptura
2483 2782 2767 2853 designat,
2792 2786 2882 2840 u1,i
2928 2787 3122 2842 dicitur
3145 2787 3252 2843 eEt
3292 2793 3388 2847 erit
3436 2789 3617 2848 (telum

2052 2884 2238 2923 novum
2259 2882 2305 2923 et
2333 2881 2471 2925 terra
2494 2888 2623 2929 nova
2655 2873 2808 2945 (lsai.
2841 2892 2964 2941 va,
3005 2878 3129 2947 i7)?

2124 2956 2282 3013 Vsus.
2314 2959 2399 3014 28.
2428 2990 2497 3000 —
2531 2960 2607 3015 Tu
2647 2974 2821 3026 autem
2866 2966 3003 3019 idem
3033 2967 3141 3037 ipse
3168 2984 3222 3021 es
3267 2978 3315 3022 et
3362 2971 3487 3024 anni
3537 2972 3617 3029 tugi

2052 3062 2155 3100 non
2199 3047 2457 3117 deﬁcient.
2506 3050 2696 3107 Omnia
2739 3069 2860 3110 esse
2909 3057 3184 3114 mutas-ilia
3233 3068 3427 3133 praeter
3444 3061 3615 3119 solum

376 3120 531 3220 jubet
557 3148 648 3223 qui
680 3163 738 3205 se
766 3120 1007 3209 redemit.
1052 3120 1151 3204 U'bi
1183 3120 1495 3218 respondit?
1526 3150 1580 3204 in
1626 3151 1713 3204 via
1741 3120 1945 3205 scilicet
1973 3120 2017 3183 (ἶ
2049 3145 2347 3193 creatorem
2376 3140 2639 3213 designat,
2667 3145 2760 3215 qui
2788 3158 2998 3216 semper
3020 3147 3161 3201 idem
3185 3120 3270 3202 est
3291 3150 3431 3219 quod
3445 3157 3615 3214 est,et

384 3238 600 3293 virtutis
620 3252 747 3292 suae.
776 3237 906 3309 Quae
933 3247 1017 3292 est
1050 3240 1135 3293 via
1160 3240 1374 3299 virtutis
1393 3254 1503 3294 sua:
1528 3279 1542 3304 ,
1574 3239 1675 3294 nisi
1699 3238 1944 3295 Christus

380 3328 473 3409 qui
500 3327 611 3383 ait:
637 3327 875 3399 Egosum
901 3331 991 3389 .ria
1017 3338 1064 3385 et
1095 3331 1282 3388 raritas
1310 3339 1357 3385 ct
1379 3331 1504 3394 vita,
1535 3331 1649 3385 sine
1677 3346 1783 3400 quo
1812 3332 1945 3386 nihil

377 3433 660 3489 possumus
698 3419 752 3479 in
796 3418 951 3473 bonis
988 3419 1240 3487 aperibus
1279 3420 1618 3491 respondisse
1659 3423 1945 3497 przeceptis

379 3510 632 3566 Domini?
660 3508 991 3569 Paucitatem
1031 3509 1232 3567 dierum
1283 3524 1517 3567 meorum
1560 3512 1745 3572 nuntia
1792 3513 1940 3567 mihi.

380 3598 496 3655 Vox
523 3596 648 3672 [est]
678 3598 933 3654 Ecclesiae
959 3598 1024 3652 de
1051 3598 1157 3653 line
1184 3598 1365 3653 mundi
1396 3613 1493 3668 per
1521 3599 1798 3671 apostolos
1841 3600 1944 3663 ῡοε

377 3690 581 3745 minum
604 3691 938 3759 deprecantis
960 3688 1085 3761 [Με.
1097 3729 1113 3754 ,
1135 3689 1538 3764 interrogantis]
1556 3692 1646 3762 qui
1660 3692 1938 3747 dixerunt:

375 3776 475 3832 Dic
496 3777 642 3832 nobis
666 3776 875 3847 quando
904 3778 1014 3831 lucc
1034 3787 1206 3842 erunt,
1232 3787 1278 3831 et
1300 3779 1438 3849 quod
1461 3780 1663 3850 signum
1693 3780 1943 3838 aduentus

375 3866 453 3920 tui
474 3874 522 3919 et
569 3865 1027 3926 consummationis
1067 3865 1247 3919 swculi
1283 3866 1496 3939 (Matth.
1522 3884 1647 3923 xxxv
1674 3910 1689 3934 ,
1716 3871 1771 3941 ὅ)
1794 3872 1817 3924 ?
1840 3869 1939 3938 Qui

382 3955 700 4025 respondit:
740 3954 978 4020 Primum
1033 3956 1412 4029 praedicabitur
1449 3957 1552 4014 hoc
1593 3958 1941 4031 Evangelium

377 4048 432 4102 in
457 4054 567 4102 toto
599 4046 798 4102 mundo
826 4063 840 4113 ;
864 4055 918 4102 et
947 4055 1142 4105 caetera
1170 4062 1290 4117 qua:
1317 4048 1388 4102 ibi
1412 4048 1661 4117 leguntur
1681 4048 1746 4104 de
1772 4049 1941 4119 signis

376 4137 853 4193 consummationis
875 4137 1073 4197 szeculi.
1100 4137 1252 4202 Quod
1272 4147 1480 4206 tempus
1498 4139 1823 4206 paucitatem
1846 4155 1941 4193 no-

373 4229 542 4284 minat
571 4227 775 4283 dierum
804 4227 905 4280 iste
950 4226 1233 4304 pmnitens,
1260 4226 1352 4301 qui
1384 4224 1537 4296 [Ms.,
1566 4224 1713 4297 quia]
1744 4227 1814 4282 ab
1840 4226 1941 4283 ini-

374 4323 450 4376 tio
470 4320 651 4375 mundi
682 4334 850 4389 usque
879 4318 933 4372 in
957 4317 1117 4381 linem
1146 4325 1315 4378 totum
1348 4326 1557 4393 tempus
1580 4318 1633 4371 in
1662 4333 1940 4392 compara-

371 4411 572 4466 tionem
589 4408 922 4471 aeternitatis,
945 4408 1097 4479 quasi
1126 4422 1288 4469 unum
1310 4416 1363 4461 et
1390 4407 1766 4482 parvissimum
1792 4424 1939 4464 com-

371 4508 522 4570 putat
552 4497 707 4573 [Ms.,
736 4496 1095 4571 computatur]
1126 4507 1472 4555 momentum.
1510 4498 1671 4577 Optat
1697 4501 1797 4555 iste
1824 4516 1939 4577 pue-

372 4593 552 4647 nitens
572 4588 725 4665 [cito]
748 4592 1026 4663 pervenire
1044 4592 1111 4647 ad
1138 4600 1353 4647 aeternae
1381 4590 1728 4649 beatitudinis
1775 4591 1942 4655 felici-

371 4691 536 4737 tatem
562 4697 577 4746 ;
607 4682 745 4737 sicut
769 4680 1105 4751 evangelicus
1128 4696 1343 4752 semper
1369 4697 1558 4739 servus
1580 4681 1802 4752 iubetur
1822 4698 1941 4743 esse

369 4782 613 4845 paratus.

440 4865 600 4922 Vsus.
620 4866 708 4922 25.
730 4897 802 4908 —
826 4864 907 4920 Ne
930 4880 1129 4918 reuoces
1166 4881 1246 4918 me
1266 4865 1320 4918 in
1342 4864 1557 4918 dimidio
1579 4865 1781 4918 dierum
1802 4881 1941 4918 meo,

371 4973 486 5013 rum
503 4974 521 5023 ;
537 4959 590 5012 in
604 4957 853 5013 swculum
866 4954 1046 5010 steculi
1058 4956 1181 5009 anni
1195 4954 1289 5008 tui.
1310 4953 1686 5010 Aiternitatem
1702 4955 1801 5008 iste
1811 4970 1941 5024 pau—

369 5060 465 5117 per
504 5047 815 5104 dcsiderans
842 5059 947 5098 non
963 5042 1075 5097 vult
1102 5042 1341 5097 revocari
1366 5042 1433 5097 ad
1456 5043 1659 5098 medios
1686 5043 1810 5097 vita:
1830 5058 1940 5098 suae

365 5134 504 5201 dies,
524 5135 579 5191 id
610 5142 714 5200 est,
741 5134 807 5189 ad
844 5131 1145 5204 juventutis
1169 5144 1358 5194 annos,
1389 5130 1440 5183 iu
1480 5130 1676 5199 quibus
1705 5132 1940 5188 maxime

363 5225 579 5280 i'ervore
615 5225 796 5281 carnis‘
823 5236 1047 5293 peccare
1091 5219 1266 5275 solent
1292 5219 1552 5274 homines.
1580 5219 1660 5274 Ad
1702 5219 1799 5275 hos
1827 5220 1942 5275 dies

366 5330 475 5369 non
492 5316 637 5391 cupit
663 5313 892 5385 regredi,
920 5320 978 5367 ut
1003 5311 1071 5367 ad
1099 5320 1331 5366 aeternos
1355 5309 1565 5365 Domini
1604 5312 1773 5388 annos
1804 5351 1818 5375 ,
1847 5311 1939 5381 qui

365 5401 651 5463 mutabiles
670 5421 774 5462 non
800 5413 946 5470 sunt,
967 5404 1251 5475 pervenire
1277 5413 1566 5469 mereatur,
1602 5404 1690 5460 ubi
1709 5406 1939 5458 varietas

363 5478 667 5561 temporum
690 5511 795 5551 non
824 5495 951 5561 erit,
981 5495 1074 5550 sed
1113 5493 1321 5549 stabilis
1349 5493 1591 5562 quredam
1616 5507 1940 5563 semperque

364 5582 553 5641 eadem
590 5582 731 5655 [quae
767 5585 871 5659 est]
912 5587 1020 5640 vita
1066 5593 1347 5659 permanet
1381 5583 1660 5638 mutationi
1695 5598 1801 5637 non
1845 5582 1939 5637 ob-

368 5674 545 5732 noxia.
578 5671 656 5749 [In
677 5689 782 5744 quo
812 5676 925 5732 haec
962 5685 1108 5742 sunt,
1142 5674 1299 5744 hujus
1327 5670 1529 5745 maeuii]
1554 5673 1807 5729 szeculum
1833 5681 1933 5738 est,

1969 4458 2016 4518 D

2042 3229 2167 3282 anni
2192 3231 2511 3287 aeternitatis
2559 3233 2699 3289 illius
2727 3251 2997 3306 nunquam
3025 3236 3293 3295 deﬁcient.
3334 3237 3446 3292 Non
3472 3240 3615 3311 quod

2043 3317 2097 3371 in
2122 3318 2232 3374 Deo
2272 3321 2394 3376 anni
2422 3322 2751 3394 intelligendi
2776 3326 2911 3390 sint,
2942 3335 3001 3382 ut
3035 3343 3172 3382 unus
3200 3328 3373 3383 veniat
3402 3336 3456 3385 et
3482 3326 3616 3386 alter

2044 3415 2298 3473 transeat,
2326 3412 2421 3465 sed
2443 3413 2891 3480 atternitasillius,
2921 3431 3040 3487 qua:
3061 3432 3273 3489 semper
3288 3419 3473 3477 eadem
3504 3430 3610 3487 est,

2042 3514 2305 3556 annorum
2340 3505 2556 3560 nomine
2584 3507 2915 3578 designatur.

2112 3593 2274 3649 Vsus.
2305 3594 2395 3650 29.
2429 3626 2498 3636 —
2523 3594 2654 3652 Filii
2692 3616 2957 3655 servorum
2993 3614 3197 3659 tuorum
3246 3604 3613 3665 inhabitabant

2042 3683 2146 3751 ibi,
2206 3684 2261 3738 id
2304 3694 2404 3749 est,
2443 3686 2759 3743 habitabunt
2802 3706 2972 3747 annos
3022 3694 3337 3748 aeternitatis
3386 3682 3635 3766 [sanctil'

2041 3782 2350 3829 sanctorum
2395 3786 2605 3846 patrum
2633 3779 2760 3845 lilii,
2785 3782 3161 3851 prophetatum
3191 3781 3395 3838 scilicet
3408 3793 3463 3837 et.
3487 3798 3615 3852 apo-

2041 3863 2298 3919 stolorum
2328 3867 2409 3920 vel
2440 3867 2716 3927 doctorum
2765 3869 3038 3932 Ecclesiae.
3078 3870 3186 3927 Nec
3234 3874 3609 3931 aestimandum

2040 3963 2124 4009 est
2150 3954 2222 4017 ibi
2251 3972 2356 4016 non
2386 3972 2505 4013 esse
2533 3967 2731 4031 patres,
2764 3961 2854 4015 ubi
2880 3961 2974 4021 (iiii
3001 3962 3170 4017 futuri
3198 3974 3323 4025 sunt
3353 3983 3365 4017 :
3395 3964 3536 4039 quod
3559 3966 3604 4019 si

2041 4045 2135 4103 lilii
2160 4046 2248 4109 ibi,
2270 4055 2472 4125 quanto
2506 4049 2678 4120 magis
2703 4059 2758 4105 et
2780 4055 3010 4125 patres?
3038 4051 3095 4107 Si
3121 4053 3417 4126 discipulus
3440 4054 3610 4109 bonus

2042 4135 2262 4208 [quanto
2314 4137 2506 4211 magis]
2554 4149 2609 4194 et
2640 4142 2894 4211 magister
2918 4182 2933 4207 ,
2965 4143 3153 4203 melior
3207 4143 3511 4213 discipulo?
3542 4143 3607 4197 lit

2039 4240 2211 4279 semen
2251 4242 2429 4280 eorum
2475 4229 2528 4282 in
2550 4228 2799 4283 swculum
2820 4230 3002 4285 διεσαιί
3044 4232 3318 4302 dirigetur.
3372 4231 3604 4298 Quorum

2038 4331 2241 4381 semen,
2295 4319 2398 4373 nisi
2443 4320 2719 4375 doctorum
2746 4332 3059 4377 sanctorum
3103 4320 3295 4393 [Edit.,
3328 4322 3600 4394 suorum],

2039 4410 2132 4477 qui
2177 4410 2232 4464 in
2275 4419 2473 4469 aeterna
2509 4412 2807 4482 dirigentur
2855 4414 3224 4469 beatitudine?
3256 4414 3355 4481 Qui
3405 4424 3600 4467 rectam

2042 4500 2130 4554 hic
2159 4508 2443 4561 tenuerunt
2472 4502 2630 4567 viam,
2673 4502 3021 4558 beatitudinis
3047 4503 3203 4576 [Με.,
3246 4504 3597 4574 rectitudinis[

2042 4589 2259 4659 prazmia
2308 4590 2381 4645 ibi
2423 4592 2792 4659 possidebunt.
2844 4593 2968 4648 ideo
3014 4611 3118 4649 non
3159 4595 3334 4651 tardet
3379 4594 3603 4665 quisque

2041 4687 2290 4748 peccator
2345 4682 2714 4747 pmnitentiam
2757 4697 2954 4752 agere,
3002 4692 3267 4752 quatenus
3327 4684 3395 4738 ad
3450 4682 3607 4752 hujus

2040 4769 2245 4838 pnemii
2274 4769 2496 4842 gloriam
2515 4774 2795 4841 pervenire
2831 4783 3117 4829 mereatur.
3154 4774 3488 4830 Recordetur
3514 4775 3605 4845 jn-

2041 4858 2180 4928 giter
2206 4861 2435 4931 primam
2465 4861 2757 4918 Dominica:
2802 4863 3198 4932 praedicationis
3242 4879 3426 4919 vocem
3453 4905 3467 4928 ,
3504 4878 3605 4932 qua

2040 4949 2243 5005 dictum
2273 4959 2394 5005 est:
2449 4949 2815 5007 Paenitentiam
2835 4954 2991 5025 agite,
3023 4954 3452 5029 appropinquabit
3472 4954 3605 5015 enim

2042 5058 2257 5121 regnum
2278 5042 2522 5097 rariorum
2557 5043 2772 5116 (Matth.
2804 5060 2887 5110 tu,
2917 5044 2995 5117 2).
3022 5044 3213 5100 Anien.
3288 5030 3289 5033 η

2540 5158 2859 5219 FSALMUS
2885 5158 3118 5221 CXXIX.

2110 5225 2353 5283 Psalmus
2381 5229 2482 5283 iste
2505 5228 2648 5281 inter
2690 5229 2929 5283 canticos
2978 5228 3251 5285 Graduum
3296 5227 3611 5292 undecimus

2026 5325 2142 5381 .est,
2171 5318 2262 5386 qui
2292 5331 2547 5370 numerus
2569 5316 2855 5382 quamdam
2889 5318 3295 5372 diminutionem
3322 5316 3609 5387 perfectiu-

2038 5405 2124 5460 nis
2144 5407 2514 5470 demonstrat;
2547 5406 2641 5459 sed
2666 5418 2853 5462 sextus
2878 5417 2981 5465 est
3024 5409 3079 5469 in
3107 5408 3299 5464 ordine
3337 5407 3604 5479 ptenitcn-

2040 5487 2144 5557 ti’m,
2169 5509 2326 5563 quem
2351 5510 2652 5563 numerum,
2677 5497 2731 5551 id
2753 5508 2836 5553 est
2885 5515 3001 5564 sex,
3039 5513 3150 5555 suis
3194 5497 3439 5570 partibus
3473 5512 3604 5560 con.-

2038 5593 2145 5640 stat
2191 5598 2309 5638 esse
2335 5583 2630 5654 perfectum
2659 5606 2672 5641 :
2705 5588 2757 5642 in
2804 5604 2911 5659 quo
2955 5589 3070 5661 ipse
3114 5598 3329 5644 creator
3367 5587 3608 5643 condidit

2037 5674 2216 5729 omnia
2249 5715 2261 5737 ,
2323 5684 2379 5729 ut
2432 5679 2740 5735 ostenderet
2789 5682 2970 5735 omnia
3025 5695 3145 5735 esse
3199 5679 3435 5749 perlecta
3488 5693 3609 5747 quo
