4020 6188
352 358 463 423 ὖ93

956 363 1363 419 EXEGETICA.
1404 394 1472 403 -—-
1510 363 1874 421 EXPOSITIO
1908 366 1975 421 IN
2013 368 2205 424 PSAL.
2249 368 2852 435 PiENITENTIALES,
2895 371 3045 427 ETC.

3510 375 3615 429 59b

350 472 581 534 creavit.
615 475 720 530 lste
748 490 873 531 vero
898 473 1166 544 paenitens
1191 489 1287 544 per
1312 474 1642 543 paenitentia:
1660 474 1928 546 lucrymas
1958 482 2003 538 Α
2033 493 2129 547 per
2158 478 2393 535 Verbum
2414 476 2510 537 Dei
2530 475 2724 537 Filium
2759 482 3011 538 hominis.
3077 484 3133 538 Ei
3162 485 3262 538 hac
3282 486 3423 540 enim
3444 484 3465 557 [
3484 486 3611 548 ιτα..

352 568 424 623 ad
454 562 840 639 perfectionem
862 557 1201 634 indulgentim
1246 560 1530 632 pervenire
1572 563 1791 628 nititur,
1844 566 1928 620 di-

355 670 488 714 C803
514 673 528 710 ζ

424 744 589 801 Vsus.
614 745 664 798 l.
684 769 752 784 --
767 737 844 797 De
861 739 1136 813 profundis
1164 736 1479 798 ciamaviad
1494 754 1562 809 te,
1582 743 1821 799 Domine.
1851 744 1927 800 De

352 835 654 909 profundis,
688 839 742 894 id
778 848 882 902 est,
914 838 1191 894 nimietate
1223 848 1562 907 peccatorum
1584 878 1598 901 ,
1622 839 1688 893 de
1729 840 1928 908 quibus

352 948 463 987 non
488 941 574 987 est
590 931 692 986 alia
721 929 865 985 salus
888 929 984 994 illi,
1017 929 1119 984 nisi
1144 929 1211 983 ad
1234 927 1516 983 Dominum
1538 928 1772 983 clamare
1801 936 1853 982 et
1870 944 1924 983 m

349 1023 472 1091 ejus
500 1038 717 1093 sperare
765 1021 1123 1077 clementiam.
1152 1012 1279 1077 Ideo
1312 1021 1548 1091 postulat
1575 1037 1730 1078 suum
1759 1037 1925 1078 exau-

346 1112 457 1170 diri
486 1113 796 1179 clamorem,
827 1129 988 1184 quam
1018 1114 1083 1168 de
1107 1111 1371 1182 profundo
1398 1122 1741 1183 peccatorum
1762 1128 1921 1171 eruc-

349 1204 486 1259 tavit
508 1204 693 1259 dicens
718 1221 730 1256 :

422 1294 587 1349 Vens.
610 1295 664 1347 2.
681 1324 751 1334 —
775 1292 1011 1356 Domine,
1040 1294 1231 1349 exaudi
1245 1311 1417 1349 vocem
1442 1312 1629 1349 meam.
1655 1288 1760 1366 Ipsi
1777 1299 1919 1353 enim

348 1393 475 1438 sunt
502 1382 781 1437 Altissimo
816 1383 1125 1447 viciniores,
1164 1385 1255 1453 qui
1285 1385 1352 1439 de
1380 1393 1580 1440 sancta:
1601 1377 1922 1442 humilitatis

347 1473 651 1528 visceribus
672 1483 984 1543 eruperunt,
1014 1489 1072 1529 se
1097 1474 1416 1531 conﬁtentes
1442 1491 1560 1531 esse
1580 1484 1916 1546 peccatores,

342 1573 403 1616 et
430 1563 496 1617 de
532 1562 798 1633 profundo
823 1563 1087 1620 clamasse
1115 1557 1415 1634 iniquitatis
1440 1566 1680 1623 dicentes
1706 1585 1719 1621 :
1758 1566 1918 1624 Fiant

2032 570 2191 643 vero]
2210 571 2566 640 promissione
2592 584 2772 643 speret
2790 572 3023 630 l‘sraelin
3044 572 3287 630 Domino.
3337 574 3441 648 Spe
3465 579 3608 637 enim

2029 660 2162 714 salvi
2202 661 2325 716 facti
2357 677 2563 716 sumus.
2612 659 2764 728 Quod
2807 680 2948 720 nunc
2978 665 3092 734 spei
3120 662 3399 722 dulcedine
3441 667 3609 721 habe-

2027 765 2169 813 mus,
2201 760 2328 806 tunc
2355 752 2430 806 rei
2459 752 2689 807 veritate
2717 754 3037 809 tenebimus.
3088 750 3205 808 Noli
3230 763 3306 820 tu,
3338 753 3522 819 Israel,
3555 755 3609 810 id

2027 846 2132 904 est,
2158 841 2243 893 vir
2272 842 2459 896 videns
2483 842 2676 907 Deum,
2721 842 2966 898 dubitare
3015 845 3082 900 de
3109 842 3213 900 hac
3234 845 3610 914 promissionis

2029 921 2319 985 feliCitate..

2097 1021 2260 1075 Vens.
2286 1016 2441 1073 7..u-
2486 1021 2626 1088 Quia
2671 1024 2823 1093 apud
2847 1021 3125 1077 Dominum
3161 1025 3520 1078 misericordia
3556 1034 3606 1079 et

2024 1110 2234 1178 copiosa
2268 1109 2414 1180 apud
2445 1126 2561 1164 eam
2594 1110 2895 1180 redemptio.
2927 1110 3110 1183 [Quia]
3147 1112 3396 1182 quamvis
3414 1124 3607 1182 pecca-

2023 1201 2108 1253 tor
2128 1207 2473 1270 peccatorum
2521 1201 2663 1256 mole
2706 1211 3003 1271 prematur,
3036 1202 3192 1258 adest
3237 1201 3607 1258 misericordia

2023 1284 2116 1345 Dei
2139 1292 2192 1345 in
2218 1289 2453 1356 Christo,
2481 1292 2573 1361 qui
2594 1293 2711 1346 sine
2740 1301 2961 1363 peccato
2982 1294 3150 1359 venit,
3176 1302 3237 1348 ut
3256 1300 3479 1365 peceata
3500 1292 3607 1347 sol-

2019 1387 2188 1433 veret.
2234 1379 2389 1449 Apud
2413 1395 2572 1449 quem
2602 1381 2817 1450 copiosa
2856 1390 2940 1438 est
2988 1382 3309 1455 redemptio,
3356 1382 3483 1451 quia
3513 1379 3604 1435 ubi

2019 1469 2311 1523 abundavit
2347 1477 2649 1538 peccatum,
2680 1471 3137 1540 superabundavit
3153 1471 3348 1540 gratia.

2089 1560 2252 1614 Vens.
2290 1560 2343 1614 8.
2369 1589 2436 1602 ——
2468 1560 2588 1632 Ipse
2612 1572 2686 1616 est
2704 1563 2793 1633 qui
2827 1564 3040 1617 redemit
3069 1562 3240 1619 Israel
3269 1563 3332 1617 ab
3355 1562 3594 1617 omnibus

346 1670 502 1708 aures
523 1662 628 1708 tute
649 1652 967 1708 intendentes
990 1653 1045 1707 in
1072 1645 1361 1709 orationem
1386 1654 1518 1711 serui
1546 1657 1644 1710 tui.
1675 1655 1806 1724 Quis
1835 1672 1900 1713 es

2015 1648 2372 1718 iniquitatibus
2399 1650 2507 1703 suis
2537 1649 2683 1721 [Ms.,
2714 1649 2872 1722 ejus].
2938 1650 3063 1705 Ideo
3102 1658 3158 1704 tu
3210 1659 3463 1721 peccator
3489 1649 3598 1704 noli

344 1744 645 1814 quietamat
663 1745 688 1797 ἲ
711 1750 959 1814 peccator
983 1738 1203 1800 scilicet.
1230 1744 1381 1802 Unde
1401 1747 1639 1803 clamat?
1663 1750 1824 1804 etiam
1850 1751 1915 1805 de
2017 1752 2258 1792 cessare:
2297 1738 2467 1794 Clama
2500 1739 2653 1811 [ἀίειν
2680 1739 2936 1813 Clamare]
2965 1741 3029 1796 de
3054 1740 3340 1811 ιποΐυηάοι
3391 1740 3596 1812 expelle

343 1834 625 1905 profundo.
686 1826 802 1900 Quo
842 1833 954 1903 jam
1004 1834 1268 1905 profundo
1290 1876 1305 1898 ,
1372 1836 1478 1891 nisi
1527 1840 1915 1907 peccatorum?
1947 1816 1990 1876 Β
2016 1840 2047 1880 a
2082 1834 2132 1881 te
2161 1843 2376 1883 omnem
2401 1829 2858 1899 desperationem;
2900 1831 3008 1896 dic,
3039 1832 3160 1887 die:
3200 1834 3245 1885 si
3274 1832 3598 1902 iniquitatem

342 1921 460 1990 qna
488 1938 582 1993 spe
621 1923 856 1980 clamat?
883 1922 1064 1996 [Quia]
1113 1923 1204 1994 qui
1231 1925 1379 1979 venit
1424 1925 1632 1981 solvere
1672 1935 1910 1996 peccata,
2014 1916 2382 1983 observaveris,
2412 1918 2650 1983 Domine,
2682 1920 2922 1987 Domine,
2969 1922 3085 1993 quis
3113 1921 3388 1975 sustinebit
3418 1921 3453 1974 ῒ
3488 1920 3599 1975 0b-

341 2007 490 2068 dedit
516 2028 666 2084 spem
694 2014 857 2068 etiam
894 2014 946 2067 in
986 2011 1249 2083 profundo
1296 2014 1474 2083 posito
1509 2015 1780 2083 peccatori
1806 2016 1913 2070 cla-
2012 2023 2167 2086 ξεῖνε
2216 2009 2388 2076 illum.
2431 2021 2685 2082 exspeCta
2726 2012 2874 2067 illum
2913 2022 3133 2084 propter
3178 2012 3350 2084 legem
3400 2012 3593 2083 ipSiuS.

339 2103 555 2166 mandi,
604 2103 922 2173 veniamque
949 2103 1217 2172 sperandi.
1249 2102 1389 2169 Quid
1435 2119 1562 2158 vero
1593 2105 1694 2160 iste
1720 2104 1913 2161 clamet
2011 2112 2173 2169 quam
2202 2098 2371 2170 legem
2410 2096 2511 2155 tibi
2536 2101 2684 2155 dedit
2712 2100 2766 2155 in
2807 2103 3073 2168 oratione,
3134 2117 3239 2172 qua
3287 2101 3595 2171 deprccaris

337 2203 607 2266 peccator,
639 2194 937 2251 audiamus.

408 2283 571 2338 Vens.
612 2284 665 2338 3.
686 2282 831 2339 —Si
849 2284 1173 2355 iniquitatem
1216 2281 1364 2357 [Ms.,
1388 2284 1711 2361 iniquitates]
1737 2286 1910 2343 obser-

333 2373 552 2436 vaveris,
580 2370 817 2437 Domine,
840 2372 1079 2438 Domine,
1107 2371 1223 2446 quis
1238 2376 1555 2431 sustinebit?
1580 2377 1719 2434 Ecce
1741 2384 1907 2449 appa—

335 2459 444 2514 ruit
480 2456 637 2533 [Ms.,
674 2460 931 2534 aperuit],
962 2463 1028 2517 de
1051 2477 1156 2532 quo
1183 2463 1447 2533 profundo
1475 2454 1752 2523 clamaret.
1782 2467 1907 2524 Cla-

335 2555 447 2605 mat
479 2551 581 2605 sub
605 2549 854 2607 ﬂuctibus
876 2591 889 2616 ,
918 2550 1072 2622 quasi
1099 2553 1151 2607 in
1186 2551 1454 2623 profundo
1491 2556 1769 2612 demersus
1798 2557 1905 2612 ini-

332 2640 599 2709 quitatum
625 2653 866 2706 suarum,
920 2658 1180 2698 accusans
1214 2644 1448 2716 seipsum
1488 2644 1542 2700 in
1570 2646 1907 2717 cogitationi-

330 2727 453 2798 bus,
477 2733 656 2788 verbis
682 2738 738 2788 et
763 2732 918 2789 factis
947 2752 960 2788 :
991 2730 1291 2806 intelligens
1322 2743 1490 2791 totam
1517 2734 1685 2791 vitam
1711 2737 1905 2813 huma-

331 2832 459 2877 nam
504 2818 886 2878 tentationibus
917 2822 1215 2894 subiacere.
1261 2822 1518 2895 Sequitur
1561 2823 1618 2882 in
1657 2843 1761 2898 qua
1809 2840 1904 2898 spe

325 2908 616 2976 clamaret,
655 2912 841 2968 dicens
871 2931 883 2966 :

405 2994 569 3055 Vens.
608 3000 664 3066 4,
704 3000 758 3056 5.
781 3032 853 3042 --
878 3001 1015 3069 Quia
1057 3004 1197 3076 apud
1222 3013 1271 3059 te
1311 3007 1610 3077 propitiatio
1646 3016 1741 3062 est.
1773 3005 1902 3074 ρυω

2008 2196 2107 2258 pro
2131 2189 2367 2258 peccatis
2395 2189 2499 2243 tuis
2537 2189 2750 2245 dicens:
2785 2190 3000 2244 Dimitte
3026 2190 3171 2245 nobis
3193 2190 3366 2245 debita
3389 2199 3591 2253 nostra,

2007 2275 2141 2332 sicut
2170 2288 2217 2332 et
2245 2295 2336 2333 nos
2378 2278 2690 2335 dimittimus
2709 2280 3028 2335 debitoribus
3066 2282 3277 2335 nostris.
3345 2280 3516 2350 Spera
3541 2287 3595 2334 te

2009 2378 2458 2436 resurrecturum,
2481 2379 2537 2426 et
2555 2370 2853 2428 teluturum
2866 2373 3013 2428 omni
3037 2373 3196 2428 modo
3214 2373 3329 2428 sine
3344 2380 3590 2443 peccato,

2009 2461 2264 2530 quoniam
2286 2460 2375 2515 ille
2398 2462 2653 2527 surrexit,
2704 2463 2796 2532 qui
2833 2464 3040 2533 primus
3068 2464 3168 2517 fuit
3192 2464 3309 2519 sine
3347 2473 3587 2533 peccato.

2006 2544 2128 2604 Noli
2183 2549 2410 2604 dicere:
2452 2548 2568 2604 Non
2620 2566 2740 2605 sum
2792 2545 2984 2621 dignus
3033 2553 3405 2607 misericordia
3451 2552 3588 2606 illius

2005 2648 2226 2710 propter
2247 2648 2498 2709 peccata;
2539 2640 2719 2710 cogita
2746 2641 2887 2709 apud
2935 2654 3058 2694 eum
3088 2640 3309 2694 multam
3336 2655 3457 2694 esse
3504 2655 3590 2695 rc-

2006 2729 2391 2799 demptionem,
2432 2730 2523 2801 qui
2549 2731 2783 2800 seipsum
2814 2730 3055 2795 tradidit,
3102 2738 3162 2785 ut
3191 2738 3244 2785 te
3273 2732 3579 2787 redimeret.

2001 2814 2285 2877 Liberatus
2322 2836 2421 2893 per
2467 2821 2861 2892 paenitentiam,
2909 2821 3016 2876 noli
3057 2821 3253 2877 iterum
3305 2821 3457 2892 ligari
3487 2838 3585 2893 per

2004 2916 2302 2980 peccatum.
2362 2908 2518 2964 Servi
2573 2909 2800 2965 Domino
2830 2910 2984 2980 quasi
3033 2909 3174 2966 ﬁlius
3201 2951 3216 2974 ,
3275 2926 3382 2966 non
3427 2912 3582 2981 quasi

2003 3012 2224 3055 servus:
2284 2998 2411 3068 quia
2457 3000 2633 3055 omnis
2677 3000 2769 3070 qui
2822 2999 2955 3055 facit
3004 3008 3284 3072 peccatum
3317 3041 3333 3067 ,
3391 3017 3583 3058 servus

331 3097 419 3143 cst
452 3089 555 3144 ista
578 3090 908 3160 propitiatio,
937 3091 1041 3147 nisi
1067 3093 1284 3164 sanguis
1317 3093 1536 3160 Christi,
1566 3095 1785 3164 sanguis
1815 3096 1901 3150 in—
1925 3140 1974 3164 η
2004 3098 2087 3144 εει
2112 3090 2341 3159 peccati.
2385 3089 2586 3145 Servus
2612 3098 2789 3145 autem
2816 3105 2921 3145 non
2948 3098 3132 3146 manet
3160 3092 3213 3146 in
3231 3091 3410 3155 domO,
3441 3089 3583 3146 illius

332 3190 555 3243 nocens,
583 3179 673 3248 qui
699 3180 899 3237 eﬂ‘usus
923 3189 1005 3237 est
1032 3183 1084 3237 in
1102 3182 1534 3252 propitiationem
1555 3192 1898 3254 peccatomm

330 3269 676 3323 nostrorum?
696 3269 862 3341 Ergo,
901 3284 935 3325 ο
963 3270 1207 3336 Domine,
1235 3271 1374 3342 apud
1411 3280 1462 3327 te
1486 3273 1901 3344 estpropitiatio

323 3365 450 3425 una:
478 3372 564 3412 me
600 3358 798 3412 excitat
841 3359 907 3414 ad
931 3364 983 3414 te
1023 3360 1300 3415 clamare:
1335 3361 1459 3430 quia
1483 3362 1528 3416 si
1559 3360 1727 3429 judex
1777 3369 1896 3417 tan-

326 3448 465 3509 tum,
515 3456 571 3500 et
622 3461 726 3502 non
753 3448 1072 3518 propitiator
1111 3449 1226 3504 ﬁeri
1271 3448 1550 3517 voluisses,
1582 3450 1899 3509 observares

327 3536 650 3606 iniquitates
680 3545 894 3593 uestras
922 3579 935 3603 ,
969 3538 1023 3593 et
1050 3553 1208 3594 nemo
1234 3541 1540 3596 sustineret.
1596 3541 1664 3595 Et
1689 3552 1899 3613 propter

325 3618 491 3697 legem
535 3632 678 3682 tt'tam
704 3628 928 3683 sustinui
951 3639 1022 3694 te,
1048 3629 1287 3685 Domine.
1329 3632 1645 3701 Exspectavi
1681 3642 1753 3698 te,
1795 3633 1898 3691 Do—

327 3719 501 3784 mine,
556 3720 648 3790 qui
680 3721 810 3775 mihi
846 3722 900 3776 in
950 3721 1064 3793 lege
1091 3725 1392 3793 promissus
1441 3726 1585 3781 fuisti
1613 3745 1625 3781 :
1655 3743 1775 3798 qute
1812 3743 1898 3783 me

323 3807 411 3862 lex
449 3824 599 3864 reum
628 3808 755 3864 fecit
779 3850 795 3874 ,
826 3818 880 3864 et
903 3813 1158 3882 compulit
1193 3830 1280 3869 me
1324 3815 1391 3869 ad
1442 3824 1495 3870 te
1524 3816 1772 3877 clamare.
1805 3820 1895 3887 qui

314 3910 383 3952 es
433 3897 709 3970 legislator
756 3911 808 3957 et
839 3902 1163 3975 Redemptor
1204 3909 1304 3962 sub
1349 3908 1466 3979 lege
1509 3910 1684 3965 factus
1728 3911 1896 3967 Filius

315 3987 577 4045 ‘hominis.
612 3990 873 4047 Sustinuit
915 3996 1092 4051 anima
1129 4014 1244 4052 mea
1300 3999 1504 4054 verbum
1542 3992 1709 4055 tuum.
1742 4000 1894 4067 Quod

319 4080 546 4138 verbum
567 4083 749 4154 tquod
771 4094 883 4139 erat
907 4087 962 4140 in
987 4089 1242 4160 principio
1268 4090 1409 4160 apud
1436 4090 1626 4146 Deum.
1644 4092 1757 4147 Hoc
1778 4108 1894 4147 ver-

315 4164 449 4227 bum
490 4175 797 4244 exspectavi
822 4186 880 4232 ut
921 4193 1050 4234 caro
1078 4179 1232 4236 ﬁeret
1267 4191 1323 4237 et
1355 4182 1610 4238 liberaret
1657 4185 1891 4241 animam

318 4280 523 4330 meam,
560 4266 744 4337 inquo
791 4270 1122 4341 suscepimus
1151 4271 1521 4327 remissionem
1549 4282 1891 4344 peccatorum

316 4366 376 4410 et
398 4356 808 4427 promissionem
845 4361 994 4431 regni
1034 4360 1313 4417 etelorum.
1344 4360 1403 4416 In
1443 4378 1549 4433 quo
1587 4364 1751 4419 verbo
1771 4380 1893 4435 spe-

319 4455 579 4503 raverant
605 4450 915 4519 propheta):
948 4451 1091 4521 quod
1131 4453 1355 4508 verbum
1402 4455 1631 4524 apostoli
1686 4461 1890 4512 tracta-
1918 4480 1966 4542 υ

315 4544 513 4591 verunt
547 4545 603 4592 et
630 4538 879 4593 viderunt
908 4554 923 4593 :
954 4541 1009 4595 in
1057 4555 1165 4612 quo
1190 4541 1354 4597 verbo
1382 4542 1525 4598 beati
1556 4553 1680 4600 sunt
1723 4547 1887 4602 etiam

314 4628 886 4698 credentes,quamvis
930 4630 1105 4700 ipsum
1131 4632 1422 4688 carnaliter
1449 4646 1554 4690 non
1603 4636 1884 4692 vidissent.

314 4717 374 4770 In
402 4717 503 4773 hoc
517 4717 683 4773 verbo
710 4716 863 4791 [Ms.,
885 4718 1134 4794 verbum]
1151 4734 1339 4779 omnes
1364 4725 1557 4781 anima:
1577 4735 1886 4783 sanctorum

313 4816 558 4876 sperant.

383 4897 550 4969 359
570 4900 733 4955 Vens.
759 4900 812 4955 6.
851 4933 923 4944 —
964 4904 1009 4958 Α
1039 4902 1275 4959 custodia
1319 4908 1577 4960 matutina
1628 4924 1787 4978 usque
1821 4908 1889 4961 ad

313 5002 517 5046 noctem
543 5003 711 5064 speret
738 4992 910 5051 Israel
944 4996 1001 5052 in
1043 4992 1286 5053 Domino.
1343 4999 1596 5054 Custodia
1622 5000 1884 5055 matutina

310 5089 398 5137 est
409 5083 750 5140 manifestata
772 5090 1094 5145 resurrectio
1106 5090 1643 5155 DominiSalvatoris,
1672 5094 1887 5163 quando

311 5172 519 5246 [Edit.,
555 5176 841 5252 quoniam]
873 5176 1177 5250 sepulcrum
1221 5177 1643 5238 custodientihus
1664 5180 1884 5251 Iudaeis,

305 5267 569 5338 resumpti
599 5269 843 5340 corporis
870 5268 1113 5337 veritate,
1143 5273 1454 5328 resurrexit.
1487 5271 1661 5345 Usque
1699 5273 1769 5327 ad
1794 5292 1889 5329 no-

305 5364 465 5420 ctem,
491 5357 545 5411 id
574 5366 678 5423 est,
709 5375 880 5430 usque
900 5361 967 5414 ad
998 5358 1282 5417 terminum
1311 5362 1470 5433 hujus
1496 5364 1672 5419 $33011“
1702 5364 1755 5420 in
1784 5365 1887 5420 hac

305 5463 405 5518 spe
449 5446 605 5506 nobis
655 5445 940 5507 vivendum
998 5462 1103 5516 est,
1138 5464 1198 5507 ut
1228 5456 1385 5511 modo
1438 5472 1781 5528 resurgamus
1831 5460 1882 5513 in

302 5539 512 5604 anima,
546 5547 602 5595 et
650 5540 704 5595 in
736 5543 1026 5598 novissimo
1072 5543 1156 5597 die
1185 5559 1526 5615 resurgamus
1557 5549 1608 5602 in
1637 5564 1879 5620 corpore.

302 5628 408 5695 Qui
433 5646 566 5685 vero
596 5647 625 5685 a
655 5641 824 5687 morte
854 5633 1046 5687 anima:
1069 5633 1224 5688 modo
1254 5638 1484 5708 resurgit
1502 5654 1597 5707 per
1639 5643 1880 5705 verbum,

300 5714 424 5776 Filii
444 5720 579 5785 Πιδ.
613 5720 802 5796 lilium]
839 5722 956 5791 Dei,
976 5727 1106 5778 tunc
1128 5722 1351 5779 feliciter
1374 5738 1611 5796 resurget
1638 5729 1690 5782 in
1719 5744 1879 5783 carne

1924 3140 1975 3204 C

2006 3191 2186 3241 autem
2227 3191 2411 3239 manet
2460 3184 2599 3254 apud
2626 3184 2841 3240 Patrem
2881 3200 3038 3239 suum
3088 3185 3138 3240 in
3186 3193 3384 3240 aeterna
3412 3184 3581 3238 beati-

2003 3276 2208 3331 tudine.
2264 3273 2455 3331 Amen.

2518 3368 2834 3426 PSALMUS
2862 3368 3062 3425 CXLII.

2071 3458 2279 3515 Titulus
2305 3459 2527 3530 psalmi:
2587 3459 2831 3516 Psalmus
2854 3462 2952 3533 ipsi
3000 3460 3188 3526 David,
3219 3461 3430 3534 quando
3458 3477 3575 3515 cum

1996 3548 2141 3617 ﬁlius
2164 3565 2290 3604 suus
2323 3551 2745 3620 persequebatur.
2803 3551 2858 3604 In
2885 3548 3063 3605 Libris
3092 3548 3298 3621 Regum
3323 3550 3465 3605 hanc
3493 3549 3578 3605 hi-

1997 3640 2222 3695 storiam
2242 3639 2488 3712 legimus,
2518 3641 2785 3712 quomodo
2812 3640 3044 3695 ALsalon
3058 3649 3267 3710 patrem
3292 3655 3446 3695 suum
3473 3640 3579 3695 Da-

1997 3727 2086 3782 vid
2106 3728 2311 3800 expulit
2336 3729 2403 3783 de
2434 3743 2620 3799 regno.
2664 3727 2774 3782 Sed
2804 3726 2940 3783 alius
2959 3736 3043 3784 est
3070 3729 3239 3784 David
3266 3744 3392 3785 vere
3411 3745 3574 3784 manu

1997 3814 2152 3871 fortis
2194 3836 2205 3869 :
2242 3816 2295 3870 in
2316 3816 2456 3871 bello
2482 3815 2657 3882 fortis,
2710 3816 2801 3885 qui
2850 3817 3117 3887 percussit
3143 3818 3353 3873 hostem
3388 3833 3577 3889 super-

1993 3907 2301 3973 bissimum,
2355 3907 2614 3964 Dominus
2652 3916 2835 3964 noster
2854 3907 3010 3965 Iesus
3062 3909 3325 3967 Christus.
3395 3911 3573 3983 Agno-

1995 3998 2226 4053 scendus
2269 4006 2355 4054 est
2400 3998 2582 4069 itaque
2610 3999 2777 4054 David
2803 3998 2928 4063 iste,
2960 4012 3117 4068 quem
3149 4000 3576 4069 persequebatur

1995 4088 2135 4146 illius
2161 4106 2290 4146 suus
2332 4089 2500 4147 Iudas
2546 4092 2764 4147 tradens
2791 4106 2913 4147 eum
2942 4091 2997 4146 in
3022 4098 3286 4155 mortem;
3337 4084 3572 4146 habebat

1993 4182 2137 4237 enim
2185 4181 2342 4249 ﬁlios,
2392 4183 2459 4238 de
2505 4184 2699 4254 quibus
2745 4182 2985 4238 dicebat:
3044 4179 3166 4236 Non
3212 4188 3425 4252 possunt
3471 4178 3573 4249 ﬁlii

1992 4272 2169 4345 sponsi
2193 4273 2385 4345 lugere,
2413 4274 2647 4346 quandiu
2671 4291 2892 4345 sponsus
2914 4285 2996 4329 est
3025 4284 3141 4327 cum
3166 4272 3262 4337 eis,
3292 4270 3453 4325 ueniet
3481 4286 3572 4324 au-

1993 4375 2093 4420 tem
2114 4366 2223 4420 dies
2243 4365 2455 4437 quando
2476 4382 2697 4437 sponsus
2737 4365 3008 4435 auferetur
3043 4364 3113 4417 ab
3143 4364 3238 4425 eis,
3274 4371 3398 4415 tunc
3423 4359 3570 4431 luge-

1992 4456 2116 4511 bunt
2152 4455 2366 4529 (Matth.
2399 4474 2472 4523 ιχ,
2506 4458 2610 4526 15).
2661 4456 2975 4527 Lugendum
3004 4463 3088 4510 est
3129 4455 3323 4510 animis
3343 4469 3571 4525 peccau-

1992 4547 2146 4612 tium,
2200 4547 2246 4603 si
2267 4562 2497 4619 sponsus
2543 4546 2819 4603 auferatur
2852 4547 2920 4602 ab
2948 4548 3027 4602 eis
3051 4555 3272 4617 propter
3313 4556 3564 4617 peccata:

1989 4646 2043 4692 et
2069 4637 2243 4707 primo
2268 4639 2509 4693 omnium
2532 4638 2883 4711 poscendum,
2925 4646 2987 4693 ut
3037 4638 3361 4693 exaudiatur
3386 4638 3562 4693 oratio

1987 4748 2205 4799 eorum;
2230 4732 2421 4788 deinde
2446 4749 2514 4788 ne
2539 4732 2862 4787 inducantur
2888 4732 2941 4786 in
2958 4731 3251 4801 judicium;
3293 4740 3567 4802 postremo

1988 4832 2049 4879 ut
2072 4826 2368 4895 eripiantur
2408 4825 2476 4879 ab
2506 4824 2738 4879 inimicis
2788 4825 2933 4889 suis,
2973 4839 3198 4895 quorum
3234 4816 3487 4893 potestati
3533 4838 3563 4876 a

1989 4915 2293 4984 semetipsis
2314 4913 2494 4968 traditi
2530 4921 2655 4969 sunt
2689 4922 2908 4983 propter
2927 4921 3147 4983 peccata
3175 4926 3295 4966 sua.

2062 5005 2224 5061 Vens.
2256 5006 2307 5060 Ι.
2335 5034 2406 5046 —-
2431 5003 2672 5071 Domine,
2702 5004 2894 5059 exaudi
2919 5004 3203 5057 orationem
3231 5019 3422 5067 meam,
3463 5017 3562 5055 an-

1990 5098 2132 5152 ribus
2152 5098 2355 5169 percipe
2396 5096 2798 5152 obsecrationem
2827 5111 3017 5149 meam.
3073 5093 3185 5149 Hoc
3214 5102 3296 5149 est
3344 5092 3559 5155 exaudi,

1987 5188 2131 5256 quod
2150 5195 2206 5242 et
2230 5187 2445 5257 percipe
2473 5188 2711 5242 auribus.
2762 5185 3033 5255 Repetitio
3062 5199 3256 5254 magna
3277 5192 3359 5238 est
3376 5185 3561 5252 depre-

1988 5276 2159 5331 cantis
2171 5277 2423 5331 intentio:
2442 5276 2715 5330 humilitas
2726 5275 3084 5345 lacrymarum
3094 5314 3108 5337 ,
3126 5272 3390 5327 absolutio
3403 5271 3482 5344 [Μ
3486 5291 3528 5326 s.
3540 5312 3555 5335 ,

1988 5367 2220 5439 ablutio]
2258 5376 2341 5423 est
2366 5376 2729 5436 peccatorum.
2779 5364 2845 5418 In
2864 5366 3076 5418 veritate
3107 5373 3197 5418 tua
3241 5363 3433 5420 exaudi
3477 5381 3558 5417 me

1987 5460 2040 5512 in
2071 5467 2161 5511 tua
2175 5458 2406 5528 justitia.
2445 5454 2848 5510 Commendatio
2863 5453 3159 5524 gratimest,
3185 5467 3252 5508 ne
3274 5454 3558 5523 unusquis-

1985 5562 2088 5616 que
2116 5555 2356 5602 nostrum
2375 5544 2639 5615 justitiam
2669 5558 2821 5599 suam
2869 5559 2989 5599 esse
3016 5552 3186 5613 putet,
3225 5558 3330 5614 qua
3362 5543 3558 5601 libera-

1987 5650 2100 5692 tur:
2143 5639 2235 5692 sed
2254 5637 2461 5707 justitia
2495 5636 2585 5690 Dei
2619 5646 2723 5700 est,
2755 5651 2915 5706 quam
2946 5646 3004 5690 ut
3041 5635 3256 5701 haheat,
3282 5635 3423 5691 Deus
3450 5636 3545 5690 de-

1983 5727 2079 5780 dit.
2142 5728 2196 5780 lu
2225 5734 2316 5780 tua
2351 5728 2510 5789 catini,
2561 5726 2786 5780 dicimus
2826 5724 2997 5794 1.515.,
3025 5719 3292 5794 dicamus]
3324 5723 3552 5794 iustitia,
