4020 6188
457 293 560 350 595

1308 281 1371 341 Β.
1405 277 1465 332 F.
1505 272 1734 334 ALBINI
1773 271 1902 332 εει)
1938 268 2214 327 ALCUlNl
2250 271 2537 334 OPERUM
2573 271 2753 329 PARS
2789 271 2849 326 ll.

3598 273 3706 331 £96

456 406 647 464 cvaudi
675 418 780 460 me.
831 399 912 454 Ad
935 412 1022 453 me
1061 397 1206 450 enim
1233 404 1401 448 unum
1427 404 1550 451 cum
1591 385 1840 456 respicio.
1891 380 2026 437 nihil
2054 387 2096 439 Α
2127 383 2251 451 quia
2268 383 2314 439 si
2340 383 2603 440 averteris
2630 380 2823 438 faciem
2848 381 3230 439 misericordia
3266 391 3372 439 tum
3408 399 3440 438 a
3464 400 3580 447 e;
3617 405 3706 442 ero

457 497 600 553 aliud
623 496 678 550 in
705 505 793 546 me
819 489 922 544 nisi
963 495 1242 557 peccatum
1288 480 1522 537 invenio.
1616 477 1752 533 Tota
1785 473 2031 530 liberatio

455 599 598 648 mea,
623 592 715 636 tua
740 587 824 634 est
839 575 1074 649 justitia.
1118 573 1272 632 Unde
1303 572 1584 641 sequitur:

523 673 688 733 Vens.
718 669 773 722 2.
798 697 871 708 --
896 665 962 720 Et
993 681 1095 720 non
1117 663 1276 716 intres
1319 661 1374 715 in
1412 658 1678 730 judicium
1730 671 1850 709 cum
1887 667 2032 708 serra

453 773 564 816 tuo.
604 757 722 812 Noli
749 769 878 824 ergo
904 767 1115 809 mecum
1147 751 1352 804 intrare
1397 747 1451 802 in
1468 745 1754 816 judicium,
1783 740 2030 804 Domine,

456 850 849 922 quantumlibet
896 845 1027 902 mihi
1075 852 1258 899 rectus
1299 840 1507 896 videar.
1577 836 1842 892 Producis
1881 844 1937 889 tu
1967 829 2035 888 de

455 941 725 1000 thesauris
773 940 882 994 tuis
914 936 1076 1010 μη,
1125 935 1378 989 thesauro
1406 929 1531 1002 tuo]
1583 927 1823 999 regulam
1869 925 2036 996 tequi-

455 1037 610 1092 tatis:
634 1031 848 1103 judicas
875 1045 962 1085 me
991 1027 1284 1084 secundum
1319 1036 1496 1076 meam
1517 1019 1808 1090 justitiam,
1829 1029 1886 1073 et
1904 1032 2032 1088 pra-

453 1113 551 1182 vus
575 1124 834 1180 invenior.
883 1117 1097 1186 Quare?
1136 1115 1272 1182 Quia
1297 1129 1398 1167 non
1432 1111 1887 1182 justiﬁcabiturin
1911 1125 2037 1162 con-

452 1226 630 1282 spectu
652 1225 743 1270 tuo
757 1212 922 1268 omnis
949 1211 1135 1264 vivens.
1169 1205 1338 1261 Omne
1359 1217 1528 1274 genus
1547 1201 1840 1254 humanum
1869 1197 2038 1268 signi-

455 1311 584 1365 tlcat
607 1305 853 1379 originali
888 1309 1111 1374 peccato
1155 1297 1468 1354 obnoxium.
1530 1292 1653 1348 ideo
1683 1290 1881 1355 nullus,
1931 1289 2034 1344 nisi

453 1400 628 1466 gratia
656 1377 912 1451 liberatus
936 1401 1045 1458 tua,
1087 1385 1374 1456 justiticari
1397 1383 1612 1454 poterit.
1657 1380 1810 1447 Quod
1845 1379 1888 1434 si
1917 1377 2037 1432 nul-

454 1491 537 1555 lus
567 1483 970 1557 justiﬁcabitur,
1021 1481 1089 1535 de
1137 1478 1320 1532 radice
1373 1475 1561 1528 vitiata
1606 1480 1786 1536 natus,
1835 1475 2035 1538 quanto

452 1579 625 1651 magis
659 1591 760 1649 ego
791 1569 1056 1648 [proprio]
1107 1576 1452 1640 peccatorum
1507 1576 1748 1617 meorum
1797 1559 2036 1630 pondere

454 1666 787 1744 oppressus?

519 1758 684 1830 360
699 1757 861 1812 Vens.
901 1755 955 1809 5.
984 1783 1058 1795 -
1083 1749 1221 1816 Quia
1247 1755 1544 1821 persecutus
1563 1753 1638 1798 est
1655 1743 1897 1798 inimicus
1917 1743 2032 1796 ani-

453 1865 592 1903 mum
616 1862 804 1901 meam.
849 1842 1016 1898 Judas
1037 1841 1272 1896 animam
1287 1837 1510 1902 Christi,
1529 1833 1772 1890 diabolus
1796 1833 2032 1886 animam

451 1952 626 1998 meam
649 1941 995 2007 peccatorum
1016 1928 1365 2003 persuasione
1391 1931 1708 1996 persecutus
1739 1929 1843 1986 est,
1871 1928 2034 1988 atque

449 2025 744 2082 humiliarit
763 2025 820 2080 in
852 2034 1044 2077 terram
1067 2021 1225 2074 vitam
1271 2031 1462 2080 meam,
1487 2015 1612 2068 dum
1644 2011 1879 2068 terrenis
1907 2025 2035 2065 con-

453 2116 613 2187 tagiis
630 2113 860 2185 aspersit
885 2111 1120 2166 animam
1151 2121 1348 2172 meam,
1400 2115 1456 2158 et
1511 2102 1766 2156 vitiorum
1813 2099 2034 2168 pulvere

451 2204 749 2261 sordidavit
773 2218 916 2258 eam.
963 2197 1244 2254 Collocavit
1286 2211 1368 2250 me
1390 2195 1445 2248 in
1474 2192 1710 2248 obscuris
1736 2192 1870 2246 sicut
1893 2205 2034 2244 mor-

451 2307 570 2357 tuos
592 2293 793 2350 steculi.
850 2287 1168 2364 [Collocavit
1187 2300 1274 2340 me
1303 2284 1552 2339 inimicus
1573 2282 1625 2336 in
1651 2279 1888 2336 tenebris
1908 2293 2035 2350 pec-

451 2395 718 2450 catorum,
769 2383 912 2438 sicut
955 2388 1196 2434 mortuos
1245 2374 1447 2430 saeculi.
1499 2372 1692 2428 Mortui
1737 2379 1864 2427 sunt
1932 2385 2034 2426 sa:-

451 2473 598 2548 culi]
637 2473 730 2544 qui
786 2472 842 2526 in
887 2468 1124 2540 peccatis
1177 2466 1292 2521 suis
1339 2465 1682 2528 moriuntur,
1727 2461 2034 2516 retributio-

454 2577 578 2620 nem
619 2561 784 2636 [Ms.,
809 2554 1138 2628 mercedem]
1181 2553 1504 2624 recipientes
1550 2551 1854 2622 iniquitatis
1899 2565 2032 2615 suae,

452 2653 579 2722 ideo

525 2743 688 2798 Vens.
728 2741 784 2796 αὖ.
809 2769 876 2782 κο
905 2739 976 2795 Et
1004 2739 1251 2794 anxiatus
1267 2745 1340 2790 est
1370 2737 1422 2790 in
1443 2749 1522 2788 me
1550 2734 1764 2804 spiritus
1787 2747 1951 2796 meus,
1979 2731 2034 2786 in

454 2851 534 2888 me
559 2833 824 2889 turbatum
848 2840 921 2886 est
945 2845 1038 2884 cor
1072 2843 1265 2882 meum.
1322 2825 1592 2881 Anxiatus
1642 2833 1726 2879 est
1751 2823 1806 2877 in
1834 2837 1920 2876 me
1941 2835 2037 2892 per

451 2925 823 2997 paenitentiam
850 2923 1073 2992 spiritus
1103 2935 1272 2983 meus,
1299 2927 1354 2973 et
1401 2926 1571 2972 totum
1599 2931 1694 2973 cor
1728 2931 1908 2970 meum
1938 2927 2036 2984 pro

453 3017 718 3076 scelerum
743 3016 1066 3074 enormitate
1091 3026 1336 3070 meorum
1386 3011 1766 3066 conturbatum
1807 3017 1913 3073 est,
1967 3007 2038 3062 ti-

454 3127 631 3178 mens,
693 3125 762 3166 ne
809 3117 934 3166 cum
981 3105 1161 3163 saeculi
1201 3103 1430 3161 mortuis
1469 3103 1692 3158 damnet
1749 3115 1836 3156 me
1865 3098 2028 3168 judex
2057 3076 2104 3139 ο

451 3213 763 3354 Νῗέἷιὲῶ.
794 3323 862 3335 -
894 3291 1098 3346 Memor
1134 3289 1212 3358 fui
1249 3287 1454 3341 dierum
1491 3283 1842 3354 antiquorum.
1910 3279 2034 3334 Dies

455 3387 664 3458 antiqui
692 3391 840 3448 sunt,
863 3383 916 3437 iu
947 3381 1143 3450 quibus
1168 3375 1462 3432 secundum
1495 3382 1732 3428 veterem
1761 3370 2034 3426 hominem

455 3477 700 3534 vivebam
724 3476 777 3532 in
805 3471 1065 3546 peccatis,
1093 3482 1326 3538 quorum
1368 3463 1627 3520 memoria
1676 3477 1763 3515 me
1799 3468 2030 3531 torquet.

459 3569 746 3626 Heditatus
769 3581 887 3622 sum
912 3564 966 3618 in
987 3559 1227 3616 omnibus
1247 3555 1486 3628 operibus
1507 3555 1632 3618 tuis,
1661 3553 1714 3606 in
1744 3551 1898 3622 {actis
1925 3569 2037 3605 ma-

461 3675 622 3716 nuum
653 3669 864 3713 tuarum
889 3650 1200 3708 meditabar.
1257 3647 1402 3711 Vidi,
1443 3644 1652 3716 inspexi
1673 3642 1852 3698 omnia
1875 3656 2036 3712 opera

459 3759 573 3814 nia,
596 3749 724 3816 quia
747 3744 880 3800 nihil
905 3743 1029 3798 boui
1053 3743 1106 3796 in
1136 3741 1288 3796 nobis
1303 3753 1424 3795 esse
1449 3744 1642 3808 potest,
1667 3735 1769 3790 nisi
1799 3742 1889 3788 tua
1905 3748 2036 3804 0pc-

459 3845 614 3898 rante
642 3834 815 3904 gratia
839 3831 951 3897 fiat,
981 3832 1071 3901 qui
1101 3846 1200 3885 nos
1223 3829 1416 3884 fecisti.
1479 3827 1602 3882 llaec
1627 3824 1886 3880 intentius
1909 3837 2039 3876 cou—

460 3927 708 3983 siderans
745 3924 875 3995 quid
895 3921 1034 3978 feci?
1081 3921 1290 3976 scilicet

533 4018 697 4072 Vnus.
725 4014 780 4070 6.
802 4044 874 4054 —
896 4011 1140 4084 Expandi
1167 4027 1354 4064 manus
1379 4025 1524 4063 meas
1548 4007 1617 4067 ad
1637 4019 1708 4072 te,
1735 4006 1910 4060 anima
1924 4021 2039 4060 mea

458 4112 595 4168 sicut
631 4117 774 4162 terra
805 4106 918 4159 sine
953 4119 1090 4174 aqua
1120 4101 1233 4155 tibi.
1275 4098 1516 4168 Expandi
1564 4111 1756 4152 manus
1797 4109 1944 4149 meas
1986 4092 2038 4147 in

458 4199 823 4256 orationibus:
872 4203 929 4252 et
954 4195 1008 4250 in
1033 4201 1236 4248 sanctae
1263 4190 1442 4245 crucis
1471 4189 1685 4253 solatio,
1716 4188 1768 4242 in
1795 4202 1900 4256 qua
1923 4184 2044 4240 Sal—

460 4290 662 4346 vatoris
697 4287 803 4344 mei
856 4299 1050 4340 manus
1076 4295 1326 4351 expansa:
1368 4288 1515 4343 sunt,
1558 4277 1746 4332 orabo.
1788 4275 2044 4346 Sequitur

461 4381 818 4454 comparatio,
841 4379 894 4434 in
923 4391 1028 4448 qua
1049 4374 1180 4430 dicit
1200 4371 1490 4444 paenitens,
1518 4370 1598 4424 sic
1630 4367 1863 4422 animam
1887 4382 2040 4421 suam

461 4474 770 4532 desiderare
817 4469 1010 4533 Deum,
1060 4463 1513 4537 quemadmodum
1547 4469 1694 4517 terra
1716 4460 1904 4515 sitiens
1920 4457 2040 4532 plu-

460 4566 578 4620 vias
609 4569 906 4632 exspectat,
961 4566 1023 4614 ut
1065 4557 1272 4614 fructus
1317 4555 1583 4628 germinet
1633 4550 2037 4609 desiderabiles.

465 4654 592 4709 Sine
613 4669 749 4723 aqua
769 4651 884 4707 tibi.
949 4648 995 4708 0
1022 4649 1194 4704 Deus!
1222 4647 1316 4702 tibi
1347 4647 1416 4702 sit
1441 4648 1618 4702 anima
1649 4659 1769 4699 mea
1797 4641 2041 4714 irrigata,

463 4751 519 4800 et
543 4757 575 4796 a
607 4750 658 4798 te
684 4743 929 4814 irrigata,
961 4748 1020 4794 ut
1042 4739 1140 4794 tibi
1178 4737 1343 4794 faciat
1363 4737 1617 4792 fructum.

534 4833 698 4889 Vens.
718 4832 770 4886 7.
805 4861 877 4874 --
908 4828 1160 4885 Velociter
1186 4829 1376 4886 exaudi
1399 4844 1502 4893 me,
1523 4827 1762 4889 Domine,
1794 4826 1918 4896 quia
1954 4823 2046 4878 de—

467 4925 586 4999 fecit
602 4926 816 4998 spiritus
839 4939 1004 4978 meus.
1066 4921 1336 4977 Velociter
1363 4919 1576 4975 deliciet
1596 4917 1816 4988 spiritus
1840 4915 2048 4970 anima-

466 5020 556 5084 lis,
609 5025 665 5073 et
695 5021 998 5072 revertetur
1017 5026 1146 5068 caro
1172 5011 1226 5066 in
1253 5019 1456 5064 terram
1485 5023 1660 5070 suam,
1681 5016 1736 5062 et
1751 5021 1855 5061 non
1881 5020 2048 5076 agno-

465 5119 582 5168 scet
605 5105 832 5178 amplius
858 5105 1034 5160 locum
1061 5103 1197 5174 ejus.
1253 5101 1387 5168 Quia
1409 5097 1575 5156 semel
1605 5097 1844 5153 nascitur
1861 5097 2043 5158 homo.

467 5211 523 5256 et
548 5199 714 5258 semel
735 5196 1064 5262 renascitur;
1103 5192 1280 5251 semel
1309 5191 1557 5269 moritur,
1608 5198 1664 5246 et
1689 5187 1854 5246 semel
1894 5203 2048 5244 resu-

469 5294 783 5360 scitabitur;
816 5293 962 5357 idco,
991 5289 1235 5356 Domine,
1265 5287 1524 5344 miserere
1561 5286 1690 5340 dum
1721 5293 1806 5342 est
1847 5293 2046 5354 tempus

472 5383 771 5448 miscrendi,
805 5393 855 5438 et
879 5392 1080 5454 tempus
1111 5377 1425 5452 acceptabile
1441 5387 1490 5432 et
1512 5377 1623 5433 dies
1643 5375 1852 5431 salutis.
1923 5373 2048 5430 Scio

475 5473 730 5532 citissime
758 5475 943 5530 venire
969 5475 1134 5539 diem,
1184 5472 1238 5531 in
1280 5487 1387 5541 qua
1423 5468 1708 5539 judicabor
1755 5466 2046 5522 secundum

475 5576 639 5635 opera
657 5579 796 5620 mea.
841 5564 1094 5620 Miserere
1113 5577 1274 5627 nunc,
1298 5561 1524 5617 Domine
1542 5557 1686 5620 Iesu,
1710 5567 1770 5612 ut
1795 5555 2048 5618 miserea-

479 5653 551 5712 ris
575 5661 702 5710 tunc
728 5655 782 5710 in
805 5655 1026 5725 judicio.
1081 5653 1202 5709 Non
1247 5663 1448 5714 avertas
1474 5652 1659 5720 faciem
1686 5659 1828 5702 tuam
1867 5664 1898 5700 α
1924 5662 2005 5711 me
2026 5663 2045 5711 ;

2131 472 2318 528 similis
2343 471 2766 526 descendentibus
2788 472 2842 524 in
2867 469 3060 526 lacum.
3116 471 3318 527 Lacum
3343 487 3474 528 vero
3487 472 3707 530 inferio-

2133 579 2248 620 rem
2274 562 2450 620 locum
2486 561 2680 618 inferni
2709 561 2974 633 designat,
3004 561 3096 616 ubi
3135 562 3284 632 impii
3305 571 3565 634 perpetua
3594 573 3708 620 tor-

2133 663 2365 726 quentur
2395 653 2662 724 angustia,
2709 651 2777 708 de
2804 667 2912 723 quo
2957 650 3194 726 {nemo}
3227 652 3559 720 liberabitur,
3607 656 3711 712 nisi

2133 745 2306 818 gratia
2333 745 2428 800 Dei
2457 744 2820 816 prmveniente
2865 752 3078 814 tempus
3096 743 3306 815 judicii.
3355 743 3542 800 Potest
3581 761 3712 818 quov

2134 817 2238 908 que
2258 836 2406 892 lacus
2431 835 2654 908 intelligi
2695 834 3032 906 profunditas
3067 843 3433 906 peccatorum,
3463 835 3528 891 ad
3549 817 3712 906 quam

2135 926 2179 982 si
2206 934 2460 997 peccator
2485 925 2718 990 venerit,
2765 933 3074 980 contemnet
3107 923 3339 979 salutem
3375 922 3712 994 desperando

2135 1015 2328 1071 animae
2351 1031 2492 1081 suae;
2545 1031 2576 1069 a
2614 1029 2719 1085 qua
2745 1013 2964 1070 liberari
3017 1029 3098 1079 se,
3143 1016 3284 1070 sicut
3331 1015 3400 1070 ab
3438 1013 3706 1082 infernali,

2135 1107 2236 1162 iste
2262 1107 2528 1174 paenitens
2555 1105 2896 1176 deprecatur,
2929 1113 2985 1160 et
3010 1103 3320 1174 subiungit:

2203 1195 2368 1251 Vens.
2392 1197 2446 1252 8.
2483 1223 2558 1236 —
2585 1196 2836 1249 Auditum
2863 1195 2949 1262 [ac
2968 1195 3096 1248 mihi
3120 1211 3274 1249 mane
3297 1195 3714 1252 misericordiam

2133 1287 2554 1351 tuam,Domine.
2581 1287 2705 1357 quia
2723 1287 2777 1340 in
2803 1296 2852 1340 te
2879 1287 3102 1357 speravi.
3153 1285 3290 1342 Ecce
3306 1287 3360 1341 iu
3389 1295 3548 1343 nocte
3571 1303 3715 1355 sum,

2135 1377 2229 1431 sed
2251 1377 2303 1431 in
2329 1384 2380 1430 te
2408 1375 2653 1446 Sperabo,
2685 1376 2858 1430 donec
2885 1385 3144 1430 nocturna
3168 1385 3408 1430 transeat
3437 1377 3714 1446 iniquitas,

2135 1476 2186 1522 et
2210 1481 2369 1522 mane
2391 1465 2768 1522 miserationes
2801 1475 2906 1520 tua:
2935 1467 3090 1537 quasi
3119 1482 3312 1520 aurora
3345 1467 3481 1522 lucis
3501 1467 3718 1522 veniant

2136 1559 2289 1614 mihi.
2339 1559 2532 1613 Notam
2561 1558 2646 1628 {ac
2668 1558 2795 1611 mihi
2821 1558 2956 1612 viam
2982 1560 3034 1611 In
3057 1549 3161 1628 qua
3198 1557 3479 1612 ambulem.
3553 1557 3608 1612 Id
3631 1567 3717 1613 cst

2136 1658 2318 1704 notam
2349 1647 2434 1703 fac
2454 1667 2480 1699 ιι
2505 1648 2580 1702 ibi
2604 1648 2745 1702 viam
2773 1655 3160 1717 praeceptorum
3190 1653 3424 1711 tuorum,
3445 1653 3506 1700 ut
3529 1647 3718 1702 ambu-

2066 1716 2110 1776 Β
2137 1739 2238 1795 lem
2264 1741 2318 1794 in
2347 1754 2450 1804 ea;
2493 1737 2820 1792 illuminatus
2876 1735 2944 1791 ab
2970 1752 3056 1802 eo,
3097 1738 3186 1807 qui
3209 1737 3472 1790 illuminat
3511 1752 3716 1791 omnem

2131 1831 2392 1886 hominem
2416 1831 2697 1884 venientem
2720 1829 2775 1882 in
2795 1829 2932 1882 hunc
2959 1828 3234 1885 mundum.
3290 1827 3428 1894 Quia
3447 1828 3503 1882 in
3527 1839 3578 1882 te
3601 1845 3718 1898 spe-

2133 1924 2262 1986 ravi,
2294 1921 2533 1976 Domine.
2589 1921 2748 1975 Certa
2770 1918 3076 1975 conﬁtentis
3121 1928 3206 1974 est
3232 1918 3547 1983 consolatio,
3589 1934 3718 1990 spt's

2133 2014 2187 2069 in
2211 2015 2452 2070 bonitate
2480 2012 2738 2068 salvantis
2765 2010 3000 2066 Domini.

2203 2104 2366 2160 Vens.
2392 2104 2446 2158 9.
2475 2133 2548 2142 —
2575 2101 2735 2172 Eripe
2759 2118 2839 2156 me
2862 2101 2926 2156 de
2954 2100 3178 2154 inimicis
3207 2101 3354 2164 meis,
3378 2097 3618 2164 Domine,
3644 2098 3717 2152 ad

2131 2208 2180 2252 te
2201 2197 2434 2268 confugi.
2489 2195 2590 2263 Qui
2619 2194 2828 2268 [sunt]
2857 2195 3082 2257 inimici,
3111 2193 3218 2250 nisi
3263 2193 3565 2258 daemones,
3609 2191 3717 2247 nisi

2132 2287 2313 2344 smculi
2335 2286 2674 2351 ambitiones,
2698 2286 2802 2340 nisi
2823 2284 3062 2341 carnalia
3083 2283 3385 2339 desideria?
3410 2281 3604 2352 quibus
3627 2296 3718 2337 re-

2133 2379 2275 2434 lictis
2321 2377 2388 2431 ad
2439 2384 2491 2430 te
2523 2374 2762 2446 confugi,
2811 2390 2917 2430 non
2949 2388 2979 2428 a
3020 2381 3093 2438 te,
3119 2374 3260 2428 sicut
3291 2371 3463 2426 Adam
3505 2371 3570 2426 ad
3595 2387 3713 2427 um-

2133 2469 2260 2525 bras
2309 2475 2434 2538 post
2483 2467 2764 2522 meridiem
2825 2465 3118 2520 fclicitatis.
3205 2462 3320 2518 Non
3378 2461 3594 2527 habeo,
3648 2461 3721 2516 ad

2133 2577 2294 2632 quem
2315 2559 2509 2632 faciam
2523 2557 2850 2630 confugium,
2867 2559 2970 2613 nisi
2993 2557 3058 2612 ad
3081 2567 3135 2612 te
3147 2555 3374 2611 Domine
3387 2553 3530 2610 Deus
3543 2569 3715 2608 meus.

2205 2651 2368 2707 Vens.
2402 2651 2488 2705 l0.
2549 2679 2620 2690 —
2671 2647 2813 2702 Doce
2845 2665 2926 2702 me
2972 2646 3146 2717 facere
3189 2647 3505 2700 uoluntatem
3544 2653 3716 2696 tuam.

2133 2741 2269 2809 Quia
2310 2741 2558 2795 voluntas
2585 2747 2676 2794 tua
2707 2753 2826 2794 mea
2855 2745 2940 2792 est
2983 2736 3150 2798 salus,
3195 2735 3286 2805 qui
3316 2735 3399 2789 vis
3414 2747 3603 2788 omnes
3621 2731 3719 2786 bo-

2133 2833 2308 2888 mines
2332 2831 2512 2886 salvos
2533 2829 2647 2884 fieri
2661 2837 2716 2884 et
2736 2829 3003 2884 neminem
3018 2827 3217 2897 perire.
3251 2823 3390 2891 Quia
3419 2833 3476 2877 tu
3505 2839 3559 2877 es
3577 2821 3719 2876 Deus

2134 2940 2299 2978 meus.
2331 2923 2467 2991 Quia
2489 2931 2546 2978 tu
2565 2937 2627 2977 es
2653 2929 2822 2978 totum
2838 2920 3038 2975 bonum
3061 2933 3261 2982 meum,
3277 2925 3388 2972 tota
3410 2915 3558 2972 salus
3575 2929 3716 2970 mea.

2135 3014 2420 3070 Dominum
2447 3031 2686 3086 qureratn
2712 3025 2934 3085 prapter
2955 3011 3408 3081 redemptionem;
3431 3017 3718 3080 patronum

2133 3119 2316 3174 qumro
2337 3114 2556 3176 propter
2573 3103 2879 3159 libertatem
2907 3100 3062 3175 [Ms.,
3084 3100 3452 3156 liberationem
3474 3095 3524 3170 ].
3559 3097 3638 3152 Tu
3659 3112 3722 3152 es

2133 3197 2276 3254 Deus
2293 3210 2467 3261 meus,
2481 3203 2536 3250 tu
2557 3195 2755 3250 creasti
2779 3209 2894 3259 me;
2923 3208 3020 3264 per
3035 3191 3202 3247 alium
3228 3190 3460 3246 recreari
3487 3201 3718 3258 nequeo.

2134 3287 2238 3341 nisi
2272 3300 2368 3356 per
2392 3291 2463 3350 te,
2504 3299 2602 3354 per
2620 3298 2782 3354 quem
2815 3291 3032 3338 creatus
3074 3296 3215 3336 sum.
3255 3277 3460 3334 Creasti
3497 3291 3582 3331 me
3620 3290 3724 3346 per

2133 3377 2368 3432 Verbum
2392 3375 2578 3439 Deum,
2621 3388 2847 3428 manens
2875 3371 2897 3445 [
2921 3370 3049 3436 Ms.,
3092 3365 3440 3440 manentem}
3469 3365 3610 3436 apud
3632 3373 3715 3422 te:

2135 3479 2353 3520 recreas
2399 3479 2486 3519 me
2545 3478 2644 3534 per
2689 3462 2926 3520 Verbum
2990 3474 3210 3516 carnem
3260 3457 3462 3513 factum
3502 3462 3724 3526 propter

2137 3571 2253 3610 nos.
2289 3553 2519 3625 Spiritus
2561 3563 2683 3608 tuus
2727 3553 2891 3608 bonus
2931 3551 3146 3606 deducet
3195 3565 3277 3604 me
3321 3549 3376 3606 in
3401 3557 3596 3600 terram
3641 3561 3723 3600 re-

2136 3655 2296 3700 ctam.
2347 3643 2482 3710 Quia
2507 3644 2728 3713 spiritus
2775 3657 2929 3698 meus
2967 3640 3140 3696 malus
3165 3637 3388 3693 deduxit
3423 3649 3509 3690 me
3537 3634 3591 3688 in
3617 3643 3724 3689 ter-

2137 3751 2252 3790 ram
2281 3748 2616 3806 perversam,
2648 3733 2868 3804 spiritus
2917 3741 3036 3786 tuus
3077 3729 3246 3786 bonus
3277 3727 3512 3782 deducat
3547 3739 3636 3780 me
3665 3723 3720 3779 in

2139 3837 2340 3883 terram
2380 3834 2605 3880 rectam.
2662 3825 2900 3895 Spiritus
2942 3832 3064 3877 tuus
3121 3822 3296 3876 bonus
3346 3832 3563 3888 semper
3613 3823 3718 3877 est,

2137 3933 2294 3979 meus
2333 3931 2462 3970 vero
2498 3928 2712 3983 semper
2759 3913 2954 3978 malus,
3008 3912 3110 3967 nisi
3144 3925 3243 3982 per
3273 3917 3429 3963 tuum
3457 3904 3721 3962 eliiciatur

2140 4009 2332 4063 bonus.
2743 4053 2756 4065 ,

2207 4097 2364 4168 36],
2391 4095 2553 4151 Vens.
2589 4094 2673 4148 11.
2697 4072 3018 4164 -νΡτοριεν
3049 4107 3238 4146 nomen
3277 4099 3449 4152 tuum,
3482 4086 3718 4150 Domine,

2141 4188 2422 4259 uiti/icabis
2452 4203 2533 4242 me
2555 4184 2612 4240 in
2654 4185 2898 4256 aequitate
2941 4192 3054 4237 tua.
3134 4179 3227 4236 Sic
3252 4177 3274 4252 [
3296 4178 3428 4243 515.,
3457 4174 3590 4250 llic]
3617 4175 3722 4230 elc-

2141 4281 2478 4337 meutissima
2525 4277 2621 4333 Dei
2651 4277 2823 4348 gratia
2853 4272 3283 4336 commendatur,
3313 4270 3468 4342 cujus
3496 4268 3722 4323 misera-

2147 4375 2290 4430 tione
2321 4374 2374 4428 in
2407 4372 2623 4426 nomine
2649 4367 2962 4429 Salvatoris,
2996 4381 3106 4421 non
3131 4363 3336 4419 nostris
3356 4360 3560 4416 meritis
3581 4357 3721 4412 vivi-

2091 4453 2288 4518 "“licati
2317 4477 2524 4516 sumus.
2577 4459 2784 4514 Educes
2806 4457 2872 4512 de
2911 4453 3248 4510 tribulatione
3274 4453 3500 4507 animam
3524 4463 3718 4502 meam.

2141 4554 2450 4609 Educentur
2499 4550 2568 4606 de
2608 4548 2976 4614 tribulatione,
3005 4553 3266 4616 tanquam
3296 4541 3360 4598 de
3389 4535 3720 4598 carceribus,

2142 4647 2335 4704 animte
2359 4649 2580 4707 sanctae,
2619 4640 2834 4711 quando
2875 4653 2907 4694 a
2933 4635 3324 4694 tcutationibns
3363 4627 3564 4687 inimici
3584 4625 3727 4681 libe-

2143 4738 2426 4802 rabuntur,
2465 4742 2520 4791 et
2561 4733 2629 4789 ad
2663 4732 2902 4804 requiem
2943 4728 3281 4801 pervenient,
3309 4724 3400 4780 ubi
3429 4721 3577 4778 nulla
3615 4719 3727 4776 erit

2143 4829 2283 4884 ultra
2325 4823 2600 4882 tribulatio
2642 4821 2902 4876 tentautis
2922 4818 3146 4878 inimici.
3193 4814 3274 4871 Ita
3296 4813 3421 4868 linis
3443 4811 3568 4867 vitae
3584 4825 3728 4882 prte-

2143 4919 2333 4984 scutis,
2382 4917 2644 4972 terminus
2667 4923 2754 4970 est
2770 4912 2974 4968 laboris
3017 4916 3349 4990 sanctorum.

2215 5008 2379 5064 Vens.
2410 5006 2496 5062 12.
2523 5035 2596 5047 -—
2621 5003 2882 5070 Quoniam
2919 4998 3180 5072 disperdet
3199 4996 3343 5051 Deus
3372 4993 3615 5050 inimicos
3639 5006 3727 5046 eo—

2146 5116 2287 5164 rum,
2313 5108 2360 5151 et
2382 5095 2558 5169 perdet
2592 5109 2772 5152 omnes
2801 5092 2890 5164 qui
2936 5087 3188 5144 tribulant
3217 5086 3424 5141 animas
3461 5097 3726 5140 servorum

2146 5205 2382 5244 suorum.
2429 5187 2528 5242 llic
2553 5185 2700 5239 enim
2745 5181 3075 5238 trilulantur
3103 5177 3260 5252 justi,
3293 5177 3368 5234 ibi
3409 5191 3539 5233 vero
3563 5175 3618 5232 in
3643 5188 3730 5230 re-

2147 5281 2270 5354 quie
2298 5275 2648 5334 beatitudinis
2669 5273 3040 5345 gloriabuntur
3065 5279 3120 5325 et
3140 5267 3566 5326 consolabuntur
3591 5262 3732 5338 [om-

2147 5371 2267 5444 nes]
2320 5365 2750 5440 persecutionem
2797 5377 2898 5433 pro
2947 5361 3149 5418 Christi
3199 5357 3418 5415 nomine
3437 5355 3732 5427 patientes,

2149 5465 2358 5518 dicente
2397 5459 2510 5530 ipsa
2537 5455 2822 5512 Veritate:
2861 5453 3014 5510 Beati
3049 5453 3140 5526 qui
3179 5449 3588 5524 persecutionem
3625 5461 3724 5516 pa-

2147 5555 2348 5607 tiuntur
2363 5557 2572 5623 prapter
2577 5549 2864 5620 justitiam,
2878 5547 3128 5620 quoniam
3148 5545 3381 5618 ipsorum
3406 5549 3482 5596 est
3513 5551 3731 5612 regnum

2149 5639 2394 5698 caelorum
2415 5639 2629 5713 (Matth.
2659 5657 2713 5706 v,
2735 5635 2848 5712 l0),
2877 5637 2932 5693 in
2957 5635 3151 5692 scrcula
3173 5632 3512 5691 seculorum.
3535 5629 3730 5684 Amen.

3001 5905 3016 5933 ι
