4020 6188
353 287 460 344 597

1229 286 1638 348 ΕΧΕΕΕΠΕΑ.
1676 321 1747 331 -
1780 291 2139 352 EXPOSI‘I‘IO
2172 298 2240 353 IN
2275 299 2470 359 PSAL.
2510 301 2734 360 CXVIII.

619 494 1003 556 MAGISTRI
1047 491 1311 560 ALBINI
1362 487 1644 552 FLACCI
1689 488 2007 556 ALCUINI
2048 498 2474 564 EXPOSITIO
2517 507 2596 566 IN
2636 511 3011 576 PSALMUM
3055 516 3333 583 CXVIII.

1699 610 2333 635 m

944 673 1332 731 PREFATIO.

424 787 767 848 ‘Ccntesimus
803 787 1045 842 decimus
1073 797 1296 840 octavus
1323 786 1562 855 psalmus
1599 802 1852 858 magnum
1877 790 1928 846 in

350 899 419 943 se
445 880 760 952 mysterium
788 879 1030 933 continet
1053 894 1066 930 :
1100 878 1193 932 sed
1223 878 1476 947 quoniam
1500 879 1849 934 continentur
1871 881 1927 936 in

355 989 425 1031 eo
453 974 563 1036 lex,
601 969 872 1033 mandata,
897 967 1327 1035 justiflcationes,
1365 969 1928 1038 tcsﬁmonia,judicia,

355 1049 466 1136 qua
493 1065 678 1132 utique
706 1062 849 1116 inter
882 1077 940 1114 se
971 1060 1190 1122 distent,
1219 1060 1526 1114 discernere
1574 1075 1794 1116 necesse
1822 1070 1925 1117 est.

356 1154 467 1210 Lex
491 1167 619 1220 ergo
647 1160 750 1211 est.
780 1165 900 1219 qua:
925 1162 1022 1218 per
1071 1148 1286 1218 Moysen
1319 1149 1441 1202 data
1488 1159 1593 1202 est.
1629 1148 1686 1202 In
1712 1149 1930 1205 Christo

343 1242 672 1313 spiritaliter
721 1240 882 1294 debet
910 1238 1153 1308 intelligi,
1205 1238 1328 1306 quia
1357 1237 1668 1307 Apostolus,
1715 1255 1836 1294 cum
1867 1241 1930 1294 il-

354 1333 462 1388 lam
497 1340 737 1387 sanctam
773 1337 942 1389 vocet,
971 1330 1214 1383 umbram
1257 1337 1436 1383 tamen
1465 1345 1584 1384 eam
1623 1329 1926 1388 futurorum

345 1434 476 1476 esse
499 1418 773 1474 describit.
814 1416 1068 1469 Mandata
1103 1422 1252 1479 sunt,
1298 1414 1352 1468 in
1399 1416 1594 1484 quibus
1636 1427 1929 1487 praecepto-

349 1527 474 1564 rum
503 1507 902 1564 Dominicorum
944 1504 1185 1560 custodia
1236 1504 1542 1572 deputatur,
1569 1506 1722 1575 juxta
1753 1508 1924 1563 illud:

354 1597 477 1653 Non
510 1597 734 1659 occides,
785 1612 887 1648 non
920 1594 1276 1658 moechaberis,
1317 1601 1372 1647 et
1400 1595 1620 1663 reliqua.
1655 1596 1929 1665 Iusti/ica-

341 1688 515 1742 tiones
561 1693 703 1744 sunt,
744 1685 940 1754 quibus
972 1684 1114 1737 Deus
1163 1697 1263 1751 per
1290 1697 1444 1736 suam
1497 1683 1838 1739 dilectionem
1870 1695 1926 1741 et

345 1776 599 1846 proximi.
630 1775 838 1828 zizania
863 1773 971 1826 odii
995 1773 1063 1825 ab
1089 1771 1364 1826 hominum
1385 1773 1549 1827 corde
1568 1770 1724 1839 jubet
1744 1773 1919 1828 evelli.

349 1865 665 1920 Testimonia
689 1871 834 1926 sunt,
871 1864 924 1917 in
953 1876 1182 1931 quorum
1218 1862 1506 1930 pnnsentia
1551 1863 1707 1917 nobis
1733 1863 1922 1918 obser-

339 1955 619 2009 vationum
647 1962 957 2007 sanctarum
991 1951 1123 2005 ordo
1162 1950 1518 2004 committitur
1547 1965 1561 2004 :
1611 1951 1748 2006 sicut
1776 1951 1924 2021 Moy-

341 2057 432 2099 ses
459 2041 657 2096 coelum
686 2050 742 2095 et
771 2052 970 2094 terram
1033 2041 1249 2092 invocat
1296 2045 1482 2102 testes,
1514 2047 1570 2091 et
1623 2038 1818 2094 Paulus
1852 2041 1922 2096 ad

345 2133 563 2188 'I'imoth
599 2147 714 2196 um,
761 2130 1044 2185 Tcstificor
1094 2130 1211 2192 tibi,
1270 2130 1465 2198 inquit,
1527 2129 1581 2183 in
1630 2139 1920 2198 conspectu

342 2221 438 2276 Dei
468 2221 700 2274 viventis
726 2228 782 2272 et
826 2220 881 2273 in
919 2226 1206 2288 conspectu
1256 2217 1550 2273 electorum
1608 2219 1919 2288 angelorum

337 2309 474 2378 ejus,
504 2319 562 2365 et
587 2310 811 2378 reliqua.
843 2309 897 2380 (Ι
931 2308 1062 2361 Tim.
1098 2324 1149 2372 v,
1172 2308 1286 2378 2t.)
1322 2308 1536 2362 Judicia
1561 2316 1740 2362 autem
1771 2318 1914 2374 sunt,

337 2416 464 2455 cum
488 2410 581 2454 aut
626 2398 804 2467 justus
851 2399 1142 2467 splendidis
1185 2399 1538 2452 honorabitur
1566 2399 1794 2463 meritis,
1825 2406 1918 2453 aut

335 2489 562 2544 aternis
589 2489 982 2542 damnabuntur
1005 2485 1159 2558 [Ms.,
1185 2485 1362 2554 justos
1391 2488 1744 2542 honorabit...
1768 2489 1917 2544 dam-

339 2579 516 2650 nabit]
556 2580 833 2649 suppliciis
888 2587 1331 2649 transgressores.
1387 2581 1498 2634 Vite
1555 2579 1743 2652 [enim]
1792 2591 1916 2637 sunt

341 2669 571 2739 apostoli
601 2684 666 2722 ac
690 2669 984 2738 prophetia,
1013 2683 1110 2738 per
1129 2683 1265 2736 quos
1289 2669 1500 2722 venitur
1529 2671 1596 2724 ad
1625 2685 1806 2723 veram
1835 2671 1915 2725 vi-

340 2770 451 2816 tam
484 2758 636 2831 [Δίκη
669 2758 856 2830 viain],
887 2774 1006 2827 quae
1052 2767 1136 2814 est
1171 2759 1439 2814 Christus.
1473 2759 1640 2814 Totus
1666 2760 1751 2814 hic
1775 2761 1917 2828 psal-

342 2867 465 2908 mus
507 2862 590 2905 est
630 2852 865 2919 scriptus
910 2851 1204 2906 secundum
1276 2852 1521 2906 ordinem
1586 2851 1910 2920 litterarum,

341 2943 420 2996 ita
449 2949 508 2996 ut
529 2941 598 2994 ab
619 2956 723 2994 una
755 2941 931 2994 littera
963 2950 1086 2995 octo
1111 2955 1300 2994 versus
1320 2940 1597 3010 incipiant,
1625 2949 1679 2994 et
1702 2957 1913 2996 rursum

341 3047 373 3085 τι
405 3032 648 3100 sequenti
699 3039 820 3086 octo
847 3031 934 3085 alii
993 3031 1386 3100 compleantur,
1417 3041 1471 3086 et
1519 3031 1622 3086 hoc
1665 3031 1914 3088 similiter

341 3121 414 3175 ad
441 3120 600 3174 tinem
629 3134 798 3189 usque
827 3119 1045 3174 texitur.
1365 3161 1368 3163 .
1453 3146 1458 3149 ‹
1545 3131 1548 3134 ·

411 3209 497 3264 Ab
524 3210 742 3264 exordio
766 3224 862 3262 suo
893 3223 1118 3278 magnus
1163 3208 1401 3278 psalmus
1433 3208 1552 3274 iste,
1585 3209 1910 3273 charissimi,

337 3299 656 3354 exhortatur
685 3316 783 3354 nos
808 3300 875 3354 ad
897 3299 1306 3363 beatitudinem,
1345 3315 1505 3368 quam
1535 3315 1692 3354 nemo
1720 3310 1802 3354 est
1820 3301 1910 3370 qui
1939 3337 1987 3397 Ο

336 3407 453 3446 non
475 3402 686 3462 expetat
713 3392 910 3463 [δόκη
944 3391 1263 3462 exspectat].
1315 3390 1447 3457 Quis
1493 3391 1636 3445 enim
1677 3406 1910 3460 unquam

340 3484 433 3538 vel
457 3493 650 3553 potest,
675 3485 754 3539 vel
792 3485 981 3554 potuit.
1014 3483 1094 3538 vel
1120 3483 1318 3553 poti-rit
1359 3483 1608 3542 inveniri.
1656 3482 1749 3551 qui
1781 3482 1914 3536 nolit

337 3588 464 3629 esse
491 3575 721 3629 beatus?
758 3574 895 3640 Quid
949 3575 1110 3645 igitur
1154 3573 1530 3628 exhortatione
1567 3587 1704 3641 opus
1731 3581 1814 3626 cst
1845 3573 1912 3626 ad

337 3679 461 3719 eam
492 3680 624 3729 rem,
669 3681 830 3734 quam
882 3680 976 3719 sua
1005 3672 1193 3733 sponte
1239 3663 1442 3733 appetit
1489 3665 1700 3717 animus
1726 3664 1913 3716 huma-

343 3757 489 3811 nus?
524 3757 656 3810 Nam
684 3755 922 3825 profecto
946 3756 1037 3825 qui
1068 3755 1406 3818 exhortatur,
1438 3755 1490 3808 id
1513 3755 1625 3824 agit
1662 3764 1722 3808 ut
1766 3754 1914 3807 exci-

341 3858 490 3905 tetur
509 3851 760 3904 voluntas
785 3849 902 3917 ejus
929 3863 1050 3901 cum
1080 3861 1187 3915 quo
1235 3846 1346 3914 agit
1388 3844 1479 3916 [ad
1505 3844 1657 3916 illud]
1694 3852 1914 3913 propter

342 3941 484 4008 quod
536 3938 928 3995 exhortationis
971 3936 1256 3991 adhibetur
1301 3935 1612 4005 alloquium.
1678 3934 1742 3988 Ut
1785 3935 1915 4003 quid

337 4049 470 4103 ergo
507 4019 782 4088 nobiscum
846 4031 1021 4102 agitur
1049 4041 1107 4085 ut
1152 4031 1374 4085 velimus
1426 4029 1568 4098 quod
1613 4028 1754 4083 nolle
1808 4043 1912 4081 non

336 4138 645 4194 possumus,
686 4123 788 4176 nisi
835 4125 959 4192 quia
1021 4137 1208 4176 omnes
1255 4121 1472 4194 quidem
1527 4121 1914 4176 beatitudinem

335 4214 749 4282 concupiscunt,
779 4214 872 4268 sed
901 4228 1134 4283 quonam
1175 4215 1333 4267 modo
1358 4212 1425 4264 ad
1469 4226 1589 4266 eam
1632 4214 1916 4282 pervenia-

336 4313 430 4359 tur
460 4303 747 4357 nesciunt?
781 4304 1011 4374 Ideoque
1057 4306 1171 4359 haec
1225 4302 1380 4375 [Ms.,
1409 4301 1535 4374 hoc]
1584 4302 1746 4357 docet
1793 4305 1913 4368 iste,

334 4395 430 4463 qui
461 4393 596 4449 dicit
627 4411 638 4445 :

758 4502 948 4550 Αιεριι,
987 4501 1040 4540 ιι)
1069 4501 1166 4540 εετ
1196 4500 1485 4541 coortum.

410 4576 574 4629 Vsus.
610 4576 660 4629 I.
700 4605 771 4618 --
806 4576 956 4629 Beati
991 4574 1312 4629 immaculati
1337 4577 1391 4629 in
1447 4578 1552 4640 ria,
1595 4577 1683 4646 qui
1732 4576 1916 4629 ambu-

1952 687 2004 743 Α
2031 687 2249 780 veritas.
2293 687 2396 755 Qui
2429 692 2699 749 ambulant
2740 697 2796 752 in
2841 698 2950 771 lege
2999 704 3233 775 Domini,
3272 709 3377 768 hoc
3409 720 3511 780 est,
3545 715 3596 772 in

2028 778 2448 852 mandatisejus.

2101 867 2260 970 Vens.
2292 871 2455 970 21—
2489 874 2639 970 Beati
2677 881 2765 948 qui
2793 893 3098 942 scrutantur
3136 893 3431 952 testimonia
3455 898 3594 970 ejus,

2026 959 2084 1011 in
2114 967 2220 1058 toto
2248 961 2403 1016 corde
2431 967 2706 1034 exquirunt
2731 988 2868 1026 eum.
2911 975 2980 1030 Ut
3004 977 3300 1052 intelligant
3327 1002 3448 1042 cum

2027 1049 2286 1145 caverint,
2316 1065 2374 1105 se
2402 1067 2584 1108 coram
2625 1059 2853 1116 testibus
2903 1049 3196 1135 deliquisse
3221 1085 3235 1122 :
3268 1070 3367 1144 [ait
3393 1049 3595 1145 auiem,

2027 1137 2141 1209 qui]
2182 1139 2232 1194 in
2291 1149 2400 1196 toto
2436 1146 2600 1200 corde
2649 1151 2938 1220 exquirunt
2972 1169 3116 1221 eum,
3152 1168 3208 1215 et
3241 1137 3348 1218 non
3383 1137 3594 1231 leviter;

2027 1243 2199 1298 neque
2225 1233 2478 1300 segniter.

2099 1318 2259 1410 Vens.
2279 1320 2332 1373 5.
2369 1353 2439 1362 -
2463 1323 2586 1379 Non
2608 1329 2742 1381 enim
2763 1331 2853 1399 qui
2877 1344 3158 1402 operantur
3182 1338 3526 1410 iniquitatem,
3541 1344 3598 1399 In

2027 1407 2120 1459 riis
2149 1408 2263 1476 ejus
2313 1411 2724 1470 ambulaverunt.
2770 1420 2879 1475 Vim
2916 1424 3058 1477 enim
3112 1407 3336 1494 apostoli
3389 1407 3598 1490 suntet

2024 1499 2343 1592 prophetrep
2373 1515 2468 1592 per
2500 1519 2647 1592 quos
2700 1509 2910 1562 venitur
2937 1512 3002 1565 ad
3049 1512 3193 1568 illam
3224 1517 3387 1574 vitam
3440 1519 3593 1592 [Ms.,

2025 1582 2215 1656 viam],
2254 1587 2344 1656 qui
2403 1589 2538 1644 dixit
2582 1609 2594 1644 :
2629 1591 2740 1663 Ego
2796 1613 2932 1650 sum.
2973 1601 3054 1654 via
3075 1611 3125 1656 et
3191 1607 3378 1662 veritas
3403 1582 3457 1662 ei
3491 1582 3596 1664 vita

2026 1669 2206 1742 (Joan.
2235 1691 2348 1740 xw,
2380 1675 2459 1748 6),
2515 1680 2784 1749 sicutjam
2817 1686 3068 1744 diximus.
3131 1691 3186 1744 In
3215 1693 3317 1749 hac
3343 1697 3485 1751 enim
3508 1700 3590 1754 via

2025 1775 2138 1853 non
2159 1763 2411 1820 incedunt
2447 1767 2618 1838 impii,
2648 1773 2772 1840 quia
2813 1774 3025 1832 Satante
3059 1780 3200 1835 viam
3229 1794 3545 1853 sequuntur.

2097 1851 2258 1906 Vens.
2291 1853 2344 1906 4.
2362 1884 2434 1894 -
2456 1855 2531 1910 Ta
2558 1860 2821 1915 mandasti
2841 1867 3092 1921 mandata
3118 1879 3210 1924 tua
3233 1851 3488 1934 custodiri
3514 1875 3594 1930 ni-

2023 1942 2141 2029 mis.
2185 1942 2298 1997 Non
2331 1946 2508 2015 tepido
2545 1949 2726 2014 corde,
2755 1967 2928 2022 neque
2978 1956 3236 2016 dissoluto
3271 1963 3470 2029 animo,
3498 1968 3592 2024 sed

1954 2009 1996 2067 Β
2027 2028 2238 2088 fortiter
2283 2042 2337 2088 et
2380 2045 2584 2093 attente
2641 2057 2740 2096 nos
2763 2009 2857 2098 sua
2891 2048 3142 2103 mandata
3194 2052 3383 2106 edocet
3409 2009 3594 2112 casto:

2020 2121 2154 2176 dire.
2194 2123 2367 2178 Nimis
2395 2130 2574 2196 posuit
2609 2146 2707 2202 pro
2755 2132 2919 2187 valde.
2962 2135 3128 2193 Valde
3179 2140 3359 2209 itaque
3393 2156 3592 2210 praecer-

2019 2211 2098 2278 pit
2116 2212 2217 2266 hoc
2234 2211 2392 2274 Deus.
2409 2223 2464 2270 et
2488 2217 2636 2273 valde
2661 2230 2871 2287 oportet
2897 2221 2990 2278 Dei
3016 2226 3288 2282 custodire
3315 2231 3588 2286 mandata.

2089 2302 2250 2359 Vleas.
2285 2305 2336 2359 5.
2368 2337 2440 2347 —
2469 2307 2682 2363 Utinam
2709 2312 3009 2383 dirigantur
3033 2317 3128 2371 vite
3152 2334 3299 2384 metu,
3325 2321 3394 2381 ad
3421 2332 3592 2378 custo-

2017 2398 2233 2454 diendas
2276 2399 2684 2469 justi/icationes
2736 2413 2874 2456 tuas.
2925 2405 3038 2460 Nisi
3070 2408 3211 2462 enim
3239 2410 3306 2465 ab
3334 2410 3449 2480 ipso
3483 2412 3591 2468 Do-I

2017 2493 2164 2544 mino
2194 2491 2494 2559 dirigantur
2532 2491 2631 2545 via:
2681 2503 2898 2559 nostrae,
2946 2496 3014 2549 ad
3052 2495 3170 2566 ejus
3215 2500 3592 2558 custodiendas

2008 2579 2423 2648 justificationes
2473 2581 2671 2636 infirmi
2706 2584 2928 2650 erimus,
2985 2597 3207 2657 propter
3244 2589 3588 2660 fragilitatem

2015 2670 2215 2727 Carnis.
2256 2669 2478 2734 Dedisti,
2517 2671 2708 2740 inquit,
2745 2673 3055 2729 mandatum
3081 2685 3135 2731 et
3161 2680 3432 2736 custodire
3457 2681 3590 2738 illud

2014 2760 2347 2830 prtecepisti;
2380 2759 2471 2814 sed
2499 2762 2699 2816 utinam
2726 2763 2968 2832 praebeas
3002 2766 3279 2830 auxilium,
3309 2777 3365 2822 ut.
3392 2771 3588 2839 possim

2015 2851 2216 2916 facere,
2247 2860 2295 2907 te
2315 2850 2559 2920 jubeutc,
2587 2854 2728 2923 quod
2753 2853 3053 2910 faciendum
3081 2858 3239 2913 didici
3269 2869 3320 2914 te
3342 2859 3586 2916 docente.

2087 2943 2248 2998 Vens.
2281 2941 2333 2996 6.
2371 2973 2439 2983 —
2465 2943 2607 2998 Tunc
2631 2962 2732 3000 non
2752 2946 3048 3016 confundar
3065 2966 3182 3004 cum
3208 2967 3510 3021 perspexero
3537 2953 3589 3006 in

2016 3033 2253 3088 omnibus
2277 3034 2538 3088 mandatis
2573 3037 2698 3090 tuis.
2726 3035 2878 3099 Cum,
2925 3039 3117 3108 inquit,
3145 3041 3363 3098 directa:
3390 3041 3592 3100 fuerim

2015 3125 2115 3177 vim
2152 3139 2282 3179 mea!
2307 3139 2402 3196 per
2432 3127 2662 3197 gratiam
2706 3134 2868 3189 tuam,
2903 3136 3032 3185 tunc
3075 3131 3404 3200 inspectione
3431 3148 3584 3190 man~

2014 3216 2262 3272 datorum
2317 3229 2529 3274 tuorum
2577 3235 2681 3273 non
2706 3219 3024 3290 confundar,
3093 3223 3220 3278 dum
3279 3225 3507 3294 respicio
3535 3225 3586 3280 in

2015 3309 2193 3363 omnia
2241 3310 2491 3364 rnandata
2537 3317 2646 3363 tua.
2693 3309 2809 3365 Non
2855 3311 2999 3366 enim
3047 3312 3148 3367 alia
3177 3319 3590 3383 prtetermittere

2017 3408 2072 3454 et
2094 3399 2195 3453 alia
2217 3399 2524 3464 observare,
2540 3401 2634 3455 sed
2655 3401 2830 3455 omnia
2857 3403 3134 3472 :equaliter
3154 3404 3588 3477 custodireopor-

2017 3499 2116 3555 tet,
2156 3505 2222 3546 ne
2247 3491 2297 3545 in
2332 3490 2512 3545 futuro
2541 3489 2748 3558 judicio
2784 3493 3194 3548 confundamur.

2088 3582 2250 3636 Vens.
2281 3582 2332 3634 ’1.
2363 3611 2433 3622 -
2471 3580 2767 3649 Conﬁtebor
2794 3581 2906 3644 tibi,
2943 3580 3182 3644 Domine,
3226 3583 3280 3635 in
3307 3581 3589 3638 directione

2016 3673 2208 3737 cordis,
2247 3673 2299 3724 in
2325 3688 2382 3724 eo
2423 3671 2560 3740 quod
2591 3671 2751 3721 didici
2773 3669 2981 3738 judicia
3025 3670 3249 3741 justitiw
3274 3681 3399 3726 tum.
3447 3671 3586 3730 Con-

2017 3762 2211 3815 fitebor
2247 3761 2290 3814 si
2323 3760 2586 3813 directum
2625 3757 2784 3810 fuerit
2841 3758 2944 3812 iter
2972 3776 3147 3816 meum
3178 3771 3230 3817 et
3253 3777 3348 3818 cor
3369 3777 3583 3819 meum:

2018 3858 2071 3904 te
2119 3849 2440 3918 prmdicubo,
2469 3847 2710 3912 Domine,
2735 3855 2788 3902 te
2813 3847 3062 3916 laudabo,
3085 3859 3140 3905 et
3167 3851 3243 3906 tui
3267 3868 3386 3909 esse
3410 3854 3592 3926 operis

2017 3941 2121 3994 hoc
2150 3939 2464 3993 confitebor.

2087 4029 2248 4083 Vnus.
2281 4028 2333 4082 8.
2368 4058 2438 4067 —
2469 4027 2881 4097 Justiﬁcationes
2905 4036 3022 4083 tuas
3044 4031 3354 4100 custodiam,
3380 4049 3480 4088 non
3508 4051 3591 4090 me

2018 4118 2345 4188 derelinquas
2398 4133 2784 4189 usquequaque.
2821 4118 2934 4174 IIoc
2959 4127 3064 4186 est,
3098 4118 3288 4175 faciam
3322 4123 3464 4192 quod
3497 4121 3585 4192 ju-

2017 4209 2134 4272 bes,
2163 4207 2207 4262 si
2237 4222 2322 4261 me
2351 4206 2620 4275 adjuveris
2666 4224 3072 4280 usquequaque.
3112 4209 3191 4265 Ac
3215 4211 3260 4266 si
3296 4220 3478 4282 aperte
3506 4211 3586 4268 di-

2019 4307 2186 4362 ceret,
2213 4313 2243 4352 a
2269 4299 2411 4352 bono
2459 4313 2621 4368 opere
2668 4313 2852 4354 errare
2903 4315 2986 4354 me
3014 4315 3119 4355 non
3162 4303 3326 4367 sinas,
3354 4317 3421 4356 ne
3457 4303 3582 4358 dum

2018 4387 2210 4442 amitto
2232 4387 2474 4442 ordinem
2511 4389 2646 4442 bene
2678 4389 2908 4451 vivendi,
2963 4389 3336 4446 rectitudinem
3366 4391 3583 4462 perdam

2016 4475 2285 4544 loquendi.
2322 4476 2434 4532 lloc
2457 4478 2591 4546 petit
2615 4492 2682 4531 ne
2715 4478 2927 4548 penitus
2946 4478 3246 4545 deseratur,
3275 4482 3367 4537 sed
3390 4482 3461 4536 ita
3489 4497 3584 4551 po-

2021 4569 2149 4633 tius,
2179 4576 2237 4621 ut
2261 4569 2328 4622 ab
2354 4583 2419 4622 eo
2447 4583 2716 4638 nunquam
2743 4577 2796 4624 et
2820 4585 3083 4640 nusquam
3137 4571 3373 4626 divinum
3403 4573 3588 4628 absce-

335 4665 448 4719 lant
486 4665 542 4718 in
564 4663 674 4734 lege
705 4665 935 4718 Domini.
976 4665 1124 4719 Beati
1154 4679 1272 4719 esse
1301 4679 1406 4719 non
1436 4674 1658 4734 possunt
1686 4664 1786 4718 nisi
1816 4665 1916 4719 im-
1953 4687 1998 4744 ι)
2022 4658 2112 4712 dat
2143 4658 2422 4712 auxilium.

334 4756 624 4821 maculati;
660 4756 990 4811 immaculati
1019 4764 1196 4810 autem
1215 4771 1319 4810 non
1342 4767 1488 4819 sunt,
1519 4756 1620 4810 nisi
1643 4758 1733 4824 qui
1761 4757 1814 4809 in
1837 4756 1920 4809 via

331 4847 616 4902 ambulant
641 4865 654 4901 ε
697 4848 781 4901 via
809 4863 937 4902 vero
967 4863 1070 4902 non
1117 4855 1220 4910 est,
1247 4847 1348 4900 nisi
1378 4846 1461 4900 lex
1492 4846 1726 4901 Domini.
1767 4845 1922 4912 Qua:-

338 4952 466 4991 rens
487 4953 618 5005 ergo
663 4937 1070 4999 beatitudinem,
1112 4934 1488 4991 iuimaculaius
1526 4935 1579 4988 in
1633 4934 1717 4988 via
1750 4935 1836 4994 sit,
1868 4943 1923 4988 et

338 5027 393 5081 in
442 5026 559 5096 lege
609 5027 842 5091 Domini,
901 5042 1018 5096 quae
1047 5027 1327 5080 beatorum
1383 5022 1467 5075 via
1491 5030 1593 5085 est,
1645 5021 1921 5076 ambulet:

334 5131 443 5170 non
484 5117 556 5170 sit
592 5117 817 5178 otiosus,
852 5117 922 5171 sit
950 5117 1065 5172 sine
1102 5113 1332 5178 macula,
1361 5113 1464 5168 boc
1504 5120 1605 5175 est,
1635 5112 1750 5166 sine
1773 5127 1919 5166 mor-

332 5206 432 5262 tali
456 5209 705 5262 crimine.
752 5207 857 5262 Sed
887 5218 1065 5262 tanien
1089 5207 1466 5262 discretionem
1492 5203 1616 5258 facit
1643 5206 1783 5256 inter
1812 5218 1920 5256 ma.

330 5300 511 5354 culam
543 5309 599 5356 et
632 5299 920 5355 maculam.
961 5299 1098 5366 Quia
1134 5299 1177 5356 si
1223 5299 1338 5353 sine
1394 5295 1618 5353 minutis
1666 5309 1786 5349 esse
1816 5310 1920 5349 non

327 5407 646 5460 possumus,
673 5391 758 5446 vel
788 5392 841 5450 in
870 5389 1072 5458 majora
1103 5389 1338 5444 incidere
1359 5404 1464 5442 non
1489 5387 1746 5442 debemus
1768 5381 1919 5456 [Ms.,

327 5479 674 5552 debeamus].
712 5481 862 5536 Beati
899 5495 1028 5551 ergo
1077 5478 1402 5533 immaculati
1445 5478 1497 5532 in
1532 5476 1638 5540 via,
1681 5474 1770 5544 qui
1801 5489 1922 5528 am-

329 5570 524 5625 bulant
557 5569 723 5640 362
779 5569 834 5623 in
872 5568 989 5638 lege
1028 5564 1239 5622 Domini
1286 5583 1299 5618 :
1342 5566 1394 5619 in
1450 5566 1535 5619 via
1576 5563 1652 5634 [in
1705 5561 1921 5618 Christo

332 5661 536 5724 (Edit.,
591 5659 643 5713 in
668 5660 752 5721 via
780 5657 1002 5728 Christi)
1033 5655 1052 5728 ]
1085 5666 1143 5710 ut
1170 5656 1282 5732 ipse
1311 5656 1384 5708 ait
1433 5669 1446 5704 :
1477 5655 1587 5723 Ego
1616 5670 1730 5710 sum
1755 5655 1836 5708 via
1867 5663 1918 5705 at

2092 4750 2254 4805 Vens.
2287 4750 2339 4805 9.
2377 4777 2448 4790 —
2482 4748 2547 4803 In
2575 4766 2675 4820 quo
2701 4751 2912 4822 corrigit
2935 4751 3124 4822 junior
3150 4753 3285 4808 viam
3312 4755 3503 4810 suam!
3535 4757 3591 4809 in

2018 4841 2354 4895 custodiendo
2384 4857 2645 4894 sermones
2697 4849 2834 4894 tuos.
2873 4839 3226 4914 Interrogatio
3267 4851 3370 4908 est,
3399 4844 3452 4899 in
3483 4858 3592 4916 quo

2009 4929 2193 5001 junior
2243 4931 2384 4986 viam
2428 4947 2580 4987 suam
2629 4933 2902 5006 corrigat;
2943 4941 2998 4987 et
3024 4936 3401 5005 reSpondetur,
3443 4936 3588 5006 quod

2021 5026 2282 5079 correctio
2308 5025 2423 5080 lucc
2443 5024 2536 5090 sit,
2561 5033 2620 5079 ut
2660 5025 2754 5080 Dei
2789 5026 2952 5080 verba
2997 5027 3280 5082 custodiat.
3331 5026 3588 5084 Juvenem

2023 5114 2164 5168 enim
2189 5114 2321 5168 dixit
2341 5129 2552 5170 omnem
2577 5115 2846 5172 hominem
2889 5117 3001 5188 qui,
3034 5126 3244 5172 vetusto
3269 5118 3472 5189 peccati
3496 5119 3593 5174 ho-

2024 5203 2168 5256 mine
2189 5203 2448 5273 deposito,
2493 5204 2550 5258 fit
2575 5221 2744 5260 novus
2773 5205 2924 5277 [Ms.,
2951 5206 3042 5276 qui
3068 5207 3134 5262 de
3164 5207 3360 5262 veteris
3383 5209 3589 5279 peccati

2024 5292 2240 5348 homine
2267 5293 2359 5346 flat
2382 5293 2574 5365 novus]
2603 5295 2656 5348 in
2681 5294 2915 5350 Christo.

2095 5383 2258 5438 Vens.
2295 5383 2380 5438 10.
2398 5411 2467 5423 —-
2503 5385 2570 5438 In
2593 5394 2698 5437 toto
2725 5386 2881 5440 corde.
2905 5401 3016 5440 meo
3043 5389 3296 5459 exquisivi
3327 5399 3399 5456 te,
3430 5407 3492 5446 ne
3512 5406 3591 5444 re—

2022 5471 2183 5543 pellas
2211 5487 2292 5525 me
2307 5489 2339 5524 a
2362 5471 2621 5525 mandatis
2642 5473 2766 5526 tuis.
2788 5471 3006 5540 Fecisti,
3023 5475 3216 5546 inquit,
3230 5488 3290 5533 ut
3304 5486 3418 5534 toto
3429 5479 3590 5534 corde

2024 5578 2142 5619 meo
2153 5562 2489 5634 exquirerem
2515 5571 2598 5626 te;
2631 5561 2715 5618 fac
2735 5571 2794 5618 ut
2824 5563 2876 5618 in
2895 5566 3158 5622 mandatis
3184 5568 3289 5624 tuis
3309 5585 3584 5626 maneam:

2023 5671 2139 5723 qua:
2183 5662 2238 5705 ut
2267 5653 2394 5705 mihi
2445 5652 2717 5721 possibilia
2755 5653 2859 5708 sint
2889 5654 3081 5724 adjuva
3105 5673 3210 5718 me.
3253 5667 3306 5712 et
3358 5659 3464 5714 noli
3503 5673 3588 5711 me
