4020 6188
466 275 571 365 sas

1315 309 1371 361 Β.
1415 308 1474 360 F.
1515 307 1738 362 ALBINI
1779 307 1906 362 SEU
1949 304 2224 360 ALCUINI
2262 299 2544 356 OPEltU-M
2584 297 2762 351 PARS
2796 297 2858 350 ll.

3599 296 3704 349 600

467 398 534 482 ib
561 429 640 482 eis
663 401 939 494 repellere,
977 399 1029 477 id
1051 425 1152 484 est,
1186 423 1290 475 noli
1317 421 1714 474 mihiauxilium
1739 429 1886 473 tuum
1910 420 2034 472 sub-

2164 476 2166 480 ι
2210 395 2372 466 Vens.
2405 411 2488 465 i9.
2515 441 2584 449 —
2607 406 2787 462 Incola
2812 425 2902 476 ego
2924 425 3036 460 sum
3062 408 3114 460 in
3151 415 3288 460 terra
3309 423 3327 460 :
3359 424 3458 460 non
3488 409 3706 462 abscon-

467 519 700 572 trahere.

538 608 698 660 Vens.
725 605 810 659 11.
847 634 919 644 -
953 605 1018 658 In
1034 605 1187 656 corde
1213 621 1322 656 meo
1351 604 1597 656 abscondi
1619 603 1820 673 eloquia
1840 612 1950 661 tua,
1976 610 2032 652 ut

469 691 567 749 non
586 711 786 765 peccem
809 694 921 748 tibi.
952 695 1216 748 Continuo
1237 694 1473 748 divinum
1489 693 1731 762 qumsivit
1752 689 2028 756 auxilium,

465 800 532 837 ne
557 785 612 837 in
635 783 797 838 corde
822 784 936 852 ejus
969 784 1059 838 Dei
1073 784 1280 852 eloquia
1303 784 1418 836 sine
1446 782 1621 836 fructu
1643 780 2033 835 absconderen-

467 881 574 938 tur,
605 875 706 948 nisi
742 889 905 942 opera
925 874 1146 942 justitia:
1182 868 1552 942 sequerentur.
1603 872 1735 927 Cum
1765 873 1906 926 enim
1931 873 2033 926 hoc

465 963 709 1028 dixisset,
734 963 1008 1032 adjunxit:

538 1052 698 1106 Vsus.
732 1051 817 1106 12.
841 1083 909 1092 -
937 1052 1244 1106 Benedictus
1274 1068 1345 1113 es,
1379 1047 1618 1114 Domine,
1653 1040 1778 1104 doce
1819 1065 1898 1103 me
1933 1051 2030 1120 ju-

462 1141 800 1208 siiﬁcationes
835 1145 971 1194 tu‘as.
1029 1140 1100 1196 Ut
1129 1136 1255 1210 quid
1283 1141 1424 1193 enim
1455 1137 1606 1203 dicit,
1656 1141 1788 1194 doce
1835 1155 1920 1194 me
1943 1141 2032 1209 ju-

464 1230 812 1285 stiﬁcationes
842 1239 980 1296 tuas,
1010 1231 1112 1284 nisi
1139 1231 1262 1299 quia
1292 1245 1384 1284 eas
1402 1229 1514 1282 vult
1538 1226 1782 1284 faeiendo'
1803 1230 2028 1293 discere,

465 1325 569 1372 tum
595 1318 878 1388 loquendo,
909 1321 994 1375 vel
1027 1319 1284 1375 memoria
1325 1315 1605 1374 retinendo
1631 1317 2033 1375 tautumniddo?

537 1410 696 1465 Vens.
721 1407 806 1464 15.
846 1441 918 1450 -
949 1410 1015 1464 1η
1037 1406 1187 1464 labiis
1227 1413 1352 1464 meis
1383 1411 1710 1479 pronuntiavi
1745 1411 1918 1463 omnia
1939 1411 2032 1480 ju—

462 1480 601 1553 iiicia
622 1501 727 1553 oris
747 1498 846 1554 tui.
887 1500 1049 1565 Nihil,
1075 1502 1267 1570 inquit,
1285 1499 1606 1568 iudiciorum
1635 1497 1846 1554 tuorum
1870 1495 2028 1564 taeni,

461 1573 554 1643 sed
581 1590 759 1644 omnia
786 1605 1003 1659 prorsus
1028 1591 1081 1644 in
1109 1585 1266 1645 labiis
1296 1591 1430 1645 meis
1457 1577 1752 1654 enuntiavi,
1796 1601 1858 1644 ea
1890 1589 2032 1644 Scili-

461 1669 566 1743 cet,‘
614 1675 734 1749 quae
764 1681 892 1734 mihi
917 1696 1008 1735 ore
1036 1691 1144 1743 tuo,
1208 1681 1259 1734 id
1291 1690 1396 1744 est,
1450 1680 1786 1750 ei'oquiorum’
1817 1687 2029 1738 tuorum

460 1769 836 1834 praedicatione
858 1763 1060 1825 dixisti.

533 1856 690 1911 Vens.
718 1856 801 1910 14.
836 1889 908 1898 —
943 1859 1010 1912 In
1032 1861 1112 1914 via
1135 1850 1549 1916 testimoniorum
1575 1856 1782 1918 tuorum
1806 1855 2029 1918 delecta-

458 1959 540 2002 tus
568 1945 704 2014 sum,
733 1952 866 2004 sicut
880 1953 934 2006 in
951 1953 1187 2007 omnibus
1215 1953 1430 2008 diuitiis.
1478 1956 1576 2009 Via
1603 1946 2027 2010 testimoniOruin

458 2031 552 2094 Dei
571 2039 816 2097 Christus
840 2052 943 2109 est,
979 2046 1032 2098 in
1055 2059 1161 2113 quo
1190 2054 1314 2100 sunt
1341 2061 1528 2102 omnes
1559 2049 1798 2103 thesauri
1821 2051 2031 2118 sapien-

457 2132 547 2185 tia;
570 2139 624 2185 et
648 2134 886 2188 scientia:
913 2136 1232 2191 absconditi.
1295 2137 1350 2190 iu
1379 2138 1480 2192 hac
1501 2153 1631 2208 ergo
1663 2139 1746 2191 via
1769 2141 1919 2208 quasi
1973 2140 2026 2194 in

457 2209 708 2276 amnibus
758 2223 957 2278 divitiis
1007 2225 1322 2290 delectatur,
1370 2228 1462 2296 qui
1510 2229 1658 2282 vadit
1711 2244 1805 2298 per
1858 2229 2023 2283 illam.

459 2300 620 2367 Multa
642 2303 765 2384 erga
787 2309 886 2371 rios
911 2327 1036 2372 sunt
1060 2319 1364 2374 testimonia
1387 2321 1580 2376 divina:
1609 2322 1908 2378 dilectionis
1931 2325 2029 2378 im-

457 2393 622 2471 p'leta',
651 2392 757 2459 nbn‘
782 2395 999 2462 dlibium
1020 2407 1149 2477 quin
1171 2419 1551 2482 exspectentur
1571 2414 1837 2483 implenda
1873 2415 2026 2486 [Ms.,

458 2488 565 2549 lion
595 2495 819 2563 dubitat,
844 2514 962 2569 qua:
989 2493 1382 2571 exspectantur,
1415 2504 1748 2577 implenda].

531 2585 691 2642 Vens.
718 2587 802 2642 15.
841 2621 914 2630 --
949 2589 1015 2645 In
1041 2591 1302 2648 mandatis
1327 2596 1430 2648 tuis
1450 2595 1742 2670 [Ms.,add.
1765 2597 1867 2670 me]
1890 2615 2030 2652 exer-

460 2682 630 2744 cebar,
670 2690 716 2733 et
742 2679 1079 2737 considerabo
1104 2685 1210 2739 vias
1259 2673 1397 2741 tuas.
1442 2675 1769 2745 Exercitatio
1804 2691 2029 2746 assidui-

458 2748 544 2849 ias
563 2754 741 2849 operis
768 2763 853 2828 est
885 2793 899 2856 :
928 2785 980 2830 et
1006 2767 1106 2830 iste
1151 2778 1256 2832 nisi
1301 2779 1630 2836 exercitatus
1668 2777 1721 2836 in
1766 2758 2030 2857 mandatis

459 2859 553 2946 Dei
581 2859 788 2946 luisset,
817 2853 924 2917 non
945 2873 1153 2933 poterat
1179 2859 1520 2926 considerare
1543 2874 1658 2926 vias
1686 2871 1822 2946 ejus,
1855 2853 1908 2928 id
1946 2883 2032 2930 est

459 2931 778 3034 aposioli‘cas
813 2931 1257 3027 propheticasque
1287 2961 1579 3018 doctrinas.

525 3038 685 3109 363
734 3035 893 3096 Vens.
934 3042 1018 3096 16.
1051 3047 1120 3084 -έ
1156 3045 1222 3100 In
1259 3035 1722 3118 justiﬁcationibus
1772 3055 1874 3107 tuis
1920 3049 2025 3109 me-

457 3125 695 3213 ditabor:
734 3125 836 3213 non
882 3127 1152 3213 obliviscar
1194 3133 1454 3197 sermones
1478 3152 1614 3198 tuos.
1645 3145 1722 3198 Ea
1765 3146 2022 3213 meditor,

459 3211 512 3306 in
539 3213 621 3269 his
648 3211 934 3288 exerceor,
963 3225 1132 3280 utilia
1164 3227 1417 3285 oblivioni
1467 3229 1574 3286 non
1621 3235 1859 3302 tradens,
1903 3211 2026 3306 pos;

456 3301 558 3359 'sim
580 3321 642 3362 ea
669 3309 873 3379 integre
899 3311 1238 3387 perfecteque
1261 3315 1548 3390 complere.

1089 3473 1246 3514 GIHEL
1268 3475 1391 3516 VOX.

529 3559 688 3639 iisiis.
718 3585 800 3639 l7.
823 3618 891 3627 —-
914 3587 1154 3644 Retribue
1177 3609 1320 3647 servo
1342 3589 1450 3659 tuo,
1473 3595 1672 3664 vivi/ica
1695 3591 1774 3651 me
1790 3616 1807 3651 :
1836 3608 1883 3652 et
1909 3616 2025 3654 cus—

454 3655 652 3750 iodiam
678 3692 933 3732 sermones
956 3688 1090 3734 tuos.
1140 3681 1382 3748 Quatuor
1431 3677 1575 3739 enim
1623 3696 1748 3742 sunt
1793 3689 2025 3745 retribu-

457 3752 666 3844 tiones:
699 3755 791 3822 aut
817 3766 954 3824 mala
982 3764 1258 3841 promalis
1303 3765 1696 3844 retribuuntur,
1725 3779 1863 3834 sicut
1887 3773 2026 3838 Deus

459 3841 635 3925 ignem
672 3849 929 3915 aeternum
966 3854 1326 3921 retributurus
1369 3876 1453 3922 est
1501 3841 1693 3938 impiis.
1735 3870 1841 3925 Aut
1885 3873 2023 3928 bona

456 3959 553 4028 pro
578 3947 764 4015 bouis,
792 3951 931 4006 sicut
970 3968 1190 4022 regnum
1237 3965 1494 4013 :eternum
1534 3962 1896 4018 retributurus
1943 3973 2025 4018 est

444 4032 626 4103 justis.
651 4037 755 4092 Aut
777 4041 911 4095 bona
947 4059 1044 4110 pro
1087 4045 1260 4110 malis,
1297 4047 1433 4102 sicut
1471 4047 1718 4105 Christus
1761 4067 1855 4122 per
1903 4069 2024 4123 gra-

456 4125 583 4180 tiam
613 4126 872 4210 justiiicat
924 4131 1166 4202 impium.
1195 4134 1302 4188 Aut
1337 4137 1476 4190 mala
1520 4152 1619 4206 pro
1662 4141 1838 4205 bonis,
1884 4144 2025 4198 sicut

450 4211 617 4270 Judaei
645 4231 741 4286 per
779 4218 1036 4274 malitiam
1089 4217 1354 4290 persecuti
1406 4237 1531 4280 sunt
1576 4221 1868 4284 Christum.
1920 4231 2022 4286 ila-

454 4320 568 4358 rum
599 4314 828 4374 quatuor
852 4296 1260 4365 retributionum
1292 4312 1407 4367 dua:
1432 4303 1640 4385 priores
1667 4311 1936 4388 pertinent
1956 4321 2019 4374 ad

2135 506 2230 558 das
2260 521 2292 556 a
2321 519 2400 554 me
2426 500 2676 553 mandata
2705 509 2816 551 tua.
2856 495 2931 550 ibi
2989 496 3216 566 quisque
3241 505 3324 551 eat
3363 503 3703 568 peregrinus,

2135 591 2225 645 ubi
2255 591 2448 644 absens
2475 604 2504 642 a
2531 587 2703 658 patria
2739 601 2852 640 sua.
2883 586 2988 639 iste
3023 600 3177 656 ergo,
3209 586 3298 654 qui
3322 601 3566 656 superna:
3588 587 3710 641 Hic-

2133 681 2366 737 rusalem
2397 679 2531 734 civis
2567 677 2832 744 ascriptus
2859 685 2964 740 est,
2989 676 3328 745 peregrinum
3377 690 3435 730 se
3488 678 3709 732 conﬁte—

2133 781 2223 825 tur
2252 769 2406 840 μη,
2432 764 2734 838 proﬁtetur]
2760 767 2812 819 in
2835 774 2975 820 terra
2996 806 3010 828 ,
3037 765 3161 834 quia
3191 773 3372 820 certus
3403 774 3485 819 est
3509 766 3573 819 de
3601 767 3712 820 lia:-

2133 860 2359 914 reditate
2397 857 2676 927 promissa.
2704 854 2809 909 Sed
2831 855 2956 923 quia
2981 855 3205 908 tentatio
3237 863 3321 909 est
3340 855 3449 907 vita
3475 853 3707 910 humana

2133 966 2294 1020 super
2320 960 2540 1011 terram,
2595 947 2725 1016 petit
2753 961 2818 1000 ne
2863 946 2916 999 iu
2954 954 3195 1014 tempore
3250 944 3608 999 tribulationis
3651 954 3707 1000 et

2133 1040 2400 1094 iucolatus
2424 1037 2505 1092 sui
2528 1035 2926 1091 abscondantur
2950 1035 3018 1100 ab
3045 1049 3111 1088 eo
3139 1034 3386 1102 mandata
3415 1032 3531 1087 Dei.
3599 1046 3611 1104 ἰ

2204 1131 2364 1184 Vens.
2391 1127 2481 1180 20.
2504 1157 2571 1167 -——
2596 1124 2896 1195 Concupivit
2923 1126 3100 1177 animo
3126 1141 3241 1178 mea
3261 1123 3559 1196 desiderare
3581 1124 3704 1192 jus-

2131 1219 2440 1287 tiﬁcationes
2469 1225 2585 1270 tuas
2611 1216 2665 1269 in
2695 1216 2835 1268 omni
2858 1226 3102 1285 tempore.
3129 1213 3200 1270 Ut
3227 1214 3338 1269 sive
3365 1215 3703 1281 manduu'm,

2132 1309 2243 1363 sive
2271 1308 2470 1370 bibam,
2501 1306 2615 1360 sive
2634 1305 2776 1358 aliud
2799 1304 2924 1372 quid
2956 1303 3168 1366 faciam,
3215 1319 3277 1357 ea
3304 1317 3516 1372 semper
3567 1305 3707 1360 desi-

2132 1399 2334 1461 derem,
2362 1396 2621 1458 mediter,
2643 1393 3056 1464 apprehendam.
3088 1393 3164 1446 Tu
3185 1393 3330 1446 enim
3379 1409 3466 1448 me
3511 1395 3708 1465 justiti-

2132 1503 2245 1551 cas,-
2277 1498 2365 1542 tua
2387 1501 2473 1540 me
2502 1486 2630 1540 facit
2660 1485 2830 1554 gratia
2851 1485 3076 1554 justum,
3115 1493 3169 1537 et
3190 1483 3388 1538 bonum
3439 1486 3566 1540 mihi
3621 1496 3705 1542 est

2131 1588 2343 1648 semper
2379 1579 2479 1632 hoc
2517 1577 2854 1640 desiderare,
2883 1583 2937 1629 et
2980 1575 3033 1628 in
3061 1575 3166 1629 hoc
3195 1584 3284 1629 tuo
3315 1576 3564 1644 praesidio
3617 1578 3708 1633 de-

2133 1668 2336 1722 lectari.
2368 1666 2618 1736 Alioquin
2638 1665 2814 1734 justus
2837 1680 2943 1719 non
2963 1674 3081 1729 ero,
3105 1665 3150 1719 si
3173 1664 3406 1720 defuerit
3428 1667 3558 1722 mihi
3582 1682 3706 1738 gra-

2055 1751 2106 1813 Β
2133 1758 2204 1812 tia
2232 1767 2344 1823 tua,
2361 1767 2455 1811 aut
2473 1756 2737 1811 iuilaverit
2761 1769 2846 1810 me
2873 1755 3141 1825 superbia.

2200 1849 2362 1903 Vens.
2389 1847 2478 1901 21.
2501 1877 2568 1888 -
2593 1845 2881 1917 Increpasti
2901 1846 3172 1916 superbos,
3213 1845 3477 1900 maledicti
3503 1849 3590 1916 qui
3616 1848 3708 1903 de-

2129 1932 2322 1991 clinant
2368 1954 2400 1990 a
2439 1936 2702 1990 mandatis
2731 1937 2855 1990 tuis.
2893 1935 3190 2006 increpatio
3224 1937 3339 1991 haec
3367 1937 3706 2009 intelligenda

2129 2035 2412 2094 est,quam
2442 2024 2598 2095 primi
2631 2023 2909 2079 hominum
2955 2026 3225 2096 genitores
3259 2040 3355 2080 sua
3405 2034 3708 2098 transgres-

2129 2119 2278 2174 sione
2305 2114 2637 2180 meruerunt;
2677 2116 3009 2172 declinantes
3034 2131 3065 2171 a
3091 2117 3343 2172 mandato
3370 2115 3463 2172 Dei
3491 2132 3588 2187 per
3615 2133 3706 2173 su-

2128 2210 2390 2278 perbiam,
2416 2223 2521 2277 qua
2547 2208 2952 2276 concupierunt,-
2979 2223 3087 2262 non
3115 2207 3259 2278 quad
3299 2208 3441 2263 Deus
3483 2208 3706 2280 diligen—

2129 2298 2253 2351 dum
2282 2297 2551 2366 praecepit,
2584 2296 2678 2350 sed
2707 2296 2849 2365 quod
2884 2297 3126 2352 diabolus
3171 2296 3454 2351 invidendo
3481 2313 3704 2367 persua-

2128 2388 2218 2443 sit.
2242 2387 2428 2443 Omnis
2453 2388 2633 2457 itaque
2661 2387 2928 2457 superbus
2961 2387 3088 2441 huic
3112 2387 3464 2456 increpationi
3494 2385 3703 2454 subjec-

2129 2485 2216 2532 tus
2238 2485 2340 2541 est,
2371 2477 2486 2531 sive
2507 2476 2844 2532 hatreditario
2869 2476 3092 2541 merito,
3125 2477 3238 2532 sive
3281 2477 3572 2532 voluntatis
3608 2493 3700 2532 ar-

2126 2571 2308 2626 bitrio.
2337 2569 2562 2638 Superbi
2593 2569 2734 2624 enim
2761 2569 3029 2624 declinant
3050 2584 3081 2622 a
3111 2569 3379 2623 mandatis
3405 2568 3519 2624 Dei.
3543 2568 3700 2624 Aliud

2127 2668 2210 2715 est
2224 2659 2418 2730 quippe
2458 2658 2706 2713 mandata
2740 2659 2855 2728 ejus
2879 2672 2976 2726 per
3012 2657 3378 2713 inﬁrmitatem
3421 2657 3505 2713 vel
3553 2658 3702 2728 igno-

2131 2749 2356 2802 rantiam
2397 2763 2504 2802 non
2551 2746 2792 2816 implere,
2838 2747 2980 2802 aliud
3029 2748 3098 2802 ab
3133 2748 3212 2803 eis
3251 2762 3349 2817 per
3396 2749 3699 2817 superbiam

2129 2837 2416 2893 declinare.
2444 2837 2594 2892 Tunc
2629 2852 2817 2891 omnes
2846 2838 2994 2908 impii
3016 2838 3227 2907 plenam
3275 2839 3542 2908 accipient
3585 2856 3699 2895 ma-

2129 2927 2488 2990 ledictionem,
2517 2941 2640 2980 cum
2656 2927 2964 2982 audierint:
2995 2927 3088 2991 Ite,
3123 2926 3416 2992 maledicti,
3450 2928 3504 2982 in
3527 2928 3700 2998 ignem

2131 3024 2410 3072 :cternum:

2051 3088 2096 3148 C
2196 3112 2356 3166 Vens.
2401 3109 2490 3164 22.
2517 3109 2774 3180 —Aufer
2821 3128 2852 3163 a
2884 3126 2964 3164 me
3011 3110 3339 3181 opprobrium
3383 3119 3430 3163 et
3480 3118 3702 3164 contem-

2123 3213 2290 3273 ptum,
2338 3201 2462 3271 quia
2489 3200 2782 3253 testimonia
2801 3207 2892 3252 tua
2940 3200 3210 3270 exquisivi.
3255 3201 3368 3256 Non
3394 3201 3562 3255 otiose
3601 3214 3701 3254 nec

2125 3291 2512 3351 somnolenter,
2542 3290 2635 3344 sed
2663 3298 2878 3344 strenue
2906 3289 3293 3360 vigilanter-que
3333 3290 3502 3346 sancti
3547 3290 3699 3344 testi-

2126 3383 2304 3438 monia
2353 3382 2532 3436 divina
2563 3382 2954 3451 exquisierunt;
2986 3391 3046 3436 ut
3099 3383 3220 3438 talia
3261 3391 3610 3455 paterentur;
3637 3391 3696 3435 ut

2125 3486 2207 3531 est
2231 3483 2552 3545 praeceptum
2582 3474 2829 3529 Domini:
2869 3474 3018 3528 Beati
3043 3477 3130 3545 qui
3169 3477 3569 3544 persecutionem
3605 3491 3695 3543 pa-

2122 3565 2324 3618 tiuntur
2372 3573 2578 3634 propter
2607 3564 2901 3634 justitiam,
2941 3571 3045 3618 etc.
3095 3563 3306 3631 (Matth.
3342 3580 3397 3626 v,
3441 3563 3550 3628 10).
3586 3561 3690 3617 Sed

2126 3655 2239 3709 haec
2267 3654 2441 3709 oratio
2484 3668 2582 3724 pro
2639 3653 3074 3722 persecutoribus
3120 3651 3356 3706 funditur
3397 3664 3503 3704 non
3552 3650 3692 3704 irro~

2123 3744 2298 3813 gando
2329 3743 2588 3798 ultionem
2616 3757 2806 3811 pusum,
2841 3744 2932 3797 sed
2962 3752 3039 3806 ut,
3070 3742 3194 3796 dum
3218 3741 3464 3796 conversi
3493 3738 3692 3794 fuerint

2125 3835 2191 3890 ad
2210 3833 2510 3899 Dominum,
2530 3835 2854 3904 martyribus
2870 3835 3088 3889 tollatur
3099 3833 3467 3904 opprobrium,
3486 3831 3694 3902 quando

2123 3930 2177 3975 ct
2205 3921 2279 3976 illi
2305 3923 2473 3992 ipsam
2505 3921 2816 3990 religionem
2846 3923 3128 3977 coluerint.

2193 4030 2356 4087 Vens.
2379 4032 2469 4088 25.
2496 4063 2566 4074 -
2600 4031 2806 4086 Etenim
2845 4033 3087 4088 sederunt
3137 4033 3394 4104 principes
3441 4042 3488 4086 et
3526 4032 3696 4086 aduer-

2122 4140 2236 4178 sum
2266 4141 2345 4178 me
2378 4124 2739 4195 loquebantur,
2786 4142 2963 4179 servus
2993 4135 3164 4179 autem
3201 4136 3322 4178 tuus
3367 4124 3696 4178 exercebatur

2122 4213 2176 4264 in
2195 4212 2664 4281 justiﬁcationibus
2694 4214 2817 4266 tuis.
2872 4213 3023 4279 Quod
3054 4213 3107 4267 in
3143 4213 3244 4268 hoc
3278 4212 3544 4267 versiculo
3567 4211 3695 4265 Pro-

2123 4302 2280 4368 pheta
2303 4301 2715 4371 inseloquitur,
2766 4301 3005 4356 futurum
3035 4303 3088 4357 in
3145 4302 3402 4372 apostolis
3449 4302 3692 4370 reliquis-

443 4391 706 4486 just'itiarn
725 4437 740 4462 ,
781 4407 839 4452 ut
865 4388 1230 4457 retribuantur
1257 4404 1394 4460 mala
1423 4394 1520 4476 pro
1548 4402 1721 4473 malis,
1747 4400 1884 4464 bona
1923 4427 2020 4480 pro
2054 4428 2096 4485 ι)
2123 4405 2226 4459 quc
2252 4391 2577 4486 ibi”
2620 4391 2804 4486 Videte
2831 4391 2921 4461 qui
2966 4391 3130 4486 “Tum
3179 4407 3383 4486 θονθῖη,
3405 4391 3616 4461 regibus
3641 4398 3695 4443 ⁸⁸

449 4479 622 4570 lienis.
664 4479 844 4543 Tertia
890 4490 1122 4560 pertinet
1164 4490 1233 4550 ad
1280 4489 1721 4564 misericordiam,
1753 4509 1812 4554 ut
1860 4479 2020 4555 retri-

2126 4481 2467 4552 prwsidibus,
2513 4482 2737 4537 Domino
2791 4483 2893 4538 hoc
2943 4483 3102 4537 etiam
3139 4483 3527 4553 pronuntiante,
3572 4495 3694 4550 per-

450 4573 683 4629 imantur
708 4573 848 4632 bona
874 4593 971 4647 pro
998 4581 1169 4637 malis.
1189 4577 1444 4649 Quartam
1487 4595 1664 4642 autem
1692 4589 1832 4645 Deus
1853 4591 2024 4646 nescit

451 4661 580 4732 ιλιι..
599 4703 614 4727 ,
640 4663 839 4732 Quarta
869 4682 998 4722 vero
1035 4685 1140 4724 non
1163 4673 1392 4740 pertinet
1432 4675 1499 4729 ad
1525 4676 1851 4750 Christum],
1893 4675 2019 4734 nulli

449 4759 594 4813 enim
622 4757 820 4814 malum
857 4777 954 4832 pro
984 4753 1124 4818 bono
1155 4765 1422 4820 retribuit.
1454 4763 1580 4822 Hice
1616 4751 1824 4832 autem,
1858 4786 2019 4840 quam

451 4843 613 4926 tertio
634 4842 751 4903 loco
775 4840 949 4919 posui,
971 4851 1220 4922 primitus
1261 4855 1560 4909 necessaria
1591 4847 1700 4910 est:
1729 4857 1832 4911 nisi
1876 4858 2018 4913 enim

454 4938 594 4994 Deus
617 4931 936 4996 retribuere't
962 4933 1100 4997 bona
1120 4958 1219 5014 pro
1255 4945 1430 5010 malis,
1456 4946 1603 5000 nullo
1632 4947 1789 5003 modo
1816 4959 2017 5016 essent,

446 5032 643 5101 quibus
665 5022 987 5088 retribueret
1009 5027 1146 5088 bOna
1169 5021 1268 5104 pro
1294 5035 1466 5090 bonis.
1495 5035 1682 5092 Sciens
1705 5053 1832 5109 ergo
1854 5041 2016 5097 verba

447 5124 540 5179 Dei
568 5140 672 5179 non
713 5140 871 5196 posse
919 5112 1169 5181 custodiri
1209 5141 1304 5196 per
1348 5127 1731 5193 obedientiam.
1785 5132 1888 5187 nisi
1937 5134 2017 5188 vi-

448 5215 675 5270 deantur
698 5229 795 5286 per
815 5203 1232 5287 intelligentiam,
1261 5209 1362 5272 hoc
1387 5232 1597 5288 quoque
1621 5219 1848 5275 orationi
1872 5222 2019 5277 addit

446 5315 500 5358 et
539 5306 698 5361 dicit:

514 5383 678 5453 Vens.
711 5397 796 5452 18.
821 5428 890 5438 —
912 5397 1097 5454 Revela
1123 5399 1298 5454 oculos
1326 5388 1462 5454 meos
1484 5397 1534 5454 ct
1569 5391 1902 5455 considerabo
1926 5403 2016 5455 mi-

449 5487 633 5540 rabilia
661 5489 725 5542 de
755 5489 862 5558 lege
887 5500 998 5544 tua.
1030 5492 1127 5555 Da,
1155 5491 1346 5562 inquit,
1375 5492 1501 5547 mihi
1535 5492 1884 5556 intellectum,
1907 5509 2014 5562 quo

447 5576 642 5644 possim
670 5581 932 5636 mirabilia
964 5590 1069 5635 tua:
1093 5582 1225 5652 legis
1249 5585 1527 5652 inspicere,
1545 5583 1857 5637 etvirtutcm
1876 5598 2010 5650 pne-

440 5655 720 5736 ‘ceptorutn
751 5677 958 5724 tuorum
1000 5671 1198 5724 videre.

2120 4569 2260 4639 pessi
2293 4578 2434 4634 sunt,
2464 4570 2555 4641 qui
2591 4571 2715 4626 licet
2740 4572 2847 4626 sint
2891 4572 3119 4627 diversis
3159 4572 3332 4641 poenis
3382 4568 3557 4624 allecti
3603 4585 3694 4623 us-

2120 4674 2223 4727 que
2249 4659 2315 4712 ad
2350 4661 2640 4716 sectionem
2665 4662 2932 4717 cervicum
2951 4703 2966 4726 ,
2997 4671 3175 4718 tamen
3202 4672 3414 4731 semper
3437 4676 3495 4716 se
3521 4661 3574 4716 in
3598 4659 3694 4715 Dei

2119 4760 2474 4806 exercuerunt
2505 4750 2997 4819 justiﬁeationibus.

2191 4842 2350 4914 Vens.
2379 4859 2466 4914 24.
2498 4890 2568 4901 —-
2591 4861 2730 4915 Nam
2758 4872 2804 4916 et
2833 4864 3124 4918 testimonia
3162 4872 3252 4917 tua
3281 4863 3546 4917 meditatio
3583 4877 3695 4914 mea

2118 4958 2211 5012 cst,
2243 4959 2290 5003 et
2315 4951 2585 5005 consilium
2623 4967 2793 5006 meum
2829 4952 3233 5022 justificationes
3260 4963 3364 5006 tum
3415 4960 3556 5005 sunt.
3604 4949 3696 5004 Sic

2117 5056 2244 5113 ergo
2271 5045 2621 5099 exercebatur
2672 5041 2857 5098 servus
2893 5043 3116 5108 Christi,
3163 5055 3224 5098 ut
3271 5050 3461 5098 contra
3513 5056 3695 5112 pense-

2117 5144 2344 5203 quentes
2379 5133 2682 5206 [delectatio
2711 5133 3164 5208 testimoniorum]
3193 5135 3516 5189 decertaret.
3555 5131 3692 5186 Con-

2117 5225 2292 5279 silium
2341 5227 2774 5295 persequentium
2809 5227 3109 5296 principtim
3139 5225 3238 5280 fuit
3267 5227 3516 5280 inventos
3555 5238 3694 5278 mar-

2118 5323 2262 5383 tyres
2281 5314 2504 5384 perdere
2531 5329 2544 5376 ;
2575 5313 2858 5368 consilium
2889 5315 3203 5384 patientium
3243 5321 3541 5383 martyrum
3571 5309 3690 5371 fuit,

2118 5393 2359 5456 inimicos
2381 5401 2618 5470 perditos
2641 5401 2898 5458 invenire.
2942 5403 3255 5458 Reddebant
3283 5400 3358 5456 illi
3411 5400 3551 5455 maia
3595 5414 3692 5468 prn

2115 5489 2288 5550 Louis,
2317 5489 2404 5542 isti
2425 5489 2562 5542 bona
2593 5505 2691 5559 pro
2719 5491 2891 5546 malis.
2926 5492 3064 5558 Quid
3090 5507 3218 5559 ergo
3261 5492 3479 5553 mirum,
3530 5489 3574 5544 si
3604 5486 3690 5540 isti

2113 5568 2402 5630 occidendo
2427 5575 2750 5642 defecerunt.
2777 5579 2847 5632 illi
2876 5579 3153 5634 moriendo
3187 5577 3451 5650 [vicerunt
3485 5576 3652 5645 (lidit.
3675 5613 3692 5638 ,

2115 5667 2576 5740 i'tviﬁca\crunt).]
