3996 6194
420 298 525 354 603

1264 298 1324 357 Β.
1365 296 1426 352 F.
1469 295 1692 353 ALBlNl
1733 294 1862 353 SEU
1904 291 2179 353 ALCUINI
2216 291 2501 348 OPERUH
2538 290 2718 348 PARS
2753 291 2815 348 ll.

3564 292 3672 347 θοι

419 410 710 480 amputari.
736 407 979 478 Suspicio
1000 405 1142 462 enim
1166 405 1466 475 stepissime
1486 405 1745 475 probatur
1766 407 1991 463 incerta.
2022 415 2066 470 Α
2167 402 2330 457 Vens.
2360 400 2448 456 46.
2472 430 2541 443 -
2562 401 2629 455 Et
2656 401 2904 472 loquebar
2928 403 2993 456 de
3018 402 3326 457 testimoniis
3348 403 3452 456 tuis
3476 402 3529 456 in
3552 419 3677 458 con-

420 515 544 572 qua:
565 500 684 555 viro
703 512 810 552 non
834 496 1087 551 convenit
1103 494 1430 550 Christiano.
1458 495 1585 551 lltec
1602 510 1733 565 ergo
1757 494 1991 564 suspicio

420 591 566 647 ducit
590 588 655 643 ad
678 584 1044 657 opprobrium,
1074 585 1217 654 quod
1245 599 1311 640 ex
1343 593 1568 655 peccato
1593 586 1853 640 nascitur.
1886 583 1995 639 Me-

420 684 526 738 rito
568 679 670 734 sibi
706 676 1001 747 jucundum
1047 676 1257 731 Domini
1285 675 1495 731 dicebat
1531 689 1654 733 esse
1695 675 1991 740 decretum,

416 785 516 840 per
536 769 680 839 quod
714 785 774 823 se
818 777 872 822 et
912 767 1150 838 requiem
1179 766 1448 835 reperisse
1486 774 1731 831 noverat,
1759 774 1815 821 et
1839 779 1994 820 coro-

418 877 545 917 nam
568 870 903 931 perpetuam.

490 950 651 1006 Vens.
683 949 771 1003 40.
802 979 870 989 -
895 948 1029 1002 Ecce
1050 947 1318 1016 concupiui
1345 944 1597 1007 mandata
1616 953 1730 1010 tua,
1755 947 1810 999 in
1832 946 1995 1016 arqui-

416 1049 524 1092 tate
569 1049 659 1091 tua
706 1037 905 1104 rivi/ica
949 1053 1050 1090 me.
1093 1035 1286 1089 Fecisti
1330 1048 1440 1095 me,
1483 1035 1687 1104 inquit,
1742 1036 1993 1104 cupidum

419 1128 795 1191 mandatorum
842 1136 1084 1190 tuorum,
1133 1124 1219 1180 fac
1262 1135 1319 1180 et
1363 1122 1655 1181 cllicaccm.
1695 1124 1904 1194 Adjuva
1937 1135 1997 1180 ιιι

418 1215 614 1273 faciam
642 1218 783 1287 quod
812 1216 1178 1277 commendas,
1217 1215 1354 1269 dona
1402 1214 1514 1282 ipse
1557 1215 1703 1284 quod
1747 1216 1990 1271 mandas.

421 1307 597 1364 Unitm
647 1317 752 1367 est.
798 1306 1039 1367 Domine,
1088 1313 1192 1359 tute
1238 1305 1603 1359 miserationis
1645 1305 1878 1371 donum,
1936 1315 1995 1360 ut

418 1397 630 1465 eloquia
658 1405 842 1451 sancta
875 1392 1241 1450 custodientes
1270 1394 1324 1447 in
1355 1402 1444 1448 tua
1471 1396 1724 1464 tequitate
1754 1395 1992 1452 viviﬁce-

420 1503 562 1549 mur,
594 1489 696 1542 hoc
717 1496 821 1548 est,
846 1494 906 1540 ut
927 1492 1189 1556 aequalem
1223 1493 1275 1538 te
1300 1485 1446 1542 Patri
1477 1496 1532 1541 et
1554 1482 1777 1555 Spiritui
1806 1497 1994 1543 sancto

419 1577 685 1635 fateamur
720 1578 873 1651 [.lls.,
903 1594 1026 1635 cum
1053 1579 1331 1650 montem.
1357 1620 1371 1634 .
1392 1619 1408 1635 .
1436 1619 1449 1634 .
1473 1579 1782 1644 .fatemur.]

492 1669 657 1723 Vens.
688 1668 779 1722 ιι.
808 1699 881 1711 -
904 1668 968 1724 Et
1000 1670 1167 1723 veniat
1208 1686 1362 1740 super
1386 1687 1466 1725 me
1490 1671 1848 1725 misericordia
1875 1680 1989 1735 tuo,

2093 504 2267 563 specta
2295 509 2490 563 regunt,
2518 503 2565 549 et
2589 510 2692 548 non
2710 493 3088 562 ronfundebar.
3111 492 3460 563 Loquebatur
3476 493 3676 567 [Edit.,

2092 584 2373 659 loquebar]
2394 586 2460 641 de
2482 585 2806 640 testimoniis
2830 585 3062 648 Domini,
3085 586 3341 654 quoniam
3364 582 3521 657 μισ..
3540 601 3680 657 quo-

2091 675 2272 748 modo]
2298 677 2565 745 petiverat
2587 684 2643 730 et
2669 683 2977 745 acceperat,
3015 685 3075 730 ut
3099 676 3453 745 responderet
3478 691 3679 747 expro-

2090 765 2373 820 brantibus
2398 765 2501 820 sibi
2528 766 2784 830 verbum;
2816 779 2923 834 qua
2954 765 3213 821 ﬁrmitate
3237 765 3522 821 roboratus
3548 775 3680 823 ante

2093 869 2246 925 rcges
2274 855 2452 909 smculi
2482 855 2613 910 dicit
2643 870 2701 910 se
2741 869 2847 910 non
2876 870 2996 911 esse
3023 854 3328 920 confusum,
3352 856 3448 911 sed
3472 857 3681 912 verita-

2092 953 2198 1000 tem
2227 945 2509 1015 intrepidis
2535 947 2875 1001 sermonibus
2903 947 3209 1002 exercebat.

2164 1034 2324 1089 Vens.
2361 1035 2450 1090 47.
2472 1034 2631 1090 -Ει
2668 1036 2956 1091 meditabor
2991 1038 3047 1090 in
3083 1037 3349 1092 mandatis
3387 1038 3520 1103 tuis,
3556 1054 3678 1108 qu

2090 1124 2274 1181 dilexi.
2304 1125 2404 1180 llic
2438 1126 2675 1181 ostendit
2713 1124 3065 1195 frequentatae
3108 1127 3474 1183 meditationis
3516 1131 3680 1185 ardo-

2093 1231 2231 1271 rem.
2279 1217 2524 1273 Meditari
2566 1219 2709 1274 enim
2758 1221 3013 1275 mandata
3061 1237 3168 1277 non
3199 1221 3418 1290 poterit,
3449 1223 3553 1278 nisi
3582 1223 3678 1293 qui

2090 1321 2156 1361 ea
2182 1307 2397 1363 assidua
2426 1307 2652 1363 lectione
2686 1311 3035 1378 percurrerit.
3078 1309 3209 1377 Qua:
3247 1311 3426 1374 dilexi,
3460 1312 3678 1382 inquit;

2092 1396 2364 1466 negligere
2403 1398 2547 1452 enim
2592 1414 2865 1468 nunquam
2910 1409 3091 1470 potest
3132 1403 3293 1456 homo
3323 1417 3444 1472 quae
3480 1403 3677 1475 diligit.

2093 1485 2274 1551 Addit,
2289 1488 2463 1551 nimis,
2476 1503 2639 1558 supra
2657 1504 2821 1557 quam
2836 1489 2979 1544 nulla
2990 1499 3171 1561 potest
3186 1491 3401 1546 dilectio
3423 1494 3602 1561 reperi
3610 1494 3676 1547 ri.

2170 1577 2328 1633 Vsus.
2357 1577 2448 1634 48.
2475 1607 2547 1618 —-
2567 1577 2636 1632 Et
2668 1577 2847 1633 leuabo
2892 1578 3040 1651 [λίβη
3082 1578 3268 1653 levari]
3307 1597 3496 1635 manus
3529 1598 3679 1639 ineas

2092 1666 2162 1722 ad
2187 1668 2436 1721 mandata
2482 1677 2593 1731 tua,
2617 1683 2735 1739 qua:
2767 1667 2946 1729 dilexi,
2989 1679 3038 1723 et
3073 1669 3349 1724 exercebar
3388 1670 3442 1724 in
3460 1670 3676 1739 justi/3'.

419 1757 664 1826 Domine,
694 1758 926 1814 salutare
952 1769 1100 1815 tuum
1125 1759 1407 1814 secundum
1433 1760 1695 1830 efoquium
1715 1771 1884 1815 tuum.
1910 1762 1991 1818 Ad
2025 1755 2067 1814 Β
2097 1758 2387 1814 sationibus
2415 1759 2540 1813 tuis.
2573 1757 2851 1829 Superiori
2899 1775 3063 1815 versu
3106 1761 3260 1821 dixit,
3302 1759 3599 1814 meditabor
3620 1761 3678 1816 in

420 1856 626 1905 sextam
662 1849 897 1903 litteram
923 1850 1276 1903 conversatio
1303 1858 1487 1904 sancta
1512 1851 1779 1921 pervenit,
1811 1851 1862 1906 in
1887 1866 1993 1921 qua
2092 1854 2355 1908 mandatis
2373 1854 2498 1918 tuis,
2521 1852 2662 1923 quod
2689 1854 2756 1908 ad
2777 1854 3030 1909 virtutem
3053 1854 3272 1925 respicit
3288 1852 3674 1922 inspectis-am;

420 1939 520 1993 sibi
571 1938 803 2007 postulat
856 1938 1146 1993 salutarem
1193 1938 1478 1993 Dominum
1519 1939 1716 1994 debere
1748 1954 1931 1997 conca.
1955 1940 1993 2005 i,
2093 1943 2251 1997 modo
2279 1953 2458 1998 autem
2487 1943 2642 2008 dixit,
2670 1941 2846 1998 levabo
2875 1960 3061 1999 manus
3085 1959 3249 2007 meas,
3279 1943 3424 2013 quod
3452 1944 3520 1997 ad
3544 1958 3679 2014 par-

420 2029 511 2099 qui
540 2038 626 2085 est
652 2029 1020 2084 misericordia
1066 2037 1427 2099 peccatorum,
1476 2038 1532 2085 et
1571 2030 1682 2085 vita
1729 2030 1993 2093 ﬁdelium,
2094 2040 2203 2087 tem
2252 2032 2485 2103 pertinet
2522 2032 2807 2087 actualein.
2837 2032 3041 2088 Levare
3076 2033 3222 2088 enim
3250 2042 3461 2087 manus
3487 2030 3537 2089 ι·
3562 2042 3675 2088 non

421 2132 518 2187 per
555 2134 715 2189 quem
744 2119 891 2174 salus
917 2119 1164 2190 gentibus
1190 2120 1354 2175 venit.
1388 2118 1695 2175 Secundum
1723 2120 1996 2190 eloquium
2088 2121 2250 2191 quasi
2274 2136 2306 2174 a
2338 2121 2709 2176 recordatione
2732 2122 3015 2186 exciderit,
3041 2123 3295 2177 admonet
3322 2139 3336 2174 :
3362 2120 3440 2193 et]
3469 2120 3680 2193 signiﬁ-

420 2218 594 2275 tuum,
624 2211 781 2275 dixit,
816 2211 867 2265 id
893 2219 980 2267 est
1006 2209 1344 2284 [secundum]
1374 2212 1786 2281 promissionem
1812 2221 1959 2268 tuam
1976 2251 1993 2280 ,
2094 2217 2188 2264 cat
2216 2209 2374 2266 bonis
2398 2210 2652 2279 operibus
2676 2211 2950 2280 occupari.
2976 2211 3080 2278 Qui
3107 2211 3161 2265 in
3188 2211 3345 2265 malis
3372 2210 3678 2265 «uultibus

424 2315 585 2370 quam
609 2316 704 2370 per
731 2302 1024 2371 prophetas
1049 2301 1365 2371 promisisti.
2096 2298 2385 2363 detinetur,
2428 2314 2534 2354 non
2577 2298 2720 2355 levat
2764 2315 2957 2356 manus
2995 2314 3141 2361 suas.
3184 2299 3253 2354 Et
3296 2299 3575 2359 exercebar
3619 2300 3678 2356 in

492 2391 653 2447 Vsus.
698 2391 787 2445 42.
822 2421 894 2433 —-
921 2391 987 2447 Et
1027 2392 1341 2461 respondebo
1389 2393 1818 2455 exprobrantibus
1870 2395 1999 2448 milii
2087 2391 2556 2462 justiﬂcationibus
2607 2394 2731 2446 tuis.
2782 2393 2857 2447 lbi
2906 2393 3284 2455 n-editabutur,
3335 2392 3427 2447 ubi
3474 2392 3677 2446 mentis

421 2483 650 2547 uerbum,
694 2484 817 2553 quia
865 2484 1063 2553 sperari
1092 2484 1145 2536 in
1180 2484 1502 2538 sermonibus
1535 2487 1661 2538 .‘uis.
1694 2484 1819 2540 Hinc
1845 2486 1998 2539 nobis

2107 2478 2443 2535 fuitintentio
2472 2479 2664 2553 [Edim
2709 2480 2806 2537 Ubi
2834 2482 3153 2546 meditabar,
3181 2480 3271 2535 ubi
3297 2481 3440 2536 enim
3476 2482 3677 2536 mentis

422 2570 625 2625 iudicat
650 2571 892 2625 absolute
920 2573 1208 2636 sententia,
1258 2574 1684 2642 respondendum
1716 2589 1835 2629 esse
1874 2575 2002 2630 viri.-
2095 2582 2181 2627 est
2206 2572 2485 2644 intentio];
2529 2574 2619 2628 hic
2658 2575 3034 2639 exercebatur,
3067 2573 3157 2629 ubi
3183 2572 3461 2645 querebat
3495 2573 3677 2645 aperis

420 2658 546 2715 liter
595 2661 1034 2723 adversantibus,
1084 2676 1152 2716 ne
1206 2660 1352 2734 [sibi]
1401 2663 1808 2734 malignantium
1858 2680 1998 2735 prte-

423 2750 657 2819 sumptio
700 2750 943 2819 superior
990 2764 1113 2804 esse
1152 2751 1419 2805 videatur.
1469 2752 1809 2822 Exprobrant
1853 2753 2001 2808 enim

423 2843 644 2896 verbum
673 2841 821 2914 [Ms.,
848 2844 956 2897 ver'
980 2841 1036 2915 o]
1065 2844 1153 2913 qui
1177 2843 1367 2898 Filium
1396 2845 1578 2899 dicunt
1600 2861 1718 2901 esse
1739 2848 2000 2901 minorem

422 2931 600 2989 Patre.
645 2934 780 3001 Quia
809 2934 1041 3004 speravi,
1073 2943 1383 2991 constanter
1410 2936 1495 2991 his
1528 2939 1880 3008 respondebo,
1908 2938 1998 3009 qui

2099 2660 2530 2731 frequentatione
2559 2666 2841 2734 prolicere.

2170 2752 2335 2806 Vens.
2351 2752 2438 2807 l9.
2455 2782 2523 2791 —
2540 2751 2798 2806 .llemento
2813 2758 2948 2807 rertn
2971 2753 3045 2806 τιή
3065 2768 3210 2807 serro
3230 2761 3342 2814 tuo,
3357 2752 3413 2806 iu
3431 2767 3538 2821 quo
3548 2749 3675 2804 milii

2099 2859 2239 2914 spem
2265 2842 2473 2896 dedisti.
2506 2840 2787 2896 Memento.
2814 2842 2968 2909 Quod
2999 2841 3149 2915 μισ..
3172 2840 3321 2914 cum]
3346 2842 3546 2897 dicitur
3569 2841 3677 2897 Deo

2100 2942 2375 2995 memento,
2414 2932 2622 2987 orantis
2647 2932 2991 2998 desiderium,
3020 2947 3126 3003 quo
3160 2933 3487 3003 promissum
3523 2946 3676 2989 acco-

423 3036 616 3077 vanam
656 3023 841 3077 dicunt
876 3038 1025 3093 spem
1057 3038 1231 3078 meum
1263 3040 1425 3095 quam
1465 3025 1520 3081 in
1560 3032 1612 3081 te
1641 3026 1835 3091 habeo,
1874 3026 2003 3097 quia
2102 3022 2264 3077 lerari
2293 3024 2484 3093 poscit,
2513 3024 2843 3089 ostenditur;
2885 3022 3012 3096 [non
3049 3024 3212 3087 Deus.
3255 3024 3411 3093 quasi
3441 3039 3472 3079 a
3496 3038 3679 3079 recor-

422 3112 634 3166 illorum
661 3126 783 3180 spes
813 3112 988 3166 inanis
1015 3123 1115 3168 est.

495 3202 656 3255 Vens.
702 3201 889 3254 45.--
919 3201 985 3255 Et
1026 3217 1089 3256 ne
1138 3203 1347 3273 auferas
1393 3203 1458 3259 de
1504 3222 1593 3260 ore
1631 3222 1745 3260 meo
1789 3204 1996 3260 verbum

424 3290 651 3344 veritatis
688 3307 1069 3362 usquequaque,
1104 3309 1227 3363 quia
1268 3294 1320 3347 in
1346 3293 1568 3364 jttrliciis
1596 3298 1698 3349 tuis
1726 3312 1998 3368 superspe-

428 3383 557 3438 rari.
589 3382 763 3454 Rogat
804 3392 864 3437 ut
909 3384 1298 3440 confessionem
1348 3387 1592 3441 veritatis
1638 3390 1701 3442 de
1743 3389 1858 3458 ejus
1902 3404 1998 3444 ore

426 3474 584 3528 nulla:
612 3489 800 3545 pmom,
841 3474 1017 3527 nullus
1042 3483 1238 3538 terror,
1267 3483 1641 3545 extorqueant.
1670 3477 1802 3532 Cum
1838 3478 1994 3543 dicit,

428 3547 805 3634 usquequaque,
862 3563 1126 3634 signiﬁcat
1174 3564 1394 3618 verbum
1422 3566 1666 3621 veritatis
1693 3568 1757 3621 ad
1787 3577 1996 3639 tempus

425 3653 694 3724 aliquibus
720 3651 882 3709 fuisse
909 3654 1208 3734 sublatum:
1233 3655 1302 3710 ll:
1324 3654 1482 3710 Petro
1502 3658 1741 3727 contigit,
1767 3658 1999 3728 quiante

425 3745 549 3816 galli
576 3755 793 3801 cantum
822 3756 904 3801 ter
950 3748 1229 3803 Dominum
1277 3750 1617 3821 τιθείη-ἣξει
1661 3751 1772 3822 ipse
1818 3761 1997 3808 tamen

424 3834 551 3889 illud
574 3843 851 3904 peccatum
883 3835 1096 3893 tit-tibus
1122 3839 1329 3901 delevit,
1363 3850 1417 3896 et
1440 3840 1715 3911 sallgfllltib
1742 3842 2000 3898 elTusione

427 3926 722 3983 munvfavit.
758 3925 895 3992 Quia
920 3929 972 3981 in
993 3928 1210 3998 judiciis
1245 3931 1346 3983 tuis
1380 3934 1756 4002 supersperat-i.
1793 3932 2000 3989 .lutlicia

424 4015 566 4070 enim
594 4015 800 4071 Domini
836 4025 1014 4083 erant,
1041 4018 1181 4089 quoi
1226 4020 1394 4074 turba:
1432 4031 1729 4093 martyrum
1775 4024 2002 4080 diversis

424 4098 753 4163 cruciatibus
781 4110 1077 4180 agebantur
1098 4109 1250 4182 [Ms.,
1274 4112 1695 4168 cruciationibus
1725 4115 2000 4185 angeban-

431 4196 540 4270 tur]
571 4200 638 4253 ad
667 4214 830 4268 regna
862 4201 1141 4255 cmlorum.

495 4289 657 4344 Vens.
684 4288 773 4341 44.
795 4319 866 4329 --
896 4289 962 4342 Et
998 4289 1287 4343 custodiam
1330 4289 1493 4361 legem
1532 4302 1675 4346 tuam
1708 4311 1910 4365 semper
1937 4297 1991 4351 in

424 4379 672 4435 saeculum
709 4388 755 4431 et
795 4378 849 4430 in
887 4377 1134 4431 strculum
1179 4378 1378 4432 strculi.
1428 4380 1532 4437 Iste
1573 4389 1630 4437 et
1674 4384 1762 4437 alii
1808 4399 1998 4440 versus

2024 3103 2070 3164 C
2101 3115 2136 3170 d
2174 3115 2315 3169 tione
2336 3113 2613 3177 exciderit,
2639 3112 3002 3186 admouetur.]
3023 3112 3285 3169 Memento
3303 3128 3450 3183 ergo,
3476 3114 3672 3183 inquit,

2098 3203 2235 3258 uerbi
2264 3202 2341 3255 tui
2367 3218 2513 3256 servo
2547 3213 2671 3256 tuo:
2698 3202 2811 3258 Hoc
2834 3211 2936 3265 est,
2960 3202 3122 3271 imple
3148 3203 3471 3272 promissum
3499 3211 3675 3265 tuum,

2097 3293 2152 3345 in
2184 3307 2285 3362 quo
2323 3292 2451 3345 mihi
2480 3307 2620 3362 spem
2661 3291 2870 3358 dedisti,
2901 3292 3004 3348 hoc
3025 3300 3128 3356 est,
3156 3292 3211 3346 in
3239 3306 3347 3360 quo
3366 3290 3529 3346 verbo
3551 3304 3674 3360 spe-

2099 3399 2223 3439 rare
2248 3398 2334 3438 me
2363 3383 2560 3439 fecisti.

2169 3475 2330 3529 Vens.
2358 3473 2448 3529 50.
2476 3503 2542 3515 —-
2570 3472 2701 3528 Ha’c
2738 3490 2820 3529 me
2864 3472 3130 3529 consolata
3164 3482 3240 3529 est
3280 3472 3338 3527 in
3385 3468 3676 3527 humilitate

2096 3579 2235 3627 mea,
2263 3564 2385 3634 quia
2411 3564 2672 3633 eloquium
2695 3572 2841 3619 tuum
2883 3562 3154 3631 riviﬁcavt't
3191 3577 3289 3616 me.
3335 3558 3673 3615 Consolatio-

2097 3671 2219 3710 nem
2249 3654 2387 3710 inter
2412 3668 2683 3710 rerumnas
2710 3653 2890 3708 stnculi
2929 3653 3076 3708 dedit
3100 3666 3220 3721 spes
3250 3648 3376 3721 [11s.
3407 3647 3670 3704 Consola-

2098 3753 2211 3799 tum
2238 3744 2380 3798 inter
2404 3758 2674 3798 aerumnas
2712 3741 2895 3798 Steculi
2945 3757 3004 3797 se
3051 3741 3174 3797 dicit
3215 3736 3422 3809 spe...]
3471 3735 3672 3790 futura:

2097 3840 2239 3893 vitm.
2267 3835 2334 3890 In
2358 3834 2672 3896 humilitate,
2709 3836 2836 3903 quia
2876 3841 3063 3888 sancta
3094 3831 3343 3902 probatur
3368 3826 3675 3891 humilitas,

2097 3928 2278 3983 omnia
2301 3926 2565 3981 sustinere
2587 3925 2872 3993 patienter.
2904 3922 3039 3989 Quia
3062 3922 3319 3992 eloquium
3340 3929 3487 3973 tuum
3510 3916 3677 3986 virili-

2097 4020 2229 4072 carit
2257 4033 2360 4070 me.
2394 4014 2624 4072 Causam
2655 4014 2829 4069 reddit
2850 4026 3019 4082 quare
3058 4011 3336 4066 humilitas
3363 4006 3478 4077 ejus
3516 4005 3681 4062 fuerit

2098 4106 2393 4169 consolata,
2425 4105 2550 4176 quia
2589 4119 2715 4175 spes
2760 4100 3147 4159 consolationis
3175 4097 3411 4154 viviﬁcat
3435 4111 3561 4153 eum
3586 4093 3673 4149 af-

2099 4196 2323 4251 ilicium.

2170 4287 2332 4341 Vens.
2355 4285 2443 4340 5L
2465 4314 2539 4326 -—
2563 4281 2786 4354 Superbi
2821 4283 2996 4352 inique
3030 4280 3252 4352 agebant
3291 4292 3677 4350 usquequaque,

2098 4393 2132 4430 a
2166 4375 2275 4446 lege
2320 4385 2493 4429 autem
2537 4383 2631 4428 tua
2655 4390 2757 4427 non
2779 4371 3053 4427 declinavi.
3091 4369 3314 4439 Superbi
3352 4369 3543 4438 inique.
3574 4364 3680 4420 Su-

422 4484 592 4538 usque
619 4469 683 4521 ad
726 4468 885 4521 linem
927 4466 1119 4523 littera:
1157 4482 1261 4523 non
1304 4469 1501 4524 habent
1547 4471 1994 4540 deprecationem,
2032 4450 2075 4504 ο
2101 4466 2293 4534 perbos
2319 4463 2540 4533 intelligi
2570 4462 2677 4516 vult
2709 4471 3083 4532 persecutores
3113 4459 3416 4522 humilium,
3442 4457 3546 4512 hoc
3570 4464 3676 4517 est,

424 4572 451 4610 s
486 4557 520 4611 d
550 4555 929 4610 narrationem.
962 4557 1219 4627 Superius
1246 4560 1381 4631 petit
1404 4568 1464 4615 ut
1491 4562 1779 4633 acciperet,
1822 4564 1909 4618 hic
1934 4565 2001 4619 de

421 4645 690 4715 perceptis
734 4648 936 4714 gratias
983 4650 1113 4720 agit.
1161 4649 1377 4721 Semper
1422 4668 1582 4709 omne
1620 4663 1831 4725 tempus
1878 4656 2001 4711 vitae

422 4736 704 4805 praesentis
732 4738 967 4794 ostendit
991 4757 1003 4792 :
1028 4740 1082 4794 in
1107 4741 1299 4796 swculo
1323 4758 1452 4798 vero
1476 4743 1715 4799 futurum
1746 4747 1997 4801 saieulum

423 4835 709 4884 monstrat.
739 4828 872 4902 [Lex
903 4832 1094 4904 (Edit.,
1123 4833 1291 4907 ll:ec)]
1318 4843 1514 4895 autem,
1549 4852 1709 4906 quam
1739 4847 1999 4908 perpetuo

423 4918 694 4975 custodire
728 4920 1017 4988 desiderat,
1069 4924 1305 4979 charitas
1357 4926 1662 4994 accipienda
1716 4937 1817 4991 est,
1871 4929 1998 4998 quia

424 5008 539 5079 ipsa
573 5018 657 5066 est
679 5011 952 5082 plenitudo
980 5014 1110 5084 legis
1134 5033 1146 5068 :
1170 5023 1224 5068 et
1250 5015 1587 5071 cessantibus
1614 5018 1825 5072 czeteris
1847 5032 2000 5072 man-

426 5099 568 5154 datis
594 5100 704 5155 sola
729 5112 1010 5171 permanet
1044 5104 1097 5159 in
1120 5112 1400 5160 teternum.

493 5191 659 5265 368
679 5194 838 5250 Vens.
864 5194 1031 5251 45.-ι
1042 5194 1109 5249 Et
1131 5196 1461 5251 ambulabam
1479 5198 1535 5253 in
1556 5197 1848 5264 latitudine,
1875 5202 1999 5269 quia

432 5284 683 5339 mandata
704 5293 797 5340 tua
822 5288 1092 5358 exquisivi.
1135 5286 1395 5344 Dilatatus
1424 5290 1567 5346 enim
1597 5306 1715 5346 sum
1740 5291 1793 5347 in
1821 5304 1998 5349 custo-

429 5372 515 5427 dia
539 5374 670 5446 legis
696 5385 823 5441 tute,
842 5380 967 5448 quia
998 5380 1249 5435 mandata
1278 5387 1369 5435 tua
1397 5381 1681 5451 exquisivi.
1710 5381 2002 5454 Diligenter

428 5473 492 5514 ea
520 5475 868 5532 perscrutans
896 5469 963 5523 ad
992 5469 1096 5525 hoc
1122 5470 1406 5541 exquisivi,
1436 5478 1496 5525 ut
1527 5472 1802 5526 crederem
1832 5479 1886 5527 ct
1921 5472 2001 5526 in-

430 5548 742 5601 tcllizerem.

430 5551 742 5622 telligerem.

2101 4553 2295 4624 impios
2317 4562 2691 4623 persecutores
2714 4554 2949 4623 piorum,
2972 4561 3028 4606 et
3056 4551 3176 4606 ideo
3202 4548 3468 4619 subjecit:
3495 4546 3538 4600 Α
3565 4545 3679 4615 lege

2100 4651 2273 4695 autem
2300 4650 2391 4695 tua
2419 4657 2521 4694 non
2550 4639 2827 4707 declinavi,
2847 4641 2974 4712 quia
2995 4640 3098 4695 hoc
3122 4653 3248 4693 eum
3285 4636 3463 4692 facere
3485 4646 3676 4689 eorum

2098 4732 2402 4805 persecutio
2427 4732 2801 4802 compellebat.

2170 4821 2335 4877 Vens.
2362 4820 2451 4877 5‘2.
2482 4849 2548 4860 -—
2574 4820 2778 4876 Memor
2811 4821 2890 4893 fui
2922 4820 3250 4893 judiciorum
3283 4827 3491 4873 tuorum
3518 4830 3553 4868 α
3575 4828 3680 4868 sa-

2098 4912 2239 4979 culo,
2265 4914 2504 4979 Domine,
2542 4923 2592 4967 et
2627 4913 2926 4968 consolatus
2952 4929 3089 4968 sunt.
3116 4911 3317 4965 Memor
3345 4907 3444 4973 fni,
3468 4921 3535 4961 ex
3564 4919 3680 4974 quo

2098 5018 2269 5074 genus
2293 5003 2585 5059 humanum
2612 5005 2839 5075 sumpsit
2869 5004 3169 5061 exordium.
3200 5001 3402 5057 Memor
3427 4998 3504 5054 fui
3527 4996 3682 5066 judi-

2098 5093 2301 5149 ciorum
2329 5101 2541 5149 tuorum
2566 5112 2579 5148 :
2606 5094 2674 5149 Et
2690 5095 2813 5164 quia
2835 5094 3057 5165 probavi
3076 5092 3219 5163 quod
3239 5105 3427 5148 omnes
3449 5089 3549 5147 γεω
3569 5098 3683 5145 tua:

2100 5186 2471 5242 misericordia
2500 5194 2557 5241 et
2582 5186 2798 5249 veritas,
2829 5185 3251 5241 consolationem
3276 5182 3491 5253 accepi;
3518 5178 3683 5234 auxi-

2097 5274 2172 5331 lio
2211 5276 2398 5346 gratiae
2448 5283 2553 5331 tute
2595 5276 2904 5331 consolatus
2950 5291 3089 5330 sum.
3139 5273 3379 5330 Intellexi
3422 5286 3519 5343 per
3560 5269 3680 5340 spi-

2099 5365 2261 5421 ritum
2287 5374 2531 5420 sanctum
2553 5365 2694 5433 quod
2714 5373 2778 5420 tu
2807 5373 3067 5420 venturus
3098 5379 3218 5420 eras
3246 5363 3299 5418 in
3327 5375 3506 5416 carne.

2176 5456 2335 5510 Vens.
2489 5485 2559 5496 —
2597 5455 2828 5525 Defectio
2877 5458 3068 5513 anima:
3111 5454 3261 5530 [δίδη
3296 5449 3482 5526 animi]
3510 5448 3678 5503 tenuit

2103 5560 2184 5599 mc
2223 5560 2317 5614 pro
2367 5544 2719 5613 peccatoribus
2772 5545 3246 5615 derelinqucntibus
3289 5543 3451 5614 legent
3507 5551 3675 5593 tuam.

504 5677 524 5701 κ
573 5665 693 5730 “5.,
735 5669 1162 5741 Salisburgcnsis
1205 5677 1403 5729 omittit
1452 5676 1612 5730 verba
1660 5677 1814 5730 uncis
1852 5676 2124 5733 conclusa.
