4020 6188
356 283 457 338 605

1251 278 1746 335 EXEGETICA.—
1785 283 2144 342 EXPOSlTlO
2173 287 2239 342 ΠΝ
2275 287 2468 344 PSAL.
2510 287 2733 344 CXVIII.

3478 296 3599 354 '606

352 390 467 479 Vox
495 387 749 444 Ecclesire
774 386 1408 479 all‘ectummiserationis
1439 390 1692 479 ostendit,
1734 400 1794 445 ut
1828 392 1922 447 do-
1951 401 1997 457 Α
2027 410 2165 451 mus.
2189 395 2367 453 Funes
2387 407 2751 468 peccatorum,
2767 416 2871 457 non
2893 403 2961 457 ab
2982 417 3049 459 eo
3068 404 3209 474 quod
3229 417 3351 462 sunt
3379 422 3601 479 peccata

348 478 458 532 leat
499 490 662 546 super
705 476 1174 545 prtevaricationes
1208 477 1535 546 iniquorum.
1574 478 1805 537 Necesse
1843 492 1928 541 est

350 576 412 623 ut
435 574 681 622 sanctum
711 566 885 619 virum
911 565 1134 621 alterius
1159 568 1312 637 culpa
1335 569 1636 636 contristet,
1668 571 1795 626 dum
1817 573 1927 627 ani-

348 670 470 711 mus
495 654 614 724 pius
637 654 815 709 salvus
838 654 952 708 ﬁeri
981 656 1259 711 universos
1287 657 1573 715 desiderat.

422 745 583 801 Vens.
629 743 718 800 54.
743 775 812 784 --
834 740 1300 803 σαηιαὺίιεε’τπὶ1ιί
1337 759 1483 802 erant
1520 749 1925 819 justiﬁcationes

346 848 475 893 tute.
497 837 552 890 in
587 834 699 889 loco
724 836 1155 906 peregrinationis
1188 854 1335 891 mete.
1367 838 1501 894 Cum
1539 840 1756 905 dicitur,
1789 841 1918 897 Can-

345 924 557 986 tabiles,
589 923 857 993 significat
886 922 1235 993 psalmodiam
1284 912 1643 996 cum‘magna
1694 929 1927 985 delecta-

347 1013 497 1068 tione
533 1013 909 1083 peragendam.
951 1012 1152 1069 Cantws
1183 1016 1324 1069 enim
1351 1018 1688 1087 superelcvat
1715 1017 1926 1075 labores

347 1110 405 1155 et
427 1100 602 1155 aufert
632 1101 811 1155 animo
836 1102 1074 1156 taedium.
1102 1102 1157 1156 lu
1189 1104 1306 1160 loco
1330 1106 1591 1161 iaculatus
1614 1107 1737 1172 mei,
1763 1108 1926 1179 Sigei-

349 1192 477 1246 ftcat
522 1191 664 1245 hunc
704 1194 985 1255 mundum,
1028 1192 1117 1245 ubi
1159 1195 1532 1264 peregrinatur
1555 1196 1729 1251 onmis
1753 1199 1845 1265 qui
1871 1199 1925 1252 in

350 1279 576 1334 Domino
603 1279 818 1333 Christo
855 1279 1080 1334 devotus
1106 1291 1227 1335 est:
1261 1282 1492 1352 Expulsu
1517 1285 1732 1351 quidem
1755 1284 1926 1347 Adam

350 1368 418 1422 dc
438 1367 705 1439 paradiso,
733 1368 783 1421 in
808 1369 907 1423 hac
934 1379 1075 1423 terra
1105 1370 1392 1425 incolatnm
1423 1372 1676 1441 gerimus.
1753 1430 1755 1433 ,

425 1457 586 1513 Vens.
630 1456 718 1510 55.
756 1487 827 1497 -
864 1457 1066 1511 Memor
1109 1460 1187 1529 fui
1234 1476 1382 1513 nocte
1432 1462 1653 1513 nominis
1678 1462 1777 1526 tui,
1821 1461 1930 1515 Do-

347 1548 509 1606 mine,
551 1557 596 1600 et
624 1547 876 1601 custodiri
898 1547 1059 1618 legem
1085 1559 1248 1602 tuam.
1290 1548 1510 1618 Oportet
1542 1551 1685 1605 enim
1724 1550 1928 1620 fragili-

351 1648 519 1692 tatem
570 1639 886 1704 humanam,
937 1632 1060 1694 cum
1102 1656 1334 1709 semper,
1387 1650 1499 1695 tum
1542 1642 1833 1712 impensius
1870 1645 1923 1697 in

2026 486 2347 543 declinatum
2366 497 2470 554 est,
2483 490 2576 545 sed
2597 491 2665 544 ab
2683 505 2748 545 eo
2767 491 2909 559 quod
2934 502 3060 548 sunt
3077 504 3406 564 peccatores.
3423 497 3601 556 Funes

2028 576 2205 645 itaque
2222 586 2563 647 peccatorum
2583 578 2958 647 impedimenta
2979 585 3600 650 suntinimicorum,si\'e

2024 666 2361 735 spiritalium,
2385 669 2498 722 sive
2522 668 2837 723 carnalium.
2873 668 3002 741 [Sed
3031 671 3400 747 (Edit.,qu:e)]
3428 676 3473 730 si
3501 677 3601 732 im-

2026 757 2223 826 plicant
2244 773 2459 828 corpus,
2482 773 2587 813 non
2610 759 2884 829 implicent
2902 763 3159 818 animam.
3182 763 3264 823 0b
3286 780 3405 834 quae
3431 767 3600 838 impe-

2026 848 2257 901 dimenta
2287 848 2386 903 iste
2405 848 2539 917 legis
2558 848 2653 903 Dei
2670 864 2773 903 non
2795 859 2879 905 est
2896 851 3096 907 oblitus
3117 852 3270 925 [Ms.,
3292 856 3348 912 ln
3370 872 3476 926 quo
3497 859 3598 914 iste

2025 933 2158 1006 legis
2185 936 2276 991 Dei
2296 952 2402 991 nou
2423 946 2508 992 est
2526 938 2745 993 oblitus.
2770 976 2784 991 .
2806 938 2869 1013 .1,
2895 942 3023 1012 quia
3046 958 3226 998 sermo
3260 944 3358 1001 Dei
3383 962 3489 1003 non
3513 957 3599 1004 est

2026 1026 2298 1098 alligatus.

2098 1117 2258 1172 Vsus.
2285 1117 2372 1171 62.
2410 1148 2481 1158 —
2510 1116 2688 1172 Media
2728 1129 2875 1174 nocte
2914 1122 3189 1192 surgebam
3231 1125 3304 1179 ad
3342 1129 3597 1196 con/itere-

2024 1205 2149 1259 dum
2177 1206 2268 1260 tibi
2294 1222 2450 1273 super
2477 1206 2685 1275 judicia
2712 1208 3111 1278 justiﬁcationis
3140 1222 3263 1267 tute.
3297 1214 3466 1269 Media
3494 1231 3599 1275 nox

2023 1310 2099 1364 pr.
2126 1295 2291 1350 funda
2341 1296 2620 1350 tribulatio
2674 1307 2778 1361 est,
2826 1298 2952 1367 quia
2987 1314 3095 1355 non
3141 1302 3220 1357 sic
3261 1301 3602 1372 afﬂigebatur

2027 1386 2221 1458 [Edit.,
2267 1387 2648 1460 eﬂ‘ugabatur],
2678 1398 2739 1442 ut
2775 1404 2994 1461 surgere
3016 1408 3122 1449 non
3150 1393 3371 1450 valeret.
3405 1394 3601 1467 Surge—

2024 1478 2117 1533 bat
2140 1488 2317 1534 autem
2341 1489 2399 1534 ut
2428 1479 2778 1535 confiteretur
2806 1480 2937 1548 Deo,
2961 1481 3108 1552 justo
3130 1483 3333 1552 judicio
3360 1485 3478 1554 ejus
3505 1488 3600 1543 da-

2026 1576 2132 1625 tam
2161 1569 2431 1635 peccaturi
2473 1584 2536 1622 us
2566 1578 2905 1639 potestatem,
2936 1585 3041 1640 qua
3069 1586 3283 1630 sanctos
3310 1590 3599 1645 perseque—

2026 1667 2235 1719 rentur,
2277 1671 2414 1725 quos
2443 1656 2658 1725 adjuvat
2681 1658 2855 1728 gratia
2882 1658 3002 1725 Dei,
3028 1670 3086 1714 ut
3117 1660 3420 1730 huiusmodi
3446 1679 3600 1720 exer-

352 1736 616 1782 nocturno
646 1737 906 1798 tempore,
940 1731 1256 1785 memoriam
1278 1722 1279 1727 “
1301 1730 1479 1786 facere
1522 1732 1782 1788 Dominici
1829 1750 1924 1789 no-
1958 1742 1998 1801 ﬂ
2025 1747 2151 1802 cuia
2179 1722 2419 1801 ῑαεθὶιεηι
2445 1722 2723 1804 cariores:

349 1817 535 1881 minis,
564 1832 682 1873 cum
731 1827 820 1872 aut
866 1820 1235 1874 recordatione.
1282 1820 1588 1876 divitiarum
1637 1825 1921 1893 premitur,

348 1912 443 1958 aut
482 1906 929 1975 concupiscentiae
960 1908 1079 1979 igne
1105 1915 1387 1978 torquetur
1414 1906 1439 1962 ε’
1456 1917 1510 1963 et
1533 1911 1799 1980 praecipue
1825 1914 1926 1967 hoc

347 2007 596 2058 exorare,
634 2003 692 2048 ut
717 1996 762 2048 si
798 1995 966 2066 legem
1004 1997 1098 2051 Dei
1136 1997 1405 2051 custodire
1433 1999 1616 2067 cmpit,
1649 2014 1716 2053 ne
1741 1998 1808 2054 ab
1837 2015 1930 2055 ea-

346 2084 468 2138 dem
498 2085 552 2138 in
582 2084 762 2155 aliquo
791 2086 1092 2140 divellatur.

417 2172 581 2227 Vens.
606 2172 692 2227 56.
722 2206 791 2216 —
818 2172 944 2228 ch
974 2176 1099 2229 milti
1128 2176 1271 2247 facta
1304 2187 1399 2243 est,
1427 2178 1556 2250 quia
1584 2178 1931 2250 justiﬁcatio-

350 2278 440 2315 nes
482 2270 602 2316 tuas
640 2264 910 2333 exquisivi.
941 2264 1101 2318 Facta
1130 2272 1214 2319 est
1243 2266 1371 2321 mihi
1418 2268 1533 2321 haec
1561 2266 1642 2321 lex
1686 2266 1927 2323 consola-

350 2351 426 2406 tio
460 2360 515 2405 et
552 2350 704 2424 [non]
735 2353 1066 2419 scandalum,
1095 2363 1155 2408 ut
1181 2354 1489 2425 diligentius
1511 2355 1925 2427 justilicationes

346 2450 471 2494 tuas
494 2443 728 2495 scrutari
753 2443 1006 2497 valerem.

424 2531 585 2586 Vsus.
616 2531 703 2585 57.
727 2563 797 2572 —
820 2532 1004 2588 Portio
1048 2551 1185 2599 mea,
1237 2534 1472 2601 Domine,
1528 2537 1641 2590 dixi
1666 2537 1928 2591 custodire

346 2620 511 2692 legem
549 2632 719 2678 tuam.
768 2622 951 2677 Portio
991 2640 1021 2677 a
1064 2634 1218 2695 parte
1259 2626 1400 2680 dicta
1440 2636 1562 2681 est:
1590 2627 1734 2681 lllius
1781 2627 1923 2680 cnim

347 2712 520 2781 partis
568 2727 777 2778 sumus,
837 2712 990 2780 cujus
1035 2714 1400 2769 voluntatibus
1430 2716 1745 2778 obejimus;
1784 2715 1923 2769 unde

346 2802 541 2856 merito
562 2804 736 2873 portio
764 2804 973 2872 piorum
1007 2805 1165 2875 367
1195 2804 1338 2859 Deus
1366 2804 1581 2868 dicitur,
1616 2804 1742 2873 quia
1772 2803 1922 2874 regni

346 2889 462 2958 ejus
490 2902 616 2946 sunt
656 2893 730 2963 pii
775 2902 828 2948 et
869 2895 1062 2948 sancti.
1091 2893 1215 2948 Dixi
1260 2895 1519 2947 custodire
1553 2892 1714 2964 lcgem
1753 2902 1919 2944 tuam.

352 2986 495 3050 Dixi,
542 2986 595 3041 id
629 2998 732 3051 est,
765 2987 925 3041 statui
963 2996 1123 3057 atque
1155 2988 1385 3040 decrevi.
1423 2985 1569 3040 Felix
1599 2985 1688 3054 qui
1716 2984 1920 3054 portio-

2094 1838 2257 1893 Vsus.
2282 1838 2370 1893 65.
2398 1869 2470 1879 --
2492 1838 2762 1910 Particeps
2794 1858 2885 1911 ego
2906 1860 3024 1899 sum
3045 1846 3274 1905 omnium
3302 1848 3603 1903 timentium

2023 1936 2094 1992 te,
2120 1938 2167 1982 et
2191 1928 2591 1982 custodientium
2621 1930 2870 1985 mandata
2902 1941 3013 1985 tua.
3047 1932 3202 1989 Modo
3228 1935 3453 1990 ecclesia
3476 1950 3601 2005 par-

2024 2018 2192 2089 ticrps
2218 2027 2303 2073 est
2324 2019 2392 2073 ad
2413 2018 2534 2074 illos
2556 2021 2649 2090 qui
2676 2021 2845 2077 Deum
2876 2022 3066 2078 timent
3091 2024 3282 2080 timore
3307 2034 3513 2092 sancto,
3545 2039 3605 2083 et

2024 2122 2122 2173 sua
2148 2109 2404 2163 mandata
2433 2109 2657 2183 implent
2679 2127 2692 2162 :
2716 2112 2984 2182 particeps
3011 2122 3096 2171 est
3121 2128 3243 2175 sum
3266 2114 3373 2171 illis
3399 2115 3453 2175 in
3482 2130 3598 2186 spe.

2024 2197 2128 2251 ﬁde
2154 2206 2210 2253 et
2234 2200 2519 2255 cbaritate.

2093 2292 2256 2345 Vsus.
2287 2290 2373 2347 64.
2397 2321 2469 2332 -—
2491 2290 2854 2349 Misericordia
2895 2302 3008 2358 tua,
3052 2292 3305 2351 Domine.
3334 2293 3489 2365 plena
3523 2305 3600 2350 est

2023 2390 2182 2443 terra,
2205 2380 2610 2450 justiﬁcationes
2647 2391 2766 2436 tuas
2789 2382 2916 2437 doce
2941 2399 3041 2437 me.
3072 2382 3494 2443 Misericordia“!
3522 2383 3603 2441 fe-

2023 2468 2114 2529 cit,
2141 2469 2355 2537 quando
2376 2470 2523 2522 venit
2543 2484 2639 2522 nos
2667 2466 2961 2535 redimere;
2987 2472 3110 2529 inde
3135 2482 3219 2528 est
3244 2473 3400 2543 plena
3429 2481 3593 2537 terra,

2024 2557 2145 2615 inde
2168 2566 2252 2612 est
2273 2567 2459 2617 sancta
2481 2558 2738 2612 Ecclesia.
2757 2558 3171 2627 Justiﬁcationes
3192 2572 3313 2619 tuas
3330 2563 3458 2619 doce
3481 2580 3594 2626 mc,-

2024 2651 2136 2705 lloc
2164 2660 2246 2704 est
2275 2658 2364 2703 tua
2394 2650 2667 2713 mandata,
2695 2659 2754 2705 ut
2786 2649 2876 2705 illa
2899 2649 3194 2722 intelligam
3213 2662 3271 2706 et
3287 2652 3603 2721 praedicem,

2022 2750 2076 2794 et
2101 2755 2266 2808 opere
2286 2739 2556 2809 impleam.

2093 2832 2257 2888 Vens.
2289 2832 2375 2886 65.
2397 2862 2469 2873 ——-
2493 2831 2787 2886 Bonitatem
2820 2830 2992 2902 fecisti
3017 2848 3134 2886 cum
3159 2848 3305 2886 servo
3328 2841 3454 2898 tuo,
3483 2830 3597 2887 Do-

2020 2922 2179 2984 mine,
2233 2920 2520 2976 secundant
2577 2920 2784 2973 rcrbum
2825 2929 2994 2973 tuum.
3046 2920 3161 2975 Vox
3207 2918 3489 2989 Propheta:
3539 2919 3595 2981 in

2022 3028 2249 3083 persona
2311 3011 2583 3067 Ecclesite.
2648 3011 2947 3066 Donitatem
2996 3010 3205 3075 fecisti,
3260 3010 3478 3081 quando
3533 3010 3590 3067 in

352 3094 622 3172 ἾΫΨ-ηοθ
659 3077 823 3172 bal???
850 3078 1027 3139 aliam'
1063 3077 1163 3132 ηίδί
1189 3077 1513 3172 Dominum}
1546 3076 1634 3146 qui
1672 3076 1925 3172 honore?”
1951 3084 1995 3145 (ἶ
2022 3076 2191 3163 carne
2220 3102 2434 3164 venisti,
2461 3111 2516 3157 et
2543 3116 2643 3156 nos
2686 3102 2978 3156 redemisti.
3008 3101 3139 3157 Cum
3178 3076 3321 3156 servo
3359 3112 3470 3167 tuo,
3499 3116 3599 3172 po-

350 3167 595 3233 divitias,
644 3168 963 3238 cupiditates
1006 3182 1114 3222 non
1164 3175 1344 3231 amat,
1402 3166 1496 3221 sed
1559 3164 1924 3219 tantummodo

353 3256 542 3311 Deum.

425 3346 588 3400 Vens.
614 3342 698 3401 58.
726 3378 796 3387 —
823 3347 1135 3418 Dcprecatus
1179 3363 1294 3401 sum
1333 3346 1519 3416 faciem
1555 3356 1697 3399 luant
1734 3346 1789 3399 in
1819 3353 1924 3399 toto

354 3436 513 3492 corde
550 3453 683 3503 meo,
720 3440 963 3492 miserere
998 3439 1099 3491 mei
1140 3438 1424 3492 secundum
1466 3436 1723 3506 eloquium
1752 3446 1920 3489 tuum.

351 3525 501 3581 Bene
537 3525 800 3596 Propheta
847 3526 923 3599 [in
967 3534 1079 3580 toto
1134 3524 1318 3598 corde]
1369 3527 1686 3593 deprecatur
1732 3522 1923 3576 faciem

349 3615 468 3679 Dei,
494 3617 584 3685 qui
620 3618 873 3670 mundum
900 3630 993 3670 cor
1031 3631 1090 3670 se
1127 3615 1274 3669 novit
1299 3611 1539 3668 habere.
1588 3612 1736 3666 Beati
1781 3612 1923 3665 enim

346 3707 544 3761 mundo
567 3706 753 3771 corde,
782 3707 1027 3777 quoniam
1061 3705 1157 3775 ipsi
1190 3705 1351 3757 Deum
1378 3703 1637 3756 videbunt.
1681 3701 1925 3754 Miserere

350 3799 453 3851 mei
478 3798 762 3851 secundum
791 3795 1048 3866 eloquium
1073 3806 1237 3857 tuum,
1268 3808 1367 3863 per
1386 3795 1524 3862 quod
1547 3792 1839 3862 promisisti
1867 3798 1926 3844 ut

346 3895 689 3958 peccatorem
723 3886 776 3938 in
804 3893 1030 3939 mortem
1057 3898 1162 3938 non
1189 3884 1467 3945 obrueres,
1500 3881 1594 3935 sed
1622 3879 1926 3933 misericor-

345 3977 495 4030 diter
522 3975 902 4030 consolareris.

424 4089 588 4143 Vens.
616 4087 705 4141 59.
728 4116 797 4127 —--
824 4085 960 4151 Quia
1010 4086 1227 4156 cogitavi
1274 4085 1383 4138 vias
1424 4100 1588 4148 meas,
1624 4092 1672 4137 et
1699 4083 1925 4138 converti

351 4175 505 4249 [Ms.,
548 4174 731 4246 averti]
760 4174 911 4244 pedes
951 4190 1090 4229 meos
1117 4174 1171 4226 in
1199 4174 1492 4228 testimonia
1528 4184 1641 4226 tua.
1674 4170 1927 4227 Ordi..em

350 4267 609 4320 humanae
651 4263 1068 4319 conversationis
1104 4264 1358 4332 exponit:
1386 4262 1537 4332 prius
1580 4270 1663 4317 est
1696 4262 1840 4316 enim
1870 4268 1930 4316 ut

352 4355 718 4423 nosmetipsos
764 4369 1070 4423 arguamus,
1116 4363 1171 4407 et
1214 4368 1293 4408 su:
1333 4354 1399 4408 ad
1438 4354 1686 4408 mandata
1714 4350 1926 4406 Domini

2022 3192 2148 3263 pulo
2188 3192 2514 3246 Christiano.
2564 3189 2865 3247 Secundum
2900 3194 3106 3247 verbum
3133 3201 3321 3256 tuum;
3365 3192 3597 3249 Verbum

2022 3283 2200 3339 Patris
2235 3282 2402 3336 Filius
2437 3291 2539 3335 est.
2580 3281 2883 3336 Secundum
2927 3280 3147 3337 verbum
3181 3291 3348 3347 tuum,
3380 3293 3435 3336 ut
3463 3296 3591 3351 pec-

2023 3391 2086 3431 ca
2114 3384 2209 3429 ,tes
2241 3372 2718 3444 [Ms.,pcccautem
2749 3370 2855 3443 me]
2880 3388 2985 3426 non
3017 3372 3070 3425 in
3102 3371 3182 3425 ira
3221 3371 3464 3443 punircs,
3503 3371 3598 3428 sed

2023 3463 2392 3523 misericordia
2418 3461 2797 3517 consolareris.

2094 3554 2257 3609 Vsus.
2292 3552 2380 3608 66.
2412 3582 2479 3594 -—
2504 3552 2818 3618 Bonitatem,
2861 3561 2908 3606 et
2948 3551 3301 3620 disciplinam,
3345 3560 3395 3606 et
3431 3552 3601 3607 scicn-

2024 3645 2152 3698 tiam
2177 3644 2302 3698 doce
2326 3660 2427 3707 me,
2456 3643 2579 3713 quia
2608 3641 2871 3693 mandatis
2893 3644 2995 3694 tuis
3024 3640 3242 3699 credidi.
3283 3641 3448 3695 Docet
3469 3657 3601 3714 ergo

2026 3734 2167 3789 Deus
2204 3734 2515 3796 bonitatem,
2556 3730 2865 3800 iuspiraudo
2903 3731 3183 3787 cltaritatis
3224 3731 3595 3797 dulcedinem;

2024 3826 2182 3881 docet
2207 3824 2564 3894 disciplinam,
2586 3836 2711 3877 cum
2731 3822 2786 3876 in
2815 3821 3254 3879 tribulationibus
3279 3824 3595 3893 patientiam

2026 3916 2199 3971 dedit:
2225 3915 2383 3969 ducet
2404 3913 2707 3978 scientiam,
2730 3927 2851 3966 cum
2881 3912 3196 3968 salutarium
3224 3917 3596 3969 mandatorum

2025 4010 2142 4077 ipse
2193 4006 2535 4076 cognoscitur
2588 4003 2820 4059 tributor
2868 4002 3020 4076 [ΗΜ
3072 4003 3420 4076 adtributor],
3471 4005 3599 4074 quia

2028 4098 2082 4152 in
2118 4097 2388 4151 mandatis
2419 4096 2521 4149 tuis
2549 4094 2752 4150 credidi
2780 4109 2867 4150 me
2896 4093 3059 4148 vitam
3089 4093 3289 4147 habere
3317 4102 3613 4149 mternam..

2098 4189 2261 4243 Vens.
2293 4186 2478 4257 67.-
2509 4185 2828 4256 Priusquam
2865 4185 3193 4248 ltumiliarer,
3238 4199 3332 4255 ego
3373 4181 3597 4254 deliqui,

2026 4288 2296 4349 propterea
2315 4276 2574 4349 eloquium
2594 4286 2741 4329 tuum
2769 4274 3040 4330 custodiri.
3066 4272 3314 4346 [Propter
3339 4272 3595 4343 primum,

2031 4367 2223 4437 inquit,
2264 4365 2519 4421 delictum
2557 4364 2866 4419 humiliatus
2913 4378 3053 4427 sum,
3091 4370 3145 4417 et
3170 4374 3239 4416 ne
3265 4375 3478 4416 rursum
3502 4360 3602 4416 bu-

353 4448 670 4519 migremus.
724 4445 1032 4519 [Cogitavit]
1075 4447 1191 4505 vias
1231 4462 1357 4502 suas
1401 4445 1598 4518 [Edit.,
1641 4442 1832 4518 meas],
1873 4444 1925 4500 id

2031 4427 2224 4523 milier,
2266 4457 2535 4524 eloquium
2574 4463 2723 4509 tuum
2768 4451 3078 4525 custodiri]
3125 4452 3200 4506 lta
3236 4466 3334 4523 per
3368 4450 3598 4523 gratiam

352 4546 459 4605 est,
505 4546 662 4593 actus
708 4538 990 4600 humanos,
1039 4536 1133 4593 sed
1173 4536 1222 4591 ei
1262 4537 1481 4591 omnino
1533 4533 1921 4606 dispiicebant;

356 4625 633 4699 [ideoque]
683 4627 847 4697 pedes
897 4640 1021 4680 suos
1072 4625 1336 4681 convertit
1374 4623 1440 4678 ad
1485 4625 1784 4678 testimonia
1817 4623 1925 4677 Do-

354 4718 487 4773 mini
512 4717 825 4789 gradiendo,
873 4716 926 4773 in
973 4716 1169 4787 quibus
1214 4715 1260 4772 si
1301 4716 1421 4787 quis
1465 4716 1720 4784 ambulat,
1770 4716 1925 4773 liram

360 4809 524 4863 habet
550 4807 799 4879 vestigia.

428 4897 594 4951 Vens.
621 4894 707 4949 60.
732 4924 804 4935 ——
827 4894 1056 4951 Paratus
1080 4910 1196 4949 sum
1225 4903 1271 4947 et
1298 4910 1399 4948 non
1428 4911 1544 4949 sum
1567 4895 1823 4960 turbatus,
1874 4906 1928 4950 ut

358 4986 651 5041 custodiam
696 4986 949 5041 mandata
992 4995 1104 5039 tua.
1146 4983 1373 5039 Paratus
1398 5000 1513 5039 sum
1543 4985 1609 5038 ad
1636 4986 1931 5055 praedicau-

360 5076 513 5141 dum,
561 5090 668 5130 non
708 5091 826 5130 sum
871 5075 1117 5131 turbatus
1142 5074 1208 5128 ad
1239 5073 1635 5131 tribulationem
1664 5074 1932 5130 sustinen-

362 5165 501 5219 dam
539 5174 761 5236 propter
820 5164 1132 5231 Christum,
1201 5171 1261 5219 ut
1319 5163 1616 5218 custodiam
1679 5164 1928 5218 mandata

361 5265 474 5313 tua.
513 5250 631 5312 Non
669 5271 755 5311 me
791 5257 1251 5313 conturbaverunt
1285 5255 1465 5324 iniqua
1491 5254 1930 5324 exprobrantium

352 5345 558 5417 jacula.

433 5434 599 5492 Vens.
630 5434 716 5491 6i.
747 5466 819 5475 -—
844 5432 1021 5489 Funes
1063 5441 1391 5506 peccatorum
1437 5430 1771 5504 circumplcxi
1818 5442 1938 5487 sunt

358 5538 467 5585 me,
491 5532 541 5578 et
565 5523 727 5594 legem
754 5534 899 5579 tuam
924 5540 1026 5576 non
1054 5538 1168 5576 sum
1193 5520 1400 5575 oblitus.
1432 5520 1563 5577 Cum
1594 5522 1743 5587 dicit,
1766 5520 1935 5592 funes,

363 5614 606 5668 oetendit
650 5623 726 5667 tot
763 5613 1153 5684 csselaqueos.
1207 5620 1333 5682 quot
1382 5623 1600 5680 peccata
1651 5613 1937 5667 committi-

2031 4559 2178 4606 tnam
2222 4545 2425 4618 profuit
2464 4544 2697 4614 experiri
2743 4558 2978 4616 pinnam,
3010 4550 3069 4597 ut
3095 4542 3434 4615 acquirerem
3474 4541 3602 4598 obe-

2030 4638 2307 4697 dientiam.

2102 4731 2263 4785 Vens.
2294 4729 2382 4786 68.
2403 4757 2478 4770 -—
2500 4726 2679 4782 Bonus
2706 4745 2759 4786 es
2797 4736 2877 4794 tu,
2917 4727 3170 4793 Domine,
3197 4735 3246 4781 st
3283 4726 3338 4780 in
3372 4724 3600 4780 bonitate

2031 4830 2123 4874 tua
2160 4819 2286 4873 doce
2324 4834 2405 4873 me
2443 4817 2845 4889 justificattones
2872 4826 3011 4871 tuas.
3047 4816 3182 4882 Quia
3220 4830 3380 4870 nemo
3402 4814 3595 4875 bonus,

2032 4910 2134 4965 nisi
2156 4908 2299 4964 Deus
2327 4907 2492 4964 solus.
2516 4908 2656 4964 Vere
2686 4906 2797 4963 vult
2832 4914 3009 4962 autem
3049 4904 3228 4965 facere
3257 4902 3601 4975 iustiﬁcatio-

2031 5015 2128 5055 nes
2153 4998 2272 5066 Dei,
2297 4998 2512 5070 quando
2537 5011 2630 5054 cas
2652 4997 2769 5055 sine
2790 4994 2906 5065 ejus
2928 4996 3191 5053 suavitate
3231 5009 3341 5052 non
3382 4991 3498 5047 vult
3520 4990 3600 5047 di-

2029 5106 2118 5146 SCC
2124 5104 2201 5143 re.

2107 5180 2264 5235 Vsus.
2301 5180 2389 5235 69.
2416 5209 2487 5220 -—
2511 5175 2863 5250 Multiplicata
2911 5186 2987 5233 cst
3034 5192 3191 5247 super
3229 5191 3310 5230 mc
3349 5174 3600 5246 iniquitas

2037 5268 2393 5339 superborum,
2422 5284 2514 5337 ego
2541 5277 2715 5322 autem
2757 5268 2814 5321 in
2856 5276 2964 5320 toto
2990 5265 3146 5321 corde
3186 5280 3300 5319 meo
3335 5262 3604 5319 scrutabor

2041 5358 2289 5413 mandata
2327 5368 2439 5412 tua.
2493 5356 2895 5427 Multiplicatam
2944 5369 3105 5426 super
3145 5369 3205 5411 se
3246 5354 3377 5409 dicit
3414 5367 3598 5425 persc—

2040 5449 2316 5521 quentium
2346 5447 2703 5517 iniquitatem,
2732 5452 2787 5499 et
2811 5446 2976 5517 368
2998 5445 3119 5501 ideo
3146 5446 3300 5517 petit,
3329 5459 3398 5513 ne
3422 5459 3605 5503 macu—

2040 5542 2243 5597 laretur
2283 5538 2352 5594 ab
2387 5538 2488 5593 eis.
2517 5536 2632 5607 Ego
2661 5545 2833 5593 autem
2859 5537 2912 5590 in
2949 5546 3055 5591 toto
3080 5535 3237 5592 corde
3262 5551 3374 5590 meo
3392 5543 3600 5597 scruta-

2039 5632 2131 5687 bor
2153 5632 2397 5685 mandata
2429 5637 2539 5693 tua,
2571 5636 2629 5683 ut
2653 5640 2909 5698 quantum
2935 5628 3006 5683 illi
3035 5627 3428 5685 contendebant
3449 5626 3619 5689 setiuv,
