4020 6188
421 307 524 361 607

1257 304 1320 356 'B.
1363 302 1422 355 ιε’.
1467 301 1686 354 ALBlNl
1728 299 1857 354 Slilf
1900 297 2168 354 ALCUNI
2211 298 2490 357 OPERIJM
2532 302 2707 356 PARS
2747 301 2806 355 Il.

3566 308 3673 370 608

421 432 546 472 cere
576 417 768 490 [Edit.,
819 413 1116 482 reducere],
1163 420 1368 465 tantum
1413 412 1513 464 istc
1543 411 1813 464 \ideretur
1843 419 1993 463 man-
2025 417 2066 469 Α
2097 427 2216 464 mur
2259 413 2424 466 vitam
2464 423 2756 478 mternatu;
2807 407 2894 468 illa
2941 423 3120 470 autem
3171 408 3448 476 lnediiatiu
3492 426 3679 483 beatus

423 506 565 562 datis
592 504 882 561 Dominicis
909 502 1204 556 adhaerere.

496 600 653 652 Vens.
688 594 776 652 70.
797 624 869 636 —
893 592 1239 662 Coagulatum
1277 602 1352 646 est
1397 579 1531 646 sicut
1569 591 1650 644 lac
1681 602 1772 643 cor
1794 601 1996 650 eorum,

423 704 514 756 ego
541 702 658 739 vero
685 683 847 753 legem
887 686 1032 736 tuam
1074 682 1355 735 meditatus
1396 697 1532 734 sum.
1565 677 1915 749 Cdagulatum
1943 678 1998 731 in

424 779 563 830 bono
587 783 642 828 et
664 776 714 827 in
744 762 884 828 malo
907 773 1125 842 ponitur
1149 789 1162 835 ;
1195 772 1284 825 hic
1311 775 1489 824 autem
1521 771 1573 823 in
1598 769 1737 822 malo
1761 769 1996 837 ponitur,

424 865 526 918 hoc
565 871 649 917 est
694 862 943 931 superbia
974 860 1237 914 malorum
1265 878 1278 912 :
1305 859 1369 914 de
1411 874 1514 926 qua
1564 857 1811 926 superius
1839 856 1996 922 dixit,

421 969 542 1022 qua:
569 967 718 1006 more
740 951 892 1006 lactis
915 951 966 1004 in
991 951 1310 1005 crassiorem
1333 939 1687 1002 substantiam
1709 951 1999 1000 constricta

421 1050 544 1107 est;
583 1042 676 1096 sed
705 1043 862 1094 istum
893 1057 998 1095 non
1039 1047 1327 1110 potuerunt
1351 1055 1380 1091 a
1405 1039 1522 1105 lege
1561 1037 1769 1091 Domini
1816 1049 1999 1106 segre-

424 1147 571 1202 gare,
600 1133 724 1203 quia
750 1133 862 1202 ipse
877 1133 959 1202 pia
979 1132 1240 1202 sapientia
1263 1129 1414 1203 [Ms;-,
1433 1127 1712 1200 patientia]
1730 1129 2003 1198 superavit

427 1231 540 1277 eos;
1607 1292 1609 1294 .

499 1307 659 1366 Vnus;
688 1309 777 1365 7|.
801 1339 872 1350 -—-
897 1311 1104 1364 Bonum
1139 1309 1266 1363 mihi
1303 1307 1442 1379 quod
1473 1297 1759 1362 ltumiliastl
1801 1324 1904 1372 me,
1945 1305 2003 1360 ut

422 1403 624 1455 discam
657 1400 1062 1469 justiﬁcationes
1090 1413 1228 1453 tuas.
1274 1399 1478 1452 Bonum
1524 1399 1676 1460 mihi,
1710 1398 1852 1468 quod
1881 1413 2001 1466 pm-

429 1506 554 1545 nam
590 1489 902 1545 convertisti
931 1489 1063 1544 mihi
1092 1490 1158 1544 ad
1187 1489 1542 1559 disciplinam,
1583 1497 1637 1542 et
1673 1487 2002 1542 humiliatio-

428 1595 553 1636 nem
604 1579 670 1634 ad
714 1579 1113 1634 eruditionem:
1145 1579 1269 1647 quia
1308 1577 1720 1648 iustiﬁcationes
1768 1586 1888 1631 tuas
1926 1577 2000 1632 ita

426 1668 580 1738 cupi:
611 1683 834 1723 noscere
862 1665 1013 1740 [Ms.,
1048 1666 1249 1734 nosse],
1277 1678 1338 1720 ut
1363 1666 1578 1720 faciam.
1605 1665 1719 1720 Nan
1751 1667 1892 1721 enim
1914 1673 2002 1720 est

426 1737 551 1812 vera
598 1757 820 1812 scientia
864 1737 918 1811 in
971 1757 1167 1812 bonum
1213 1755 1363 1830 [Μαί.
1411 1755 1578 1827 boni],
1641 1757 1745 1811 nisi
1784 1756 1851 1810 ad
1895 1757 1998 1812 hoc
2029 1737 2072 1795 Β

426 1857 782 1918 cognoscatur
807 1845 889 1918 [ut
916 1845 1149 1918 agatur].

498 1940 661 1994 Vnns.
698 1939 786 1992 72.
810 1969 881 1978 —
907 1939 1111 1992 Bonum
1148 1933 1272 1992 mihi
1304 1937 1387 1992 lea:
1418 1939 1524 1992 oris
1553 1937 1630 1991 tui
1653 1953 1810 2008 super
1835 1937 2003 1992 millia

425 2029 546 2082 auri
567 2038 616 2083 et
639 2029 861 2100 argenti.
902 2029 1012 2083 Lex
1046 2029 1158 2084 oris
1205 2029 1298 2084 Dei
1343 2028 1591 2098 Christus
1622 2036 1725 2093 est,
1758 2028 1849 2098 qui
1895 2037 2003 2083 non

423 2117 571 2172 venit
607 2116 783 2188 legem
827 2117 1057 2182 solvere,
1097 2118 1192 2173 sed
1229 2117 1558 2187 adimplere;
1609 2133 1769 2187 quem
1811 2119 2005 2188 prawi-s

426 2208 558 2263 dens
601 2209 865 2279 propheta
903 2223 1066 2278 super
1101 2223 1290 2263 omnes
1329 2207 1611 2263 thesauros
1649 2208 2000 2278 concupiscit,

424 2297 516 2365 qui
545 2295 695 2368 [Λίδη
723 2296 873 2369 quia]
901 2311 1006 2351 non
1041 2297 1217 2352 solum
1248 2297 1454 2352 amicos
1494 2296 1664 2368 diligi,
1713 2299 1807 2353 sed
1837 2298 2002 2352 etiam

427 2388 660 2444 inimicis
695 2390 949 2458 praecepit
977 2388 1201 2460 ignosci.

858 2493 971 2541 JOD,
1013 2493 1066 2531 ID
1099 2491 1196 2530 EST
1239 2491 1563 2530 PBlNClPlUI.

497 2572 657 2626 Vens.
683 2569 768 2624 75.
799 2599 868 2610 —
889 2567 1084 2622 Manus
1109 2576 1214 2622 tua:
1243 2566 1476 2636 fecerunt
1507 2583 1587 2620 me
1627 2578 1673 2620 et
1711 2565 2004 2637 plasmate:-

427 2671 548 2716 runt
570 2678 672 2723 me,
699 2661 768 2714 da
790 2660 915 2714 mihi
943 2656 1276 2720 intellectum,
1311 2668 1365 2711 ut
1388 2657 1588 2713 discam
1610 2657 1858 2711 mandata
1886 2668 2001 2713 tua.

430 2755 676 2827 Magnum
705 2761 788 2809 est
828 2753 994 2817 enim,
1037 2760 1098 2806 ut
1121 2766 1181 2807 se
1208 2751 1368 2805 homo
1407 2751 1671 2819 intelligat
1706 2764 1866 2804 manu
1906 2749 2001 2804 Dei

428 2845 627 2901 factum
675 2845 1118 2915 plasmatumque,
1169 2850 1223 2896 ct
1269 2841 1334 2895 ad
1385 2839 1502 2908 ejus
1549 2840 1836 2910 imaginem
1883 2851 2004 2895 esse

430 2935 817 3006 compositum;
855 2933 995 3004 quod
1020 2932 1066 2986 si
1114 2932 1414 3002 agnoverit,
1457 2931 1733 2986 scientiam
1781 2937 2004 3000 poscere

427 3027 602 3090 debet,
633 3035 691 3079 ut
719 3024 966 3078 mandata
993 3020 1108 3090 ejus
1136 3022 1394 3092 intelligat
1413 3030 1469 3076 et
1491 3022 1780 3076 custodiat.
1813 3021 2002 3077 Manus

432 3116 641 3172 Domini
669 3115 838 3169 virtus
864 3121 918 3168 et
952 3113 1214 3183 sapientia
1263 3113 1616 3184 intelligenda:
1656 3121 1796 3168 sunt.
1844 3112 2002 3166 Fece-

431 3217 550 3260 runt
599 3207 665 3260 ad
706 3205 960 3266 animam,
999 3203 1382 3275 plasmaverunt
1414 3203 1481 3258 ad
1515 3215 1708 3273 corpus
1745 3204 1996 3275 pertinet.

433 3297 500 3350 Et
528 3296 653 3366 quia
680 3296 855 3350 anima
879 3296 1166 3365 pretiosior
1194 3305 1276 3350 est
1303 3304 1551 3364 carpere,
1585 3295 1701 3351 ideo
1733 3295 1884 3366 prius
1905 3309 2002 3365 po-

431 3387 539 3441 suit
564 3388 819 3456 fecerunt.

505 3479 664 3533 Vnus.
692 3476 779 3529 74.
802 3507 873 3516 -
898 3474 1000 3542 Qui
1042 3476 1219 3529 timent
1258 3483 1329 3540 te,
1369 3475 1613 3530 videbunt
1655 3493 1734 3530 me
1771 3485 1818 3531 et
1855 3476 2002 3530 lana-

402 3604 405 3606 -
432 3572 643 3636 buntur,
673 3570 797 3641 quia
826 3569 880 3624 in
902 3568 1054 3623 verba
1081 3571 1174 3622 tua
1199 3568 1577 3638 supersperavi.
1607 3568 1720 3624 Vox
1749 3568 2002 3624 Eccles'ite

433 3661 546 3716 inec
574 3659 726 3732 [Ms.,
776 3656 900 3732 hoc]
945 3661 1047 3723 est,
1093 3667 1153 3712 ut
1199 3657 1273 3713 illi
1322 3657 1412 3727 qui
1464 3657 1747 3713 Dominum
1787 3659 1998 3724 timent,

432 3753 647 3806 videant
670 3766 825 3806 suum
854 3751 1184 3804 intellectum
1222 3757 1277 3803 et
1308 3748 1544 3804 lcetitiam
1581 3748 1843 3813 habeant;
1874 3750 2000 3818 quia

434 3839 692 3904 Ecclesia,
719 3838 934 3908 quando
959 3839 1100 3893 videt
1124 3837 1255 3892 alios
1286 3839 1534 3893 mandata
1565 3838 1658 3893 Dei
1691 3839 1996 3903 observare,

433 3944 680 4000 magnam
707 3928 945 3984 lmtitiam
981 3929 1178 3983 habet:
1208 3938 1391 3996 postea
1432 3929 1485 3982 in
1534 3929 1760 3983 invicem
1798 3930 1874 3983 sic
1905 3927 1999 3982 la:-

434 4017 708 4084 tabuntttr,
753 4027 808 4074 et
843 4019 929 4074 hic
955 4026 1010 4073 et
1037 4020 1090 4073 in
1134 4017 1392 4072 futurum.
1427 4014 1562 4084 Quia
1597 4020 1650 4073 in
1681 4020 1830 4074 verba
1863 4018 1998 4091 [tuo]

431 4123 606 4178 spero,
632 4110 685 4164 id
711 4118 813 4176 est,
845 4111 897 4165 in
927 4109 1143 4165 Cltrist‘o
1173 4111 1344 4164 habeo
1372 4125 1541 4180 spem.

502 4199 662 4255 Vens.
685 4200 773 4254 75.
795 4228 865 4239 —-
887 4198 1134 4268 Cognovi,
1156 4199 1392 4262 Domine,
1415 4201 1538 4270 quia
1559 4202 1774 4271 a'quitas
1791 4202 2000 4270 judicia

431 4298 544 4354 tua,
574 4298 621 4342 et
664 4289 720 4342 in
770 4289 984 4342 veritate
1024 4297 1114 4342 tua
1156 4288 1444 4342 humiliasti
1495 4305 1594 4342 me.
1647 4291 1797 4355 Quod
1849 4292 1997 4354 dicit,

2099 500 2251 566 facit,
2292 503 2383 570 qui
2415 503 2667 570 operibus
2715 506 2915 560 sanctis
2953 507 3211 562 cmlorum
3253 526 3411 580 regna
3452 521 3678 586 conqui-

2101 599 2243 643 runt.

2170 681 2332 734 Vens.
2385 675 3000 754 78.—-Confundantur
3048 691 3259 758 superbi
3308 695 3433 761 quia
3483 693 3680 764 injuste

2097 767 2423 840 iniquitatem
2472 772 2704 841 fecerunt
2745 774 2800 828 in
2832 793 2932 840 me,
2955 793 3047 846 ego
3097 788 3270 832 autem
3315 784 3589 838 exercebar
3621 787 3678 839 in

2096 858 2360 912 mandatis
2395 861 2520 913 tuis.
2552 858 2981 918 Confundantur.
3025 866 3282 933 Quamvis
3329 872 3552 926 steviant
3581 890 3675 929 su-

2096 947 2268 1015 perbi,
2296 956 2350 1001 et
2379 949 2716 1018 iniquitatem
2757 965 3052 1022 operantur
3085 957 3136 1010 in
3165 969 3402 1023 sanctos,
3433 963 3676 1022 Charitas

2099 1037 2278 1092 tamen
2320 1038 2531 1108 piorum
2576 1055 2682 1095 non
2728 1038 3046 1113 refrigescit,
3078 1055 3133 1099 et
3160 1048 3536 1104 mandatorum
3584 1052 3676 1108 Dei

2099 1127 2420 1182 ekercitatio
2446 1144 2552 1182 non
2581 1131 2795 1185 desinit.

2169 1216 2330 1270 Vens.
2365 1217 2451 1272 79.
2483 1217 2954 1275 ——Convertan‘tur
2974 1224 3102 1277 mihi
3132 1226 3376 1282 timentes
3398 1238 3466 1292 te,
3501 1241 3550 1283 et
3582 1248 3677 1301 qut

2100 1309 2348 1358 noverunt
2391 1307 2686 1363 testimonia
2725 1321 2836 1364 tua.
2879 1311 2992 1366 Hoc
3033 1322 3117 1368 est
3143 1355 3158 1379 ,
3205 1324 3264 1370 ut
3317 1333 3402 1373 me
3455 1320 3681 1376 docente

2099 1407 2487 1463 cognoscentes
2512 1414 2574 1453 ea
2605 1399 2672 1453 ad
2697 1408 2749 1455 te
2771 1403 3015 1457 conversi
3037 1405 3186 1458 ﬁant.
3211 1405 3281 1459 Et
3309 1408 3398 1477 qui
3423 1422 3681 1465 noverunt

2098 1489 2391 1542 testimonia
2419 1498 2530 1552 tua,
2561 1503 2696 1557 quos
2719 1489 2875 1544 lectio
2898 1491 3120 1560 Quidem
3139 1494 3318 1548 divina
3351 1497 3557 1563 imbuit,
3584 1501 3680 1554 sed

2101 1576 2329 1630 necdum
2357 1591 2490 1646 opus
2517 1571 2706 1632 salutis
2728 1579 3002 1633 instruxit.

2174 1663 2335 1719 Vens.
2363 1665 2450 1718 80.
2477 1663 2696 1719 —Fiat
2746 1683 2835 1720 cor
2886 1685 3056 1722 meum
3103 1671 3518 1729 immaculatum.
3577 1677 3678 1733 Hic

2101 1771 2207 1810 cor'
2219 1771 2318 1826 pro
2350 1757 2528 1811 anima
2559 1758 2795 1828 poni-tur,
2842 1774 2907 1813 ac
2933 1761 2977 1814 si
3008 1762 3171 1826 dicat,
3214 1757 3310 1816 ﬁat
3345 1765 3523 1820 anima
3552 1784 3672 1825 mea

2103 1849 2219 1904 sine
2244 1858 2464 1919 peccato
2498 1850 2728 1905 mortali.
2755 1851 2819 1904 In
2842 1853 2943 1906 tuis
2959 1854 3452 1920 justiticationibus,
3493 1867 3547 1911 ut
3576 1876 3685 1917 nats

2102 1937 2416 2006 confundor.
2469 1938 2580 1992 Hoc
2635 1947 2717 1993 est
2762 1947 2821 1992 ut
2874 1956 2981 1996 non
3027 1943 3255 1999 habeam
3306 1943 3675 2002 confusionem

2103 2028 2382 2082 aeternam.

2174 2118 2337 2173 Vens.
2365 2118 2454 2172 8-l.
2484 2150 2553 2160 —
2576 2120 2776 2191 Deiecit
2803 2123 2859 2176 in
2887 2125 3120 2179 salutare
3151 2116 3295 2199 [Ms.,
3322 2128 3545 2184 salutari
3563 2129 3678 2200 tuo]

2101 2210 2248 2264 tuum
2301 2209 2478 2264 anima
2518 2229 2651 2275 mea,
2683 2222 2730 2266 et
2767 2204 2822 2266 in
2860 2216 3072 2269 verbum
3115 2227 3262 2271 tuum
3300 2221 3675 2289 superspemvi.

2101 2301 2205 2358 Iste
2253 2293 2513 2366 defectus,
2563 2319 2670 2358 non
2717 2305 2821 2360 ﬁde
2850 2304 3212 2373 sedefecisse,
3258 2309 3546 2380 signiﬁcat,
3585 2312 3678 2364 sed

2101 2395 2156 2451 in
2203 2403 2349 2449 tanta
2399 2395 2650 2451 desiderii
2700 2399 3067 2469 magnitudine
3109 2415 3168 2455 se
3214 2399 3491 2472 fatigatum
3529 2419 3683 2458 tuon-

2103 2492 2256 2548 strat,
2285 2493 2345 2539 ut
2371 2484 2438 2538 ad
2461 2484 2728 2540 defectum
2755 2486 3122 2543 felicissimum
3141 2491 3469 2559 perveniret.
3505 2491 3570 2545 In
3597 2509 3681 2546 sa-

2103 2574 2311 2638 lutare,
2365 2575 2508 2644 quod
2557 2573 2818 2631 l-lehraice
2863 2578 3062 2632 dicitur
3104 2576 3261 2634 Iesus
3299 2597 3312 2632 :
3357 2589 3405 2634 et
3451 2581 3507 2634 in
3555 2579 3681 2635 Ver-

2103 2654 2224 2719 bum
2259 2675 2440 2732 tuum,
2481 2654 2538 2720 id
2575 2675 2688 2733 est,
2729 2668 2784 2722 in
2823 2668 3202 2738 Unigenitum,
3251 2672 3344 2741 qui
3387 2680 3471 2728 est
3508 2673 3682 2727 virtus

2103 2754 2220 2808 Dei.

2172 2830 2336 2914 369
2354 2844 2515 2899 Vens.
2535 2844 2623 2900 82.
2647 2875 2718 2884 —
2737 2845 3048 2916 Defecerunt
3067 2848 3204 2902 oculi
3225 2851 3325 2903 mei
3338 2850 3392 2904 in
3417 2849 3678 2921 eloquium

2104 2942 2271 2999 tuum,
2298 2934 2544 2998 dicentes,
2568 2935 2778 3002 quando
2812 2937 3160 2992 consolaberis
3188 2955 3288 2992 me.
3326 2939 3462 2995 Ecce
3494 2956 3681 2995 rursus

2053 3067 2070 3088 ,
2106 3022 2159 3076 in
2182 3022 2372 3087 oculis,
2415 3023 2508 3078 sed
2533 3024 2719 3094 utique
2753 3026 3132 3092 interioribus,
3163 3026 3443 3084 laudabilis
3475 3037 3530 3082 et
3555 3029 3677 3084 felix

2103 3101 2190 3168 ille
2217 3111 2477 3177 defectus,
2524 3128 2631 3168 non
2659 3115 2878 3170 veniens
2906 3131 2972 3170 ex
3004 3115 3317 3171 inﬁrmitate
3346 3118 3540 3183 animi,
3585 3119 3680 3174 sed

2099 3217 2165 3257 ex
2195 3202 2505 3258 fortitudine
2533 3194 2784 3259 desiderii
2807 3195 2860 3258 in
2882 3206 3204 3274 promissum
3229 3206 3319 3261 Dei
3344 3225 3357 3268 -,
3391 3207 3489 3261 hoc
3532 3209 3678 3262 enim

2100 3294 2176 3348 ait
2203 3295 2259 3346 in
2281 3292 2542 3364 eloquium
2574 3305 2721 3348 tuum
2746 3310 2763 3348 :
2797 3295 2979 3349 tandiu
3005 3295 3149 3349 enim
3175 3296 3304 3350 dicit
3327 3311 3383 3350 se
3411 3294 3675 3350 defectum

2098 3370 2405 3450 pertulisse,
2450 3382 2620 3436 donec
2642 3390 2951 3453 exspectata
2984 3383 3284 3439 incarnatio
3323 3384 3532 3438 Domini
3559 3399 3680 3438 cor-

2101 3472 2183 3527 dis
2209 3472 2512 3542 aspectibus
2539 3482 2843 3542 appareret.
2875 3464 3099 3539 Quando
3125 3474 3473 3528 consolaberis
3498 3491 3593 3537 me,
3625 3471 3678 3528 id

2099 3572 2204 3630 est,
2250 3565 2463 3634 quando
2501 3565 2700 3629 veniet,
2731 3564 2872 3634 quod
2895 3566 3232 3635 promisisti?

2171 3656 2334 3710 Vens.
2362 3657 2451 3712 83.
2481 3685 2552 3695 —
2582 3654 2719 3721 Quia
2747 3655 2917 3725 factus
2947 3673 3061 3712 sum
3089 3658 3219 3711 sicut
3246 3666 3360 3710 uter
3379 3659 3431 3710 in
3460 3658 3675 3727 pruina,

2092 3734 2499 3816 justiﬁcationes
2536 3755 2654 3798 tuas
2683 3763 2786 3799 non
2822 3764 2936 3800 sum
2960 3746 3164 3801 oblitus.
3196 3745 3451 3815 Superius
3474 3747 3680 3815 petive—

2102 3843 2187 3889 rat
2213 3835 2498 3898 consolari,
2534 3849 2678 3888 nunc
2704 3849 2922 3890 causam
2948 3835 3122 3891 reddit
3144 3836 3512 3890 subveniendi.
3553 3835 3680 3891 Uter

2101 3930 2245 3985 enim
2273 3944 2467 3998 corpus
2505 3927 2731 3983 mortale
2777 3928 3075 3998 signiﬁcat,
3121 3929 3313 3998 pruina
3355 3928 3676 3982 benelicium

2101 4017 2467 4074 conversionis
2501 4015 2698 4088 [Edit.,
2742 4016 3188 4088 conversationis]
3227 4016 3482 4071 ostendit.
3530 4014 3681 4069 Sicut

2102 4117 2282 4162 autem
2323 4118 2446 4162 uter
2477 4106 2675 4177 frigore
2717 4107 2926 4177 glaciali
2969 4107 3307 4162 contrahitur
3331 4146 3347 4170 ,
3382 4105 3461 4160 sic
3504 4105 3681 4159 carnis

2100 4210 2298 4256 nostra:
2327 4200 2593 4255 incentiva
2620 4200 2871 4254 vitiorum
2908 4197 3200 4253 aﬂlictione
3247 4196 3576 4268 paenitentia:
3603 4204 3679 4249 te.

2101 4300 2353 4356 nuantur,
2403 4299 2464 4345 ut
2499 4287 2942 4360 justiﬁcationum
2973 4279 3185 4344 Domini
3221 4304 3330 4344 non
3362 4282 3682 4344 obliviscan-

431 4378 742 4448 cognovissc
784 4392 842 4432 se
882 4377 1084 4447 judicia
1136 4378 1365 4442 Domini,
1411 4378 1540 4433 illud
1574 4378 1862 4449 signiﬁcat,
1895 4380 1997 4452 [ut]
2031 4386 2207 4458 Dtur.

433 4469 703 4524 hominem
729 4470 892 4523 animi
943 4477 1149 4525 tumore
1177 4477 1488 4540 peccantem
1518 4469 1855 4524 humiliatum
1882 4486 2004 4526 cor-

434 4559 594 4628 rigat,
629 4566 684 4612 et
706 4558 1093 4628 supplicantem
1128 4559 1232 4613 sibi
1256 4558 1432 4613 divina
1465 4560 1834 4615 misericordia
1862 4556 2002 4615 reci"-

430 4649 561 4716 piat.
593 4646 723 4714 Quis
747 4636 888 4702 cnim
922 4648 1131 4702 dubitet
1158 4663 1380 4704 summa:
1411 4651 1680 4719 atquitatis
1708 4665 1828 4707 esse
1860 4651 2004 4718 judi-

430 4739 594 4804 cium,
620 4745 679 4792 ut
711 4739 800 4808 qui
825 4752 921 4809 per
943 4739 1251 4809 superbiam
1282 4739 1527 4808 deliquit,
1559 4742 1748 4796 devota
1787 4741 2004 4796 humili—

431 4821 539 4886 tate
569 4838 842 4902 purgetur.

506 4923 667 4977 Vens.
701 4921 786 4976 76.
820 4951 881 4963 —
907 4921 1030 4976 Fiat
1073 4939 1209 4976 nunc
1256 4923 1614 4976 misericordia
1653 4933 1762 4988 tua,
1793 4933 1848 4976 ut
1876 4941 2001 4978 con-

429 5011 629 5066 soletur
663 5029 765 5076 me,
800 5011 1085 5066 secundum
1119 5011 1379 5082 eloquium
1409 5021 1554 5065 tuum
1579 5023 1852 5067 servotuo.
1884 5013 2002 5068 Fiat

429 5118 560 5174 ergo
583 5101 951 5158 misericordia
973 5110 1061 5155 tua
1084 5103 1372 5156 secundum
1395 5103 1804 5172 promissionem
1829 5113 1998 5170 tuam,

432 5202 492 5245 ut
519 5191 872 5263 praesentibus
896 5190 1207 5245 muneribus
1247 5192 1473 5261 accipiat
1512 5193 1754 5247 mortalis
1778 5195 1886 5248 vita
1915 5211 2001 5250 so-

430 5280 655 5346 latium,
703 5292 759 5337 et
805 5279 981 5335 futura
1023 5280 1336 5334 :eternitatis
1388 5281 1528 5336 bona
1582 5283 1854 5351 patienter
1901 5300 1999 5338 ex-

437 5379 663 5439 spectet.

504 5461 662 5515 Vnns.
698 5463 882 5515 77.—-
913 5459 1130 5514 Veniant
1177 5461 1302 5515 mihi
1359 5461 1711 5528 miserationes
1759 5474 1892 5526 τηατ,
1954 5475 2000 5517 et

401 5550 620 5611 privam,
647 5553 770 5620 quia
807 5554 890 5606 lex
924 5563 1016 5605 tua
1053 5551 1318 5607 meditatio
1357 5571 1472 5606 mea
1519 5564 1612 5606 est.
1663 5555 2000 5610 Sullicieuter

431 5652 743 5706 expressum
788 5650 886 5704 est,
931 5641 1069 5708 quod
1116 5657 1211 5709 per
1253 5642 1674 5696 misericordiam
1708 5658 1999 5712 consequa;

2175 4470 2336 4524 Vens.
2366 4469 2454 4524 84.
2485 4499 2556 4508 -
2587 4467 2722 4534 Quot
2759 4477 2879 4523 sunt
2907 4464 3016 4522 dies
3049 4469 3182 4522 servi
3216 4469 3314 4530 tui,
3339 4465 3542 4537 quando
3584 4461 3674 4531 fa-

2105 4560 2206 4613 cies
2247 4559 2310 4612 de
2332 4561 2750 4629 persequentibus
2789 4575 2870 4613 me
2897 4559 3207 4630 judicium!
3253 4557 3438 4613 Sciens
3461 4562 3676 4610 saneto-'-

2105 4664 2222 4702 rum
2253 4657 2425 4704 cmtus
2454 4663 2622 4718 usque
2647 4648 2699 4702 in
2742 4647 2901 4703 ﬁnem
2931 4648 3110 4703 smculi
3150 4648 3532 4702 tentationibus
3565 4647 3679 4701 dia-

2101 4737 2288 4792 bolicis
2314 4739 2552 4791 membra
2571 4737 2780 4792 Domini
2803 4738 3103 4808 subjacere,
3125 4736 3443 4807 interrogat,
3467 4736 3680 4805 quando

2103 4828 2333 4882 mundus
2377 4827 2476 4882 iste
2515 4829 2775 4892 ﬁniretur,
2816 4835 2875 4882 ut
2909 4829 2973 4882 de
3019 4827 3473 4896 persecutoribus,
3523 4826 3572 4880 id
3598 4829 3680 4879 est

2103 4919 2333 4984 diabolo,
2365 4934 2486 4973 cum
2516 4919 2779 4973 ministris
2805 4929 3100 4989 praeparata
3128 4918 3258 4975 ultio
3307 4919 3673 4988 compleatur:

2101 5016 2156 5061 et
2179 5009 2510 5063 celeritatem
2544 5007 2708 5063 futuri
2730 5007 2916 5076 judicii
2932 5008 3173 5076 optabat,
3211 5008 3263 5062 in
3294 5024 3401 5078 quo
3420 5006 3533 5076 jam
3561 5007 3660 5063 bra

2104 5103 2171 5166 [is
2197 5103 2300 5157 erit
2326 5103 2561 5171 requies,
2591 5111 2644 5156 et
2671 5102 2922 5172 gaudium
2955 5100 3069 5155 sine
3094 5099 3198 5155 ﬁne
3224 5116 3557 5155 mansurum.

2177 5190 2334 5246 Vens.
2365 5190 2453 5245 85.
2484 5220 2554 5228 —-
2584 5187 2948 5242 Narraverunt
2969 5189 3095 5243 mihi
3121 5189 3283 5259 iniqui
3313 5186 3680 5257 fabulationes,

2100 5282 2190 5335 sed
2221 5299 2322 5336 non
2345 5290 2400 5334 ut
2444 5279 2527 5333 lea:
2563 5289 2691 5344 tua,
2738 5277 2980 5333 Domine.
3030 5278 3411 5333 Narraterunt.
3453 5265 3683 5332 Fabulas

2103 5387 2362 5425 vnuarum
2389 5368 2718 5438 opinionum,
2747 5368 3076 5425 delectabilis
3099 5369 3296 5437 eloquii
3323 5375 3438 5422 arte
3465 5380 3678 5435 compo-

2102 5465 2232 5517 sitas
2255 5463 2322 5516 ab
2346 5461 2560 5529 iniquis,
2589 5459 2718 5514 dicit
2751 5475 2870 5516 esse
2910 5471 3194 5525 narratas;
3235 5459 3328 5515 sed
3354 5457 3485 5512 nihil
3521 5471 3578 5510 se
3625 5455 3679 5507 in

2102 5557 2180 5608 eis
2207 5555 2337 5608 utile
2365 5553 2646 5624 reperisse,
2681 5553 2820 5608 sicut
2846 5554 2899 5608 in
2927 5553 3042 5624 lege
3070 5540 3304 5615 Domini,
3335 5551 3385 5604 in
3427 5564 3528 5618 qua
3557 5549 3678 5599 cum

2105 5643 2319 5706 veritas,
2359 5657 2462 5697 non
2498 5643 2656 5698 verba
2683 5641 2970 5698 delectant.
