4020 6188
240 350 345 410 609

1130 346 1538 405 EXECETICA.
1583 376 1650 386 -—
1686 340 2048 400 EXPOSITIO
2085 344 2151 400 lN
2192 345 2385 401 PSAL.
2426 347 2648 404 CXVIII.

3433 348 3538 420 “l0

316 465 477 519 Vsus.
511 461 598 517 86.
633 491 684 500 —-
729 458 918 522 Omnia
980 460 1229 513 mandata
1293 469 1383 514 tua
1441 460 1628 513 veritas
1652 500 1664 521 ,
1738 456 1842 517 iui-
1872 463 1917 516 Α
1948 465 2000 508 ut
2030 458 2302 527 perderent
2342 477 2442 523 mc,
2474 462 2769 515 testimonia
2805 470 2895 515 tua
2937 460 3186 516 intellexi.
3228 460 3412 535 Longo
3454 480 3540 517 me.

240 555 333 624 qui
379 551 636 624 persecuti
684 560 803 603 sunt
852 566 931 602 me
958 590 972 614 ,
1021 549 1216 621 adjnva
1265 566 1364 603 me.
1431 548 1631 603 Contra
1680 548 1848 601 lucre-

244 646 480 698 ticorum
531 638 891 705 tabulationes
932 639 1059 701 dicit
1110 639 1291 694 omnia
1332 637 1585 694 mandata
1638 637 1849 693 Domini

243 746 367 789 esse
396 731 705 793 veritatem,
750 728 928 800 Iniqui
956 731 1212 800 persecuti
1238 739 1359 784 sunt
1389 746 1489 791 me,
1528 728 1733 783 scilicet
1759 728 1853 781 do-

244 822 420 879 cendo
458 834 742 900 perversa,
793 819 1069 883 suadendo
1116 820 1290 887 falsa;
1343 835 1472 890 ergo
1504 817 1696 886 adjuva
1742 832 1845 879 me.

246 924 306 969 ut
337 923 545 973 certem
577 927 679 985 pro
711 911 940 965 veritate
968 920 1058 965 tua
1088 925 1259 981 usque
1284 911 1353 966 ad
1382 920 1634 965 mortem.

321 1007 492 1061 Vens.
526 1004 615 1061 87.
645 1033 715 1043 —
748 1002 921 1057 Paulo
945 1004 1117 1057 minus
1145 1009 1637 1057 consummaverunt
1686 1015 1766 1052 me
1795 999 1849 1052 in

247 1107 430 1161 terra,
475 1110 568 1167 ego
609 1102 785 1148 autem
826 1110 930 1147 nou
956 1092 1211 1165 dereliqui
1246 1093 1499 1160 mandata
1528 1103 1641 1158 tua.
1685 1090 1853 1145 Valde

248 1204 339 1243 me
369 1187 674 1257 corporalia
706 1186 836 1240 vitia
873 1185 927 1240 in
958 1193 1160 1250 terram
1195 1183 1589 1251 huntiliasscnt,
1622 1183 1725 1238 nisi
1761 1198 1853 1237 cu-

248 1278 540 1333 stodissem
582 1277 834 1333 mandata
868 1276 1067 1339 divina.

330 1366 493 1421 Vens.
523 1364 611 1421 88.
643 1396 715 1406 —
740 1364 1040 1425 Secundum
1069 1364 1484 1430 misericordiam
1526 1374 1695 1428 tuam,
1745 1361 1853 1416 Do-

252 1456 416 1519 mine,
442 1454 643 1533 tiri/ica
666 1471 783 1517 me;
829 1456 882 1510 in
917 1463 1176 1511 aeternam
1210 1457 1400 1521 vitam,
1452 1454 1579 1527 quia
1602 1455 1717 1525 jam
1744 1469 1852 1508 non

252 1548 391 1603 mihi
417 1547 557 1615 vivo,
601 1548 734 1610 vivit
773 1563 903 1603 vero
931 1549 982 1602 in
1006 1563 1097 1611 me
1127 1546 1393 1603 Christus.
1448 1544 1517 1602 Ut
1558 1546 1851 1612 custodiam

251 1639 550 1698 testimonia
580 1639 687 1693 oris
712 1640 809 1693 tui.
861 1637 956 1699 Vel
977 1654 1041 1696 ea
1067 1654 1188 1710 qua:
1217 1638 1271 1697 in
1296 1638 1413 1709 lege
1451 1639 1740 1707 mandasti,
1769 1638 1850 1693 vel

254 1724 349 1786 illa
388 1741 510 1796 qua:
534 1727 587 1781 in
615 1725 919 1797 Evangeliis
949 1725 1241 1796 protulisti.

1953 549 2250 603 certamine
2288 548 2525 605 adversae
2570 558 2866 621 potestates
2915 551 3248 621 impugnaut,
3298 551 3395 607 sed
3438 568 3541 623 ego

1953 635 2257 709 intelligens
2302 640 2608 695 testimonia
2654 651 2745 697 tua
2795 641 3215 707 consolationem
3252 642 3432 712 recepi
3474 657 3543 715 es

1952 742 2054 794 eis,

2028 818 2185 872 Vsus.
2215 819 2304 874 96.
2334 851 2402 860 —
2432 819 2615 887 Omnis
2641 822 3103 877 consummationis
3129 821 3232 875 ridi
3257 821 3438 891 ﬁnem,
3462 820 3547 882 lu:

1952 915 2063 960 tum
2106 907 2415 973 mandatum
2440 920 2586 963 tuum
2623 912 2799 979 nimis.
2847 908 3378 965 Consummationem
3418 910 3548 981 dicit

1951 1000 2193 1055 omnium
2223 1000 2485 1069 virtutum
2531 1002 2907 1083 complctivam
2942 1000 3350 1083 perfectionem,
3393 1001 3548 1071 cuius

1954 1088 2077 1143 linis
2112 1100 2196 1144 est
2233 1089 2514 1155 Christus,
2568 1106 2729 1161 quem
2768 1092 3035 1155 credendo
3082 1090 3330 1160 praevidit
3360 1100 3548 1144 ventu-

1955 1199 2095 1247 rum,
2129 1181 2280 1250 cujus
2325 1193 2380 1238 et
2417 1184 2657 1238 mandati
2700 1184 3035 1239 latitudinem
3069 1182 3316 1253 miratur,
3354 1180 3411 1247 in
3440 1197 3549 1255 quo

1953 1273 2207 1327 nimirum
2258 1274 2581 1328 charitatem
2630 1273 2938 1344 signiﬁcat,
2972 1288 3093 1343 qua:
3142 1288 3237 1339 sua
3267 1270 3551 1339 iatitudie

1952 1362 2135 1416 omnia
2170 1362 2422 1416 mandata
2449 1363 2503 1417 in
2533 1378 2592 1418 se
2622 1362 3018 1432 complectitur.
3053 1362 3186 1427 Nam
3212 1378 3334 1417 cum
3363 1362 3547 1417 omnia

1952 1452 2206 1505 mandata
2240 1451 2516 1517 ﬁnientur,
2549 1454 2663 1520 ipsa
2689 1451 2803 1506 sola
2843 1451 2895 1505 in
2924 1462 3187 1506 :eternum
3215 1451 3475 1505 manebit.

2021 1540 2185 1596 Vens.
2227 1540 2318 1595 97.
2368 1570 2437 1579 —-
2482 1539 2757 1607 Quomodo
2804 1539 2967 1594 dilexi
3013 1539 3177 1611 legem
3221 1549 3396 1612 tuam,
3442 1538 3551 1593 Do-

1952 1630 2139 1684 mine?
2192 1640 2301 1684 tota
2351 1630 2437 1684 die
2464 1631 2734 1699 meditatio
2780 1647 2895 1699 mea
2936 1639 3031 1699 est.
3076 1628 3355 1707 Quomodo
3388 1628 3550 1700 dilexi

1953 1725 2128 1797 legem
2156 1725 2339 1779 tuam?
2370 1723 2484 1795 Sic,
2512 1724 2707 1794 inquit,
2741 1723 2904 1791 dilexi
2936 1724 3107 1796 legem
3139 1721 3279 1793 ﬁdei,
3314 1736 3434 1792 qua:
3455 1722 3554 1794 pe;

330 1817 496 1873 Vens.
530 1817 619 1873 89.
650 1848 722 1858 -—
760 1816 825 1872 In
855 1827 1123 1881 a'termtm,
1170 1817 1415 1884 Domine,
1461 1816 1674 1872 'verbum
1703 1828 1851 1883 tuum
1884 1806 1930 1866 Β
1957 1819 2296 1877 dilectionem
2326 1827 2606 1890 operatur,
2652 1826 2713 1873 ut
2756 1825 2868 1873 tota
2894 1817 3000 1880 die,
3038 1816 3093 1870 id
3139 1824 3223 1870 est
3262 1822 3377 1879 toto
3413 1823 3552 1873 teme

253 1917 528 1979 permanet
568 1908 624 1963 in
668 1906 815 1962 uelo.
864 1907 1004 1964 Dicit
1036 1908 1263 1963 verbum
1294 1908 1505 1964 Domini
1534 1923 1853 1979 permanere

254 2002 315 2055 in
354 1999 510 2062 creto,
545 1998 600 2055 id
642 2007 726 2054 est
773 2000 826 2053 in
858 1999 1078 2067 sanctis,
1122 2014 1258 2069 quos
1291 1999 1357 2055 de
1386 2007 1567 2053 morte
1611 1997 1745 2063 facit
1776 1997 1855 2052 vi-

256 2109 412 2161 vere,
449 2101 506 2149 et
544 2093 609 2149 de
637 2092 981 2148 tribulatione
1005 2093 1277 2165 gaudere;
1317 2092 1433 2157 sive
1462 2092 1516 2147 in
1543 2091 1855 2157 cmlestibus

257 2185 572 2248 virtutibus,
609 2199 731 2255 qua:
767 2182 883 2253 ejus
914 2199 1126 2255 semper
1153 2183 1411 2246 insistunt
1437 2182 1760 2248 ministerio,

336 2275 498 2331 Vens.
530 2273 619 2330 90.
642 2303 716 2315 —
742 2273 809 2329 In
846 2273 1094 2329 steculum
1120 2273 1301 2328 διεσκΙὶ
1340 2274 1530 2328 veritas
1573 2282 1689 2339 tua,
1733 2272 1851 2343 fun-

252 2368 404 2425 dasti
428 2377 619 2421 terram
643 2376 691 2420 et
717 2374 1006 2436 pennanet.
1051 2363 1317 2419 chulum
1344 2363 1520 2433 legem
1542 2371 1599 2417 et
1620 2362 1857 2434 prophe-

258 2470 384 2524 tas;
414 2456 594 2513 steculi
618 2455 888 2526 signiﬁcat
911 2455 1203 2527 Evangelia
1238 2462 1293 2510 et
1321 2453 1615 2525 apostolos,
1658 2454 1711 2508 in
1739 2454 1858 2523 qni-

257 2550 369 2605 btts
394 2557 477 2603 est
500 2548 718 2612 veritas,
762 2562 881 2626 qua:
915 2554 997 2601 est
1022 2544 1272 2613 Christus
1306 2546 1603 2601 Dominus:
1653 2553 1857 2599 terram

260 2648 470 2704 autem,
510 2640 613 2694 hoc
639 2646 723 2694 est
745 2638 1037 2703 humanam
1072 2646 1341 2702 naturam,
1373 2652 1441 2693 ex
1490 2646 1644 2708 parte
1687 2644 1859 2704 totum

259 2729 595 2801 signiﬁcans,
625 2729 679 2785 in
709 2728 909 2783 sanctis
935 2726 1200 2793 fundavit,
1246 2735 1304 2794 ut
1330 2726 1386 2782 in
1411 2742 1508 2794 sua
1538 2725 1859 2782 credulitate

254 2830 657 2903 permaneant:
704 2820 831 2890 quia
877 2819 982 2879 nisi
1032 2819 1148 2890 ipse
1189 2818 1490 2888 fundasset,
1537 2835 1645 2877 non
1674 2819 1861 2882 crede-

261 2920 409 2975 rent,
452 2925 550 2967 nec
600 2916 1023 2982 permanerent:
1061 2908 1309 2989 fundasti
1335 2918 1529 2975 terram
1566 2919 1616 2963 et
1651 2925 1860 2982 perma-

262 3011 379 3065 net.

346 3090 507 3153 Vens.
535 3090 625 3145 91.
659 3120 730 3130 -
758 3088 1102 3144 Ordinatione
1124 3096 1215 3143 tua
1251 3098 1540 3160 perseverat
1571 3089 1701 3154 dies,
1731 3107 1861 3162 quo-

265 3183 419 3238 niam
456 3182 629 3236 omnia
658 3181 884 3234 serviunt
914 3179 1028 3233 tibi.
1074 3156 1297 3247 Quoties
1341 3180 1601 3251 singulari
1633 3156 1861 3237 numero
1885 3156 1936 3222 Ω

262 3272 390 3329 dies
415 3272 652 3343 ponitur,
677 3279 937 3328 venturus
966 3269 1054 3324 ille
1091 3270 1470 3341 sempiternus,
1501 3271 1594 3342 qui
1624 3271 1739 3327 sine
1766 3287 1863 3327 no-

262 3369 360 3416 cte
385 3348 490 3424 est,
539 3358 912 3431 significatur;
959 3367 1088 3415 tunc
1130 3358 1207 3414 illi
1252 3360 1433 3415 omnia
1479 3360 1719 3430 suljecta
1748 3377 1866 3418 ser-

260 3452 462 3506 s'iunt:
495 3451 734 3514 serviunt
758 3457 812 3505 et
852 3449 1170 3517 adversarii,
1207 3450 1335 3506 licet
1365 3468 1469 3508 non
1504 3461 1714 3522 sponte,
1739 3454 1865 3508 dum

261 3541 515 3607 damnati
558 3556 744 3611 poenas
787 3554 1054 3612 perennes
1090 3556 1191 3597 suo
1221 3542 1379 3613 jussu
1408 3544 1605 3612 merito
1635 3544 1869 3600 sustine-

263 3636 431 3690 bsunt.

345 3724 508 3780 Vens.
538 3724 629 3780 92.
659 3755 729 3765 -—
762 3724 883 3780 Nisi
902 3727 1042 3798 quod
1069 3726 1153 3782 lea:
1187 3739 1280 3783 tua
1315 3729 1584 3783 meditatio
1620 3746 1734 3784 mea
1770 3740 1865 3796 est,

266 3831 398 3883 tunc
428 3818 562 3888 forte
601 3820 870 3889 periissem
898 3821 955 3874 in
986 3820 1281 3876 humilitate
1325 3838 1463 3876 mea.
1514 3821 1678 3887 Beata
1720 3821 1872 3891 plebs

269 3920 573 3981 martyrum
601 3912 656 3965 in
679 3920 829 3967 tanta
854 3902 1249 3969 tormentorum
1272 3913 1646 3977 bumdiatione
1672 3913 1869 3969 afﬁicta

270 4000 488 4064 asserit.
530 4015 588 4055 se
608 4015 769 4069 posse
792 4002 992 4079 perire,
1020 4002 1125 4057 nisi
1154 4001 1287 4072 legis
1313 4002 1592 4058 meditatio
1620 4003 1873 4059 subveni-

273 4099 360 4146 ret
392 4092 741 4157 consolando,
793 4108 913 4173 quae
938 4093 1113 4159 dixit;
1163 4091 1312 4160 licati
1335 4093 1424 4163 qui
1462 4094 1872 4165 persecutionem

269 4186 568 4257 patiuntur.
620 4185 729 4240 Lex
762 4185 864 4240 ista
899 4184 1031 4241 ﬁdes
1071 4192 1175 4251 est,
1226 4200 1346 4255 quae
1387 4199 1488 4256 per
1530 4183 1895 4241 dileCIionem'

273 4285 570 4346 operatur:
598 4275 653 4329 ἰιι
668 4276 822 4347 cujus
847 4276 1196 4332 meditatione
1221 4290 1567 4346 permanens,
1598 4290 1697 4354 per
1718 4275 1874 4330 auxi-

275 4368 404 4434 lium
434 4364 629 4438 gratim
658 4375 762 4421 tua:
784 4375 1144 4438 promeretur,
1180 4375 1237 4420 ut
1270 4366 1327 4423 in
1353 4364 1758 4424 tribulationum
1780 4365 1877 4420 bu-

276 4458 507 4512 militate
538 4472 644 4511 non
668 4466 853 4528 pereat
879 4458 933 4511 in
963 4466 1247 4513 aeternum.

348 4550 513 4613 Vens.
538 4548 627 4605 95.
650 4579 724 4591 --
748 4547 815 4602 In
843 4559 1094 4603 teternum
1121 4567 1226 4606 non
1248 4550 1525 4606 obliviscar
1540 4549 1877 4621 justiﬁcatio-

278 4656 365 4694 nes
391 4650 537 4704 tuas,
574 4640 701 4715 quia
743 4640 799 4694 in
836 4640 961 4710 ipsis
993 4640 1263 4709 viviﬁcasti
1310 4658 1412 4699 me.
1457 4640 1880 4696 Justiﬁcationes

278 4733 411 4798 dicit
435 4732 633 4805 legales
660 4734 1069 4801 observationes
1093 4734 1194 4789 sub
1218 4736 1430 4798 umbra,
1478 4749 1599 4804 qua:
1632 4734 1879 4789 veritatis

280 4824 481 4880 indicio
531 4824 695 4898 ldis,
734 4825 957 4900 indicia]
1006 4836 1247 4882 ventura:
1282 4824 1633 4896 perfectionis
1677 4824 1882 4880 beneﬁ-

280 4916 423 4970 cium
446 4917 801 4987 pmsstabaut.
844 4916 954 4973 llas
976 4933 1109 4988 ergo
1127 4915 1550 4986 iustiﬁcationes
1574 4930 1681 4971 non
1712 4914 1880 4969 debe-

278 5021 402 5062 mus
446 5007 731 5073 oblivisci,
784 5025 904 5080 qum
955 5010 1112 5066 nobis
1158 5008 1279 5066 ﬁdei
1318 5017 1374 5063 et
1416 5007 1541 5062 vitae
1585 4998 1882 5078 primordia

278 5098 674 5167 prtestiterunt.

351 5187 520 5244 Vens.
553 5188 644 5244 9i.
673 5221 743 5229 —
772 5189 914 5246 Tuus
956 5208 1071 5245 sum
1097 5208 1211 5265 ego,
1260 5190 1462 5246 salvum
1497 5207 1579 5244 me
1613 5189 1724 5261 fac,
1752 5205 1885 5260 quo-

277 5277 425 5332 niam
453 5278 867 5350 justi/icutiones
890 5292 1010 5335 tuas
1033 5282 1306 5354 exquisivi.
1338 5282 1451 5352 Ego
1477 5290 1601 5337 tuus
1628 5278 1882 5344 famulus,

275 5376 335 5420 et
367 5376 427 5421 tu
464 5367 611 5424 Deus
652 5386 822 5435 meus,
860 5371 901 5425 'a
942 5383 992 5427 te
1030 5387 1195 5442 posco
1225 5374 1422 5429 salvari
1453 5393 1466 5428 :
1506 5374 1631 5444 quia
1675 5372 1886 5427 vanitas

276 5472 388 5511 non
417 5468 500 5512 est
536 5459 671 5514 mihi
710 5450 875 5526 [.lls.,
902 5462 1030 5531 quia
1070 5473 1258 5517 venter
1295 5481 1400 5520 non
1427 5476 1511 5522 est
1538 5465 1669 5520 mihi
1699 5461 1882 5535 Deus].

276 5560 382 5602 nec
412 5562 537 5603 sum
567 5549 714 5605 inani
759 5553 944 5621 gloria:
987 5553 1222 5617 deditus,
1276 5555 1370 5609 sed
1408 5555 1887 5624 iustiﬁcationibus

276 5639 412 5696 tuis.

350 5729 526 5804 370
552 5734 713 5790 Vens.
743 5736 833 5793 95.
877 5771 943 5779 —
975 5738 1059 5794 Me
1102 5748 1521 5813 exspectaverunt
1571 5752 1885 5811 peccatores,

1953 1923 2110 1978 pore,
2142 1907 2427 1963 meditatio
2457 1922 2577 1961 mea
2602 1906 2693 1960 sit.

2027 2016 2190 2082 Vens,
2208 2015 2372 2071 98.»
2384 2013 2556 2086 Super
2570 2015 2810 2085 inimicos
2826 2031 2965 2069 meos
2987 2012 3293 2085 prudentem
3317 2027 3399 2066 me
3426 2009 3556 2081 {eci-

1955 2105 2022 2159 sti
2047 2105 2298 2159 mandato
2336 2114 2447 2167 tuo,
2494 2106 2620 2188 quia
2663 2104 2719 2159 in
2761 2114 3011 2169 tetanum
3040 2104 3168 2169 mihi
3195 2111 3290 2174 est.
3342 2101 3553 2173 inimici

1954 2195 2230 2275 propheta:
2243 2193 2411 2263 Judaei
2438 2204 2586 2261 sunt,
2606 2195 2698 2272 qui
2722 2194 3075 2264 spiritualiter
3093 2210 3199 2249 non
3217 2192 3520 2266 intelligunt
3539 2207 3555 2263 ;

1956 2284 2152 2354 quibus
2190 2284 2597 2355 prudentiorem
2628 2284 2894 2354 Propheta
2932 2299 2997 2351 se
3024 2284 3151 2341 dicit
3171 2324 3187 2353 ,
3233 2286 3359 2355 quia
3390 2284 3444 2338 in
3469 2283 3559 2339 his

1957 2374 2229 2443 mandatis
2277 2390 2398 2444 qua:
2428 2374 2483 2430 in
2513 2384 2778 2444 aeternum
2807 2382 3007 2443 servat,
3057 2382 3341 2443 venturum
3372 2372 3556 2448 Domi:

1956 2479 2086 2520 num
2111 2464 2393 2539 praevidet.

2031 2556 2197 2611 Vsus.
2225 2553 2314 2610 99.
2354 2583 2425 2594 -—
2460 2551 2632 2624 Super
2677 2569 2857 2623 omnes
2894 2554 3140 2619 docentes
3186 2570 3267 2616 me
3304 2552 3558 2623 intellexi,

1956 2648 2082 2720 quia
2125 2646 2425 2716 testimonia
2465 2654 2558 2699 tua
2594 2644 2865 2698 meditatio
2913 2660 3028 2698 mea
3077 2653 3175 2697 est.
3225 2642 3373 2720 Quos
3398 2659 3560 2714 supe-

1958 2717 2091 2806 riori
2143 2752 2303 2792 versu
2353 2735 2604 2799 inimicos
2649 2734 2826 2801 dixit,
2875 2734 2966 2789 hic
3010 2717 3260 2789 doctores
3296 2733 3554 2804 appellat,

1960 2829 2248 2901 magistros
2286 2827 2492 2884 scilicet
2521 2826 2826 2882 Phariszeos
2852 2825 3158 2899 designans,
3183 2827 3275 2895 qui
3301 2840 3359 2881 se
3377 2827 3444 2881 ad
3471 2827 3556 2899 lit.-

1961 2928 2133 2975 teram
2159 2926 2404 2985 tenentes
2424 2915 2718 2988 spiritalem
2745 2914 3156 2987 intelligentiam
3189 2914 3554 2988 negligebant,

1960 3012 2184 3069 Talibus
2229 3025 2359 3083 ergo
2408 2993 2720 3066 doctoribus
2764 3009 2964 3065 cohors
3008 3008 3320 3080 evangelica
3366 3006 3561 3068 melius

1963 3103 2235 3174 intelligit,
2283 3102 2431 3173 quia,
2462 3101 2823 3171 pravitatibus
2848 3114 3036 3156 eorum
3063 3098 3359 3168 repudiatis
3386 3139 3400 3163 ,
3444 3099 3556 3153 sin-

1964 3209 2146 3249 ceram
2171 3192 2476 3248 doctrinam
2514 3192 2728 3247 Domini
2763 3206 2860 3261 per
2887 3190 3291 3264 meditationem
3319 3190 3563 3246 testium—

1966 3286 2178 3341 nierum
2205 3284 2322 3353 ejus
2361 3284 2657 3340 secundum
2704 3267 2991 3338 veritatem
3036 3281 3365 3353 intellectam
3406 3279 3563 3354 [lis.,

1968 3372 2296 3447 intellectus]
2328 3373 2559 3444 accepit.

2039 3464 2205 3522 Vens.
2235 3464 2361 3521 100.
2386 3495 2459 3506 -
2497 3463 2672 3537 Super
2711 3465 2942 3520 seniores
2969 3463 3222 3529 intellexi,
3259 3465 3386 3534 quia
3410 3479 3565 3519 mau-

1968 3554 2097 3609 data
2124 3564 2216 3609 tua
2250 3554 2487 3626 gemini.
2526 3553 2716 3610 Melius
2745 3555 2931 3622 utique
2954 3552 3185 3621 populus
3213 3566 3387 3607 novus
3412 3553 3566 3607 intclo

1970 3646 2120 3710 lexit,
2160 3646 2252 3715 qui
2300 3648 2537 3715 suscepit
2570 3644 2846 3700 Christum
2890 3642 3011 3712 ejus
3051 3643 3304 3699 mandata
3347 3646 3564 3716 perqui-

1972 3737 2160 3802 rendo,
2197 3750 2359 3806 quam
2385 3734 2658 3795 Judaicus,
2691 3734 2784 3803 qui
2809 3748 2934 3789 eum
2962 3733 3343 3792 mortiﬁcaudo
3367 3735 3573 3792 occidit

1973 3827 2126 3901 [Ms.,
2163 3825 2598 3881 mortiﬁcandum
2627 3822 2904 3896 credidit].

2045 3919 2209 3987 Vens.
2247 3916 2370 3970 101.
2406 3944 2478 3955 -—
2507 3914 2585 3971 Alt
2632 3914 2776 3977 omni
2814 3915 2898 3968 via
2944 3912 3087 3973 mala
3130 3915 3372 3985 prohibui
3412 3916 3567 3986 pedes

1972 4024 2129 4072 meos,
2162 4017 2219 4062 ut
2254 4005 2548 4071 custodiam
2589 4004 2742 4060 verba
2784 4012 2896 4059 tua.
2946 4003 3032 4060 Ab
3065 4004 3214 4058 omni
3262 4005 3350 4058 vis
3380 4004 3564 4070 mala;

1973 4101 2340 4155 membrorum
2377 4105 2463 4152 est
2494 4096 2614 4160 haec
2658 4111 2786 4162 vox,
2835 4110 2945 4151 non
2996 4094 3211 4165 capitis.
3266 4091 3384 4149 Non
3421 4093 3568 4148 enim

1975 4191 2090 4261 ipse
2126 4188 2378 4255 Salvator
2396 4187 2644 4258 corporis
2677 4185 2804 4247 ullis
2835 4184 3290 4257 concupiscentiis
3313 4183 3570 4256 pulsaba-

1974 4292 2083 4347 tur,
2131 4288 2193 4336 ut
2226 4282 2276 4337 ei
2316 4294 2538 4338 necesse
2571 4288 2717 4336 esset
2758 4279 2924 4349 pedes
2965 4293 3093 4335 suos
3135 4277 3427 4355 custodire.
3476 4274 3569 4333 Sic

1974 4374 2120 4429 enim
2160 4374 2328 4428 verba
2362 4372 2458 4427 Dei
2492 4386 2781 4442 possumus
2818 4370 3115 4436 custodire,
3160 4370 3208 4425 si
3244 4378 3366 4440 post
3395 4369 3568 4425 malas

1978 4473 2193 4520 nostras
2212 4462 2680 4533 concupiscentias
2699 4477 2806 4517 non
2830 4476 3042 4517 eamus.

2051 4556 2212 4613 Vens.
2246 4554 2367 4609 102.
2397 4583 2471 4594 -
2495 4554 2540 4607 Α
2559 4553 2784 4624 judiciis
2834 4555 2939 4608 tuis
2983 4569 3087 4608 non
3122 4551 3403 4619 declinari,
3447 4554 3573 4625 quia

1976 4659 2034 4705 tu
2064 4648 2229 4719 legem
2255 4646 2473 4718 posuisti
2502 4645 2653 4699 mihi.
2707 4645 2789 4699 Tu
2822 4644 2996 4716 legem
3027 4643 3301 4715 Evangelii
3345 4642 3575 4715 posuisti

1976 4741 2110 4797 mihi
2143 4758 2157 4795 :
2203 4739 2294 4794 illa
2321 4739 2465 4794 enim
2510 4735 2746 4792 Mosaica
2777 4736 2863 4791 lex
2914 4736 3240 4807 paedagogus
3273 4733 3414 4800 fuit;
3467 4734 3572 4791 ista

1980 4834 2147 4890 totius
2175 4831 2368 4906 [Edit.,
2410 4830 2522 4886 Lex
2568 4829 2843 4902 Evangelii
2869 4828 3093 4885 libertas
3126 4826 3316 4900 totius]
3344 4827 3576 4898 plenitu-

1979 4925 2123 4981 dinis
2149 4924 2376 4981 donavit
2406 4922 2681 4980 effectum.
2729 4921 2919 4978 Merito
2941 4936 3071 4990 ergo
3101 4927 3323 4975 sanctus
3347 4916 3577 4989 populus

1981 5014 2049 5070 de
2098 5015 2203 5070 hac
2253 5013 2370 5085 lege
2418 5012 2687 5082 gaudebat
2711 5052 2726 5077 ,
2782 5025 2947 5081 quam
3002 5008 3276 5065 credendo
3324 5020 3577 5076 suscepe-

1982 5115 2090 5161 rat.

2060 5196 2218 5251 Vens.
2253 5193 2376 5250 105.
2403 5224 2475 5235 —
2499 5193 2672 5259 Quam
2701 5193 2878 5248 dulcia
2912 5192 3154 5264 faucibus
3195 5191 3323 5245 meis
3368 5188 3575 5260 eloquia

1984 5299 2099 5351 tua,
2138 5285 2389 5347 Domine,
2432 5300 2589 5356 super
2628 5284 2729 5338 mel
2770 5294 2819 5337 et
2862 5284 3039 5355 {avum
3070 5282 3152 5336 ori
3188 5297 3321 5334 meo.
3370 5277 3577 5333 Fauces

1984 5393 2128 5433 enim
2154 5374 2335 5431 cordis
2376 5388 2574 5429 arcana
2618 5373 2948 5445 signiﬁcant.
2991 5371 3085 5428 ubi
3108 5368 3323 5441 eloquia
3362 5366 3578 5424 Domini

1984 5468 2302 5539 spiritaliter
2326 5465 2701 5535 intelliguntur
2719 5474 2775 5521 et
2798 5464 3110 5536 diliguntur.
3151 5462 3253 5518 Mel
3279 5470 3364 5518 est
3390 5468 3576 5534 aperta

1986 5562 2252 5626 doctrina,
2282 5557 2436 5614 favus
2457 5567 2688 5615 secreta.

2060 5653 2223 5708 Vens.
2254 5647 2377 5704 iN.
2405 5678 2477 5689 —-
2500 5647 2540 5703 Α
2567 5647 2835 5703 mandatis
2861 5649 2966 5703 tuis
2986 5647 3218 5704 intellexi
3243 5646 3392 5721 [quia
3417 5647 3578 5701 liouzo

1991 5743 2057 5798 ad
2085 5741 2419 5798 occultorum
2451 5740 2769 5809 sapientiam
2816 5755 2913 5810 per
2948 5740 3306 5794 obedientiam
3335 5738 3577 5809 pem-nit
