4020 6188
412 308 511 363 iiii

1262 302 1322 355 B.
1365 299 1424 354 Ρ.
1467 297 1694 355 ΑιΒιΝι
1733 296 1863 352 εει]
1906 292 2181 349 Αιευιλι
2220 292 2503 348 OI’ERL'M
2542 294 2719 349 PARS
2754 294 2815 349 ll.

3578 295 3681 349 611

416 420 812 494 mandatorum]
856 420 1130 489 Propterea
1181 414 1404 489 [inquit]
1446 413 1565 470 odio
1605 413 1764 468 ltabui
1792 427 1994 465 omnem
2025 415 2069 467 Δ
2098 407 2243 463 data.
2284 407 2351 464 In
2375 420 2622 463 rrternum
2650 419 2857 480 propter
2887 408 3270 462 retributionem
3293 408 3418 463 vita:
3448 418 3682 476 merum.

416 519 551 573 riam
581 513 891 584 iniquitatis.
940 509 1171 565 Necesse
1198 516 1281 563 est
1309 507 1451 562 enim
1491 513 1550 560 ut
1593 504 1767 560 oderit
1802 500 2000 570 iniqui-

419 620 582 667 tatem
611 620 795 663 amore
816 604 1060 674 justitiae.

489 699 650 753 Vens.
679 695 798 751 105.
831 727 900 736 -
927 695 1165 749 Lucerna
1194 692 1408 763 pedibus
1434 692 1564 745 meis
1593 689 1800 744 eertum
1828 697 1995 749 tuum,

414 787 674 852 Domine,
719 798 767 841 et
799 785 972 840 lumen
1001 784 1194 840 seruilis
1222 784 1367 837 meis.
1423 781 1479 836 Si
1526 780 1578 833 in
1624 780 1780 847 hujus
1818 777 1997 831 smcult

417 879 667 934 noctibus
705 877 758 931 iu
790 876 943 929 nobis
970 875 1118 928 verbi
1150 873 1243 928 Dei
1289 872 1462 926 luceat
1489 870 1690 932 lumen,
1720 882 1824 921 non
1863 865 1997 920 inci-

420 972 549 1029 dent
578 968 731 1042 [Ms.,
769 965 1046 1039 incedunt]
1073 966 1233 1035 pedes
1261 963 1431 1019 nostri
1463 962 1516 1016 iu
1546 961 1766 1030 laqueos
1797 957 1998 1011 funium

421 1076 486 1115 ac
512 1058 807 1129 praecipitia
837 1057 1132 1121 i'ovearum,
1188 1070 1306 1122 qum
1336 1067 1526 1106 manus
1554 1051 1686 1104 artis
1724 1047 2002 1103 diabolicae

423 1149 476 1204 in
508 1147 707 1202 nostris
736 1144 1072 1201 oll‘endiculis
1113 1140 1453 1211 praeparavit.
1493 1139 1561 1192 Et
1606 1137 1779 1190 lumen
1806 1133 2001 1187 semitis

424 1240 571 1299 meis.
594 1248 652 1293 ut
681 1239 781 1293 hoc
808 1236 1006 1291 lumine
1032 1241 1323 1304 prmeuute,
1358 1231 1485 1285 dum
1507 1231 1630 1284 vitae
1659 1227 1814 1282 istius
1837 1224 2000 1279 semi-

422 1337 505 1384 tas
549 1329 824 1400 gradimur
843 1367 859 1392 ,
889 1326 956 1381 ad
986 1325 1128 1381 illam
1168 1340 1286 1393 qum
1314 1336 1439 1376 vera
1468 1321 1553 1375 via
1585 1326 1667 1374 cst
1694 1359 1709 1383 ,
1738 1315 2002 1387 perduca-

426 1436 570 1477 mur.

493 1512 655 1569 Vens.
692 1510 810 1567 106.
845 1542 919 1553 —
955 1509 1141 1565 Jurat'i
1190 1518 1240 1563 et
1286 1507 1448 1563 statui
1501 1504 1762 1559 custodire
1795 1502 2005 1573 judicia

417 1603 640 1675 iustitia:
685 1612 807 1658 ture.
861 1601 1048 1656 Iuravi
1095 1608 1271 1653 autem
1313 1596 1595 1667 appellavit
1638 1593 2003 1664 juramentum

421 1695 567 1765 quod
612 1695 799 1749 statuit
827 1709 922 1763 per
951 1699 1370 1752 sacramentum,
1421 1688 1543 1757 quia
1577 1687 1650 1740 ita
1679 1685 1838 1739 debet
1884 1696 2004 1737 esse

422 1751 577 1840 mens
614 1783 716 1838 lixa
748 1785 800 1837 in
831 1782 1196 1838 custodiendis
1222 1779 1431 1845 iudiciis
1452 1776 1675 1847 justitize
1707 1775 1824 1838 Dei,
1850 1781 1909 1827 ut
1935 1773 1998 1827 sit
2036 1751 2075 1808 Β

422 1874 643 1929 omnino
667 1889 763 1945 pro
780 1872 1050 1954 iuratione
1082 1870 1223 1941 quod
1249 1870 1454 1925 statuit.

491 1982 657 2038 Vens.
691 1981 810 2036 107.
843 2012 913 2021 -
949 1979 1273 2034 Ilumiliatus
1310 1994 1424 2032 sum
1473 1990 1856 2046 usquequaque,
1894 1972 2004 2026 Do-

423 2072 582 2135 mine,
615 2072 817 2141 rivi/ica
838 2088 917 2124 me
942 2070 1227 2125 secundum
1257 2069 1462 2122 verbum
1489 2076 1654 2120 tuum.
1692 2065 1887 2120 Didicit
1909 2064 2008 2118 ltu-

423 2162 732 2226 militatem,
781 2177 942 2231 quam
982 2159 1228 2215 Christus
1265 2158 1470 2218 docuit,
1519 2157 1606 2226 qui
1644 2156 1789 2210 mitis
1832 2165 1914 2210 est
1954 2163 2008 2211 et

426 2250 646 2307 humilis
672 2252 851 2305 corde.
902 2250 1025 2305 ideo
1067 2264 1208 2303 nunc
1248 2246 1596 2316 deprecatur,
1639 2255 1699 2300 ut
1736 2245 1877 2300 sicut
1920 2244 2008 2301 ille

426 2342 548 2413 post
574 2340 930 2396 humilitatem
959 2340 1145 2395 forma:
1176 2336 1385 2393 servilis
1422 2337 1689 2392 exaliatus
1714 2347 1797 2393 est
1823 2337 1875 2390 in
1897 2336 2009 2406 glo-

427 2433 563 2488 riam
592 2432 683 2486 Dei
708 2431 907 2495 Patris,
952 2432 1023 2485 ita
1051 2439 1104 2485 et
1128 2430 1175 2484 is
1198 2445 1230 2483 e
1253 2430 1321 2483 ab
1358 2429 1460 2483 hac
1486 2428 1788 2484 humilitate
1814 2442 2007 2497 corpo-

430 2536 523 2579 rea
552 2523 607 2577 in
640 2520 803 2576 vitam
836 2519 1192 2576 transferatur
1223 2529 1502 2574 :eternam.

498 2631 662 2688 Vsus.
702 2630 821 2687 108.
848 2662 921 2672 -
960 2628 1265 2686 Voluntaria
1290 2632 1396 2684 oris
1424 2631 1523 2684 mei
1550 2629 1869 2700 beneplacita
1899 2631 2007 2700 fac,

426 2718 669 2786 Domine,
693 2732 740 2775 et
757 2720 966 2791 judicia
992 2730 1083 2773 tua
1114 2719 1240 2774 doce
1265 2737 1364 2774 me.
1406 2720 1521 2776 Vox
1560 2719 1841 2784 Ecclesiae;
1873 2736 1938 2776 ac
1963 2721 2008 2776 si

427 2798 591 2874 dicat,
637 2819 761 2864 vota
809 2824 950 2874 mea,
994 2824 1115 2878 quas
1150 2808 1244 2863 tibi
1270 2808 1471 2872 oll‘cro,
1506 2810 1835 2879 beueplacita
1864 2808 2009 2882 [tibi]

426 2900 555 2962 sint.
602 2900 782 2966 idest,
830 2898 1179 2968 acceptabilia
1224 2908 1279 2954 et
1308 2900 1666 2955 delectabilia.
1711 2900 1779 2955 Et
1798 2901 2010 2971 judicia

427 2998 521 3045 tua
548 2990 676 3044 doce
699 3005 801 3055 me,
847 2988 949 3044 hoc
981 2996 1085 3054 est,
1119 2999 1208 3044 tua
1236 2991 1511 3056 mandata,
1554 3000 1613 3045 ut
1638 2991 1929 3062 intelligam
1957 2998 2010 3043 ct

431 3080 707 3150 impleam.

497 3190 657 3263 371
691 3189 856 3247 Vsus.
885 3190 1007 3248 100.
1035 3222 1111 3235 -
1132 3193 1321 3249 Anima
1353 3211 1469 3249 mea
1512 3197 1568 3249 in
1609 3194 1850 3249 manibus
1886 3196 2013 3250 meis

431 3264 579 3355 [δίδη
624 3279 754 3355 tuis]
782 3299 1005 3352 semper,
1039 3297 1087 3338 et
1126 3284 1286 3354 legem
1325 3295 1470 3339 tuam
1519 3300 1621 3338 non
1648 3300 1766 3339 sum
1801 3284 2011 3339 oblitus.

427 3374 704 3434 Justorum
749 3378 893 3433 enim
930 3378 1126 3433 animm
1154 3378 1209 3433 in
1243 3394 1404 3435 manu
1445 3379 1540 3434 Dei
1583 3386 1726 3441 sunt,
1775 3378 1829 3433 in
1863 3375 2016 3446 cujus

429 3483 592 3527 manu
619 3484 805 3525 sumus
830 3467 983 3541 μὴ..
1031 3467 1180 3542 sunt]
1208 3477 1265 3524 et
1299 3484 1397 3524 nos
1436 3478 1491 3524 et
1514 3480 1794 3524 sermones
1819 3468 2011 3523 nostri.

430 3556 500 3621 Et
523 3557 684 3629 legem
707 3569 874 3623 tuam,
918 3559 1117 3627 inquit,
1143 3576 1245 3613 non
1272 3575 1387 3613 sum
1408 3557 1618 3614 oblitus.
1648 3558 1924 3626 Tanquam
1948 3558 2016 3612 ad

342 3697 349 3703 .
430 3664 539 3703 non
567 3650 985 3706 obliviscendum
1012 3649 1107 3705 Dei
1151 3650 1328 3721 legem
1356 3652 1409 3711 in
1434 3650 1681 3706 manibus
1709 3648 1876 3718 ipsius
1915 3649 2014 3703 ad-

427 3739 646 3810 juvetur
668 3741 785 3812 ejus
807 3744 1085 3798 memoria.

510 3851 666 3906 Vens.
699 3852 820 3907 110.
850 3881 923 3893 --
954 3848 1246 3909 Pasuerunt
1287 3865 1584 3926 peccatores
1613 3853 1828 3926 laqueos
1864 3855 2009 3908 milii.

434 3941 589 4015 Quos
616 3943 840 4015 laqueos
857 3944 883 3998 Ἰ
908 3959 1067 4000 secus
1089 3946 1233 4000 viam
1260 3946 1465 4016 positos
1487 3954 1542 4001 et
1586 3945 1742 4018 [Ms.,
1764 3947 1909 4016 quod
1939 3947 2017 4001 la-

435 4052 602 4111 queus
627 4052 783 4093 secus
807 4036 949 4090 viam
976 4036 1196 4105 ponitur
1222 4035 1369 4108 et...]
1400 4038 1443 4091 si
1482 4052 1731 4107 egressus
1757 4037 1933 4092 fueris
1952 4039 2019 4094 de

434 4130 543 4195 via,
564 4128 721 4185 ’cadis
747 4128 801 4181 in
830 4125 1071 4195 laqueos.
1116 4124 1255 4191 Quid
1279 4133 1406 4179 sunt
1446 4126 1534 4180 isti
1564 4125 1761 4195 laquei,
1803 4127 1905 4182 nisi
1934 4144 2018 4182 re-

432 4221 633 4277 tiacula
680 4216 836 4292 [Ms.,
884 4214 1177 4288 tendicula]
1230 4215 1469 4298 diaboli,
1515 4215 1601 4269 vel
1647 4218 2017 4286 suggestiones

434 4310 733 4369 dmmonis?
776 4307 919 4363 Vitia
949 4306 1110 4361 etiam
1146 4313 1203 4362 et
1243 4315 1464 4377 peccata
1502 4313 1725 4375 possunt
1768 4306 2013 4378 intelligi.

2102 510 2157 555 ut
2197 500 2342 556 illam
2371 514 2582 556 merear
2611 501 2906 573 percipere.

2173 591 2331 646 Vens.
2368 591 2488 646 115.
2529 620 2601 630 -—
2644 590 2860 661 lniquos
2903 591 3025 645 odio
3061 590 3221 644 habui
3255 600 3305 645 et
3338 589 3503 663 legem
3540 602 3685 648 tuam

2098 680 2280 736 dilexi.
2334 680 2469 736 Cum
2505 681 2752 737 dixisset.
2788 682 2993 752 iniquos
3023 681 3142 735 odio
3187 682 3384 749 habui,
3430 685 3613 753 posuit
3632 695 3683 740 et

2099 787 2286 841 quare.
2313 773 2576 836 addendo,
2608 783 2657 826 et
2682 772 2843 843 legem
2872 783 3015 825 tuam
3049 772 3233 840 dilexi,
3263 784 3323 829 ut
3347 775 3684 831 demonstra-

2100 871 2183 918 ret
2208 879 2314 917 non
2341 878 2398 918 se
2422 864 2472 918 iu
2501 863 2807 919 hominibus
2834 862 3031 932 iniquis
3055 864 3234 918 odisse
3265 874 3536 930 naturam,
3560 868 3684 936 quia

2100 955 2347 1011 homines
2367 963 2530 1020 sunt;
2561 958 2652 1009 se-l
2681 954 3043 1024 iniquitatem,
3072 956 3196 1026 quia
3226 955 3378 1025 legis,
3408 972 3572 1028 quam
3600 959 3680 1014 di-

2100 1047 2234 1117 ligit,
2270 1046 2474 1101 inimici
2504 1054 2649 1101 sunt.

2171 1138 2334 1193 Vsus.
2362 1135 2482 1190 1M.
2507 1136 2827 1204 —Adiutor
2867 1145 2916 1190 et
2952 1146 3220 1209 susceptor
3245 1154 3389 1193 meus
3432 1155 3486 1193 es
3523 1149 3601 1204 tu,
3638 1150 3690 1195 et

2101 1228 2156 1281 in
2203 1226 2411 1280 uerbum
2441 1235 2589 1279 tuum
2635 1229 3014 1298 supersperavi.
3054 1226 3282 1298 At’jutor
3322 1230 3374 1283 in
3416 1233 3687 1301 pratsenti.

2101 1330 2380 1384 suscep:or
2417 1320 2470 1371 in
2508 1316 2706 1372 futuro.
2750 1318 2819 1372 Et
2848 1319 2902 1373 in
2946 1318 3123 1373 Verbo
3153 1330 3246 1373 tuo
3292 1321 3542 1390 sperabo,
3592 1323 3694 1377 hoc

2102 1420 2201 1476 est,
2233 1412 2286 1466 in
2309 1409 2545 1474 Christo,
2579 1407 2701 1476 qnia
2731 1407 2965 1462 Verbum
2992 1407 3171 1463 Patris
3197 1407 3365 1465 Filius
3394 1420 3494 1465 est.

2174 1504 2335 1557 Vsus.
2369 1500 2490 1555 115.
2508 1529 2579 1539 -—
2608 1495 2895 1563 Declinate,
2924 1514 2955 1549 a
2975 1513 3056 1551 me
3080 1498 3320 1569 maligni,
3346 1511 3394 1553 et
3422 1499 3695 1556 scrutabor

2102 1595 2352 1650 mandata
2381 1592 2477 1647 Dei
2502 1592 2623 1645 mei.
2654 1589 2868 1660 blaligni
2895 1589 2983 1644 hic
3007 1598 3132 1644 sunt
3162 1590 3453 1656 daemones,
3487 1592 3613 1646 vitia
3640 1602 3693 1647 et

2102 1692 2320 1753 peccata
2345 1724 2359 1746 ,
2399 1680 2484 1736 vel
2526 1678 2848 1734 adversaria:
2883 1685 3214 1747 potestates:
3252 1678 3388 1744 Quia
3418 1681 3541 1735 dum
3594 1681 3693 1750 ipsi

2108 1776 2201 1830 tibi
2241 1773 2538 1828 tendiculas
2566 1778 2890 1841 prmparant,
2922 1778 2974 1823 et
3013 1770 3382 1840 suggi-stioncs
3409 1772 3691 1841 pessimas.

2104 1882 2209 1922 non
2248 1874 2399 1936 potes
2442 1862 2670 1918 scrutari
2696 1862 2948 1915 mandata
2977 1861 3070 1916 Dei
3114 1863 3212 1928 tui,
3242 1872 3303 1916 ut
3325 1862 3415 1918 illa
3442 1865 3574 1919 bene
3611 1865 3693 1918 in-

2105 1955 2333 2025 telligas.
2385 1952 2490 2007 Sed
2520 1952 2564 2006 si
2605 1949 2843 2005 volucris
2880 1952 3254 2022 pmnitentiam
3291 1969 3471 2024 agere,
3516 1970 3695 2027 segre-

2105 2060 2234 2117 gare
2263 2055 2313 2099 te
2334 2045 2502 2098 babes
2536 2043 2605 2097 ab
2633 2042 2849 2097 illorum
2875 2043 3169 2098 consortio.

2178 2135 2338 2189 Vens.
2373 2132 2493 2187 116.
2514 2162 2579 2172 -
2595 2132 2813 2203 Suscipe
2833 2149 2933 2196 me,
2955 2133 3240 2187 secundum
3260 2133 3522 2205 eloquium
3548 2148 3695 2192 tuum

2105 2238 2153 2283 et
2191 2228 2353 2282 vivam
2376 2267 2391 2289 ,
2431 2234 2478 2280 et
2511 2241 2613 2279 non
2634 2223 2928 2294 confundas
2959 2240 3038 2277 me
3061 2224 3123 2278 ab
3151 2228 3532 2295 exspectatione
3560 2246 3694 2285 ntea.

2109 2322 2222 2376 Vox
2234 2316 2729 2387 Ecclesianptantis
2741 2324 2801 2369 ut
2812 2316 2994 2371 veniat
3005 2330 3233 2386 sponsus
3246 2325 3299 2371 et
3311 2320 3562 2388 suscipiat
3577 2335 3695 2377 cam

2106 2404 2356 2482 sponsam
2383 2409 2506 2473 sibi,
2536 2408 2678 2463 sicut
2702 2408 2951 2479 promisit
2973 2408 3027 2463 in
3053 2409 3267 2479 eloquio
3290 2412 3696 2483 prophetam.

2106 2503 2177 2558 Et
2204 2505 2369 2558 vivam
2396 2502 2449 2555 iu
2468 2500 2701 2570 justitia,
2731 2501 2858 2571 quia
2884 2501 3045 2555 modo
3073 2511 3319 2557 mortuus
3343 2519 3461 2558 sum
3491 2505 3544 2560 in
3573 2522 3695 2577 pec-

2108 2597 2264 2652 catis.
2296 2594 2364 2650 Et
2390 2612 2492 2648 non
2516 2593 2809 2663 confundas
2849 2610 2951 2659 me,
2984 2593 3030 2649 si
3060 2593 3150 2650 ille
3178 2610 3336 2667 quem
3366 2609 3617 2673 exspecto
3641 2611 3697 2656 et

2109 2687 2432 2760 promisisti,
2459 2686 2640 2741 veniat
2667 2686 2818 2740 mihi.

2180 2777 2343 2832 Vens.
2374 2774 2494 2829 H7.
2522 2805 2594 2815 ——
2622 2774 2829 2845 Adjuva
2858 2792 2959 2831 me.
2987 2775 3262 2832 Auxilium
3292 2790 3484 2850 rogat;
3513 2792 3561 2835 et
3588 2784 3697 2836 sal-

2109 2883 2202 2921 uus
2235 2883 2322 2920 ero
2353 2866 2407 2920 in
2437 2865 2638 2929 anima,
2682 2866 2726 2921 si
2754 2866 2970 2921 veneris
2996 2877 3050 2921 et
3079 2883 3165 2923 me
3188 2867 3431 2937 adjuves,
3466 2882 3513 2926 et
3535 2875 3698 2928 medi-

2110 2955 2262 3008 tabor
2288 2954 2471 3007 in'tuis
2488 2953 2961 3023 justiﬁcationibus
2997 2972 3221 3027 semper,
3257 2959 3375 3013 sine
3409 2961 3532 3016 line.

2184 3042 2347 3096 Vens.
2390 3043 2509 3097 118.
2540 3073 2609 3082 --
2636 3041 2887 3113 Sprevisti
2916 3059 3091 3099 omnes
3130 3045 3448 3102 discedentes
3479 3067 3509 3102 a
3527 3052 3699 3121 gusti-

2114 3133 2201 3186 tiis
2229 3133 2353 3197 tuis,
2385 3134 2508 3203 quia
2528 3133 2728 3203 injusta
2756 3131 3002 3202 cogitatio
3025 3150 3227 3188 eorum.
3260 3136 3592 3193 Declaratum
3617 3150 3700 3195 est

2111 3237 2211 3277 cur
2256 3224 2633 3277 assumebatur
2684 3219 3129 3289 iustiﬁcationum
3178 3223 3389 3281 Domini
3445 3227 3703 3298 frequens

2113 3314 2410 3377 meditatio,
2456 3315 2710 3383 quoniam
2756 3323 3085 3384 spernuntur
3128 3333 3158 3371 a
3196 3319 3442 3385 Domino,
3495 3323 3584 3392 qui
3629 3327 3702 3379 ab

2113 3405 2229 3473 ejus
2248 3404 2636 3475 justiticatioue
2670 3405 2972 3461 discedunt.
3018 3406 3345 3466 Justiiicatio
3389 3422 3475 3471 est
3503 3429 3697 3485 pecca-

2115 3507 2292 3552 torum
2326 3511 2461 3566 pura
2490 3496 2757 3552 confessio
2786 3498 3051 3553 Domino:
3101 3501 3198 3566 Qui
3230 3502 3320 3555 tali
3361 3518 3420 3557 se
3463 3505 3705 3564 remedio

2113 3589 2309 3645 salvari
2333 3587 2460 3660 [Ms.
2480 3628 2494 3654 ,
2518 3588 2732 3663 sanare]
2760 3589 3080 3661 despiciunt,
3106 3591 3301 3663 iujusta
3325 3595 3581 3667 cogitatio
3610 3613 3707 3653 eo-

2113 3695 2234 3735 rum
2261 3688 2362 3734 εει.

2183 3771 2347 3827 Vens.
2380 3770 2501 3825 119.
2529 3800 2601 3811 -
2631 3770 3071 3829 Prwvaricatores
3102 3775 3334 3845 reputavi
3382 3792 3560 3832 omnes
3585 3794 3709 3847 pce-

2114 3873 2314 3917 catores
2345 3872 2520 3926 terrae,
2565 3862 2682 3916 ideo
2702 3863 2865 3917 dilexi
2889 3865 3064 3918 omnia
3093 3864 3389 3919 testimonia
3411 3876 3523 3921 tua.
3574 3866 3706 3924 Hatc

2114 3953 2256 4009 enim
2286 3952 2417 4007 dicit
2442 3950 2711 4020 Propheta
2741 3952 2795 4006 in
2821 3967 3049 4023 persona
3077 3953 3356 4021 Ecclesim,
3405 3949 3531 4026 quia
3579 3965 3706 4012 ante

2115 4042 2404 4096 adventum
2438 4039 2639 4096 Christi
2666 4044 3087 4113 prazvaricantes
3121 4053 3302 4104 erant,
3330 4045 3457 4115 quia
3487 4045 3585 4113 sub
3607 4046 3705 4101 de-

2114 4135 2228 4192 bito
2253 4136 2595 4197 tenebantur.
2628 4143 2849 4205 propter
2875 4135 3375 4205 praevaricationem
3416 4136 3572 4206 primi
3605 4136 3704 4191 ho-

2116 4226 2279 4282 minis
2319 4225 2470 4281 Adm.
2524 4224 2638 4280 Non
2666 4240 2857 4280 omnes
2888 4233 3202 4295 peccatores
3240 4226 3705 4294 praevaricatores,

2117 4315 2212 4370 sed
2239 4330 2429 4370 omnes
2478 4316 2923 4384 praevaricatores
2974 4323 3309 4385 peccatores.
3365 4314 3492 4369 Ideo
3539 4315 3710 4372 dilexi

435 4407 501 4462 Et
537 4407 592 4461 in
629 4403 890 4459 mandatis
923 4403 1027 4457 tuis
1059 4418 1164 4456 non
1188 4400 1380 4456 erraui.
1412 4398 1528 4456 Vox
1571 4399 1844 4455 Ecclesia.
1900 4398 2014 4453 Non
2046 4405 2413 4487 “testimonia
2436 4415 2531 4459 tua
2552 4444 2567 4469 ,
2606 4419 2673 4459 ne
2703 4406 2755 4460 in
2778 4405 2865 4459 bis
2887 4406 3273 4483 praevaricator
3294 4419 3597 4474 appaream.

432 4495 612 4551 erravi
658 4510 691 4550 a
752 4493 1025 4549 mandatis
1078 4492 1221 4557 tuis,
1275 4492 1369 4547 sed
1418 4491 1656 4547 consisto
1710 4490 1766 4545 in
1819 4504 2013 4560 opera-

437 4589 603 4643 tione.

504 4678 669 4736 Vctts.
701 4678 822 4733 111.
848 4706 918 4719 —-
956 4674 1281 4731 "(creditote
1301 4674 1550 4745 acquisiui
1593 4674 1890 4729 testimonia
1925 4681 2016 4725 tua

432 4775 489 4828 in
509 4782 783 4835 aeternum,
813 4767 1059 4840 quoniam
1081 4763 1362 4820 exsultatio
1391 4764 1562 4818 cordis
1587 4763 1687 4816 mei
1711 4770 1851 4815 sunt.
1901 4759 2013 4815 Tua

434 4861 741 4920 testimonia
782 4867 839 4914 et
867 4866 956 4912 tua
982 4864 1278 4927 praecepta,
1311 4857 1415 4911 hoc
1439 4862 1542 4917 est,
1582 4868 1701 4908 mea
1730 4852 2019 4908 haereditas

434 4956 491 5013 in
524 4966 806 5016 atternum,
836 4958 893 5006 et
919 4950 1009 5005 hic
1027 4956 1084 5003 et
1108 4948 1163 5003 in
1192 4946 1393 5003 futuro.
1426 4947 1560 5015 Quia
1589 4946 1874 5003 exsultatio
1898 4960 2018 5002 oor-

435 5044 521 5102 dis
551 5044 653 5102 mei
679 5049 805 5098 sunt
847 5050 937 5096 tua
980 5038 1286 5093 testimonia
1311 5077 1326 5101 ,
1364 5037 1468 5092 hoc
1509 5046 1630 5101 est,
1675 5053 1794 5094 mea
1841 5036 2019 5093 exsul-

435 5133 604 5197 tatio,
642 5131 770 5202 quia
812 5128 1051 5184 Ecclesia
1095 5126 1152 5183 in
1191 5126 1460 5182 mandatis
1487 5126 1581 5182 Dei
1620 5126 1919 5184 delectatur
1962 5135 2018 5182 et

436 5221 693 5278 exsultat.
726 5262 727 5265 η

509 5314 673 5369 Visus.
699 5311 821 5367 112.
849 5340 922 5353 -
946 5308 1204 5366 lncliuari
1226 5325 1317 5364 cor
1338 5324 1529 5364 meum.
1576 5308 1692 5365 Non
1727 5308 1799 5365 fui
1830 5324 2018 5381 super-

435 5402 557 5466 bus,
581 5404 674 5459 sed
707 5402 960 5459 humilis:
1007 5410 1063 5457 et
1087 5402 1208 5458 ideo
1234 5400 1484 5456 inclinavi
1509 5415 1606 5456 cor
1632 5416 1831 5461 meum,
1880 5409 1940 5455 ut
1962 5409 2018 5457 te

2184 4496 2349 4552 Vens.
2377 4496 2499 4550 120.
2528 4526 2601 4536 -
2623 4495 2791 4566 Inﬁge
2822 4496 3009 4549 timore
3036 4502 3125 4550 tuo
3150 4512 3333 4551 carnes
3364 4511 3525 4562 meas,
3552 4512 3584 4547 a
3606 4496 3710 4566 ju-

2114 4589 2265 4643 diciis
2300 4588 2436 4643 enim
2461 4588 2565 4643 tuis
2593 4587 2764 4642 timui.
2804 4585 2981 4642 Metuo
3008 4585 3250 4641 futurum
3269 4585 3553 4655 judicium,
3580 4585 3714 4642 ideo

2115 4678 2264 4733 cruci
2298 4687 2403 4732 tuae
2451 4675 2726 4748 conﬁgens
2765 4691 2955 4732 omnes
2994 4675 3459 4745 concupiscentias
3499 4676 3711 4739 carnis.

2115 4767 2210 4823 tibi
2233 4766 2543 4830 convivere,
2571 4764 2665 4820 tibi
2690 4764 2995 4839 [eommori,
3022 4765 3118 4820 tibi
3141 4764 3460 4834 consepeliri
3480 4774 3715 4835 paratus

2115 4874 2255 4923 sum,
2288 4865 2349 4912 ut
2369 4857 2423 4911 in
2450 4855 2632 4911 futuro
2658 4855 2779 4929 tibi]
2805 4856 2985 4912 vivere
3014 4871 3245 4912 merear.

2184 4950 2347 5005 Vens.
2380 4948 2503 5003 121.
2524 4978 2597 4989 —
2624 4946 2752 5003 Feci
2762 4946 3029 5018 judicium
3055 4957 3103 5003 et
3120 4948 3409 5018 justitiam,
3436 4965 3499 5003 ne
3522 4948 3719 5005 tradas

2116 5057 2196 5095 me
2231 5039 2652 5112 persequentibus
2695 5037 2840 5113 [Ms.,
2888 5038 3357 5113 calumniantibus]
3406 5056 3508 5094 me.
3550 5038 3717 5099 Facit

2116 5140 2295 5187 autem
2325 5130 2610 5201 judicium,
2652 5130 2899 5201 quisquis
2924 5137 3113 5185 contra
3157 5116 3465 5200 sejudicat.
3495 5139 3551 5188 et
3583 5147 3720 5202 pra-

2114 5224 2313 5279 vitates
2340 5237 2466 5277 suas
2496 5231 2624 5277 ante
2652 5236 2881 5278 examen
2908 5221 3119 5278 Domini
3159 5219 3306 5290 iusta
3334 5224 3721 5280 exsecratione

2115 5317 2476 5372 condemnat:
2518 5323 2573 5368 et
2610 5312 2877 5383 justitiam
2908 5311 3138 5370 facimus
3178 5315 3397 5385 quando
3432 5330 3530 5386 per
3545 5314 3725 5386 justi-

2117 5405 2245 5459 tiam
2273 5418 2372 5456 nos
2394 5400 2719 5469 judicamus,
2751 5402 2969 5470 quando
2993 5401 3312 5458 delictorum
3346 5401 3720 5481 [nostrorum]

438 5490 789 5562 intelligerem
815 5508 832 5557 ;
865 5493 989 5561 quia
1026 5490 1243 5560 superbi
1292 5506 1400 5545 non
1429 5489 1689 5546 inclinant
1712 5505 1806 5543 cor
1830 5490 1882 5543 in
1912 5491 2015 5543 lm-
2108 5492 2321 5563 judiccs
2344 5489 2498 5564 [ΜεἼ
2520 5491 2784 5566 vindices]
2812 5506 3017 5548 sumus.
3044 5491 3185 5548 Petit
3208 5508 3338 5549 vero
3365 5509 3433 5550 ne
3463 5492 3727 5550 tradatur

438 5582 739 5638 utilitatem.
768 5583 850 5638 Ad
874 5583 1001 5652 quid
1029 5582 1283 5638 inclinavi
1310 5597 1407 5637 cor
1432 5581 1646 5636 meum?
1671 5580 1809 5635 Dicit
1835 5580 2017 5634 Eccle-

438 5676 518 5733 sia
545 5693 558 5730 :
591 5675 660 5729 ad
686 5672 958 5745 faciendas
974 5672 1382 5741 justi/icationcs
1411 5682 1549 5737 tuas,
1583 5669 1683 5725 hoc
1711 5678 1811 5735 est,
1863 5684 2015 5725 man-

2114 5584 2514 5656 peccatoribus,
2571 5585 2663 5654 qui
2708 5593 2931 5654 peccata
2962 5584 3259 5640 damnavit.
3309 5584 3728 5655 Persequentes

2117 5685 2295 5730 autem
2343 5682 2467 5731 sunt
2499 5675 2745 5731 diabolus
2770 5673 2930 5744 372
2973 5690 3095 5728 cum
3140 5675 3405 5730 ministris
3440 5674 3576 5739 suis,
3617 5677 3730 5744 qui
