3996 6194
325 333 432 389 ωδ

1148 328 1557 386 ΕΧΕΕΕΤΙΟΛ.
1602 361 1669 370 -
1711 331 2070 389 ΕΧΡΟΞΙΤΙΟ
2111 334 2176 387 IN
2213 334 2406 387 PSA]...
2446 331 2670 388 CXVIII.

3478 330 3580 385 Gil

325 461 426 501 nos
456 442 725 498 indefessa
748 441 952 495 malitia
982 450 1399 510 persequuntur.
1432 441 1566 496 Hinc.
1585 444 1746 497 etiam
1770 458 1898 512 quo-
1928 451 1970 505 Α
2005 461 2127 501 nem
2191 446 2388 500 factum
2409 485 2423 509 ,
2483 445 2756 515 Virginem
2808 444 3100 513 peperisse,
3153 452 3332 497 mutos
3373 443 3580 499 locutas

322 536 456 592 tidie
480 547 733 605 rogamus
757 532 1016 587 admoniti
1056 530 1328 587 dicentes:
1376 530 1458 586 Ne
1493 532 1713 587 inducas
1737 549 1828 587 nos
1849 533 1902 588 in

321 626 683 681 tentationem.

396 716 559 771 Vens.
594 713 711 769 lii.
738 743 810 754 —
831 712 1050 784 Suscipe
1079 712 1227 786 [Ms.,
1265 714 1416 788 elige]
1445 732 1649 770 servum
1672 725 1820 769 tuum
1847 716 1902 769 in

322 810 536 871 bonum,
568 822 671 860 non
695 804 1080 859 calumnientur
1100 822 1182 859 me
1207 806 1432 876 superbi.
1465 807 1689 876 Suscipe
1710 819 1815 865 me.
1848 805 1902 859 id

318 910 426 962 est,
471 913 540 953 ne
569 897 642 952 illi
667 896 941 967 impellant
961 903 1019 950 ut
1045 897 1234 951 cadam
1263 897 1315 950 in
1360 897 1576 961 malum,
1610 906 1666 950 tu
1691 897 1903 965 suscipe

319 989 375 1044 In
420 990 616 1043 bonum
660 985 815 1061 [Ms.,
864 987 917 1040 in
962 984 1147 1057 bona].
1187 986 1263 1041 tili
1311 988 1710 1042 calumniantur
1745 987 1897 1060 [Ms.,

319 1075 743 1148 calumnientur]
775 1077 829 1129 in
860 1077 1133 1146 superbia,
1166 1087 1220 1131 tu
1250 1078 1302 1131 in
1334 1077 1633 1132 humilitate
1654 1076 1897 1144 defende,

321 1181 379 1227 ut
409 1186 517 1226 non
542 1170 671 1224 mibi
697 1178 929 1224 noceant
955 1168 1237 1222 calumnia:
1263 1169 1637 1237 superborum.

392 1259 556 1315 Vens.
611 1257 729 1311 123.
773 1285 849 1296 -ο-
887 1253 1042 1310 Oculi
1087 1257 1189 1310 mei
1234 1256 1531 1326 defecerunt
1573 1256 1626 1309 in
1671 1255 1901 1310 salutare

320 1360 493 1411 tuum,
519 1358 567 1400 et
591 1348 645 1399 in
670 1344 930 1416 eloquium
942 1345 1168 1415 justitin:
1197 1355 1318 1398 tum.
1359 1335 1537 1415 [Oculi
1565 1342 1687 1416 mei]
1712 1344 1762 1397 in
1789 1342 1901 1400 elo-

319 1441 507 1510 quium
528 1438 754 1507 justitite
779 1437 892 1500 Dei,
942 1438 1044 1491 hoc
1076 1445 1182 1501 est,
1213 1438 1267 1491 in
1305 1436 1716 1505 promissionem
1746 1434 1902 1489 Chri-

318 1532 410 1584 sti.
452 1528 723 1582 Defeci~se
749 1526 885 1581 dixit
915 1525 1098 1581 oculos
1144 1524 1324 1580 cordis
1355 1524 1437 1579 sui
1466 1542 1479 1578 :
1518 1540 1624 1579 non
1653 1524 1780 1594 quia
1819 1524 1902 1578 in-

320 1622 490 1674 tentio
517 1616 874 1672 desiderantis
900 1616 1062 1669 animi
1100 1616 1242 1670 victa
1262 1615 1621 1677 saccuhuerit,
1653 1614 1745 1668 sed
1771 1614 1900 1683 quia

320 1710 375 1764 in
395 1707 850 1775 exspectationem
863 1706 1052 1775 gratia:
1068 1704 1156 1758 Dei
1173 1713 1284 1757 toto
1301 1705 1494 1758 mentis
1506 1704 1701 1757 ardore
1724 1711 1900 1757 trans-

2005 555 2124 595 esse
2153 559 2165 593 :
2206 541 2321 595 hzcc
2350 549 2531 594 autem
2556 539 2737 593 omnia
2765 536 3023 607 parvulis,
3071 535 3126 590 id
3160 544 3244 590 est
3273 535 3568 591 humilibus

2003 636 2260 697 praestant
2284 644 2477 699 purum
2502 628 2851 683 intellectum.

2074 717 2235 771 Vsus.
2270 718 2390 772 151.
2411 747 2486 758 --
2510 716 2582 772 0s
2603 734 2771 770 meum
2793 731 2973 787 operat
3008 725 3058 770 et
3086 718 3282 770 attraxi
3311 718 3577 788 spiritum.

2001 805 2125 874 quia
2151 805 2400 859 mandata
2428 816 2522 859 tua
2545 806 2923 860 desiderabant.
2948 804 3021 860 Os
3040 808 3428 875 meumaperui
3457 824 3581 863 cou~

2000 894 2221 959 mendo,
2256 896 2371 950 sine
2401 904 2452 951 te
2483 897 2558 951 nil
2593 912 2679 951 me
2718 912 2875 966 posse
2902 912 2917 961 ;
2959 905 3015 952 et
3047 898 3245 951 attraxi
3274 899 3328 952 in
3360 914 3445 954 me
3471 902 3581 968 spi-

2003 983 2162 1036 ritum
2194 984 2398 1052 gratite,
2445 999 2542 1054 per
2589 999 2745 1054 quem
2777 984 2988 1040 confido
3039 984 3231 1057 [Edit..
3276 988 3578 1060 considero]

2000 1072 2222 1143 implere
2265 1088 2351 1128 me
2380 1088 2538 1143 posse
2571 1090 2691 1144 qua:
2718 1074 3111 1140 desiderabam,
3143 1076 3298 1132 idest
3324 1078 3577 1132 mandata

2002 1171 2116 1217 tua.

2071 1252 2233 1307 Vens.
2264 1253 2384 1307 152.
2413 1283 2482 1295 --
2506 1254 2689 1324 Aspice
2717 1256 2771 1308 in
2792 1271 2872 1309 me
2897 1263 2945 1309 et
2968 1255 3208 1310 miserere
3235 1255 3358 1321 mei,
3382 1270 3578 1311 secun-

1998 1342 2122 1395 dum
2139 1342 2404 1411 judicium
2430 1343 2757 1412 diligentiam
2777 1360 2961 1398 nomen
2984 1353 3151 1399 tuum.
3177 1345 3231 1400 Id
3253 1355 3358 1411 est,
3379 1362 3573 1402 secun-

1998 1433 2123 1488 dum
2144 1431 2408 1501 judicium
2441 1435 2581 1503 quod
2605 1435 2658 1488 in
2686 1449 2781 1490 eos
2809 1434 2981 1490 fecisti
3008 1437 3096 1505 qui
3127 1436 3356 1506 diligunt
3379 1452 3575 1493 nomen

1999 1530 2168 1577 tuum.
2201 1522 2462 1590 Quoniam
2493 1535 2550 1579 ut
2577 1526 2921 1594 diligeremus
2959 1526 3112 1598 μὴ..
3162 1528 3460 1599 diligerent.
3489 1567 3503 1583 .
3531 1528 3574 1602 .]

1999 1621 2073 1677 te,
2103 1614 2252 1683 prius
2286 1615 2519 1669 dilexisti
2551 1631 2647 1670 nos
2676 1616 2826 1688 μισ..
2873 1616 3013 1689 eos].
3064 1617 3331 1673 Iudicium
3378 1618 3578 1689 quippe

1999 1712 2081 1758 est
2111 1704 2338 1766 Domini,
2377 1716 2437 1760 ut
2474 1722 2665 1761 nomen
2694 1723 2852 1762 suum
2891 1709 3071 1777 palam
3112 1708 3295 1778 faciat,
3331 1718 3387 1765 et
3415 1711 3577 1766 mise-

320 1800 466 1856 ierit.
507 1796 723 1853 iustitia
749 1805 928 1849 autem
953 1792 1093 1866 [Dei]
1125 1810 1285 1864 quam
1315 1793 1488 1859 dixit,
1524 1791 1769 1848 Christus
1789 1800 1892 1857 est,
1932 1778 1970 1834 Β
1999 1794 2285 1849 ricordiam
2318 1797 2598 1868 largiatur.

318 1890 412 1960 qui
431 1887 612 1957 justos
640 1886 790 1940 facit.

391 1979 556 2034 Vens.
590 1973 711 2030 124.
733 2003 805 2014 —-
833 1971 946 2027 Fac
968 1988 1087 2026 cum
1125 1988 1272 2026 servo
1300 1980 1391 2025 tuo
1426 1971 1712 2025 secundum
1740 1971 1893 2025 mise-

321 2069 603 2123 ricordiam
625 2077 794 2129 tuam,
821 2074 880 2119 ut
899 2065 1012 2135 ipse
1038 2072 1162 2119 vota
1191 2079 1305 2118 mea
1329 2063 1608 2134 perﬁciat:
1640 2060 1707 2115 Et
1726 2062 1894 2132 justi-

316 2162 588 2232 ﬁcationes
612 2169 732 2213 tuas
760 2158 885 2211 doce
914 2173 1014 2221 me,
1044 2165 1103 2210 ut
1128 2170 1316 2209 eorum
1346 2155 1722 2219 humilitatem,
1753 2154 1894 2208 sicut

317 2253 520 2321 sapius
540 2249 740 2319 optavi,
771 2248 970 2318 possint
997 2248 1299 2302 advertere.

394 2342 554 2397 Vens.
584 2339 704 2394 125.
735 2367 803 2378 —-
828 2337 1019 2393 Seruus
1052 2348 1173 2392 tuus
1205 2352 1322 2390 sunt
1344 2352 1455 2406 ego,
1494 2333 1565 2389 da
1589 2335 1716 2388 mihi
1740 2333 1894 2388 intel-

316 2431 531 2494 lectum,
566 2438 622 2482 ut
649 2427 813 2483 sciam
852 2426 1146 2480 testimonia
1187 2435 1301 2479 tua.
1350 2425 1396 2479 Α
1430 2433 1483 2479 te
1506 2440 1571 2478 ea
1609 2425 1813 2479 discam
1837 2431 1892 2477 et

316 2535 425 2575 non
448 2520 519 2574 ab
545 2517 812 2574 haereticis
836 2516 919 2571 vel
944 2515 1162 2570 Judmis.
1194 2513 1330 2580 Quia
1368 2513 1573 2567 nullum
1597 2513 1727 2567 mihi
1753 2522 1889 2566 tem-

316 2623 419 2679 pus
448 2617 534 2665 est
559 2610 628 2663 ab
657 2607 1044 2662 exercitatione
1094 2604 1285 2679 [Edit.,
1335 2601 1754 2675 exspectatione]
1786 2611 1891 2657 ture

316 2700 596 2755 servitutis
618 2700 870 2754 otiosum.

386 2789 547 2844 Vsus.
590 2788 708 2844 126.
734 2817 804 2828 --
829 2787 1048 2858 Tempus
1073 2787 1198 2842 bene
1227 2785 1477 2858 faciendi,
1512 2785 1754 2850 Domine,
1780 2785 1890 2839 dis-

313 2883 614 2951 sipaverunt
639 2880 802 2949 legem
831 2889 996 2933 tuam.
1048 2876 1216 2933 Judaei
1243 2878 1448 2947 utique,
1501 2877 1592 2948 qui
1621 2892 1745 2931 eam
1774 2877 1888 2947 spi—

316 2969 543 3024 ritaliter
592 2983 698 3023 non
760 2968 1159 3022 intellexerunt.
1239 2965 1345 3022 Sed
1408 2968 1586 3021 veniet
1655 2976 1884 3035 tempus,

2067 1884 2227 1940 Vrns.
2261 1886 2379 1941 155.
2408 1917 2482 1927 —-
2507 1887 2730 1943 Gressus
2770 1905 2911 1943 meos
2938 1889 3106 1960 dirige
3138 1891 3422 1946 secundum
3459 1892 3572 1948 clo-

1993 1976 2171 2045 quium
2194 1986 2360 2041 tuunt,
2407 1987 2456 2031 et
2483 1995 2586 2034 non
2612 1980 2909 2033 dominetur
2947 1981 3051 2034 mei
3077 1983 3244 2036 omnis
3287 1983 3569 2053 injustitia.

1994 2065 2226 2121 Gressus
2251 2068 2400 2137 quid,
2447 2069 2550 2124 nisi
2581 2068 2684 2141 [ut]
2716 2071 2807 2124 Dei
2831 2080 3117 2141 praecepta,
3150 2086 3271 2141 quae
3300 2070 3572 2145 [imponit]

1988 2154 2245 2224 jnbendo,
2274 2157 2479 2225 impleri
2507 2156 2671 2213 faciat
2694 2158 3035 2228 adiuvando?
3058 2159 3287 2215 Gressus
3308 2161 3575 2230 signiﬁcat

1991 2253 2168 2298 motus
2184 2245 2377 2300 anima:
2402 2261 2416 2299 :
2448 2246 2547 2301 bos
2567 2256 2752 2302 sancta
2772 2249 2966 2304 cohors
2990 2250 3280 2305 secundum
3302 2250 3573 2321 eloquium

1991 2335 2199 2390 Domini
2225 2338 2458 2405 postulat
2482 2339 2663 2409 dirigi,
2707 2341 2799 2408 qui
2829 2351 3035 2397 rectum
3067 2343 3169 2397 iter
3192 2353 3496 2400 monstrant
3516 2354 3576 2401 et

1990 2425 2245 2478 mandant
2274 2426 2501 2496 ingredi.
2533 2427 2603 2481 Et
2632 2445 2735 2482 non
2775 2429 3075 2485 dominetur
3097 2434 3198 2486 mei
3228 2431 3415 2504 [Edit..
3443 2444 3572 2489 ut...

1989 2514 2044 2568 in
2063 2513 2160 2585 eis]
2189 2514 2488 2583 injustitia;
2529 2516 2684 2571 scivit
2709 2517 2852 2571 enim
2884 2519 3025 2586 quod
3050 2519 3106 2572 in
3148 2521 3251 2574 hac
3277 2521 3383 2574 vita
3418 2522 3575 2589 penis

1992 2612 2081 2659 tus
2117 2604 2328 2660 excludi
2375 2621 2480 2659 non
2524 2613 2754 2674 poterat,
2802 2607 2958 2677 cujus
3005 2607 3256 2663 videlicet
3298 2609 3572 2663 dominum

1992 2691 2143 2765 μὴ..
2174 2692 2493 2773 dominium]
2521 2696 2736 2749 sibimet
2756 2695 2986 2750 subdere
3014 2705 3286 2766 precatur.

2064 2783 2224 2839 Vens.
2259 2784 2380 2843 154.
2408 2784 2480 2823 -έ-
2509 2782 2726 2839 Redime
2755 2800 2835 2838 me
2879 2801 2913 2839 a
2959 2785 3237 2840 calumniis
3281 2786 3570 2852 hominum,

1989 2884 2045 2928 ut
2073 2876 2364 2930 custodiant
2403 2877 2651 2930 mandata
2676 2886 2790 2931 tua.
2829 2876 2908 2932 Tu
2936 2893 3034 2948 age
3060 2876 3256 2950 [Edit.,
3286 2879 3466 2952 tange]
3489 2881 3575 2936 in.

1990 2965 2111 3023 fuso
2137 2968 2330 3037 spiritu
2358 2978 2467 3030 tuo,
2511 2984 2581 3022 ne
2611 2983 2696 3023 me
2721 2969 3001 3024 calumnia:
3045 2969 3320 3025 hominum
3352 2972 3574 3026 terrori-

314 3058 527 3129 qnando
562 3056 770 3113 occulta
816 3056 958 3111 illius
997 3056 1253 3111 Dominus
1298 3055 1462 3111 faciet
1505 3056 1885 3125 praedicatione
1922 3122 1955 3129 _
1988 3057 2087 3111 bus
2112 3057 2349 3121 vincant,
2398 3066 2451 3112 et
2484 3073 2514 3111 a
2550 3057 2655 3111 tuis
2700 3058 2969 3113 mandatis
2995 3057 3156 3129 373
3192 3060 3259 3113 ad
3286 3074 3385 3115 sua
3430 3060 3571 3114 mala

314 3148 615 3220 evangelica
641 3148 893 3204 reserari.

383 3240 546 3296 Vens.
569 3240 687 3295 127.
716 3271 786 3281 —
812 3239 938 3294 Ideo
961 3239 1122 3295 dilexi
1140 3240 1390 3295 mandata
1410 3249 1501 3295 tua
1520 3255 1676 3310 super
1696 3255 1886 3293 aurum

313 3341 360 3403 et
384 3330 649 3401 tapazion.
701 3329 857 3387 Sicut.
898 3331 1042 3385 enim
1067 3345 1256 3385 aurum
1285 3338 1598 3386 cunctorum
1641 3327 1886 3384 metallo-

314 3437 439 3476 rum
484 3420 737 3490 pratcellit
761 3421 1010 3490 pretium,
1056 3422 1131 3477 ita
1167 3422 1424 3491 topazius,
1471 3420 1712 3476 omnium
1741 3434 1888 3489 gem-

312 3524 530 3566 tnarum
555 3510 605 3563 in
634 3524 692 3565 se
711 3511 988 3566 continens
1010 3510 1485 3580 pulchritudinem,
1508 3510 1745 3564 omnium
1771 3508 1889 3561 vin-

310 3603 385 3657 cit
440 3602 691 3656 honores.
745 3603 869 3657 Ideo
912 3603 1176 3672 Propheta
1223 3617 1385 3672 super
1432 3603 1546 3657 haec
1586 3601 1766 3665 omnia
1792 3599 1888 3654 Dei

312 3693 566 3749 mandata
596 3691 791 3762 diligit,
832 3693 960 3763 quia
989 3693 1043 3747 in
1074 3692 1158 3747 bis
1182 3694 1467 3747 adventum
1512 3691 1744 3754 Domini,
1795 3691 1887 3759 qui

311 3782 567 3837 mundum
629 3783 1002 3854 redempturus
1027 3791 1111 3838 est
1130 3822 1145 3846 ,
1178 3784 1590 3850 praenuntiatum
1621 3780 1887 3849 intelligit.

380 3871 545 3927 Vsus.
578 3872 698 3928 ηε.
722 3903 793 3913 --
809 3872 1091 3942 Propterea
1120 3872 1190 3926 ad
1214 3872 1389 3925 omnia
1414 3871 1664 3927 mandata
1691 3878 1785 3923 tua
1806 3868 1890 3935 di-

311 3963 537 4032 rigebar,
575 3978 777 4016 omnem
804 3962 942 4015 vium
977 3962 1210 4031 iniquam
1229 3959 1350 4013 odio
1376 3958 1557 4013 habui.
1600 3956 1702 4024 Qui
1729 3970 1890 4025 super

310 4064 502 4104 aurum
527 4058 583 4105 et
608 4064 848 4121 gemmas
891 4049 1062 4121 legem
1102 4047 1314 4102 Domini
1351 4046 1620 4117 diligebat,
1667 4058 1891 4100 necesse

310 4139 415 4195 fuit
442 4148 502 4195 ut
532 4142 600 4197 ad
627 4141 807 4195 omnia
851 4141 1103 4195 mandata
1130 4138 1245 4208 ejus
1283 4140 1618 4195 rectissimus
1656 4152 1888 4207 appare-

312 4240 421 4297 ret,
450 4241 507 4287 et
531 4232 732 4291 odisset
757 4246 1065 4302 perversam
1094 4231 1262 4298 viam,
1308 4231 1434 4302 quia
1474 4229 1672 4284 meruit
1705 4243 1890 4283 amare

310 4320 689 4377 rectissimam.
729 4323 915 4393 Iniqua
944 4321 1207 4392 siquidem
1232 4323 1320 4377 via
1345 4329 1447 4387 est,
1495 4336 1615 4393 qua:
1643 4336 1740 4381 nos
1766 4335 1891 4390 per-

1910 3122 1956 3185 c
1987 3145 2227 3201 facienda
2267 3145 2423 3219 [Hs.,
2474 3146 2640 3219 facta}
2674 3149 2973 3203 traducem.
3111 3122 3266 3204 cnim
3312 3152 3416 3207 hoc
3459 3160 3573 3206 mo-

1985 3252 2110 3292 cum
2143 3238 2340 3306 egeris,
2382 3238 2525 3293 inter
2568 3239 2712 3308 ipsas
2739 3238 3040 3297 caidinnias
3073 3241 3376 3296 custodiam
3419 3254 3571 3307 Inan—

1985 3326 2108 3381 data
2137 3334 2247 3380 tua.

2056 3416 2220 3471 Vens.
2248 3416 2369 3472 135.
2399 3448 2471 3459 ——
2499 3416 2737 3484 Faciem,
2765 3420 2961 3490 inquit,
2981 3429 3127 3474 tuam
3149 3419 3390 3477 illumina
3412 3435 3570 3489 super

1982 3523 2185 3561 servum
2212 3518 2381 3574 tuum,
2407 3509 2459 3563 id
2495 3518 2599 3573 est,
2620 3518 2766 3564 tuam
2795 3510 3099 3573 manifesta,
3126 3510 3491 3567 subvenienth
3511 3517 3568 3565 et

1985 3603 2319 3673 opitulando,
2349 3604 2714 3672 prmsentiam.
2751 3601 2821 3655 Et
2867 3603 2996 3657 doce
3047 3618 3128 3656 me
3159 3602 3569 3672 justiﬁcationes

1986 3700 2137 3755 tuas;
2168 3691 2320 3753 doce,
2350 3690 2535 3759 utique
2562 3698 2620 3743 ut
2651 3689 2871 3746 faciam.

2058 3779 2220 3832 Vens.
2252 3778 2374 3832 156.
2402 3808 2474 3838 —,-
2514 3777 2704 3834 Exitus
2753 3796 3012 3850 aquarum
3056 3782 3380 3847 deduxerunt
3429 3784 3569 3838 oculi

1987 3870 2111 3933 mei,
2136 3871 2261 3939 quia
2290 3883 2393 3922 non
2416 3868 2770 3923 custodierunt
2797 3868 2961 3938 legent
2986 3880 3152 3923 tuam.
3186 3872 3391 3926 Veram
3420 3887 3565 3929 sem-

1986 3973 2085 4029 per
2112 3957 2226 4028 agit
2249 3956 2621 4027 paenitentiam
2652 3957 2742 4012 hic
2770 3965 3015 4024 sanctus,
3045 3967 3226 4013 etnon
3243 3968 3427 4014 cessat
3468 3961 3571 4015 flu-

1988 4046 2127 4101 entis
2151 4044 2515 4116 lacrymarum
2538 4046 2757 4115 antiqua
2785 4045 2980 4101 delicta
3008 4045 3308 4112 diluere,ut
3330 4055 3384 4102 tu
3408 4047 3567 4103 intel-

1987 4137 2145 4209 ligas,
2175 4137 2277 4192 nisi
2306 4152 2492 4191 veram
2515 4137 2887 4208 paenitentiam
2916 4138 3116 4208 egeris,
3149 4138 3245 4194 tibi
3278 4136 3439 4194 facile
3458 4155 3566 4195 non

1988 4229 2184 4284 dimitti
2213 4243 2334 4299 quae
2360 4229 2619 4299 gesseris.
2649 4230 2788 4286 Vera
2807 4237 2895 4285 est
2916 4230 3061 4285 enim
3082 4230 3397 4299 poenitentia
3416 4229 3569 4301 ,1υεί-

1989 4328 2072 4375 ter
2099 4318 2313 4375 ﬂetibus
2340 4320 2632 4375 commissa
2667 4320 2895 4384 diluere,
2921 4327 2975 4375 et
3004 4319 3186 4374 abluta
3203 4335 3309 4375 non
3340 4320 3561 4375 iterare.

308 4411 461 4468 ducit
486 4415 555 4468 ad
578 4414 745 4480 vitia;
785 4424 936 4470 recta
964 4422 1139 4469 autem
1162 4414 1443 4479 virtutum,
1471 4429 1592 4485 quae
1618 4414 1776 4470 nobis
1798 4414 1885 4468 in-

2058 4430 2223 4485 Vsns.
2248 4429 2517 4496 157,158.
2545 4429 2825 4483 —-Justus
2872 4444 2951 4494 es,
2990 4429 3234 4492 Domine,
3284 4438 3333 4483 et
3369 4438 3564 4484 rectum

310 4501 639 4574 dalgentiam
667 4513 722 4559 et
740 4505 970 4560 salutem
1006 4504 1213 4560 tribuit.

378 4591 699 4649 Vens.129.
739 4624 810 4635 ——
851 4592 1124 4649 Mirabilia
1162 4594 1457 4649 testimonia
1486 4602 1599 4657 tua,
1646 4591 1886 4660 Domine,

309 4683 428 4737 ideo
447 4693 681 4738 scrutata
708 4694 865 4739 estea
892 4684 1071 4738 anima
1090 4700 1226 4739 mea.
1256 4684 1393 4739 Vide
1421 4683 1478 4737 in
1506 4683 1592 4738 his
1613 4682 1758 4737 aliud
1780 4683 1887 4753 agi,

311 4773 456 4828 aliud
487 4773 730 4845 figurari.
755 4774 1007 4845 Ideoque,
1057 4775 1200 4845 quod
1229 4773 1361 4828 mihi
1390 4773 1584 4828 mirum
1617 4781 1720 4838 est,
1769 4773 1891 4828 dili-

310 4863 525 4933 gentius
552 4874 890 4935 perscrutor,
943 4873 1001 4919 ut
1025 4872 1218 4920 cuncta
1268 4870 1321 4917 te
1348 4861 1656 4919 declarante
1693 4877 1891 4934 cogno-

307 4968 481 5010 suam.

236 5110 249 5121 υ
379 5043 543 5101 Vens.
574 5046 697 5101 150.
736 5076 809 5087 -
834 5047 1136 5102 Declaratio
1180 5061 1479 5102 sermonum
1513 5055 1723 5100 tuorum
1766 5045 1890 5099 illu-

303 5136 472 5188 minat
497 5152 600 5198 me,
649 5147 699 5191 et
741 5136 1056 5191 intellectum
1084 5136 1176 5191 dat
1204 5135 1460 5208 paruulis.
1512 5134 1710 5190 Sancta
1738 5134 1890 5204 plebs

303 5228 439 5282 dicit
462 5242 520 5281 se
545 5228 901 5284 illuminatam
928 5228 1288 5285 declaratione
1310 5243 1618 5285 sermonum
1650 5227 1886 5293 Domini,

300 5320 493 5390 utique
519 5321 896 5389 prophetarum
924 5320 1157 5386 Domini,
1181 5323 1273 5392 qui
1293 5323 1384 5377 diu
1407 5320 1704 5378 absconditi
1731 5328 1882 5376 sunt:

302 5406 378 5463 Ut
400 5419 485 5463 cst
511 5426 524 5461 :
559 5406 692 5464 Ecce
718 5412 864 5481 virgo
889 5412 1161 5483 concipiet,
1186 5423 1289 5468 etc.
1320 5414 1479 5486 (Isa.,
1513 5431 1609 5479 vn,
1640 5413 1752 5487 11.)
1781 5415 1844 5469 Et
1868 5432 1881 5468 :

310 5498 517 5554 i'itlebit
560 5504 728 5559 omnis
767 5520 890 5559 caro
924 5504 1157 5559 salutare
1197 5504 1331 5569 Dei,
1374 5516 1479 5562 etc.
1508 5507 1657 5577 (Luc.
1691 5523 1772 5573 ut,
1805 5507 1882 5578 6).

294 5589 458 5645 Nunc
483 5606 582 5660 per
627 5592 912 5647 adventum
945 5593 1175 5658 Domini,
1227 5593 1331 5649 illis
1376 5597 1715 5651 sermonibus
1748 5597 1884 5653 actis

294 5692 354 5736 et
379 5680 684 5751 completis,
725 5681 1021 5741 illuminata
1053 5685 1225 5739 cernit
1250 5684 1449 5751 omnia,
1494 5686 1729 5743 Verbum
1767 5703 1879 5744 car-

1982 4519 2247 4590 judicium
2273 4528 2440 4573 tuum.
2469 4518 2737 4574 laudasti
2757 4518 3020 4588 justitiam
3055 4518 3349 4573 testimonia
3379 4528 3495 4586 tua,
3517 4530 3566 4575 et

1988 4612 2253 4666 veritatem
2268 4619 2414 4664 tuam
2436 4610 2611 4663 nimis.
2642 4608 2834 4681 Magna
2861 4616 2947 4664 est
2967 4610 3114 4664 enim
3142 4610 3195 4664 in
3219 4617 3452 4680 utroque
3476 4612 3566 4682 ju-

1987 4699 2135 4753 stitia
2171 4699 2293 4765 Dei,
2333 4707 2649 4769 rectumque
2690 4699 2975 4769 judicium,
3014 4713 3140 4770 quo
3185 4707 3242 4754 et
3288 4703 3562 4771 peccatori

1986 4801 2146 4856 pmna
2165 4788 2495 4852 decernitur,
2526 4794 2583 4841 et
2613 4787 2895 4856 pmnitenti
2911 4788 3231 4857 justiﬁeatio
3252 4804 3358 4843 non
3398 4789 3565 4844 dene—

1988 4884 2165 4945 gatur.
2186 4874 2359 4930 Nimis
2377 4875 2445 4930 ad
2464 4883 2754 4944 utrumque
2773 4875 3027 4944 pertinet,
3050 4876 3163 4931 sive
3185 4876 3254 4931 ad
3271 4875 3561 4945 justitiam,

1987 4969 2100 5025 sive
2130 4969 2197 5024 ad
2220 4969 2523 5025 veritatem.

2058 5060 2220 5114 Vens.
2246 5059 2368 5115 159.
2397 5089 2471 5101 —
2491 5058 2769 5115 Tabescere
2787 5075 2868 5114 me
2886 5054 3010 5123 fecit
3031 5058 3171 5113 zelus
3193 5060 3381 5114 domus
3412 5069 3561 5126 tute,

1985 5149 2109 5220 quia
2131 5147 2276 5201 obliti
2303 5158 2425 5203 sunt
2457 5148 2609 5203 verba
2636 5158 2730 5204 tua
2750 5149 2950 5204 inimici
2970 5149 3092 5203 mei.
3117 5148 3276 5204 Zelus
3293 5150 3394 5204 iste
3414 5163 3565 5203 amn-

1988 5241 2063 5295 ris
2083 5246 2189 5303 est,
2210 5253 2318 5294 non
2342 5239 2543 5295 laboris
2571 5254 2586 5295 :
2618 5248 2808 5296 sancta
2830 5241 2975 5295 enim
2998 5240 3342 5296 aemulatione
3378 5242 3563 5298 inimi-

1985 5324 2080 5389 cos
2112 5344 2239 5385 suos
2261 5329 2377 5384 vult
2400 5343 2520 5384 esse
2560 5337 2873 5393 correctos;
2929 5328 3116 5385 dolens
3160 5338 3219 5385 et
3252 5332 3562 5395 tabescens,

1986 5420 2128 5490 quod
2152 5419 2303 5475 obliti
2326 5419 2437 5474 sint
2459 5418 2748 5474 verborum
2774 5417 2890 5474 Dei.

2056 5508 2219 5564 Vens.
2247 5507 2367 5565 140.
2396 5539 2469 5549 --
2492 5507 2724 5577 Ignitum
2758 5506 3017 5577 eloquium
3045 5519 3192 5563 tuum
3220 5510 3558 5576 vehementer,

1984 5610 2030 5654 et
2058 5615 2234 5653 servus
2255 5607 2377 5652 tuus
2406 5597 2589 5652 dilexit
2619 5596 2773 5651 illud.
2795 5596 2931 5662 Quia
2950 5598 3092 5653 sicut
3119 5609 3402 5669 peccatum
3432 5616 3560 5656 con-

1985 5689 2171 5755 sumit,
2200 5689 2273 5743 ita
2301 5695 2641 5759 peccantem,
2672 5688 2719 5743 si
2741 5694 3106 5771 convertatur,
3140 5688 3423 5745 illuminat.
3450 5689 3556 5742 Iste
