4020 6188
401 358 523 433 ως

1258 364 1316 417 Β.
1358 363 1417 421 1³.
1460 360 1685 416 Λωίδι
1726 359 1857 416 SEU
1894 351 2171 411 ALCL'lNl
2210 352 2493 409 OPERL’M
2532 350 2710 405 PARS
2746 347 2807 405 il.

3569 343 3672 415 ste

405 489 543 561 ignis
566 498 744 542 sermo
768 479 965 537 Christi
992 487 1100 543 est,
1123 477 1189 532 dc
1218 491 1325 546 quo
1345 476 1512 530 dicit:
1537 472 1719 545 Ignem
1740 473 1851 527 veni
1867 473 1985 526 mit—
2018 476 2059 531 Α
2087 465 2164 519 ris
2202 463 2389 520 beatos
2411 464 2560 530 facit,
2596 480 2662 518 ex
2693 461 2920 532 captivis
2948 459 3169 523 liberos,
3191 474 3256 513 es
3320 458 3671 561 mortuisuvig

403 592 511 635 tere
539 579 593 632 in
618 586 845 637 terram;
891 571 1017 642 quid
1039 580 1211 624 autem
1230 567 1364 633 volo,
1397 569 1497 621 nisi
1525 576 1578 620 ut
1611 568 1794 620 ardeat
1828 561 1977 634 (Luc.

402 685 502 734 xu,
524 667 652 739 49)?
680 664 834 720 Hunc
865 663 1041 734 ignem
1072 662 1201 719 dicit
1222 676 1282 717 se
1324 660 1597 724 dilexisse,
1646 659 1774 729 quia
1817 658 1981 711 vitam

401 757 632 823 confert,
682 764 741 811 et
792 756 1052 811 honorem
1076 752 1479 820 remediumque
1499 748 1686 821 generi
1722 748 1978 802 humano.

471 849 634 905 Vens.
668 848 788 902 141.
812 874 882 907 τ
907 843 1298 899 Adolescentior
1323 858 1439 896 sum
1468 857 1560 910 ego
1573 849 1621 894 et
1635 846 1981 907 contemptus,

391 939 798 1013 justiﬁcatioues
819 947 934 991 tuas
965 951 1069 999 non
1095 949 1211 992 sum
1237 931 1446 985 oblitus.
1478 929 1623 983 Bene
1648 928 1738 982 hic
1757 926 1982 981 duorum

400 1029 720 1103 populorum
745 1024 1058 1096 intelligitur
1092 1020 1412 1093 signiﬁcatio
1443 1037 1455 1072 :
1483 1019 1609 1088 quia
1651 1017 1836 1088 junior
1885 1030 1984 1085 po-

398 1121 558 1192 pulus
589 1127 931 1188 contemptus
960 1123 1043 1169 est
1067 1129 1099 1168 a
1134 1112 1356 1181 majore,
1387 1111 1479 1181 qui
1506 1118 1708 1172 tamen,
1736 1107 1833 1161 Dei
1863 1121 1988 1176 gra-

402 1211 477 1265 tia
504 1212 758 1272 donante,
792 1206 1047 1262 mandata
1078 1204 1194 1273 ejus
1219 1217 1326 1256 non
1347 1209 1430 1255 est
1453 1199 1671 1254 oblitus.

475 1303 637 1358 Vens.
673 1299 797 1358 M2.
819 1327 892 1339 --
921 1295 1143 1354 Iustitia
1171 1302 1263 1345 tua
1287 1291 1501 1361 justitia
1537 1290 1592 1342 iu
1636 1297 1909 1349 wternum,
1937 1294 1985 1339 et

401 1396 485 1449 lea:
512 1405 606 1449 tua
644 1390 853 1447 ueritas.
884 1385 1108 1441 iustitia
1151 1381 1363 1443 Domini
1405 1389 1587 1434 manet
1619 1379 1671 1433 in
1701 1386 1984 1437 aeternum,

400 1494 457 1541 et
480 1483 574 1553 qui
600 1478 839 1538 custodit
855 1477 973 1548 ejus
1003 1474 1308 1536 veritatem,
1336 1479 1538 1526 (eterna
1571 1467 1828 1523 felicitate
1853 1481 1987 1537 gau-

403 1572 567 1632 debit.
615 1568 766 1641 Hanc
802 1565 1031 1637 populus
1060 1562 1402 1626 Christianus
1448 1558 1729 1621 intellexit,
1766 1565 1823 1610 et
1870 1556 1990 1611 ideo

402 1664 632 1732 veritate
659 1660 958 1729 completus
992 1663 1094 1720 est,
1125 1667 1246 1725 quae
1272 1661 1357 1707 est
1413 1649 1665 1705 Christus
1708 1647 1986 1713 Dominus,

404 1753 495 1823 qui
535 1749 673 1810 dixit
702 1766 715 1800 :
760 1746 874 1816 Ego
903 1761 1020 1799 sum
1056 1743 1159 1807 uia,
1197 1742 1386 1796 veritas
1407 1748 1454 1793 et
1477 1739 1601 1792 uita.

2086 572 2204 611 vos.
2239 554 2542 612 Secundum
2581 555 2846 625 judicium
2878 562 3048 616 tuum,
3095 564 3202 620 quo
3246 549 3677 620 supplicantibus

2084 648 2266 717 parcis
2298 667 2310 701 :
2343 647 2605 703 vivitican'
2631 647 2775 702 enim
2801 660 2907 700 non
2934 652 3135 715 potest,
3167 643 3271 698 nisi
3298 644 3465 712 quiin
3478 658 3679 714 sepro:

2084 738 2261 807 priam
2299 753 2405 794 non
2431 738 2594 794 habet
2611 739 2800 794 vitam.

2159 829 2323 884 Vnns.
2349 829 2472 884 150.
2501 860 2573 870 -
2600 828 3159 899 Appropinquareruut
3206 832 3568 895 persequentes
3596 840 3683 880 me

2085 924 2357 994 iniquitati
2401 923 2553 997 [Ms.,
2579 921 2900 995 iniquitate],
2924 940 2956 977 a
2980 921 3090 993 lege
3116 930 3293 976 autem
3312 930 3404 974 tua
3421 919 3571 989 longe
3595 920 3681 988 [ατ

2087 1013 2156 1067 cti
2178 1025 2317 1069 sunt.
2343 1013 2496 1069 Tunc
2522 1012 2956 1084 appropinquant
2986 1006 3443 1082 [persequentes],
3464 1007 3683 1077 quando,

2086 1120 2258 1176 usque
2288 1106 2355 1160 ad
2385 1120 2607 1161 carnem
2628 1101 2981 1160 cruciandam
3011 1100 3451 1172 perimendamve
3490 1112 3682 1169 pene:

2088 1196 2278 1249 niunt:
2314 1196 2409 1250 scd
2439 1204 2646 1265 quanto
2670 1194 2962 1250 viciniores
2992 1201 3120 1257 sunt
3156 1198 3542 1263 persequentes
3568 1190 3679 1259 isti,

2089 1292 2241 1339 tanto
2265 1284 2537 1356 longiores
2566 1292 2693 1339 sunt
2731 1299 2763 1341 a
2783 1283 2901 1354 lege
2921 1282 3168 1353 justitize.

2169 1380 2333 1435 Vsus.
2367 1376 2488 1432 151.
2522 1407 2593 1437 -τ-
2622 1375 2798 1446 Prope
2828 1392 2883 1430 es
2911 1385 2991 1439 tu,
3028 1362 3273 1440 Domine,
3300 1385 3347 1430 et
3375 1392 3557 1431 omnes
3582 1378 3687 1432 rite.

2090 1482 2195 1528 tua:
2215 1470 2426 1526 veritas.
2455 1465 2657 1523 Contra
2683 1465 2829 1522 illam
2846 1466 3248 1536 proximitatem
3259 1466 3684 1541 persecutionis,

2090 1562 2424 1632 vicinitatem
2449 1558 2663 1615 Domini
2689 1558 2793 1613 sibi
2824 1558 2957 1612 dicit
2981 1557 3302 1621 remedium,
3330 1557 3472 1612 unde
3493 1557 3683 1619 salutis

2094 1652 2355 1709 auxilium
2383 1657 2611 1705 noverat
2633 1656 2944 1712 venturum,
2974 1662 3081 1702 non
3098 1644 3466 1719 [per]itineris
3481 1648 3682 1713 locum,

2098 1744 2194 1801 sed
2217 1757 2315 1814 per
2342 1741 2627 1797 veritatem
2657 1737 3042 1796 mandatorum
3064 1737 3157 1793 Dei
3184 1737 3439 1796 cordibus
3467 1748 3689 1802 sancto:

480 1842 639 1895 Vens.
665 1839 788 1894 145.
819 1866 889 1877 --
927 1834 1216 1889 Tributatio
1244 1842 1292 1886 et
1314 1831 1559 1902 angustia
1573 1832 1874 1885 inuenerunt
1888 1846 1989 1893 me,
2028 1817 2071 1875 Β
2100 1850 2218 1889 rum
2241 1833 2512 1904 illapsam.

404 1931 660 1996 mandata
678 1939 770 1985 tua
797 1926 1068 1985 meditatio
1101 1941 1217 1979 mea
1243 1932 1341 1978 est.
1381 1921 1599 1977 Saevitia
1647 1920 1991 1975 inimicorum

404 2022 569 2088 infert
588 2020 714 2090 huic
728 2017 929 2090 juniari
962 2014 1385 2078 tribulationem,
1418 2012 1513 2068 sed
1527 2027 1633 2067 non
1646 2012 1846 2066 amittit
1864 2011 1994 2065 cha-

406 2087 953 2187 ruatexqfuédiuuo
981 2107 1126 2161 enim
1157 2106 1326 2175 ipsius
1365 2102 1618 2160 mandata
1670 2108 1799 2155 sunt
1852 2101 1990 2160 Dei:

406 2192 708 2275 exquibus
760 2202 864 2265 bis,
919 2199 1012 2269 qui
1060 2213 1186 2253 eum
1237 2196 1489 2260 oderunt,
1538 2193 1880 2255 dilectionem
1909 2207 1995 2251 re:

410 2291 625 2366 pandet.

482 2388 645 2444 Vsus.
672 2384 796 2440 144.
820 2414 890 2443 -έο
920 2382 1166 2455 ιλΕᾳιιὶιιιε
1187 2382 1483 2448 testimonia
1505 2391 1598 2435 tua
1624 2382 1681 2435 in
1719 2390 1993 2445 «ternum,

416 2477 734 2538 intellectum
756 2475 827 2549 da
842 2475 994 2539 mihi,
1015 2484 1063 2527 et
1084 2474 1272 2527 vivam.
1292 2471 1525 2527 Pulchre
1553 2480 1676 2541 post
1697 2468 1852 2543 [Ms.,
1870 2484 2001 2530 cons

412 2567 522 2641 tra]
546 2566 921 2631 tribulationes
951 2572 1008 2619 et
1029 2562 1326 2633 angustias,
1363 2576 1485 2632 qure
1509 2559 1827 2631 temporalia
1851 2568 1996 2633 sunt,

411 2661 591 2732 posita
619 2666 704 2715 est
750 2656 977 2727 aequitas
1035 2656 1091 2710 in
1142 2663 1403 2709 aeternum
1459 2667 1583 2707 esse
1622 2649 1998 2706 mandatorum

415 2749 612 2824 [Edit.,
668 2744 1008 2824 mandatum]
1064 2745 1180 2810 Dei,
1230 2752 1291 2798 ut
1339 2743 1438 2797 tali
1480 2757 1578 2813 spe
1626 2741 2001 2812 unusquisque

416 2848 814 2905 contemneret,
842 2851 963 2909 quae
993 2834 1312 2907 temporalia
1333 2848 1456 2889 esse
1484 2829 1731 2889 sentiret.
1772 2831 1852 2885 Da
1872 2829 2001 2884 mihi

411 2920 754 2996 intellectum,
779 2924 987 2999 utique,
1015 2935 1078 2987 ut
1097 2926 1280 2981 mundi
1334 2926 1493 2981 istius
1537 2924 1779 2996 pericula
1818 2932 2002 2978 trans-

418 3025 563 3082 itura
592 3033 649 3079 et
676 3031 1025 3092 temporaoea
1046 3018 1360 3089 intelligam.
1383 3016 1604 3074 Vividra
1626 3032 1735 3081 me,
1770 3031 1866 3085 spe
1890 3015 2003 3070 sci-

417 3114 544 3171 licet
566 3115 764 3167 t'uturae
779 3110 1164 3175 retributionis.

2168 1925 2332 1979 Vens.
2357 1922 2478 1977 152.
2509 1952 2581 1964 -—
2610 1921 2775 1976 Initio
2789 1922 3006 1993 cognoui
3025 1921 3090 1975 de
3104 1922 3688 1993 testimoniistuie,quiq

2098 2019 2153 2071 in
2172 2026 2423 2072 a’ternum
2459 2014 2695 2085 fundasti
2724 2030 2808 2069 ea.
2852 2014 2984 2079 Quae
3031 2023 3158 2069 sunt
3202 2015 3305 2070 ista
3351 2016 3685 2079 testimonia,

2099 2105 2203 2162 nisi
2232 2106 2429 2175 quibus
2455 2112 2686 2168 testatus
2710 2112 2797 2159 est
2833 2104 2999 2170 Deus,
3054 2104 3310 2160 daturum
3349 2120 3408 2161 se
3454 2104 3687 2180 [regem]

2102 2182 2433 2268 regnumque
2458 2194 2583 2251 filiis
2612 2193 2772 2268 [suis]
2800 2196 3192 2266 sempiternum
3218 2196 3244 2249 2
3283 2196 3351 2250 Et
3394 2197 3516 2252 ideo
3568 2196 3687 2267 ipsa

2101 2287 2411 2342 testimonia
2446 2287 2500 2342 in
2525 2293 2790 2341 aeternum
2838 2285 3065 2341 fundata
3095 2304 3111 2339 :
3138 2287 3396 2356 quoniam
3442 2288 3497 2343 id
3543 2289 3691 2358 quod

2101 2376 2369 2448 promisit,
2398 2383 2661 2432 internum
2686 2384 2801 2441 est;
2831 2376 3088 2447 quoniam
3118 2374 3527 2433 fundamentum
3557 2391 3687 2447 pro-

2104 2466 2374 2521 missionis
2400 2473 2486 2519 est
2502 2463 2774 2530 Christus,
2825 2465 2881 2520 in
2910 2479 3019 2535 quo
3056 2465 3219 2537 hujus
3246 2467 3362 2537 spei
3378 2465 3689 2522 testimonia

2103 2572 2232 2613 vera
2271 2564 2432 2622 sunt,
2471 2571 2592 2627 quat
2616 2556 2706 2611 hic
2745 2556 2817 2616 ab
2851 2557 3008 2613 initio
3052 2559 3371 2629 cognovisse
3418 2572 3479 2614 se
3532 2557 3687 2624 dicit,

2104 2651 2233 2721 quia
2260 2649 2443 2704 verbis
2463 2648 2723 2705 Ecclesia:
2743 2649 3005 2719 loquitur,
3027 2664 3148 2718 qua:
3174 2649 3244 2704 ab
3268 2649 3425 2704 initio
3474 2648 3691 2719 generis

2104 2738 2326 2794 humani
2362 2748 2552 2793 exorta
2573 2738 2734 2794 nullis
2752 2739 3192 2811 generationibus
3215 2738 3404 2796 defuit.

2179 2831 2343 2888 Vsus.
2368 2829 2487 2885 155.
2538 2860 2609 2872 -
2652 2829 2780 2885 Vide
2832 2831 3178 2886 humilitatem
3227 2848 3417 2899 meam,
3468 2843 3516 2887 et
3551 2834 3692 2906 eripe

2106 2937 2209 2987 me,
2238 2922 2363 2995 quia
2388 2920 2553 2993 legem
2572 2931 2718 2977 tuam
2748 2939 2854 2977 non
2879 2940 2998 2978 sunt
3027 2923 3243 2978 oblitus.
3265 2923 3417 2990 Quod
3443 2925 3534 2981 hic
3554 2925 3688 2990 uide.

2108 3012 2206 3079 ait,
2234 3013 2302 3068 ad
2327 3021 2597 3083 martyres
2622 3013 2857 3082 pertinet
2885 3011 3039 3086 [Ms.,
3062 3013 3206 3082 quod
3234 3014 3324 3068 hic
3360 3013 3572 3069 videtur
3621 3014 3695 3070 ad

2111 3112 2382 3175 martyres
2410 3103 2731 3175 pertinere],
2754 3119 2984 3176 quorum
3008 3119 3205 3176 corpus
3238 3104 3492 3178 afﬂigitur
3528 3115 3587 3161 ut
3612 3108 3695 3169 vi:

489 3204 652 3259 Vens.
677 3201 800 3257 145.
821 3232 895 3243 -
917 3200 1151 3257 Clamaoi
1179 3203 1236 3257 in
1262 3211 1370 3257 toto
1421 3202 1576 3257 corde
1614 3217 1748 3267 meo,
1810 3200 2004 3255 exaudi
2033 3177 2077 3239 θ
2111 3198 2235 3253 litas
2272 3196 2562 3269 pecudum.
2595 3195 2893 3267 Sequitur:
2926 3196 2995 3275 Et
3023 3188 3165 3268 eripe
3178 3177 3442 3263 me,unde
3456 3198 3689 3261 scilicet,

418 3308 522 3360 me,
544 3291 788 3359 Domine,
796 3292 1211 3364 justi/Rationes
1232 3302 1351 3347 tuas
1379 3294 1663 3364 requiram.
1692 3291 1847 3347 Hunc
1896 3290 2011 3346 cla-

420 3400 627 3442 morem
649 3398 757 3441 non
785 3399 1063 3455 corporeae
1086 3385 1257 3449 vocis,
1285 3384 1381 3439 sed
1408 3384 1606 3440 mentis
1618 3383 1875 3454 spiritalis
1888 3398 2010 3438 esse

421 3491 564 3550 sape
582 3476 1025 3553 memoravimus,
1057 3490 1155 3546 per
1182 3465 1343 3545 quem
1353 3474 1486 3544 justi
1516 3489 1548 3529 a
1575 3474 1686 3550 Deo
1709 3475 2010 3530 exaudiun-

422 3579 515 3626 tur
543 3588 557 3623 :
595 3571 689 3640 qui
714 3568 987 3640 praecipue
1012 3561 1201 3622 eorum
1224 3565 1379 3639 [Ms.,
1408 3567 1492 3621 vel
1521 3566 1610 3621 ille
1635 3566 1889 3637 precibus
1919 3582 2011 3621 eo-

427 3657 571 3731 rum]
594 3656 743 3729 pium
770 3654 961 3729 pandit
978 3654 1253 3712 affectum.
1281 3656 1709 3712 Justiilcationes
1733 3665 1914 3710 autem
1928 3657 2011 3710 di-

426 3749 526 3812 cit,
552 3762 659 3802 non
690 3747 873 3821 saeculi
894 3747 1110 3801 divitias
1150 3762 1211 3803 se
1231 3748 1548 3817 exquirere;
1582 3761 1757 3817 neque
1785 3746 1855 3801 ad
1887 3761 2012 3801 nos-

425 3837 627 3892 cendas
678 3843 910 3910 tantum,
938 3836 1035 3891 sed
1060 3837 1128 3892 ad
1153 3836 1452 3907 implendas
1487 3852 1604 3892 eas.
1678 3830 1686 3837 ’

500 3926 659 3982 Vens.
692 3924 816 3980 146.
840 3955 914 3968 --
939 3922 1175 3982 Clamavi
1197 3923 1267 3980 ad
1291 3937 1341 3981 te
1359 3967 1373 3992 ,
1401 3926 1604 3982 salvum
1656 3943 1740 3982 me
1795 3927 1902 3998 fac,
1957 3936 2037 3980 ut-

429 4016 723 4070 custodiam
753 4014 1005 4069 mandata
1024 4023 1137 4069 tua.
1171 4013 1326 4069 Nunc
1352 4015 1693 4071 demonstrat
1716 4016 2011 4070 clamorem

426 4105 677 4176 superius
705 4104 773 4158 ad
802 4103 973 4159 Deum
1011 4102 1265 4169 etfusum,
1294 4104 1397 4158 hoc
1419 4113 1521 4170 est,
1552 4112 1611 4159 ut
1630 4106 1867 4159 animam
1906 4104 2015 4160 sal-

426 4210 494 4248 va
522 4193 647 4249 fidei
666 4193 877 4248 ratione
906 4191 1208 4255 roboraret,
1239 4199 1296 4245 et
1323 4192 1539 4262 corpori
1564 4201 1850 4261 praestaret
1869 4193 2013 4252 sani-

431 4292 620 4350 tatem,
648 4296 839 4338 revera
865 4280 1076 4352 utique,
1095 4287 1158 4335 ut
1182 4279 1393 4335 Domini
1441 4282 1698 4343 mandata
1740 4285 2014 4355 custodire

428 4375 621 4445 possit.

501 4466 661 4521 Vens.
690 4464 810 4529 147.
837 4463 1166 4526 --,-P-ra:veni
1205 4464 1262 4519 in
1295 4465 1620 4530 maturitate,
1659 4475 1709 4521 et
1765 4465 2010 4532 clamavi,

436 4559 491 4611 in
513 4557 665 4610 verba
689 4565 782 4611 tua
801 4557 1181 4629 supersperavi.
1201 4556 1571 4614 immaturitas
1585 4558 1768 4629 itaque
1788 4568 2014 4615 noctur-

439 4664 567 4703 num
594 4657 805 4720 tempus
831 4658 937 4715 est,
962 4649 1106 4719 quod
1144 4665 1250 4705 non
1275 4659 1360 4705 est
1392 4658 1688 4717 maturum,
1717 4652 1771 4707 id
1798 4660 1884 4707 est
1915 4668 2013 4723 op-

430 4749 743 4811 portunum,
775 4749 836 4794 ut
859 4748 1024 4812 agant
1075 4739 1278 4811 aliquid
1322 4741 1611 4812 vigilando,
1654 4744 1799 4811 quod
1849 4743 2014 4796 etiam

434 4830 591 4902 vulgo
625 4828 733 4886 dici
753 4831 910 4897 solet,
938 4832 1071 4887 hora
1101 4832 1428 4902 importuna.
1456 4832 1652 4887 Vetera
1680 4833 1811 4887 vitia
1856 4833 2012 4903 pudi-

430 4918 564 4976 citia
584 4920 808 4990 juvenili
831 4922 1116 4992 praevenit,
1145 4923 1238 4993 qui
1264 4938 1365 4993 per
1392 4924 1761 4978 maturitatem
1812 4926 2017 4980 vivacis

436 5018 602 5073 animi
630 5033 905 5089 nunquam
935 5032 1085 5088 spem
1111 5031 1267 5072 suam
1290 5034 1321 5072 a
1352 5018 1535 5072 verbis
1559 5017 1654 5074 Dei
1684 5029 1945 5075 removet.

512 5108 670 5163 Vsus.
707 5107 905 5164 148.--
917 5106 1289 5162 Prcevenerunt
1318 5106 1457 5160 oculi
1486 5108 1585 5161 mei
1606 5106 1674 5161 ad
1702 5107 2017 5174 tediluculo,

438 5209 494 5254 ut
526 5197 811 5253 meditarer
837 5197 1045 5269 eloquia
1078 5207 1191 5253 tua.
1217 5197 1335 5253 Non
1397 5214 1522 5254 eum
1567 5198 1655 5255 lux
1705 5210 2017 5273 soporatum

441 5290 661 5362 reperit,
689 5291 785 5347 sed
816 5289 1127 5362 vigilantem
1148 5298 1387 5355 strenue,
1410 5299 1467 5347 et
1488 5292 1637 5348 circa
1689 5293 1868 5349 divina
1911 5293 2024 5348 elo—

442 5382 589 5451 quia,
612 5381 893 5438 oculorum
924 5381 1247 5454 spiritalium
1288 5382 1604 5451 intentione,
1650 5386 2018 5440 meditantem.

511 5471 676 5545 376
703 5472 864 5529 Vens.
894 5472 1016 5529 149.
1048 5503 1121 5514 -—-
1171 5472 1356 5528 Vocem
1388 5491 1555 5531 meam
1588 5476 1802 5539 exaudi,
1832 5475 1989 5528 Domi
2000 5504 2021 5514 ς

448 5575 532 5623 ne,
553 5563 833 5617 secundum
860 5564 1273 5617 misericordiam
1304 5573 1468 5629 tuam,
1496 5574 1543 5619 et
1573 5563 1857 5619 secundum
1869 5563 2024 5633 judi-

449 5649 584 5701 cium
613 5660 759 5704 tuum
786 5652 984 5720 ririﬁm
1023 5669 1122 5706 me.
1150 5651 1348 5706 Defiuit
1396 5653 1449 5706 in
1475 5651 1621 5707 nullo
1650 5653 1868 5707 homine
1899 5667 2022 5706 esse

450 5740 903 5811 prtrsumendum,
931 5742 1030 5796 nisi
1055 5743 1105 5795 in
1133 5741 1242 5794 sola
1269 5740 1359 5794 Dei
1385 5743 1604 5810 pietate,
1636 5756 1753 5812 qua!
1768 5756 1831 5794 ex
1860 5742 2020 5795 mise-

2050 4526 2099 4585 D

2110 3288 2214 3343 nisi
2239 3290 2613 3359 depmnarum
2649 3288 2957 3359 urgentium
2997 3288 3324 3344 necessitate
3369 3289 3513 3345 etde
3548 3289 3695 3359 peri-

2110 3379 2234 3436 culo
2259 3381 2488 3436 mortis?
2508 3381 2706 3453 Legem
2733 3398 2864 3438 vero
2888 3383 2977 3438 hic
3000 3382 3149 3438 illam
3171 3384 3494 3439 sententiam
3536 3383 3694 3461 dicit,

2110 3488 2230 3542 qua:
2258 3475 2334 3528 ait
2357 3492 2369 3526 :
2401 3472 2586 3529 Omnis
2613 3475 2706 3545 qui
2732 3492 2787 3530 se
2807 3478 3027 3541 ea‘altat,
3050 3475 3438 3541 humiliabitur,
3463 3484 3510 3531 et
3528 3476 3620 3548 qui
3639 3492 3695 3530 se

2109 3565 2374 3629 humilior,
2400 3564 2721 3621 exaltabitur
2741 3566 2893 3639 (Luc.
2916 3582 3031 3633 xiv,
3049 3567 3157 3639 11).
3184 3566 3408 3622 Hancse
3424 3566 3559 3622 dicit
3587 3583 3696 3625 non

2110 3656 2337 3712 oblitum
2383 3672 2554 3727 usque
2570 3659 2624 3713 in
2646 3658 2810 3715 tinem
2839 3661 2984 3715 vice.
3692 3643 3699 3648 ’

2182 3746 2348 3802 Vnus.
2384 3741 2506 3801 154.
2542 3777 2609 3787 -
2646 3747 2843 3803 Judica
2870 3749 3138 3820 judicium
3175 3765 3363 3814 meum,
3416 3758 3464 3805 et
3497 3753 3704 3809 redime

2111 3851 2213 3899 me,
2235 3845 2449 3909 propter
2467 3836 2733 3909 eloquium
2770 3847 2921 3893 tuum
2951 3839 3151 3909 vivi/ica
3180 3855 3280 3893 me.
3311 3838 3556 3918 Iudicavi

2112 3924 2249 3980 nihil
2275 3940 2361 3980 me
2386 3926 2529 3981 scire
2553 3925 2660 3980 nisi
2682 3924 2913 4000 [Jesum]
2940 3925 3344 3998 Cbristum,qui
3377 3928 3445 3985 ad
3482 3931 3699 4007 redc‘m;

2110 4017 2351 4085 ptionem
2382 4017 2567 4072 mundi
2594 4018 2780 4073 venire
2806 4020 3111 4089 promissus
3123 4028 3208 4075 est
3237 4039 3250 4074 :
3271 4016 3423 4092 juxta
3445 4022 3548 4078 hoc
3568 4038 3704 4097 ergo

2108 4105 2370 4175 judicium
2397 4123 2496 4177 ego
2533 4122 2564 4162 a
2596 4115 2646 4163 te
2668 4108 2910 4164 viviticer
2968 4110 3025 4165 in
3054 4110 3284 4182 eloquiis
3312 4113 3439 4189 tuis.
3487 4112 3703 4168 Redime

2113 4212 2217 4262 me,
2233 4211 2393 4267 quem
2412 4199 2680 4255 redimere
2693 4213 2798 4255 non
2823 4210 3062 4271 poteras,
3086 4202 3190 4256 nisi
3204 4203 3536 4260 credentem.
3561 4200 3703 4259 Pro-

2112 4300 2229 4362 pter
2241 4290 2501 4363 eloquium
2517 4302 2666 4348 tuum
2680 4288 2881 4364 riui/ica
2904 4311 3004 4367 me.
3030 4293 3163 4369 illud
3186 4295 3395 4352 scilicet
3404 4296 3670 4368 eloquium
3682 4338 3700 4361 ,

2115 4384 2204 4437 ubi
2249 4381 2559 4454 promittit:
2610 4383 2715 4451 Qui
2743 4381 2908 4440 credit
2940 4387 2995 4440 in
3025 4402 3107 4440 me
3132 4427 3147 4452 ,
3198 4403 3303 4441 non
3348 4389 3600 4442 morietur
3641 4388 3703 4442 in

2122 4484 2393 4529 «ternum.

2194 4567 2355 4622 Vens.
2383 4567 2503 4622 155.
2526 4600 2598 4610 —
2620 4568 2793 4645 Longe
2820 4580 2897 4626 est
2924 4588 2957 4625 a
2980 4573 3339 4643 peccatoribus
3364 4570 3524 4637 salus,
3569 4574 3707 4645 quia

2112 4654 2519 4724 justiﬁcationes
2547 4666 2666 4712 tuas
2697 4674 2801 4712 non
2825 4659 3206 4730 exquisierunt.
3239 4660 3355 4717 Hoc
3392 4662 3711 4732 specialiter

2122 4744 2525 4817 intelligendum
2548 4748 2760 4803 aestimo
2780 4750 2845 4804 de
2872 4747 3097 4816 ludatis,
3126 4753 3220 4822 qui
3245 4752 3498 4818 salutem,
3526 4753 3577 4807 id
3592 4762 3709 4815 est.

2122 4836 2407 4893 Dominum
2434 4837 2793 4904 Salvatorem,
2831 4855 2862 4894 a
2893 4856 2951 4896 se
2992 4840 3205 4913 longius
3252 4843 3550 4898 effecerunt
3596 4858 3712 4899 non

2121 4932 2395 4986 credendo
2421 4932 2502 4998 ei;
2531 4933 2624 5002 qui
2647 4934 2970 4989 testimoniis
3006 4950 3111 4989 non
3134 4936 3502 4999 crediderunt,
3517 4935 3569 4992 in
3583 4935 3714 5005 qui-

2119 5020 2223 5076 bus
2249 5021 2627 5093 pmﬁgumtus
2675 5030 2761 5079 est
2802 5023 3065 5080 adventus
3123 5024 3338 5082 Domini
3381 5024 3713 5083 Salvatoris.

2121 5113 2244 5168 ldeo
2266 5127 2296 5167 a
2328 5113 2674 5185 salutelonge
2712 5113 2841 5170 facti
2864 5123 3013 5176 sunt.
3049 5116 3141 5186 qui
3167 5125 3494 5188 respuerant
3520 5122 3723 5188 aucto-

2121 5219 2238 5259 rem
2261 5203 2469 5260 salutis.
2618 5184 2627 5185 ί
3069 5184 3083 5186 -
3259 5184 3275 5188 ⁷
3682 5184 3690 5199 ’

2194 5295 2358 5350 Vnus.
2386 5292 2510 5347 156.
2545 5321 2617 5334 —-
2644 5293 3029 5353 Misericordia
3072 5306 3179 5352 tua:
3209 5296 3410 5356 multra.
3458 5298 3722 5365 Domine,

2123 5385 2409 5438 secundum
2433 5382 2699 5452 judicium
2723 5393 2874 5440 tuum
2908 5386 3112 5457 vivi/ica
3151 5404 3251 5443 me.
3305 5368 3728 5461 [biiSemtioneé

2124 5482 2252 5528 sunt
2280 5472 2514 5539 Domini,
2541 5491 2639 5546 per
2666 5490 2804 5547 quas
2830 5476 3043 5535 afﬂictis
3071 5488 3127 5534 et
3162 5479 3422 5546 sauciatis
3476 5479 3733 5553 diversis

2126 5562 2298 5616 modis
2324 5561 2610 5621 subvenire
2631 5567 2881 5638 dignatus
2923 5568 3054 5641 est.]
3094 5568 3396 5649 Secundum
3437 5569 3734 5652 judicium;

2123 5663 2272 5753 tuum
2298 5653 2497 5724 riui/ica
2520 5675 2615 5713 me.
2652 5658 2919 5739 Iudicium
2951 5663 3135 5753 utique
3180 5645 3283 5743 est,
3339 5645 3482 5733 quod
3522 5645 3741 5753 petere:

2125 5742 2405 5814 debemus,
2428 5749 2645 5817 quando
2677 5750 2995 5805 humilitatis
3046 5742 3416 5806 satisfactione
3439 5746 3537 5805 nos‘
3578 5742 3734 5822 pro;
