4020 6188
1211 274 1644 338 .IEXEGETICA.
1683 315 1752 325 —
1788 287 2149 350 EXPOSITIO
2185 294 2252 351 lt‘i
2288 295 2481 354 PSAL.
2506 301 2740 364 CXVIII.

3484 319 3587 378 618

335 376 654 442 sternimus,
683 385 735 432 et
764 389 989 448 peccata
1007 391 1204 501 nostri
1215 385 1538 445 conﬁtemur
1571 414 1583 446 ;
1617 402 1746 450 tunc
1772 398 1914 453 enim
1943 405 1990 464 Α
2019 403 2246 461 velimus
2273 407 2574 476 advertere,
2604 423 2806 482 septem
2821 414 2939 471 illas
2953 418 3373 489 signiticatvices
3390 429 3586 501 [Edit.,

337 466 595 501 indininm
647 467 856 501 Πηωςηῖ
910 469 991 501 ΑΜ
1074 473 1164 501 ...ιε
1206 491 1265 501 ..,.
1309 479 1550 501 _.:--_--g
1609 485 1621 501 ρ
1809 486 1833 501 ρ
2176 495 2195 501 -
2336 499 2361 501 ,_

403 648 568 705 Vens.
593 649 716 705 157.
742 681 817 692 —
841 651 998 708 Multi
1025 657 1115 728 qui
1136 674 1518 733 persequuntur
1547 683 1628 720 me
1657 679 1706 721 et
1745 671 1910 724 tribup

331 742 443 798 lant
471 759 572 808 me,
596 760 629 797 a
650 745 958 802 testimoniis
985 749 1090 804 tuis
1111 768 1214 806 non
1242 753 1517 811 declinavi.
1546 759 1658 815 Vox
1695 761 1798 816 ista
1826 774 1909 821 est

331 833 593 891 Esclesix
620 836 674 890 in
693 839 1022 908 martyribus
1048 842 1180 908 suis,
1231 847 1321 915 qui
1368 847 1509 902 inter
1556 857 1820 908 tormenta
1855 862 1912 908 et

327 927 686 998 multiplicata
711 929 973 998 supplicia
999 936 1450 1004 persequentibus
1473 953 1578 994 non
1590 953 1902 999 cesserunt:

325 1017 454 1074 inde
482 1025 539 1072 et
557 1032 848 1073 numerosa
875 1021 1162 1077 multitudo
1179 1034 1481 1097 martyrum
1508 1029 1743 1099 palmam
1760 1033 1908 1088 inve-

326 1111 439 1174 nit;
474 1110 599 1181 quia
622 1125 653 1165 a
680 1111 1002 1168 testimoniis
1045 1115 1256 1170 Domini
1278 1133 1338 1172 se
1387 1119 1693 1175 nullatenus
1743 1123 1906 1177 decli-

325 1216 460 1256 nare
489 1203 667 1257 testati
696 1211 822 1257 sunt
851 1204 992 1259 inter
1013 1213 1278 1262 tormenta
1319 1211 1491 1265 varia.

402 1291 562 1346 Vens.
596 1291 717 1347 158.
741 1323 814 1333 -
844 1291 964 1349 Vidi
999 1312 1103 1350 non
1123 1308 1385 1354 servantes
1417 1311 1651 1372 pactum,
1683 1315 1731 1358 et
1760 1306 1905 1360 tabe-

322 1382 550 1446 srebam,
573 1383 697 1455 quia
717 1385 1012 1441 testimonia
1035 1386 1188 1460 [Ms.,
1215 1389 1451 1465 eloquia]
1483 1403 1576 1447 tua
1603 1412 1708 1451 non
1730 1408 1903 1452 custo—

320 1471 552 1524 dierunt.
577 1471 678 1538 Qui
703 1483 830 1527 sunt
851 1475 942 1544 qui
961 1485 1182 1546 pactum
1222 1494 1328 1534 non
1377 1492 1750 1549 servaverunt,
1795 1487 1900 1542 nisi

319 1564 414 1632 qui
453 1563 826 1620 tribulationes
854 1567 1144 1622 multorum
1188 1573 1628 1640 persequentium
1670 1590 1776 1630 non
1823 1576 1902 1633 fe-

320 1663 528 1718 rentes,
561 1670 592 1708 a
624 1655 717 1711 Dei
746 1658 1071 1714 testimoniis
1093 1660 1541 1720 declinaverunt?
1577 1665 1704 1722 llaec
1746 1685 1896 1740 ergo,

2015 495 2215 568 voces],
2255 499 2450 568 quibus
2485 518 2543 558 se
2570 507 2957 564 monachorum
2981 512 3068 582 pia
3108 513 3320 572 devotio
3344 495 3589 580 conscia;
3639 545 3646 550 ’

2015 590 2122 648 tur,
2148 585 2201 639 id
2223 597 2324 652 est,
2350 589 2692 658 Matutinum,
2721 596 2924 664 Tertia,
2953 599 3138 668 Sexta,
3170 605 3342 662 Nona.
3385 610 3590 669 Lucer-

2013 673 2189 739 naria,
2212 676 2650 749 Completorium,
2685 685 3020 746 Nocturnum
3062 693 3376 765 [Matutinth
3429 701 3588 760 Com-

2011 761 2287 831 pletorios,
2315 767 2659 846 Nocturnos].
2692 774 2750 831 Si
2778 793 2907 834 vero
2948 761 3264 851 spiritaliter
3317 788 3585 858 intendas,

2011 853 2467 913 continuationem
2497 864 2668 933 magis
2689 865 2887 922 dictam
2919 872 3194 940 sapienter
3221 877 3478 947 advortis,
3528 853 3589 937 ut

2009 948 2096 995 est
2145 942 2274 1000 illud
2307 964 2320 998 :
2351 947 2666 1005 Benedicam
2714 954 3000 1012 Dominum
3047 963 3102 1014 in
3160 968 3301 1019 omni
3338 942 3582 1042 tempore.

2011 1029 2222 1101 Septies
2249 1034 2418 1091 Deum
2448 1054 2546 1109 per
2580 1041 2722 1098 diem
2751 1044 2958 1108 laudat.
2984 1052 3108 1119 quia
3161 1069 3315 1112 mens
3359 1029 3478 1126 eju's
3531 1061 3584 1122 in

2007 1121 2164 1191 pleno
2191 1125 2474 1195 splendbre
2498 1132 2820 1200 perdurans,
2845 1139 2911 1190 ad
2929 1139 3077 1194 illum
3105 1121 3404 1213 septimum
3418 1148 3584 1214 diem,

2009 1213 2059 1266 id
2091 1223 2194 1278 est,
2221 1217 2571 1274 sabbatorum
2598 1223 2904 1293 sabbatum,
2937 1232 3028 1300 qui
3054 1241 3138 1286 est
3166 1236 3378 1305 requies
3428 1213 3586 1294 teter;

2006 1319 2094 1368 na,
2126 1304 2364 1364 festinat.

2075 1397 2238 1452 Vens.
2269 1399 2386 1455 165.
2410 1433 2481 1442 -
2500 1403 2628 1491 fax
2652 1408 2818 1462 multa
2847 1412 3183 1484 diligentibus
3213 1419 3378 1491 legem
3409 1432 3578 1488 tuam,

2003 1487 2246 1554 Domine,
2265 1502 2314 1542 et
2337 1509 2441 1546 non
2467 1480 2546 1549 esi
2572 1496 2678 1552 illis
2698 1480 3028 1558 scandalum.
3060 1507 3172 1564 Pax
3191 1480 3360 1567 multa
3385 1480 3583 1571 mentis

2001 1578 2207 1642 paritas
2233 1589 2288 1635 et
2321 1581 2443 1638 ﬁdei
2472 1588 2627 1656 ecpia
2680 1590 3008 1659 declaratur,
3054 1613 3173 1668 quae
3208 1610 3398 1658 contra
3450 1606 3580 1660 vitia

1999 1666 2252 1724 decenter
2274 1675 2594 1742 opponimus
2625 1697 2637 1730 :
2668 1695 2791 1734 nam
2838 1683 3003 1740 Deum
3036 1666 3172 1745 falso
3224 1706 3408 1748 amore
3457 1695 3580 1750 dili-

319 1745 514 1814 ίηρυίί,
541 1761 664 1802 cum
686 1748 946 1814 viderem,
972 1749 1334 1818 tabescebam,
1363 1755 1548 1811 dolens
1578 1772 1671 1812 eos
1689 1775 1719 1814 ει
1749 1769 1897 1818 tanta
1933 1745 1976 1805 Β
2002 1755 2098 1824 git,
2121 1759 2211 1828 qui
2241 1763 2640 1822 scandalizatur
2658 1769 2711 1823 in
2755 1769 2980 1830 fratrem
3011 1776 3163 1848 [Ms.,
3187 1779 3399 1856 fratre].

317 1836 491 1905 gloria
534 1836 822 1894 decidisse.

389 1927 553 1982 Vens.
587 1927 708 1984 159.
731 1960 804 1970 —
852 1930 998 1997 Vide,
1021 1935 1144 2006 quia
1174 1937 1424 1993 mandata
1450 1949 1541 1996 tua
1572 1944 1752 2009 dilexi,
1785 1945 1895 2000 Do-

316 2018 477 2083 mine,
507 2019 565 2073 in
592 2020 952 2076 misericordia
983 2032 1077 2077 tua
1105 2026 1307 2095 vivi/ica
1334 2046 1434 2082 me.
1487 2029 1605 2101 Ipsa
1654 2042 1740 2088 est
1784 2033 1898 2090 fru-

313 2119 504 2166 ctuosa
532 2113 839 2181 tolerantia,
864 2131 982 2186 quze
1011 2120 1272 2175 saevitiam
1289 2129 1729 2193 persequentium
1760 2131 1895 2187 dile-

310 2203 492 2258 ctione
512 2205 738 2276 suscipit
759 2208 1156 2264 mandatorum.

386 2293 548 2348 Vttns.
583 2294 703 2348 160.
726 2326 796 2335 -
825 2295 1155 2370 Principium
1185 2303 1455 2360 verborum
1504 2318 1714 2364 tuorum
1762 2314 1894 2365 reri-

307 2393 410 2445 tas,
450 2393 499 2437 et
519 2384 574 2438 in
603 2393 852 2440 wternum
869 2390 1044 2443 omnia
1066 2391 1276 2460 judicia
1305 2394 1534 2464 justitiw
1564 2409 1687 2454 ture.
1729 2402 1769 2454 A
1800 2419 1892 2455 ve-

307 2475 468 2529 ritate
511 2484 623 2541 tua,
655 2476 851 2547 inquit,
903 2480 1067 2534 verba
1108 2485 1425 2552 procedunt,
1483 2497 1534 2542 et
1594 2490 1715 2544 ideo
1763 2509 1890 2547 vera

309 2564 461 2638 μὴ..
492 2568 732 2641 veracia]
763 2578 907 2636 sunt,
935 2580 992 2626 et
1013 2575 1281 2630 neminem
1301 2575 1520 2645 fallunt;
1546 2583 1740 2650 quibus
1761 2601 1889 2654 pro-

305 2659 588 2714 nuttiatur
605 2659 758 2732 [Ms.,
781 2665 1197 2739 prtenuntiatur]
1217 2668 1327 2722 vita
1347 2670 1513 2739 justo,
1529 2675 1884 2744 pmuaimpio.

376 2751 541 2807 Vens.
560 2751 681 2806 161.
699 2752 939 2824 -375
962 2751 1227 2832 Principes
1241 2763 1496 2829 persecuti
1515 2772 1635 2815 sunt
1665 2780 1745 2816 me
1763 2781 1888 2834 gra-

303 2842 393 2907 tis,
409 2853 458 2896 et
481 2861 512 2896 a
541 2843 704 2898 verbis
719 2845 823 2899 tuis
841 2845 1143 2914 formidavit
1171 2867 1261 2903 cor
1281 2869 1472 2906 meum.
1499 2853 1888 2928 Terrenireges

301 2933 602 2990 Ecclesiam
648 2935 849 2992 Christi
903 2937 1114 3012 [gratis]
1163 2945 1434 3012 persecuti
1481 2955 1625 3010 sunt,
1682 2949 1884 3006 nullam

302 3036 527 3077 causam
554 3027 948 3094 persecutionis
975 3029 1259 3098 habentes,
1291 3049 1417 3089 cum
1438 3050 1532 3090 eos
1589 3035 1883 3096 Christiani

2072 1846 2232 1902 Vens.
2261 1850 2860 1928 166.—Exspectabam
2889 1846 3122 1920 salutare
3147 1878 3317 1933 tuum,
3335 1846 3576 1940 Domine,

1998 1947 2045 1990 et
2067 1941 2318 1996 mandata
2343 1953 2436 1998 tua
2469 1945 2650 2008 dilexi.
2677 1949 2858 2008 Jesum
2886 1955 3170 2013 Dominum
3210 1963 3450 2020 omnium
3491 1981 3580 2020 sa-

1997 2027 2172 2084 lutare
2202 2044 2580 2104 exspectamus
2627 2039 2778 2111 [Ms.,
2834 2044 3170 2104 Salvatorem
3217 2057 3576 2130 exspectavi],

1996 2128 2052 2173 et
2070 2134 2155 2185 ea,
2182 2137 2301 2192 quae
2325 2124 2378 2178 in
2402 2125 2518 2197 lege
2540 2132 2886 2201 etprophetis
2897 2139 3150 2195 mandata
3181 2124 3420 2212 fuerunt,
3447 2124 3572 2205 feci.

1997 2206 2134 2278 Spes
2157 2213 2363 2280 praemii
2392 2214 2732 2274 dilectionem
2761 2234 2984 2293 generat
3010 2230 3269 2285 mandati.

2068 2300 2227 2356 Vens.
2262 2303 2382 2358 167.
2413 2337 2483 2345 —
2533 2308 2820 2366 Custodivit
2876 2318 3054 2371 anima
3112 2336 3226 2376 mea
3275 2327 3576 2382 testimonia

1994 2397 2107 2452 tua,
2139 2401 2186 2444 et
2215 2394 2400 2447 dilexit
2425 2413 2487 2450 ea
2527 2400 2864 2457 vehementer.
2897 2405 3188 2464 Custodivit
3221 2413 3288 2468 ad
3339 2415 3577 2473 toleran-

1995 2479 2122 2532 tiam
2146 2485 2400 2551 martyris
2429 2489 2693 2556 pertinet;
2741 2491 2922 2546 dilexit
2965 2512 3094 2552 vero
3140 2503 3206 2556 ad
3252 2505 3573 2564 charitatem

1994 2574 2276 2626 tormentis
2299 2577 2550 2632 omnibus
2594 2577 2911 2636 fortiorem:
2948 2595 3002 2639 et
3057 2589 3168 2657 ipsa
3213 2593 3431 2651 dilectio
3482 2614 3574 2654 ve-

1993 2662 2272 2717 hementer
2297 2667 2540 2736 augenda
2563 2678 2663 2733 est,
2689 2672 2813 2742 quia
2838 2674 3002 2729 totius
3027 2679 3279 2736 amicitiae
3306 2683 3376 2738 ibi
3401 2688 3571 2757 expli-

1990 2756 2147 2802 catur
2172 2752 2413 2807 charitas
2445 2753 2596 2826 [Ms.,
2642 2760 2848 2828 agenda
2874 2771 2976 2828 est,
3026 2766 3150 2837 quia
3198 2773 3362 2827 totius
3403 2752 3569 2831 animi

1990 2837 2194 2892 nisibus
2219 2841 2563 2917 explicatur].

2059 2926 2222 2983 Vsus.
2254 2929 2376 2986 168.
2397 2962 2468 2972 -
2490 2932 2705 2990 Servavi
2730 2939 2978 2993 mandata
3026 2951 3116 2996 tua
3162 2955 3212 2999 et
3265 2951 3566 3007 testimonia

1987 3024 2098 3080 tua,
2128 3019 2252 3089 quia
2277 3036 2455 3077 omnes
2478 3024 2574 3078 vite
2598 3042 2728 3080 mea:
2763 3028 2820 3082 in
2865 3041 3138 3102 conspectu
3186 3044 3302 3107 tuo,
3322 3038 3562 3098 Domine.

304 3111 358 3166 in
384 3111 529 3166 nullo
553 3087 826 3170 laederent.
860 3114 1015 3189 [Cum
1042 3129 1220 3176 autem
1246 3087 1528 3194 '(,'éi
1557 3087 1883 3202 ipsi")-]-Eh—ri:
1910 3087 1957 3150 ο
1990 3109 2185 3167 servat
2213 3123 2394 3171 autem
2417 3129 2686 3190 Ρταθοθριθ
2723 3129 2779 3176 θ*
2807 3125 3136 3192 ωδιίηιοηίδς
3165 3130 3256 3200 qui
3301 3131 3420 3188 V538
3468 3134 3562 3194 Dei

300 3203 494 3258 stianis
521 3207 862 3276 negationem
897 3210 1146 3266 veritatis
1167 3222 1494 3286 extorquere
1522 3233 1628 3273 non
1640 3230 1880 3290 possent,

305 3293 615 3349 habuerunt
643 3298 805 3352 verba
832 3299 1112 3365 minantia,
1148 3303 1444 3360 intulerunt
1489 3323 1628 3364 saeva
1683 3312 1884 3382 suppli-

299 3385 387 3437 cia
415 3403 427 3437 :
456 3387 549 3439 sed
573 3387 670 3457 ipsi
716 3397 984 3460 martyres
1011 3394 1159 3446 verbi
1209 3393 1421 3450 Domini
1477 3399 1876 3456 meminerant:

299 3472 487 3527 Nolite
505 3476 681 3530 timere
703 3494 812 3542 eos,
840 3483 930 3548 qui
955 3483 1193 3536 occidunt
1222 3501 1410 3556 corpus
1434 3486 1649 3560 (Matth.
1679 3507 1735 3557 x,
1764 3491 1876 3566 28).

373 3587 534 3643 Vens.
569 3590 688 3643 162.
716 3623 786 3631 —
808 3591 1050 3649 La’tabor
1075 3613 1169 3667 ego
1189 3615 1345 3670 super
1372 3599 1576 3673 eloquia
1605 3615 1720 3670 tua,
1742 3609 1878 3662 sicut

289 3677 383 3746 qui
406 3677 600 3733 invenit
636 3680 806 3750 spolia
831 3682 1016 3738 multa.
1059 3685 1341 3758 Martyres,
1397 3695 1645 3762 quamvis
1689 3694 1875 3752 humili

287 3776 438 3822 sorte
472 3779 837 3838 morerentur,
861 3773 1205 3833 inveniebant
1228 3779 1395 3850 spolia
1423 3784 1612 3848 multa,
1659 3785 1876 3855 quando

286 3859 512 3929 praemia
539 3859 718 3915 divina
748 3863 1108 3933 recipiebant;
1142 3867 1286 3938 ipsos
1314 3886 1527 3941 quoque
1552 3885 1862 3943 persecuto-

286 3965 378 4006 res
404 3966 699 4008 conversos
727 3953 795 4009 ad
814 3955 1102 4012 Dominum
1132 3961 1460 4030 gaudebant,
1491 3972 1551 4017 ut
1579 3965 1678 4034 ipsi
1701 3967 1873 4037 magis

286 4036 482 4096 tierent
507 4041 698 4112 spolia,
725 4045 815 4113 qui
845 4045 985 4101 vitas
1012 4047 1316 4103 adimerent
1337 4049 1534 4122 [Edit.,
1563 4036 1867 4129 adjuverat]

284 4127 679 4185 innocentium.
710 4131 777 4186 Et
804 4132 924 4189 ideo
950 4133 1120 4190 ltetari
1146 4151 1204 4192 se
1232 4137 1364 4194 dicit
1385 4141 1438 4195 in
1491 4141 1719 4214 eloquiis
1766 4127 1870 4200 Do;

281 4219 443 4283 mini,
469 4219 524 4272 id
545 4228 645 4285 est,
673 4222 728 4276 in
758 4224 1215 4282 admonitionibus
1256 4229 1451 4299 sacris,
1503 4231 1642 4286 sicut
1695 4235 1869 4290 victor

281 4308 528 4378 praedam
553 4311 840 4381 accipiens.

359 4422 522 4478 Vens.
556 4423 676 4478 163.
699 4454 770 4464 -
798 4423 1134 4497 Iniquitatem
1161 4430 1282 4484 odio
1304 4431 1464 4486 habui
1506 4444 1556 4488 et
1593 4435 1862 4492 abomina-
1893 4454 1940 4512 ι)

279 4521 366 4566 tus
385 4529 526 4579 sum,
553 4512 715 4583 legem
738 4524 910 4569 autem
931 4525 1077 4572 tuam
1108 4518 1288 4574 dilexi.
1306 4520 1482 4578 Mente
1497 4524 1859 4580 contuendum

281 4599 438 4674 [Hs.,
464 4600 828 4676 condendum]
853 4612 956 4670 est,
981 4607 1123 4677 quod
1153 4607 1416 4680 [amorem
1441 4610 1730 4680 bonarum,
1745 4632 1861 4671 ma—

279 4690 457 4747 larum
486 4706 673 4747 rerum
725 4693 850 4748 odio
903 4695 1293 4767 comprobavit,
1355 4700 1610 4770 quoniam
1664 4703 1858 4775 (Edit.,

279 4795 437 4837 amor
453 4789 540 4838 est
561 4781 826 4839 bonarum
857 4784 1191 4843 malarumve
1233 4804 1434 4856 rerum,
1468 4792 1590 4847 ideo
1617 4809 1860 4867 compro-

281 4869 450 4936 bavit,
474 4871 790 4946 quomodo)]
816 4874 1030 4930 animus
1060 4886 1266 4943 noster,
1289 4879 1334 4933 si
1361 4880 1700 4952 iniquitatem
1724 4886 1860 4942 reci-

277 4970 455 5032 peret,
482 4978 824 5034 nequaquam
852 4966 1034 5037 selegi
1082 4966 1365 5024 dominico
1411 4972 1510 5026 sub
1552 4972 1859 5044 integritate

273 5051 652 5122 atujungeret.
686 5052 804 5108 Non
830 5055 960 5110 dicit
986 5057 1260 5113 hominem
1289 5058 1554 5129 iniquum,
1609 5064 1702 5118 sed
1758 5065 1860 5120 ini-

272 5142 543 5212 quitatem
570 5158 628 5199 se
656 5144 790 5200 dicit
809 5147 1007 5210 odisse,
1041 5156 1095 5203 et
1126 5148 1289 5220 (quod
1311 5151 1394 5205 fas
1422 5150 1523 5224 est)
1559 5168 1678 5209 eam
1730 5155 1859 5210 abo-

269 5230 543 5288 minatum
568 5232 752 5298 fuisse,
783 5236 928 5306 quod
954 5252 986 5291 a
1009 5235 1126 5310 lege
1153 5240 1225 5295 sit
1253 5240 1427 5296 aliena
1453 5258 1468 5307 ;
1499 5257 1660 5313 seque
1685 5243 1856 5314 legem

257 5321 490 5378 Domini
537 5323 780 5394 perfecta
832 5326 1107 5384 voluntate
1160 5331 1401 5403 diligere.
1450 5332 1551 5401 Qui
1602 5344 1727 5390 sunt
1763 5337 1854 5407 qui

267 5410 502 5484 diligunt
530 5413 816 5470 Dominum
848 5414 1002 5488 μὴ..
1058 5417 1266 5492 Deum].
1325 5423 1425 5477 nisi
1483 5423 1575 5495 qui
1627 5425 1855 5481 oderunt

268 5503 632 5573 iniquitates?

345 5593 509 5650 Vens.
537 5595 658 5651 161.
687 5625 759 5638 -—
781 5597 982 5670 Septies
1004 5600 1058 5655 in
1087 5600 1170 5655 die
1192 5601 1399 5656 laudem
1435 5605 1546 5661 dixi
1579 5607 1671 5661 tibi
1698 5626 1853 5679 super

256 5686 474 5753 judicia
506 5688 735 5756 justitiaz
760 5699 884 5743 tua.
909 5690 968 5746 Si
1007 5692 1074 5747 ad
1116 5693 1352 5748 litteram
1385 5695 1525 5750 hunc
1568 5714 1848 5754 numerum

562 5778 831 5842 Paraot.
878 5779 944 5842 C.

1985 3202 2203 3269 incedit,
2229 3221 2328 3262 nec
2349 3209 2640 3281 quidquam
2662 3212 2716 3266 in
2743 3221 2867 3268 actu
2895 3215 2980 3270 vel
3008 3218 3248 3289 cogitatu
3265 3223 3394 3293 agit,
3421 3228 3566 3295 quod

1983 3293 2163 3349 divina
2194 3299 2644 3370 contemplatione
2671 3303 2936 3359 habeatur
2957 3307 3250 3378 indignum.

2055 3406 2216 3461 Vsus.
2248 3407 2370 3464 169.
2400 3441 2472 3450 -
2495 3410 2880 3485 Appropinquet
2905 3417 3226 3490 oratio]lls.,
3278 3421 3564 3496 Adpmpiet

1979 3496 2296 3572 deprecatio]
2323 3517 2439 3555 mea
2463 3503 2519 3555 in
2547 3513 2827 3575 conspectu
2859 3514 2970 3572 tuo,
2995 3506 3236 3575 Domine,
3259 3512 3422 3580 juxta
3449 3513 3560 3568 elo-

1977 3590 2157 3659 quium
2188 3599 2336 3645 tuum
2365 3593 2434 3646 da
2460 3595 2587 3647 mihi
2613 3594 2948 3649 intellectum.
2975 3597 3286 3656 Proximam
3321 3603 3418 3658 tibi
3465 3605 3562 3661 lle-

1979 3679 2023 3732 ri
2051 3681 2349 3734 orationem
2375 3696 2551 3736 meam
2575 3683 2854 3752 deprecor,
2885 3683 3128 3753 Domine,
3157 3697 3218 3744 ut
3245 3706 3275 3746 a
3304 3700 3358 3748 te
3403 3695 3561 3750 intel-

1978 3770 2174 3824 lectum
2193 3772 2433 3841 capiens,
2465 3772 2538 3826 nil
2559 3772 2702 3827 aliud
2731 3774 2834 3829 nisi
2856 3777 2998 3844 quod
3035 3789 3268 3850 oportet,
3314 3799 3554 3842 exorem.

2047 3860 2209 3913 Vens.
2236 3858 2358 3912 170.
2390 3890 2461 3898 -
2483 3859 2650 3915 Intret
2670 3863 2840 3916 oratio
2884 3881 2999 3919 mea
3021 3869 3076 3922 in
3114 3886 3388 3942 conspectu
3440 3887 3553 3943 tuo,

1975 3949 2216 4014 Domine,
2243 3949 2527 4004 secundum
2552 3949 2813 4021 eloquium
2838 3961 2984 4007 tuum
3009 3957 3147 4026 eripe
3188 3976 3286 4013 me.
3348 3961 3557 4020 Gratia-

1973 4041 2066 4094 tim
2097 4039 2343 4094 ascendit
2367 4048 2554 4095 sancta
2582 4041 2771 4112 petitio
2793 4051 2980 4098 nostra
3010 4063 3023 4097 :
3054 4047 3147 4115 qui
3194 4057 3321 4104 ante
3369 4052 3506 4108 dixit
3535 4075 3548 4109 :

1971 4131 2354 4202 Appmpinquet
2380 4130 2526 4204 [Ms.,
2554 4131 2881 4206 Adpropiet],
2906 4150 3048 4190 nunc
3060 4135 3550 4199 dicitintret.Prius

1971 4220 2168 4288 fuerat,
2192 4230 2252 4277 ut
2272 4224 2749 4294 appropinquaret,
2775 4226 2968 4283 deinde
2997 4236 3058 4282 ut
3105 4230 3158 4285 in
3198 4242 3551 4304 conspectum

1970 4312 2179 4367 Domini
2209 4314 2414 4369 intrare
2441 4323 2642 4386 posset.
2676 4316 2743 4371 Et
2776 4321 3023 4389 superius
3070 4321 3222 4388 dixit,
3250 4325 3546 4380 secundum

1966 4403 2236 4473 eloquium
2270 4413 2419 4459 tuum
2443 4404 2533 4477 [da
2559 4407 2688 4461 mihi
2711 4407 3058 4475 intellectum,
3087 4411 3174 4467 hic
3188 4413 3337 4480 dicit,
3356 4430 3550 4471 secun-

1965 4497 2093 4552 dum
2107 4495 2377 4567 eloquium
2404 4495 2575 4570 tuum]
2589 4497 2738 4568 eripe
2753 4515 2857 4564 me,
2872 4509 2997 4555 utet
3009 4501 3079 4556 ibi
3095 4516 3327 4574 superna
3341 4507 3542 4574 videat,

1961 4599 2083 4654 qua:
2105 4584 2398 4649 desiderat,
2412 4592 2466 4639 et
2487 4584 2573 4638 hic
2599 4583 2712 4658 [ab]
2734 4596 2946 4642 aitet-me
2965 4592 3410 4662 concupiscentiis
3423 4594 3545 4650 labe

1960 4679 2236 4744 purgetur.

2032 4763 2195 4818 Vens.
2239 4763 2361 4818 l'il.
2382 4793 2452 4804 --
2477 4762 2805 4820 Eructabunt
2838 4767 2979 4822 labia
3007 4783 3122 4823 mea
3133 4771 3403 4841 hymnum,
3419 4791 3537 4828 eum

1960 4854 2204 4908 docueris
2232 4871 2314 4908 me
2347 4854 2759 4924 justiﬁcationes
2794 4867 2931 4912 tuas.
2966 4857 3024 4914 Si
3063 4875 3162 4932 per
3189 4877 3382 4934 puram
3407 4878 3539 4919 con-

1961 4945 2240 5001 scientiam
2257 4955 2493 5001 reserata
2515 4945 2714 5003 fuerint
2731 4963 2762 5002 a
2780 4956 2832 5004 te
2855 4948 2996 5005 labia
3010 4966 3150 5017 mea,
3171 4961 3298 5010 tunc
3316 4953 3537 5024 dignum

1961 5033 2284 5090 laudationis
2336 5033 2614 5106 proferent
2652 5037 2909 5107 hymnum
2959 5053 2975 5092 :
3015 5047 3072 5093 et
3121 5040 3270 5095 illum
3327 5041 3536 5098 scilicet

1959 5126 2214 5196 hymnum
2237 5167 2252 5191 ,
2302 5143 2460 5196 quem
2507 5142 2536 5181 a
2591 5128 2696 5181 tuis
2754 5129 3234 5199 iustiﬁcationibus
3294 5133 3530 5191 imbutus

1959 5217 2208 5272 edocear.

2033 5327 2189 5383 Vens.
2223 5327 2343 5382 172.
2370 5359 2438 5368 —
2457 5328 2620 5400 3'76
2647 5329 3017 5386 Pronuntiabit
3040 5333 3218 5404 lingua
3269 5353 3381 5391 mea
3424 5339 3532 5392 elo-

1955 5419 2134 5490 quium
2163 5429 2330 5486 tuum,
2361 5421 2486 5492 quia
2508 5421 2683 5476 omnia
2705 5424 2954 5477 mandata
2988 5433 3081 5482 tua
3103 5427 3338 5497 tequitas.
3387 5427 3531 5486 Nihil

1955 5524 2042 5570 est
2069 5515 2211 5570 enim
2242 5513 2384 5569 aliud
2412 5514 2465 5569 in
2489 5514 2717 5585 eloquiis
2745 5516 2870 5580 tuis,
2893 5515 3137 5582 Domine,
3164 5519 3264 5575 nisi
3282 5523 3527 5603 pax,nisi

1954 5606 2204 5677 :equitas,
2224 5605 2326 5660 nisi
2349 5606 2458 5661 vita
2489 5622 2502 5658 :
2533 5605 2634 5660 hoc
2659 5607 2821 5661 corde
2847 5607 3083 5672 credam,
3109 5609 3211 5664 hoc
3234 5609 3389 5666 labiis
3415 5611 3525 5665 elo-

1955 5712 2112 5767 quar,
2142 5699 2243 5752 hoc
2276 5697 2453 5769 lingua
2482 5699 2838 5768 pronuntiabo
2865 5698 3016 5771 [Ἡρη
3039 5701 3423 5772 pronuntiem].

3004 5795 3081 5852 20
