4020 6188
1280 314 1342 368 Β.
1379 311 1444 369 F.
1483 313 1709 371 ALBINI
1747 312 1879 372 SEU
1917 303 2194 370 ALCUINI
2228 311 2512 370 OPERUM
2545 311 2723 370 PARS
2753 310 2819 369 II.

3580 317 3694 374 ’6ὶο

500 432 669 487 ’Vns.
699 429 820 484 175.
848 457 921 474 τ-
943 426 1068 481 Fiat
1090 443 1277 481 manus
1300 437 1409 491 tua,
1439 438 1498 481 ut
1543 428 1702 483 saluet
1741 444 1838 492 me,
1890 443 2020 498 quo-
2045 431 2094 490 Α
2115 427 2323 496 judicia
2349 436 2440 480 tua
2470 426 2792 496 adiuvabunt
2815 441 2916 480 me.
2951 425 3026 484 Ad
3055 428 3228 496 ipsum
3251 424 3509 498 loquitur,
3532 445 3692 500 quem

423 537 577 576 mam
597 519 846 574 mandata
881 527 973 572 tua
1002 516 1150 588 elegi.
1179 517 1313 573 Cum
1340 519 1508 573 dicit:
1540 517 1669 573 Fiat
1686 535 1875 573 manus
1891 527 2002 583 tua,

433 611 679 681 designat
703 607 987 664 Dominum
1015 609 1374 675 Salvatorem,
1397 611 1487 680 qui
1527 609 1704 666 factus
1728 625 1795 665 ex
1841 611 2008 666 semi-

431 715 498 754 ne
525 698 695 754 David
723 699 1018 754 secundum
1044 714 1290 763 carnem,
1335 715 1434 769 per
1475 715 1634 770 quem
1684 700 1828 755 facta
1884 709 2011 755 sunt

429 788 702 854 universa,
735 797 791 844 et
819 799 1097 861 reguntur.
1151 789 1367 843 Manum
1409 790 1552 844 enim
1600 789 1688 843 hic
1732 790 2009 843 dexteram

427 876 685 933 debemus
707 880 974 949 accipere.
1001 879 1242 934 Postulat
1255 886 1435 934 autem
1448 880 1630 934 venire
1646 879 2007 943 Salvatorem,

428 983 527 1039 per
552 984 714 1039 quem
743 985 801 1025 se
827 980 1053 1025 noverat
1083 971 1419 1026 salvandum.
1445 970 1596 1037 Quod
1627 980 1805 1026 autem
1830 973 1963 1026 dicit
1991 990 2004 1026 :

427 1057 580 1130 Elegi
599 1061 851 1115 mandata
872 1070 984 1127 tua,
1007 1063 1186 1116 omnia
1217 1077 1276 1117 se
1308 1062 1548 1132 pericula
1573 1062 1744 1115 amori
1795 1061 2005 1116 Domini

410 1149 796 1218 ipostposuisse
818 1157 1065 1206 testatur.

500 1237 662 1292 Vens.
691 1239 812 1296 174.
842 1239 1212 1310 —Concupivi
1232 1239 1464 1294 salutare
1493 1249 1662 1306 tuum,
1689 1241 1930 1306 Domine,
1958 1250 2008 1294 et

429 1319 512 1381 lex
539 1337 630 1382 tua
651 1329 920 1382 meditatio
951 1347 1065 1382 mea
1108 1341 1201 1384 est.
1235 1330 1410 1399 Ipsum
1455 1331 1639 1385 videre
1681 1333 2006 1400 concupive-

408 1432 566 1484 mm,
588 1433 749 1487 quem
775 1420 838 1473 de
857 1426 1012 1474 utero
1037 1419 1286 1490 virginali
1313 1420 1416 1474 illis
1443 1421 1619 1475 adhuc
1667 1419 2000 1489 temporibus

422 1510 709 1568 credebam
733 1525 853 1567 esse
873 1520 1186 1575 venturum;
1219 1520 1350 1566 etut
1374 1513 1476 1567 sibi
1529 1514 1670 1566 hanc
1723 1511 2007 1566 scientiam

424 1602 490 1656 de
516 1599 814 1672 Scripturis
840 1602 1038 1657 divinis
1086 1604 1398 1673 pervenisse
1442 1602 1861 1667 demonstraret,
1924 1616 2010 1656 se-

423 1691 608 1759 quitur
637 1710 649 1745 :
682 1692 751 1746 Et
772 1692 859 1746 lex
887 1703 979 1748 tua
999 1695 1271 1748 meditatio
1325 1713 1442 1749 mea
1487 1704 1581 1750 est.
1633 1695 1690 1748 In
1731 1693 2008 1764 prophetis

2109 518 2381 573 desiderat
2407 518 2626 582 intueri,
2646 517 2967 586 promittens
2990 517 3227 571 animam
3249 533 3402 573 suam
3450 521 3504 575 in
3531 531 3693 578 atter-

2111 624 2240 662 num
2269 609 2453 662 vivere
2479 647 2493 673 ,
2537 623 2699 677 quam
2752 607 3042 663 salubriter
3095 617 3319 663 noverat
3368 611 3688 668 credidisse.

2111 696 2371 751 Laudabit
2398 706 2466 761 te,
2498 697 2710 751 cantico
2730 695 2939 751 scilicet
2959 712 3098 752 novo
3123 713 3221 768 per
3267 697 3428 754 ﬁdem
3473 717 3686 772 puram.

2108 788 2319 844 Iudicia
2341 798 2519 844 autem
2550 788 2702 853 dicit,
2732 803 2852 859 quae
2877 789 3093 845 famulis
3139 792 3252 847 suis
3276 792 3537 851 Dominus
3579 797 3693 854 dic-

2112 888 2292 934 turum
2313 893 2372 932 se
2389 878 2674 948 promittit,
2713 887 2774 933 ut
2801 888 2884 933 est
2913 897 2926 932 :
2972 879 3172 946 Venite,
3194 882 3470 938 benedicti.

2181 969 2341 1024 Vens.
2374 969 2495 1024 176.
2512 1001 2582 1010 -
2608 970 2800 1025 Erraui
2826 973 2962 1026 sicut
2988 975 3120 1038 ovis,
3147 991 3264 1045 (μίαν
3285 978 3440 1045 periit
3467 996 3486 1044 ,°
3514 997 3689 1051 qurere

2109 1076 2316 1115 servum
2342 1070 2510 1125 tuum,
2555 1061 2792 1125 Domine,
2821 1063 2947 1133 quia
2985 1065 3238 1118 mandata
3294 1077 3386 1120 tua
3437 1081 3542 1123 non
3569 1087 3686 1126 sum

2111 1150 2318 1205 oblitus.
2349 1151 2466 1206 Una
2493 1153 2630 1217 ovis,
2661 1163 2744 1207 est
2769 1155 3114 1224 congregatio
3140 1167 3451 1213 sanctorum
3472 1171 3529 1217 et
3559 1163 3686 1218 iide-

2111 1242 2281 1309 lium;
2313 1251 2367 1298 et
2388 1259 2525 1298 unus
2550 1253 2634 1298 est
2660 1253 2847 1314 pastor
2875 1245 3135 1301 Dominus
3181 1246 3431 1305 Christus
3477 1267 3684 1308 eorum.

2110 1333 2179 1387 Et
2207 1334 2414 1403 respice
2436 1349 2598 1403 quam
2620 1333 2818 1389 intimae
2840 1335 2918 1390 rei
2938 1338 3236 1406 comparati
3263 1348 3389 1393 sunt
3414 1342 3682 1409 homines,

2110 1424 2325 1494 quando
2345 1423 2546 1479 Christi
2596 1425 2825 1496 gratiam
2851 1426 3152 1481 deserunt:
3203 1429 3290 1483 ovi
3318 1431 3567 1488 videlicet
3594 1449 3685 1488 er-

2111 1515 2274 1579 ranti,
2323 1529 2443 1584 quae
2492 1514 2735 1585 pericula
2777 1516 2979 1585 patitur
3013 1514 3167 1586 μη,
3215 1520 3471 1588 periculis
3511 1524 3685 1596 patet]

2109 1605 2397 1676 luporum;
2430 1613 2484 1659 et
2517 1605 2654 1660 bene
2683 1605 2886 1660 dictum
2915 1614 3018 1670 est,
3044 1623 3161 1677 quia
3213 1609 3460 1677 perierat,
3513 1621 3574 1666 ut
3598 1628 3691 1668 co-

2109 1709 2396 1767 gnosceres
2418 1695 2788 1749 misericordia
2805 1694 3016 1750 Domini
3037 1694 3203 1751 fuisse
3221 1708 3507 1768 repertam.
3537 1700 3686 1776 [ipsi]

417 1781 564 1837 enim
584 1783 970 1853 concupiverat
995 1783 1271 1840 Christum
1297 1786 1583 1841 Dominum
1637 1787 1995 1850 nasciturum,
2033 1784 2077 1844 Β
2103 1787 2273 1857 gloria
2295 1801 2418 1840 cum
2441 1794 2645 1840 aiterno
2671 1784 2836 1840 Patre
2867 1794 2924 1840 et
2955 1787 3162 1857 Spiritu
3195 1800 3381 1846 sancto
3409 1792 3462 1846 in
3491 1795 3686 1848 saecula

419 1871 486 1926 de
511 1886 618 1941 quo
643 1872 728 1926 lex
749 1880 804 1927 et
830 1875 1106 1943 prophetae
1132 1874 1511 1944 loquebantur.

487 1962 650 2017 Vsus.
683 1963 806 2018 175.
827 1993 900 2003 —-
931 1961 1074 2019 Vivet
1104 1967 1283 2020 anima
1310 1984 1425 2021 mea
1447 2008 1460 2032 ,
1503 1977 1552 2021 et
1583 1967 1821 2021 laudabit
1861 1975 1929 2031 te,
1956 1977 2008 2022 et

2113 1877 2452 1933 saeculorum.
2480 1876 2672 1931 Amen.

1355 2165 1744 2226 MAGISTRI
1783 2164 2053 2225 ALBlNl
2098 2161 2381 2224 FLACCI
2422 2163 2744 2224 ALCUINI

663 2304 1025 2362 EXPOSITIO
1060 2305 1131 2360 IN
1167 2305 1486 2363 PSALMOS
1523 2305 1964 2370 GRADUALES,
1997 2303 2118 2371 QUI
2154 2303 2242 2358 ET
2281 2301 2637 2360 CANTICUM
2674 2302 3018 2360 GRADUUM
3061 2305 3433 2366 DICUNTUR.

477 2488 695 2546 Gradus
742 2496 868 2542 sunt
915 2486 1324 2542 ascendentium
1383 2487 1468 2542 vel
1509 2486 1995 2542 descendentium:

413 2581 508 2638 sed
535 2578 596 2634 hi
618 2578 819 2648 gradus
858 2592 931 2631 .xv
980 2576 1388 2631 ascendentium
1417 2586 1574 2642 sunt,
1619 2593 1780 2647 quem
1812 2592 2000 2632 nume-

413 2690 554 2740 rum,
591 2672 646 2726 id
671 2679 754 2726 est
787 2668 1070 2742 [quintum
1118 2668 1446 2740 decimum],
1495 2670 1540 2724 si
1568 2686 1600 2724 a
1626 2671 1800 2738 primo
1827 2684 1998 2738 usque

409 2766 480 2820 ad
501 2763 752 2818 ultimum
795 2769 1073 2831 computes
1097 2800 1114 2826 ,
1165 2760 1300 2814 ﬁunt
1340 2761 1541 2832 [Edit.,
1587 2760 1736 2832 sunt]
1775 2769 1990 2816 centum

410 2853 621 2924 viginti.
663 2851 837 2920 Super
876 2866 1038 2920 quem
1085 2865 1370 2904 numerum
1413 2849 1647 2920 Spiritus
1688 2859 1908 2906 sanctus
1935 2851 1987 2906 in

405 2945 687 3002 cceuaculo
709 2985 723 3009 ,
771 2943 823 2996 id
856 2952 977 3006 est,
1023 2941 1142 2996 loco
1185 2943 1516 2997 ascensionis
1543 2943 1711 3007 venit,
1757 2951 1816 2997 ut
1837 2942 1990 2997 nobis

2102 2495 2184 2541 tes
2207 2485 2461 2541 saeculum
2490 2485 2782 2553 dimittere,
2816 2503 2925 2542 non
2944 2497 3099 2558 potes
3121 2498 3233 2544 tam
3263 2501 3469 2548 arctam
3495 2494 3681 2571 [viam]

2098 2584 2153 2631 et
2181 2585 2292 2631 tam
2319 2585 2602 2647 angustam
2627 2585 2842 2646 portam
2868 2579 3093 2649 ingredi.

2170 2667 2333 2722 Vens.
2374 2667 2428 2720 4.
2456 2697 2525 2706 -
2553 2665 2775 2737 Sagittte
2802 2670 3023 2738 potentis
3043 2680 3213 2724 acuttr
3234 2687 3351 2725 cum
3372 2675 3682 2732 carbonibus

2096 2755 2445 2809 desolatoriis.
2469 2755 2525 2810 ld
2551 2763 2654 2820 est,
2685 2758 2826 2826 quod
2855 2759 2908 2811 in
2940 2758 3229 2829 Evangelio
3253 2761 3450 2816 dicitur
3482 2782 3494 2817 :
3527 2767 3680 2837 Apud

2097 2846 2329 2898 homines
2359 2847 2456 2900 hoc
2482 2846 2798 2917 impossibile
2820 2857 2913 2912 est,
2947 2848 3088 2918 apud
3126 2849 3294 2904 Deum
3317 2855 3494 2908 omnia
3522 2858 3681 2925 possi-

2097 2934 2223 2989 bilia
2246 2945 2368 2990 sunt
2418 2935 2629 3007 (Matth.
2663 2953 2773 3003 xxx,
2812 2937 2925 3011 26).
2982 2938 3203 3009 Sagittae
3230 2944 3466 3011 potentis
3517 2947 3679 3001 verba

406 3005 754 3099 monstraret,
784 3047 882 3102 per
903 3005 1004 3087 bos
1026 3048 1095 3086 xv
1123 3034 1319 3104 gradus
1344 3035 1413 3089 ad
1454 3049 1678 3088 summa:
1697 3005 1991 3104 perfectio-
2017 3005 2064 3068 ο
2095 3025 2190 3079 Dei
2210 3037 2354 3091 sunt,
2373 3005 2492 3096 qua:
2515 3027 2840 3099 transﬁgunt
2863 3005 3024 3085 corda
3045 3005 3315 3088 noStra—ad
3335 3046 3680 3094 contemnen-

403 3126 491 3180 nis
511 3124 852 3179 altitudinem
890 3126 1290 3180 ascendendum
1329 3141 1470 3180 esse.
1526 3127 1649 3182 Ideo
1671 3127 1814 3180 Deus
1849 3114 1988 3198 [Πε.

404 3215 694 3288 Dominus]
738 3217 805 3270 de
827 3217 966 3272 coelo
989 3218 1265 3272 descendit
1309 3218 1378 3272 ad
1429 3233 1528 3273 nos
1580 3220 1636 3272 in
1668 3227 1869 3273 terram
1890 3258 1904 3284 ,
1933 3225 1992 3273 ut

403 3322 504 3363 nos
533 3309 599 3362 de
626 3318 769 3360 terra
801 3309 1156 3362 ascendamus
1177 3309 1232 3360 in
1259 3309 1475 3362 coelum.
1516 3310 1640 3364 ideo
1659 3309 1748 3363 ille
1773 3311 1992 3363 descen-

404 3398 484 3453 dit
512 3398 566 3452 in
593 3397 789 3451 vallem
816 3397 1182 3467 lacrymarum
1214 3406 1521 3452 nostrarum
1540 3438 1555 3462 ,
1588 3409 1647 3451 ut
1667 3413 1764 3452 nos
1800 3412 1989 3452 ascen-

402 3492 592 3546 damus
631 3490 686 3543 in
714 3489 1101 3544 beatitudinem
1131 3488 1330 3542 laetitia:
1359 3487 1520 3543 illius.
1576 3487 1682 3542 Sed
1708 3489 1990 3543 audiamus

401 3583 543 3636 unde
569 3581 696 3647 iste,
719 3580 810 3650 qui
838 3581 936 3634 bos
978 3578 1214 3648 psalmos
1244 3580 1400 3634 nobis
1443 3579 1512 3633 ad
1540 3579 1770 3633 salutem
1793 3579 1991 3633 decan-

403 3677 555 3742 tavit,
585 3677 797 3731 initium
824 3676 1146 3730 ascendendi
1169 3674 1457 3739 inchoarit,
1489 3674 1573 3728 vel
1599 3673 1867 3744 quomodo
1889 3688 1988 3728 nos

399 3767 690 3822 ascendere
717 3765 966 3819 voluerit.
989 3764 1265 3834 Siquidem
1287 3765 1495 3834 primus
1506 3765 1704 3835 gradus
1718 3764 1987 3818 ascensio-

399 3855 485 3909 nis
516 3863 716 3910 nostrte
729 3864 812 3909 est
826 3854 1125 3918 humilitas,
1144 3862 1203 3908 ut
1238 3853 1601 3924 intelligamus
1620 3868 1718 3907 nos
1733 3861 1982 3922 peccato-

399 3961 510 4012 res,
523 3955 578 4002 ct
589 3947 654 4002 ad
671 3947 764 4002 Dei
779 3947 1008 4016 gratiam
1021 3946 1176 4002 nobis
1191 3945 1582 4001 convolandum
1592 3960 1728 4011 esse,
1748 3946 1869 4001 ideo
1879 3946 1954 4000 ait
1969 3963 1981 3998 :

910 4073 1231 4130 PSALMUS
1280 4072 1465 4130 CXIX.

467 4186 632 4242 Vens.
679 4186 727 4240 l.
759 4214 829 4224 --
855 4184 936 4237 Ad
968 4183 1272 4248 Dominum,
1302 4200 1422 4236 cum
1445 4182 1746 4248 tribularer,
1779 4184 1981 4238 clama-

393 4282 466 4346 vi,
492 4291 541 4335 et
569 4278 835 4334 exaudivit
865 4294 965 4332 me.
1021 4276 1320 4332 Tribulatio
1344 4287 1429 4331 est
1464 4277 1580 4330 haec
1605 4277 1732 4342 vita,
1758 4292 1825 4330 ex
1852 4292 1981 4346 qua,

394 4373 487 4442 qui
526 4370 803 4427 humiliter
843 4369 912 4424 ad
955 4368 1125 4424 Deum
1171 4368 1432 4431 clamant,
1482 4368 1621 4423 sicut
1656 4367 1979 4424 Publicanus
2009 4354 2058 4415 Ι)

391 4464 488 4534 qui
519 4464 641 4518 ait:
698 4461 842 4516 Deus
886 4461 1141 4533 propitius
1190 4470 1298 4514 esto
1349 4459 1476 4513 mihi
1517 4459 1777 4529 peccatori
1823 4459 1973 4531 (Luc.

393 4572 550 4623 xvnt,
597 4557 720 4627 15),
764 4556 1143 4611 cxaudiuntur.
1221 4552 1328 4609 Sed
1375 4553 1649 4608 videamus
1706 4553 1834 4623 quid
1879 4553 1978 4607 iste

396 4649 666 4716 pmuitens
692 4648 922 4704 clamet:

461 4759 628 4816 Vens.
667 4759 722 4814 2.
743 4790 815 4800 —
843 4759 1088 4824 Domine,
1119 4757 1282 4812 libera
1312 4757 1567 4829 [animant
1598 4758 1790 4831 meam]
1841 4775 1873 4812 a
1897 4757 1978 4811 la-

388 4854 488 4908 biis
510 4853 728 4924 iniquis,
769 4862 816 4907 et
861 4870 894 4906 a
936 4851 1118 4922 lingua
1162 4849 1368 4907 dolosa.
1417 4849 1583 4929 Labia
1615 4850 1799 4919 iniqua
1827 4859 1974 4916 sunt,

388 4960 511 5013 qua:
539 4958 638 4999 nos
659 4943 992 5014 suggerendo
1016 4943 1084 4997 ad
1109 4941 1452 5011 iniquitatem
1477 4939 1769 4995 sollicitare
1795 4939 1975 4994 nitun-

390 5044 512 5100 tur;
543 5033 724 5105 lingua
759 5033 938 5087 dolosa
966 5040 1074 5096 est,
1102 5046 1223 5100 qua:
1243 5045 1343 5086 nos
1376 5038 1620 5084 avertere
1649 5029 1763 5084 vult
1787 5030 1854 5084 de
1889 5031 1975 5086 via

383 5124 630 5190 justitiai.
671 5123 763 5178 llla
785 5137 884 5178 nos
911 5122 981 5178 ad
1015 5123 1349 5190 peccandum
1382 5130 1703 5192 suggerunt;
1743 5122 1848 5178 ista
1877 5139 1976 5180 nos

385 5230 417 5266 a
447 5213 831 5269 benefaciendo
855 5211 1100 5267 retrahit.
1141 5209 1247 5266 Sed
1277 5206 1702 5280 consideremus,
1725 5214 1852 5284 quid
1881 5229 1976 5270 no-

387 5307 472 5362 bis
500 5307 570 5362 ad
593 5307 692 5362 has
723 5319 912 5376 preces
934 5300 1255 5372 respondeat
1283 5303 1560 5358 Dominus.

467 5397 624 5452 Vens.
657 5397 712 5451 5.
741 5425 810 5437 -
831 5395 992 5467 3'77
1023 5393 1162 5460 Quid
1189 5394 1341 5448 detur
1378 5395 1471 5448 tibi
1499 5435 1512 5461 ,
1544 5404 1633 5447 aut
1662 5395 1788 5465 quid
1816 5411 1977 5465 appo-

389 5496 548 5540 natur
575 5488 666 5541 tibi
689 5487 758 5542 ad
800 5487 1032 5556 linguam
1063 5485 1340 5540 dolosam?
1379 5487 1514 5542 Ecce
1540 5487 1666 5555 quid
1702 5487 1795 5539 tibi
1821 5486 1974 5540 dabi-

385 5587 478 5630 tur
505 5577 573 5630 ad
610 5579 1040 5647 respondendum
1082 5577 1277 5650 linguae
1300 5576 1519 5644 dolosaa,
1549 5593 1667 5648 qum
1690 5577 1846 5641 solet,
1870 5589 1975 5628 non

390 5669 723 5727 consulendo
747 5675 861 5739 tibi,
891 5675 984 5730 sed
1002 5671 1364 5730 subvertendo
1393 5679 1462 5736 te,
1487 5670 1665 5725 dicere
1697 5688 1708 5723 :
1735 5667 1851 5722 Non
1880 5682 1975 5736 po-

2091 3117 2220 3172 dum
2242 3119 2517 3184 saeculum,
2548 3131 2603 3174 et
2623 3121 2690 3175 ad
2717 3121 3008 3176 amandum
3036 3123 3203 3177 Deum
3235 3141 3248 3176 :
3271 3139 3336 3179 ex
3363 3127 3556 3196 quibus
3589 3146 3679 3186 sa-

2088 3211 2239 3280 gittis
2295 3226 2445 3266 amor
2490 3211 2795 3278 excitatur,
2835 3228 2943 3267 non
3003 3213 3255 3269 interitus
3309 3228 3673 3286 comparatur.

2091 3302 2222 3357 Cum
2250 3303 2560 3358 carbonibus
2599 3301 2928 3358 desolatoriis
2959 3344 2974 3369 ,
3014 3305 3067 3359 id
3093 3314 3178 3360 est
3207 3309 3530 3364 vastatoriis.
3564 3308 3677 3365 Sed

2090 3393 2136 3447 si
2165 3408 2352 3463 parum
2374 3401 2458 3449 est
2481 3393 2660 3448 verbis
2691 3393 2967 3463 sagittare,
3005 3393 3236 3448 suiliciat
3273 3397 3531 3466 exemplis
3577 3399 3671 3453 dc-

2090 3493 2419 3537 monstrare.
2467 3482 2569 3548 Qui
2597 3482 2813 3537 fuerant
2834 3481 2984 3554 [Ms.,
3020 3481 3241 3556 fuerint]
3268 3486 3508 3553 peccatis
3539 3487 3678 3558 nigri

2089 3583 2144 3628 et
2163 3573 2364 3644 frigidi,
2383 3575 2578 3629 iterum
2604 3575 2869 3628 charitate
2891 3575 2985 3629 Dei
3011 3575 3219 3630 accensi
3248 3587 3600 3632 vastaverunt
3622 3588 3683 3634 et

2088 3663 2472 3719 destruxerunt
2495 3681 2660 3736 opera
2683 3665 2883 3720 diaboli
2916 3667 2970 3720 in
3001 3666 3247 3720 cordibus
3275 3667 3409 3730 suis,
3451 3675 3509 3721 ut
3532 3683 3680 3738 pra:-

2087 3764 2346 3826 pararent
2401 3756 2785 3810 habitationem
2839 3757 2950 3812 Deo
2996 3757 3049 3810 in
3096 3758 3426 3827 semetipsis,
3455 3767 3510 3814 et
3550 3770 3682 3831 post

2090 3847 2258 3900 multa
2278 3854 2500 3916 peccata
2523 3846 2747 3900 multum
2765 3847 3071 3902 dilexerunt
3087 3849 3251 3902 Deum
3269 3866 3282 3902 :
3300 3848 3420 3904 ideo
3445 3851 3679 3907 multum

2087 3935 2390 3992 dimittetur
2414 3935 2490 4009 [Μ
2497 3953 2541 3989 s.
2558 3936 2725 3990 multa
2747 3937 3109 4010 dimittuntur]
3124 3939 3221 3993 eis.
3240 3937 3497 4008 Sequitur
3510 3956 3670 3996 vero:

2158 4029 2321 4082 Vsus.
2351 4027 2406 4092 5,
2439 4027 2491 4080 6.
2517 4058 2588 4066 —
2612 4027 2729 4082 Heu
2761 4029 2874 4082 me!
2909 4030 3033 4099 quia
3065 4029 3325 4084 incolatus
3371 4048 3516 4086 meus
3555 4050 3678 4104 pro-

2084 4119 2328 4188 longatus
2373 4126 2479 4182 est,
2510 4118 2736 4174 habitari
2768 4135 2885 4172 cum
2921 4119 3274 4174 habitantibus
3300 4119 3488 4188 Cedar,
3530 4123 3674 4176 mul-

2085 4219 2195 4263 tum
2227 4208 2398 4263 incola
2427 4209 2526 4279 fuit
2549 4210 2726 4264 anima
2751 4227 2885 4264 mea.
2924 4210 3063 4265 Ecce
3100 4212 3201 4266 iste
3225 4227 3256 4265 a
3281 4212 3457 4282 lingua
3487 4213 3674 4269 dolosa

2084 4299 2345 4355 liberatus
2368 4340 2382 4364 ,
2422 4301 2588 4356 verbo
2619 4300 2713 4353 Dei
2739 4300 3049 4370 sagittatus,
3087 4302 3350 4371 exemplis
3379 4301 3675 4362 multarunt

2085 4392 2388 4457 roboratus,
2429 4391 2556 4460 quid
2603 4391 2883 4460 proficiat,
2913 4406 3089 4461 quove
3119 4395 3412 4448 ascendere
3437 4402 3670 4463 quaerat,

2083 4483 2379 4538 videamus.
2413 4482 2529 4537 Heu
2555 4485 2668 4536 me!
2698 4483 2890 4552 inquit,
2909 4485 3051 4552 quod
3078 4485 3343 4539 incolatus
3365 4497 3672 4553 meuspro-

2081 4576 2327 4647 longatus
2347 4577 2461 4631 est!
2495 4576 2610 4631 Vox
2640 4575 2869 4632 dolentis
2896 4585 2952 4630 et
2975 4577 3252 4631 miseriam
3285 4573 3478 4648 [suam]
3507 4575 3672 4645 plan-

2080 4669 2272 4739 gentis,
2297 4668 2439 4736 quod
2459 4667 2548 4722 diu
2568 4665 2669 4739 [in]
2684 4667 3122 4738 peregrinatione
3142 4665 3306 4736 hujus
3322 4665 3674 4726 mortalitatis

2080 4758 2346 4813 incolatus
2368 4757 2485 4826 ejus
2504 4758 2869 4828 prolongetur.
2885 4755 3062 4812 lnoola
3088 4768 3217 4811 vero
3242 4757 3437 4827 estqui
3464 4763 3680 4810 terram

2080 4849 2312 4905 alienam
2333 4849 2477 4904 colit.
2505 4843 2657 4904 Unde
2686 4849 2787 4903 iste
2811 4862 2870 4902 se
2897 4847 3124 4919 plangit,
3153 4856 3208 4901 et
3228 4847 3296 4902 ad
3324 4847 3554 4917 patriam
3574 4857 3676 4898 su-

2077 4940 2292 5010 spirans
2328 4940 2528 5004 redire,
2561 4939 2763 4994 addidit
2795 4956 2807 4992 :
2859 4937 3105 4992 Habitavi
3152 4953 3272 4990 cum
3312 4934 3678 4990 habitantibus

2077 5031 2269 5088 Cedar.
2299 5031 2472 5088 Cedar
2497 5033 2736 5088 tenebrae
2762 5031 3209 5101 interpretantur.
3245 5027 3528 5101 Signiﬁcat
3567 5040 3678 5080 au.-

2079 5131 2186 5178 tcm
2206 5132 2542 5194 peccatores,
2569 5122 2712 5177 inter
2734 5136 2871 5192 quos
2902 5122 2956 5175 in
2984 5122 3089 5176 hoc
3116 5119 3314 5175 saeculo
3351 5119 3485 5190 justi
3507 5131 3680 5188 percu

2077 5216 2381 5288 grinantur,
2406 5214 2635 5268 necdum
2661 5222 2906 5268 extremo
2942 5210 3132 5280 judicii
3177 5210 3483 5266 ventilabro
3511 5223 3679 5274 area,

2078 5308 2129 5362 id
2152 5313 2236 5361 est
2263 5305 2525 5367 Ecclesia,
2555 5311 2784 5372 purgata
2805 5312 2862 5357 et
2889 5309 3173 5373 segregata
3208 5319 3221 5354 :
3251 5299 3397 5356 unde
3434 5300 3537 5354 iste
3569 5297 3683 5353 de.-

2077 5397 2322 5451 siderans
2371 5393 2666 5448 ascendere
2695 5392 2771 5446 ait
2818 5411 2830 5447 :
2874 5392 3100 5447 Multum
3129 5389 3306 5445 incola
3345 5391 3448 5460 fuit
3481 5388 3681 5446 animo

2075 5504 2213 5540 mea.
2244 5487 2451 5554 Corpus
2486 5483 2640 5549 locis,
2668 5492 2722 5539 et
2753 5485 2932 5538 anima
2957 5482 3237 5538 affectibus
3259 5480 3677 5554 peregrinatur.

2077 5577 2229 5632 Unde
2262 5577 2364 5631 istc
2384 5577 2587 5648 sagitta
2616 5576 2897 5630 charitatis
2921 5574 3236 5628 vulneratus
3262 5581 3375 5629 toto
3395 5570 3684 5629 desiderio

2077 5668 2145 5724 ad
2177 5667 2456 5725 cmlcstem
2481 5667 2700 5725 anhelat
2723 5667 2977 5738 patriam.
3012 5663 3306 5735 Sequitur:
