4020 6188
319 319 418 375 621

1094 316 1498 374 EXEGETlCA.
1529 347 1598 358 -
1633 317 1994 374 EXPOSITIO
2031 316 2097 371 ΙΝ
2135 315 2327 372 PSAL.
2369 315 2796 376 GRADUALES.

394 437 557 493 Vsus.
582 434 635 488 7.
661 463 731 475 --
763 433 892 488 Cum
917 433 999 488 his
1015 435 1105 503 qui
1124 433 1346 488 ederunt
1367 449 1568 504 pacem,
1591 449 1736 488 eram
1753 432 1898 505 paci-
1925 436 1973 493 Α
1999 438 2143 486 stare
2163 428 2353 484 aeterni
2379 427 2602 496 Iudicis,
2625 439 2684 485 et
2707 429 2894 484 audire
2920 429 3331 486 desiderabilem
3357 441 3577 490 senten-

317 528 487 596 ficus,
521 541 643 580 cum
703 523 952 594 loquebar
984 522 1120 586 illis,
1161 522 1536 593 impugnabant
1585 539 1667 577 me
1708 523 1898 593 gratis.

317 618 423 686 Qui
447 623 575 671 sunt
599 615 692 684 qui
733 614 968 680 oderunt
987 628 1195 683 pacem,
1232 614 1334 669 nisi
1378 614 1471 684 qui
1500 613 1754 669 scindunt
1779 614 1901 668 uni-

318 716 487 763 tatem
535 704 793 760 Ecclesiae
816 743 831 768 ,
858 702 1098 758 volentes
1127 703 1375 759 doctores
1411 704 1659 758 veritatis
1705 703 1899 768 videri,

316 811 442 854 cum
472 795 584 851 sint
601 793 846 864 magistri
869 793 1115 848 erroris?
1139 793 1279 848 Dum
1304 793 1552 864 loquebar
1579 792 1703 857 illis,
1732 794 1901 863 impu-

313 887 549 959 gnabant
584 901 666 940 me
686 885 871 954 gratis.
899 881 1003 949 Qui
1024 883 1339 953 impugnare
1364 882 1693 938 contendunt
1718 883 1902 938 docto-

321 993 410 1032 res
433 975 814 1032 ecclesiastica:
840 973 984 1038 ﬁdei,
1011 980 1067 1028 et
1090 975 1194 1028 hoc
1213 973 1383 1044 gratis
1421 988 1436 1026 :
1481 973 1608 1042 quia
1643 972 1762 1028 illos
1783 987 1904 1028 cor-

319 1068 497 1138 rigere
525 1072 773 1134 quaerunt
794 1102 810 1127 ,
839 1071 896 1117 et
934 1063 1130 1118 unitati
1162 1062 1358 1134 [Edit.,
1387 1061 1671 1134 unitatem]
1701 1070 1903 1118 sanctae

317 1157 577 1213 Ecclesia:
605 1153 950 1224 conjungere.

854 1240 1173 1297 PSALMUS
1200 1241 1364 1296 CXX.

390 1335 607 1390 Primus
632 1334 833 1405 gradus
855 1333 1187 1388 ascensionis
1213 1341 1414 1392 nostra:
1429 1330 1557 1404 [est]
1578 1332 1900 1388 humilitatis

321 1432 519 1478 nostrae
539 1421 937 1486 contribulatio,
965 1423 1231 1475 secundus
1251 1429 1336 1475 est
1350 1421 1503 1478 ﬁdes.
1529 1421 1597 1476 Et
1621 1422 1901 1477 sciendum

320 1522 407 1568 est
425 1511 568 1581 quod
590 1509 878 1565 nihilaliud
901 1517 1025 1564 sunt
1047 1509 1098 1564 bi
1114 1509 1311 1579 gradus
1335 1511 1665 1565 ascensionis
1683 1519 1900 1576 nostrze,

320 1604 427 1657 nisi
476 1603 666 1656 salutis
709 1608 907 1655 nostrae
950 1598 1264 1669 profectus;
1307 1600 1426 1654 ideo
1475 1601 1527 1654 in
1559 1601 1643 1654 his
1677 1601 1902 1655 canticis

321 1693 581 1747 docemur
594 1691 910 1755 ascendere,
933 1690 1026 1744 sed
1041 1690 1332 1746 ascendere
1357 1691 1411 1746 in
1432 1692 1616 1757 corde,
1643 1691 1696 1746 in
1709 1691 1902 1748 aﬁectu

2005 519 2136 574 tiam
2163 537 2176 573 :
2225 517 2425 584 Venite,
2453 520 2705 574 benedicti
2727 521 2906 574 Patris
2926 521 3044 583 mei,
3076 522 3320 592 percipite
3343 539 3578 593 regnum,

2003 619 2060 665 et
2086 611 2308 681 reliqua.
2332 611 2522 666 Adhuc
2539 612 2694 680 quasi
2716 613 2978 680 quaerenti
2999 614 3374 683 respondetur,
3397 616 3449 670 in
3475 633 3581 688 quo

2004 701 2271 756 custodiet
2291 716 2416 755 eum
2445 702 2742 756 Dominus?

2078 792 2240 846 Vens.
2269 791 2323 845 6.
2350 819 2419 832 --
2447 792 2553 846 Per
2580 793 2719 847 diem
2740 793 2820 847 sol
2857 811 2961 848 non
2999 806 3110 849 uret
3136 805 3184 850 te
3207 835 3222 860 ,
3263 813 3424 868 neque
3452 799 3581 853 luna

2007 898 2102 955 per
2139 889 2361 936 noctem.
2396 880 2700 952 [Dominus]
2725 884 2991 937 custodiet
3032 892 3102 948 te,
3160 885 3212 939 id
3248 895 3367 952 est,
3400 888 3452 942 in
3480 887 3584 943 ﬁde

2005 978 2154 1026 recta
2182 969 2419 1026 servabit
2445 979 2497 1024 te
2516 1009 2531 1033 ,
2559 970 2672 1024 sive
2704 971 2760 1024 in
2789 971 3004 1024 aeternis
3029 1011 3043 1035 ,
3083 972 3196 1026 sive
3237 974 3288 1027 in
3316 983 3585 1045 tempora-

2001 1058 2172 1124 libus;
2221 1058 2336 1112 sive
2359 1057 2416 1111 in
2452 1057 2558 1112 ﬁde
2586 1065 2787 1112 sanctae
2822 1058 3123 1124 Trinitatis,
3154 1075 3272 1129 quae
3317 1063 3406 1116 hic
3453 1057 3584 1118 solis

2004 1149 2223 1205 nomine
2250 1147 2602 1218 designatur;
2647 1149 2764 1204 sive
2801 1148 2856 1202 in
2909 1148 3015 1204 ﬁde
3071 1159 3273 1206 sanctae
3309 1152 3584 1216 Ecclesiae,

2001 1255 2125 1311 quae
2157 1241 2245 1296 hic
2268 1239 2408 1294 lunte
2445 1240 2662 1296 nomine
2693 1241 3092 1296 demonstratur
3143 1259 3156 1295 :
3207 1251 3268 1297 ut
3308 1257 3414 1297 non
3439 1254 3588 1299 erret

2004 1331 2088 1386 vel
2117 1331 2518 1387 scandalizetur
2564 1329 2698 1386 ﬁdes
2725 1338 2836 1384 tua.
2877 1329 3014 1385 Nam
3061 1333 3228 1388 motio
3275 1331 3388 1404 [F.,
3417 1334 3583 1408 ustio]

2001 1421 2316 1478 scandalum
2343 1419 2631 1490 signiﬁcat.
2665 1419 2820 1491 [Item
2859 1420 2964 1475 duo
3003 1428 3130 1475 sunt
3156 1431 3426 1493 prmeepta
3450 1426 3582 1480 cba-

2004 1513 2203 1578 vitatis,
2230 1513 2284 1568 id
2317 1521 2402 1568 est
2433 1511 2527 1568 Dei
2549 1521 2605 1566 et
2630 1511 2908 1583 proximi.]
2955 1511 3210 1581 Quisquis
3245 1513 3412 1583 igitur
3439 1523 3589 1569 errat

2004 1604 2058 1658 in
2087 1603 2203 1674 ipsa
2231 1602 2532 1659 substantia
2556 1603 2823 1669 veritatis,
2848 1619 2877 1657 a
2897 1603 3010 1658 sole
3024 1606 3228 1670 uritur;
3249 1614 3306 1659 et
3324 1619 3423 1676 per
3443 1607 3586 1660 diem

2002 1695 2211 1759 uritur,
2244 1695 2371 1763 quia
2401 1694 2456 1749 in
2482 1694 2596 1764 ipsa
2625 1695 2886 1763 sapientia
2923 1702 3085 1750 errat.
3123 1695 3376 1763 Quisquis
3401 1697 3452 1750 in
3479 1697 3583 1750 Ec-

319 1782 483 1848 bono,
509 1784 560 1837 in
587 1781 692 1836 ﬁde
719 1792 775 1835 et
799 1794 892 1852 spe
920 1789 976 1835 et
1002 1781 1283 1846 charitate,
1321 1791 1374 1836 et
1399 1783 1452 1837 in
1481 1783 1747 1838 desiderio
1771 1798 1894 1853 per-
1931 1767 1974 1828 Β
2000 1781 2165 1836 clesia
2195 1790 2251 1837 et
2278 1797 2444 1838 came
2471 1782 2693 1848 Christi,
2727 1783 2818 1851 qui
2847 1791 2931 1838 est
2958 1793 3121 1853 caput
3169 1785 3444 1850 Ecclesiae,
3474 1800 3585 1840 non

321 1873 599 1943 petuitatis
613 1882 668 1928 et
689 1875 813 1928 vitae
835 1881 1064 1927 aeternae.
1092 1872 1244 1929 Unde
1273 1872 1327 1926 in
1351 1873 1455 1928 hoc
1478 1881 1737 1942 sequente
1753 1873 1892 1942 psal-

322 1979 412 2017 mo
446 1963 588 2017 dixit
609 1982 622 2017 :

391 2053 557 2108 Vens.
592 2053 642 2106 1.
679 2051 863 2106 Levavi
885 2050 1063 2105 oculos
1086 2067 1224 2105 meos
1251 2052 1303 2105 in
1326 2061 1524 2106 montes
1541 2093 1554 2116 ,
1578 2052 1715 2106 unde
1736 2053 1898 2107 veniet

321 2143 582 2196 auxilium
608 2143 754 2195 mihi.
788 2141 993 2196 Montes
1038 2142 1147 2206 isti,
1177 2144 1348 2198 sancti
1388 2151 1513 2198 sunt
1540 2145 1592 2198 in
1622 2144 1900 2200 altitudine

320 2231 503 2300 positi,
531 2230 776 2285 claritate
804 2230 1120 2295 illuminati,
1171 2232 1263 2285 sed
1304 2231 1372 2285 ab
1407 2231 1499 2286 illo
1551 2231 1642 2301 qui
1689 2240 1774 2287 est
1808 2232 1901 2288 lux

321 2336 476 2383 vera,
524 2335 643 2390 qua:
686 2319 950 2374 illuminat
998 2334 1200 2374 omnem
1246 2321 1505 2374 hominem
1536 2323 1816 2377 venientem
1845 2325 1901 2378 in

322 2412 460 2466 hunc
489 2412 761 2465 mundum.
795 2412 947 2469 Unde
991 2421 1383 2482 consequenter
1416 2429 1511 2482 per
1547 2413 1707 2469 ﬁdem
1739 2415 1899 2469 intel-

321 2501 451 2557 lexit
490 2501 594 2556 iste
634 2517 890 2558 ascensor
924 2504 992 2557 ab
1030 2504 1134 2558 hoc
1183 2512 1365 2558 monte
1405 2502 1602 2574 [Edit.,
1637 2505 1704 2559 ad
1757 2506 1900 2561 hunc

322 2589 602 2663 montem],
638 2592 729 2660 qui
753 2601 839 2647 est
873 2608 1032 2663 super
1060 2593 1317 2648 verticem
1350 2594 1613 2648 montium
1639 2595 1900 2660 elevatus,

323 2683 580 2737 auxilium
618 2683 720 2738 sibi
756 2700 875 2740 esse
904 2685 1222 2755 petendum,
1263 2687 1590 2756 sperandum
1635 2688 1901 2758 accipien-

324 2774 590 2844 dumque;
615 2776 736 2831 ideo
757 2776 834 2830 ait
861 2794 874 2831 :

401 2862 558 2920 Vens.
580 2865 635 2920 2.
661 2896 733 2906 —
764 2865 1034 2920 Auxilium
1059 2883 1228 2921 meum
1271 2885 1302 2922 a
1331 2867 1554 2923 Domino
1580 2910 1596 2935 ,
1655 2870 1744 2942 qui
1783 2870 1901 2940 fecit

323 2953 508 3007 caelum
543 2964 590 3008 et
619 2964 830 3008 terram.
861 2955 926 3009 Et
951 2956 1269 3011 subsecutus
1293 2957 1555 3026 adiunxit,
1580 2959 1804 3030 loquens
1833 2961 1902 3015 ad

320 3044 477 3154 iﬁgm
535 3054 769 3102 montem
826 3061 858 3102 a
911 3062 1020 3120 quo
1073 3049 1175 3110 sibi
1237 3049 1455 3106 unicum
1510 3053 1750 3124 speravit
1798 3067 1897 3107 au—
1926 3090 1972 3154 C

321 3135 516 3189 lilium
541 3154 555 3188 :

400 3225 561 3281 Vens.
578 3228 631 3281 5.
656 3255 726 3268 -—
749 3227 872 3282 Non
893 3230 982 3284 des
1013 3230 1066 3284 in
1088 3232 1483 3285 commotionem
1508 3233 1688 3302 pedem
1710 3250 1900 3299 meum,

325 3332 492 3385 neque
525 3317 764 3370 dormitet
791 3319 880 3387 qui
906 3320 1130 3372 custodit
1166 3330 1232 3374 te.
1264 3319 1371 3374 Fac
1401 3320 1614 3376 ﬁrmum
1641 3329 1788 3376 stare
1813 3338 1904 3392 pe-

321 3403 452 3457 dem
478 3401 630 3474 [Ms.,
651 3419 737 3458 me
761 3403 916 3460 ﬁrmo
948 3414 1094 3460 stare
1115 3405 1275 3479 pede]
1303 3423 1480 3462 meum
1501 3409 1556 3463 in
1586 3410 1906 3465 ascensione

323 3491 523 3548 salutis
565 3509 712 3559 meae,
765 3495 820 3549 in
853 3495 1170 3550 humilitatis
1209 3497 1292 3551 vel
1337 3506 1501 3553 rectae
1537 3498 1662 3554 ﬁdei
1713 3500 1902 3571 gradu.

323 3582 411 3636 Ad
431 3581 813 3652 proﬁciendum
843 3585 1082 3640 charitas
1117 3587 1311 3655 pedem
1361 3596 1543 3644 movet
1574 3587 1665 3662 [ad
1709 3591 1909 3646 caden-

321 3669 455 3724 dum
494 3670 745 3740 superbia
780 3671 1002 3744 movet].
1035 3673 1203 3728 Recte
1243 3689 1373 3746 ergo
1420 3675 1524 3731 iste
1563 3677 1810 3743 audiens,
1849 3686 1910 3732 ut

325 3747 587 3818 ascendat
604 3771 660 3819 et
684 3779 789 3819 non
830 3765 1007 3831 cadat,
1033 3773 1094 3820 ut
1131 3766 1306 3823 incola
1362 3768 1413 3822 in
1441 3768 1580 3824 valle
1608 3768 1760 3840 [Hs.,
1792 3778 1852 3826 ut
1877 3787 1907 3826 a

324 3851 592 3925 convalle]
615 3853 930 3922 plorationis
969 3855 1235 3926 proﬁciat,
1271 3873 1378 3914 non
1401 3859 1457 3914 in
1482 3868 1690 3916 tumore
1713 3877 1906 3932 super-

325 3941 430 3996 bia:
466 3941 701 4008 deﬁciat,
732 3945 808 3998 ait
837 3945 1064 4001 Domino
1119 3964 1133 4001 :
1189 3946 1273 4002 Ne
1310 3948 1401 4003 des
1428 3950 1483 4003 in
1514 3953 1908 4008 commotionem

326 4029 547 4102 [Ms.,ad
572 4031 904 4106 movendum]
947 4034 1126 4104 pedem
1151 4052 1343 4089 meum.
1380 4037 1449 4091 Et
1488 4037 1632 4093 Deus
1655 4035 1734 4093 ait
1773 4039 1847 4095 illi
1891 4059 1903 4095 :

328 4118 514 4190 Neque
542 4121 786 4176 dormitet
811 4124 900 4192 qui
933 4125 1172 4183 custodit.
1193 4135 1242 4179 te
1284 4142 1303 4180 :
1341 4129 1500 4184 crede
1548 4129 1603 4184 in
1644 4145 1768 4186 eum
1817 4131 1910 4202 qui

327 4225 611 4279 nunquam
633 4212 886 4268 dormitat
929 4213 1082 4285 [δίδη
1108 4215 1360 4289 dormiet]
1390 4216 1467 4289 [et
1509 4219 1596 4274 ille
1645 4223 1911 4276 custodiet

327 4299 428 4372 te].
467 4300 600 4366 Quis
627 4309 711 4356 est
736 4303 824 4357 ille
852 4303 1016 4373 378
1039 4305 1132 4373 qui
1176 4320 1451 4375 nunquam
1474 4307 1761 4375 dormitat,
1807 4311 1910 4364 nisi

2000 1872 2422 1938 scandalizatur,
2454 1888 2484 1927 a
2510 1873 2634 1928 luna
2677 1890 2784 1929 non
2821 1873 3017 1928 uritur.
3051 1873 3156 1929 Per
3181 1876 3318 1929 diem
3358 1876 3437 1931 sol
3479 1893 3586 1932 non

2000 1971 2113 2016 uret
2134 1972 2205 2028 te,
2238 1979 2400 2034 neque
2429 1961 2555 2017 luna
2587 1979 2680 2034 per
2701 1972 2920 2017 noctem.
2947 1963 3168 2030 Quare?
3198 1964 3332 2030 Quia

2070 2055 2230 2108 Vens.
2256 2054 2306 2106 7.
2335 2084 2406 2095 —
2428 2053 2682 2108 Dominus
2710 2055 2933 2108 custodit
2956 2063 3004 2108 te
3032 2055 3095 2108 ab
3127 2056 3268 2109 ontni
3304 2055 3467 2120 malo,
3493 2073 3582 2111 cu-

1999 2145 2191 2199 stodiat
2232 2145 2463 2198 animam
2482 2153 2628 2196 tuam
2657 2143 2936 2197 Dominus.
2975 2142 3016 2196 A
3047 2143 3321 2199 scandalis
3364 2144 3418 2198 in
3448 2145 3584 2210 sole,

2001 2243 2103 2289 eta
2132 2234 2404 2289 scandalis
2432 2234 2485 2288 in
2508 2233 2656 2286 luna.
2688 2232 2769 2286 Ab
2792 2232 2940 2286 omni
2970 2232 3112 2286 malo
3138 2239 3192 2288 te
3237 2232 3492 2297 custodit,
3535 2231 3589 2286 id

2001 2331 2104 2387 est,
2131 2323 2367 2377 animam
2397 2331 2546 2377 tuam
2574 2321 2641 2376 ab
2661 2321 2808 2376 omni
2850 2321 3190 2387 inﬁdelitate,
3231 2329 3292 2376 ut
3340 2321 3454 2391 ipsa
3483 2335 3590 2375 non

2001 2414 2160 2468 cedat
2180 2413 2508 2479 inﬁdelibus,
2538 2428 2643 2468 non
2669 2411 2950 2482 frangatur
2971 2411 3422 2467 tribulationibus.

2074 2505 2235 2559 Vens.
2279 2505 2333 2559 8.
2365 2533 2435 2543 —
2461 2503 2720 2556 Dominus
2763 2501 3023 2556 custodiat
3050 2503 3320 2556 introitum
3351 2511 3497 2555 tuum
3542 2510 3591 2555 et

2001 2595 2196 2649 exitum
2213 2602 2381 2656 tuum,
2398 2609 2462 2646 ex
2477 2592 2574 2645 hoc
2593 2607 2730 2644 nunc
2752 2599 2799 2644 et
2824 2607 2983 2660 usque
2997 2590 3052 2644 in
3075 2589 3345 2644 swculum.
3364 2590 3588 2656 Quando

2001 2691 2295 2747 tentamur,
2351 2681 2657 2745 intramus;
2713 2678 2928 2748 quando
2974 2678 3238 2732 vincimus
3305 2675 3586 2748 [tentatio-

2003 2772 2169 2844 nem],
2198 2773 2408 2827 eximus
2429 2769 2626 2842 [Edit.,
2655 2783 2686 2822 a
2708 2767 3010 2823 tcntatione
3035 2765 3266 2838 eximus]
3286 2785 3297 2819 :
3315 2767 3585 2821 custodiat

2003 2877 2131 2933 ergo
2168 2876 2266 2916 nos
2296 2861 2560 2915 intrantes
2587 2859 2656 2914 ad
2692 2857 2851 2913 ﬁdem
2869 2897 2886 2923 ,
2913 2857 3181 2914 custodiat
3205 2871 3302 2911 nos
3327 2865 3588 2912 exeuntes

2004 2953 2072 3008 ad
2091 2951 2335 3031 praemia,
2367 2958 2424 3004 et
2448 2949 2550 3004 hoc
2584 2949 2637 3002 in
2665 2947 2919 3002 sarculum
2956 2946 3045 3002 ubi
3095 2945 3268 3000 sancti
3313 2945 3589 3016 regnaturi

2005 3048 2268 3097 suntcum
2297 3037 2533 3093 Christo.

2486 3133 2810 3191 PSALMUS
2850 3133 3034 3189 CXXI.

2071 3228 2324 3284 Pervenit
2338 3227 2522 3296 itaque
2540 3225 2623 3281 vir
2641 3225 2744 3280 iste
2765 3225 2833 3280 ad
2857 3225 3074 3279 tertium
3102 3223 3436 3278 ascensionis
3454 3237 3578 3292 gra-

2003 3321 2128 3374 dum
2148 3359 2162 3383 ,
2199 3320 2251 3374 id
2277 3329 2359 3373 est
2389 3318 2442 3372 in
2472 3315 2794 3372 desiderium
2847 3313 3082 3368 cmlcstis
3119 3310 3472 3373 Hierusalem,
3516 3313 3586 3366 ad

2003 3423 2166 3478 quam
2197 3406 2297 3480 [in]
2320 3421 2416 3476 spe
2436 3406 2729 3461 ascendere
2761 3419 2821 3460 se
2846 3404 3136 3475 gaudebat,
3153 3403 3282 3458 licet
3305 3403 3481 3457 adhuc
3501 3403 3589 3456 hic

2005 3500 2060 3556 in
2093 3498 2322 3554 terrenis
2346 3497 2644 3561 laboraret;
2690 3495 2812 3550 ideo
2832 3495 2906 3548 ait
2939 3513 2951 3548 :

2075 3593 2237 3648 Vens.
2267 3591 2319 3644 l.
2341 3621 2412 3630 —-
2433 3589 2663 3643 La’tatus
2683 3604 2797 3641 sum
2815 3588 2870 3639 in
2893 3587 2973 3638 his
2993 3602 3110 3655 qum
3129 3585 3270 3638 dicta
3293 3592 3415 3637 sunt
3435 3583 3584 3648 mihi,

2004 3685 2060 3738 in
2078 3682 2291 3737 domum
2310 3680 2524 3733 Domini
2552 3679 2760 3731 ibimus.
2787 3674 3022 3729 Lanatus
3052 3690 3169 3729 sum
3201 3674 3254 3728 in
3283 3674 3584 3744 prophetis,

2005 3772 2216 3826 laetatus
2240 3783 2358 3822 sum
2382 3767 2434 3820 in
2460 3763 2735 3835 apostolis,
2764 3764 2874 3818 imo
2907 3771 2963 3817 et
2986 3763 3039 3817 in
3079 3763 3330 3819 omnibus
3355 3763 3580 3827 sanctis,

2006 3864 2099 3933 qui
2128 3860 2258 3916 mihi
2287 3860 2508 3914 dicunt:
2541 3855 2608 3911 In
2633 3856 2845 3910 domum
2885 3854 3098 3909 Domini
3121 3855 3341 3919 ibimus;
3387 3855 3478 3925 qui
3507 3855 3589 3909 di-

2007 3957 2157 4015 cunt,
2179 3947 2401 4010 currite,
2439 3945 2692 4000 festinate
2725 3945 2781 3998 in
2809 3944 3024 3998 domum
3054 3944 3285 4007 Domini,
3313 3945 3365 3998 id
3392 3953 3498 4010 est,
3528 3946 3581 3998 in

2007 4038 2280 4095 ctelestem
2314 4035 2644 4091 Hierusalem
2674 4040 2978 4105 properate.

2079 4129 2242 4184 Vsus.
2279 4126 2333 4182 2.
2377 4156 2448 4166 —
2487 4125 2696 4182 Stantes
2725 4133 2875 4179 erant
2921 4122 3073 4194 pedes
3112 4122 3276 4176 nostri
3317 4123 3374 4175 in
3427 4125 3578 4176 atriis

2010 4221 2137 4285 tuis,
2168 4216 2521 4273 Hierusalem.
2553 4214 2787 4281 Stantes,
2830 4215 2885 4270 id
2921 4223 3004 4269 est
3033 4219 3450 4283 permanentes;
3497 4229 3585 4281 pe-

2011 4309 2101 4363 des
2122 4308 2309 4373 nostri,
2333 4306 2386 4361 id
2407 4313 2513 4372 est,
2530 4305 2753 4376 praemia
2773 4305 3038 4361 bonorum
3063 4317 3285 4372 operum
3316 4321 3328 4355 :
3357 4303 3412 4355 in
3437 4303 3587 4356 atriis

329 4389 419 4483 ille
464 4390 570 4483 Ade
595 4405 704 4483 quo
757 4391 1054 4483 _Apostolus
1092 4395 1167 4448 ait
1231 4413 1244 4449 :
1297 4395 1442 4452 Mors
1497 4398 1576 4452 illi
1613 4399 1752 4454 ultra
1807 4418 1909 4455 non
1936 4421 1988 4483 ο
2014 4399 2136 4460 tuis,
2171 4394 2504 4450 Hierusalem
2529 4436 2545 4462 ,
2581 4396 2633 4450 id
2657 4404 2768 4462 est,
2800 4395 2854 4450 in
2883 4395 3194 4450 caelestibus
3238 4393 3587 4448 habitationi-

326 4479 691 4535 dominabitur
722 4481 901 4554 (Rom.
946 4499 1029 4550 vi,
1079 4485 1182 4558 9)?
1229 4486 1352 4544 Ideo
1389 4499 1778 4558 consequenter
1815 4491 1909 4546 ad—
1938 4479 1974 4483 —
2012 4488 2131 4542 bus.
2163 4484 2317 4540 Atria
2365 4484 2496 4539 dicit
2546 4484 2740 4555 plurali
2770 4499 2994 4538 numero
3018 4524 3033 4549 ,
3087 4484 3204 4553 ipsa
3240 4483 3480 4538 Veritate
3504 4484 3586 4538 di-

332 4569 469 4625 didit
499 4589 512 4624 :

401 4663 566 4717 Vsus.
604 4662 659 4717 ι.
699 4693 769 4704 -
808 4663 945 4719 Ecce
967 4682 1071 4720 non
1103 4668 1427 4733 domitabit,
1476 4686 1637 4740 neque
1665 4672 1904 4736 dormiet,

330 4753 423 4822 qui
451 4753 681 4807 custodit
714 4753 903 4808 Israel.
949 4756 1078 4811 Esto
1111 4755 1298 4821 Israel,
1364 4759 1418 4812 id
1453 4768 1539 4814 est
1592 4761 1676 4815 vir
1718 4761 1908 4817 videns

331 4842 534 4908 Deum,
567 4844 624 4898 in
654 4843 760 4899 ﬁde
787 4852 840 4899 et
863 4845 1130 4900 charitate
1151 4885 1166 4911 ,
1199 4855 1256 4901 et
1281 4862 1554 4916 nunquam
1595 4849 1737 4904 illius
1783 4850 1910 4905 dor-

330 4935 461 4988 miet
482 4935 659 5004 gratia
697 4949 728 4988 a
769 4936 1011 4990 custodia
1043 4945 1134 4991 tua
1164 4955 1176 4990 :
1205 4945 1260 4992 et
1287 4939 1443 5007 quasi
1486 4939 1585 4994 iste
1608 4940 1910 5012 interroga-

333 5035 414 5078 ret
447 5039 508 5080 se
536 5024 692 5097 [Λίδη
719 5026 1150 5101 interrogasset],
1177 5030 1300 5098 quis
1327 5037 1414 5084 est
1435 5031 1526 5099 qui
1561 5046 1668 5086 non
1709 5034 1909 5088 dormi-

333 5115 455 5167 tat?
491 5115 703 5170 Dictum
737 5123 824 5169 est
853 5116 904 5171 ei
939 5134 952 5170 :

409 5199 567 5257 Vsus.
591 5199 648 5254 5.
674 5231 745 5242 -—
770 5204 1028 5262 Dominus
1074 5211 1299 5265 custodit
1325 5219 1392 5264 te.
1436 5209 1503 5266 Et
1521 5211 1791 5281 quomodo
1815 5227 1911 5267 cu-

328 5292 532 5348 stodiet
578 5295 671 5348 te?
737 5294 995 5351 Dominus
1038 5301 1285 5368 protectio
1343 5312 1432 5356 tua
1482 5319 1638 5373 super
1695 5318 1911 5356 manum

328 5382 562 5438 dexterae
585 5393 710 5438 suae.
754 5385 944 5441 Manus
991 5397 1314 5457 potestatem
1338 5433 1353 5457 ,
1391 5393 1611 5456 dextera
1648 5402 1911 5449 aeternam

332 5473 651 5532 felicitatem
678 5478 966 5550 signiﬁcat.
1000 5481 1257 5538 Dominus
1279 5485 1400 5560 [est]
1423 5493 1672 5559 protectio
1697 5500 1788 5543 tua
1823 5507 1910 5544 su-

331 5579 426 5632 per
439 5581 655 5618 manum
675 5566 900 5622 dextera:
930 5579 1053 5634 tute,
1085 5570 1140 5624 id
1161 5581 1263 5636 est,
1300 5575 1343 5628 si
1370 5577 1662 5632 credideris
1691 5579 1742 5632 in
1763 5593 1906 5641 eum,

333 5664 580 5726 proteget
621 5664 673 5712 te
695 5697 708 5722 ,
737 5669 795 5715 ut
827 5669 1147 5730 potestatem
1190 5662 1389 5719 habeas
1415 5666 1468 5720 in
1514 5668 1732 5722 dextera
1757 5676 1910 5738 parte

2008 4589 2163 4635 ccnte
2197 4598 2209 4634 :
2241 4579 2308 4634 In
2340 4579 2493 4634 domo
2523 4579 2698 4636 Patris
2753 4582 2855 4634 mei
2891 4579 3070 4636 multa:
3117 4590 3238 4634 sunt
3293 4579 3587 4633 mansiones

2009 4671 2192 4743 (Joan.
2217 4687 2332 4737 xxv,
2361 4670 2440 4744 2).
2471 4671 2636 4738 Quasi
2669 4671 2772 4727 iste
2819 4681 3030 4726 amator
3071 4683 3303 4741 quaerat,
3353 4685 3472 4741 quae
3514 4671 3586 4725 sit

2008 4760 2110 4816 ista
2133 4760 2466 4816 Hierusalem
2492 4801 2508 4826 ,
2539 4761 2742 4816 dictum
2768 4770 2852 4816 est
2879 4761 2929 4816 ei
2965 4776 2982 4814 :

2079 4852 2242 4908 Vens.
2280 4852 2333 4908 5.
2371 4883 2444 4893 —
2481 4850 2946 4923 Hierusalem-qua:
2963 4851 3262 4921 aedificatur
3279 4860 3334 4904 ut
3369 4850 3584 4912 ciuitas,

2009 4945 2160 5012 cuius
2194 4945 2520 5016 participatio
2561 4945 2674 5015 ejus
2713 4946 2770 4998 in
2801 4945 3047 5015 idipsum.
3084 4943 3439 5007 Hierusalem,
3466 4956 3588 5010 quas

2010 5050 2074 5089 ex
2098 5035 2234 5089 vivis
2259 5034 2527 5105 lapidibus
2546 5035 2908 5101 construitur;
2927 5049 3048 5104 quae
3071 5031 3434 5088 :ediﬁcaturut
3455 5030 3588 5085 civi-

2011 5132 2113 5188 tas,
2145 5139 2252 5178 non
2281 5127 2483 5180 terreni
2507 5127 2670 5194 regis,
2695 5126 2789 5181 sed
2813 5125 3076 5190 caelestis;
3124 5139 3229 5178 non
3251 5122 3585 5192 temporalis,

2011 5214 2103 5269 sed
2135 5221 2336 5268 aeterna
2382 5215 2738 5271 Hierusalem.
2794 5217 2959 5286 Cujus
3005 5215 3336 5286 participatio
3375 5215 3490 5283 ejus
3527 5215 3587 5268 in

2010 5304 2254 5374 idipsum.
2288 5302 2441 5370 Quod
2485 5321 2697 5375 semper
2731 5308 2870 5362 idem
2899 5315 2999 5371 est,
3048 5306 3278 5374 idipsum
3307 5312 3407 5359 est.
3451 5304 3584 5372 Quis

2011 5403 2115 5459 est,
2143 5394 2235 5464 qui
2270 5408 2482 5464 semper
2499 5396 2638 5451 idem
2666 5406 2750 5452 est
2770 5396 3093 5470 [Edit.Quid
3116 5403 3199 5450 est
3217 5397 3586 5476 quodsemper

2013 5484 2141 5558 est],
2168 5485 2271 5540 nisi
2299 5485 2456 5550 Deus,
2483 5486 2575 5557 qui
2597 5487 2766 5542 dixit:
2798 5486 2912 5558 Ego
2937 5504 3052 5543 sum
3077 5487 3165 5559 qui
3193 5495 3338 5552 sum;
3371 5486 3464 5560 qui
3490 5485 3585 5542 dc-

2015 5579 2242 5641 scendit,
2273 5586 2332 5632 ut
2370 5578 2816 5646 ascenderemus;
2864 5581 2955 5651 qui
3003 5579 3345 5666 participavit
3387 5586 3586 5639 nostra:

2017 5669 2325 5725 mortalitati
2357 5667 2510 5742 [δίδη
2556 5679 2737 5727 nostra
2787 5673 3137 5744 mortalitate]
3175 5673 3329 5746 (nam
3360 5670 3584 5726 Verbum

3471 323 3576 380 622
3673 360 3678 368 -
