4020 6188
321 375 326 379 ‹
407 333 512 388 698

1211 325 1293 380 "B.
1334 323 1397 379 Γ.
1436 319 1662 378 ΑιΒιΝι
1703 316 1832 374 εει]
1874 314 2148 372 ALCUINI
2185 313 2468 374 OPERUM
2505 316 2685 373 PARS
2713 314 2776 372 Π.

3559 309 3664 364 ω

409 463 534 503 caro
554 448 748 519 [actum
773 454 848 498 est
867 482 882 507 ,
937 455 986 496 et
1012 441 1258 494 habitavit
1288 441 1344 494 in
1380 438 1548 509 nobis)
1581 445 1644 491 ut
1669 433 1994 506 participare
2021 433 2072 493 Α
2099 430 2206 488 illis
2225 433 2512 507 quatenus]
2538 434 2677 488 hanc
2699 447 2887 502 pacem
2904 429 3225 501 percipiant,
3253 436 3308 483 et
3321 433 3675 496 permaneant

404 552 689 608 possemus
747 548 858 589 sum
912 531 1198 587 aeternitati
1257 528 1412 598 [Ms.,
1467 543 1564 585 sua
1623 520 1988 595 aeternitate]?

409 627 546 681 Nam
583 625 651 679 de
695 621 1029 694 plenitudine
1077 618 1194 688 ejus
1238 635 1429 676 omnes
1493 617 1820 688 accepimus.
1887 612 1989 680 Qui

409 726 534 774 sunt
585 722 765 770 autem
821 714 914 782 qui
968 712 1244 767 escensuri
1301 718 1426 766 sunt
1475 711 1529 764 in
1582 708 1741 764 istam
1797 706 1987 760 civita-

411 819 539 871 tem,
580 805 648 860 ad
683 805 841 860 istam
888 801 1389 873 participationem,
1419 805 1813 868 consequenter
1835 809 1993 866 expo-

407 897 534 958 suit,
570 894 756 950 dicens
789 911 801 946 :

487 986 645 1041 Vens.
685 984 739 1038 4.
778 1015 848 1024 -
897 982 1034 1037 Illuc
1067 984 1204 1038 enim
1225 982 1568 1037 ascenderunt
1613 979 1800 1042 tribus,
1830 976 1994 1030 tribus

410 1079 654 1143 Domini,
696 1078 1047 1132 testimonium
1084 1073 1254 1129 Israel
1299 1075 1368 1128 ad
1419 1070 1770 1141 conﬁtendum
1801 1067 1996 1122 nomini

418 1168 646 1222 Domini.
689 1167 805 1222 Non
843 1165 1017 1220 tribus
1053 1173 1210 1218 terra:
1238 1203 1253 1228 ,
1291 1161 1358 1217 de
1388 1162 1585 1232 quibus
1611 1160 1810 1214 dicitur
1862 1173 1874 1208 :
1927 1154 1998 1209 Et

411 1257 660 1329 plangant
690 1271 811 1311 eum
833 1271 1009 1310 omnes
1037 1254 1204 1308 tribus
1231 1262 1406 1316 teme,
1440 1252 1533 1306 sed
1561 1251 1732 1304 tribus
1764 1246 1997 1312 Domini,

416 1365 553 1419 quas
581 1348 862 1404 duodecim
906 1344 1132 1415 apostoli
1170 1343 1463 1415 judicaturi
1495 1349 1686 1404 erunt,
1721 1339 1885 1410 379
1917 1350 2002 1392 se-

417 1451 702 1499 cernentes
749 1457 842 1497 eos
876 1441 1114 1503 abillis,
1179 1453 1298 1510 qua:
1357 1451 1482 1494 sunt
1541 1438 1713 1493 tribus
1761 1435 1998 1492 diaboli:

419 1537 616 1591 harum
643 1534 787 1589 enim
813 1534 1180 1590 testimonium
1217 1533 1271 1588 in
1323 1531 1508 1595 Israel,
1555 1531 1611 1586 id
1651 1538 1755 1594 est,
1795 1531 1850 1584 in
1897 1527 2006 1583 illis

418 1627 714 1700 quivident
728 1627 918 1682 Deum.
934 1625 1016 1681 Ad
1039 1627 1168 1695 quid
1194 1623 1523 1680 ascendunt?
1541 1623 1622 1677 Ad
1640 1619 2005 1678 conﬁtendum

421 1719 624 1775 nomini
650 1727 763 1784 tuo,
793 1717 1020 1774 Domine
1052 1735 1065 1771 :
1092 1718 1233 1772 sicut
1256 1717 1460 1771 dictum
1487 1722 1572 1769 est
1603 1729 1616 1766 :
1660 1711 1928 1780 Confessio
1957 1719 2005 1763 et

420 1808 753 1878 pulchritudo
776 1809 831 1862 in
856 1816 1130 1880 conspectu
1157 1806 1271 1876 ejus
1306 1803 1478 1876 (Psal.
1510 1819 1633 1868 xcv,
1674 1802 1751 1874 6).

492 1922 654 1978 Vens.
678 1922 732 1976 5.
757 1942 829 1961 -——
851 1919 987 1986 Quia
1011 1919 1121 1974 illic
1143 1920 1384 1974 sederunt
1409 1918 1554 1973 sedes
1570 1919 1626 1972 in
1640 1915 1868 1986 judicio,
1925 1930 2005 1968 se-

422 2011 512 2066 des
540 2029 696 2083 super
721 2011 933 2065 domum
964 2010 1154 2065 David.
1215 2011 1348 2077 Quae
1394 2018 1519 2066 sunt
1563 2010 1648 2064 hae
1677 2008 1851 2069 sedes,
1899 2003 2005 2060 nisi

424 2103 596 2159 sancti
643 2101 872 2173 apostoli
915 2109 971 2155 et
1019 2101 1401 2170 prtedicatores
1452 2101 1654 2162 mundi,
1716 2099 1770 2153 in
1812 2097 2009 2168 quibus

424 2196 576 2250 sedet
608 2195 722 2263 ipse
756 2194 900 2248 Deus
950 2193 1017 2247 ad
1066 2191 1420 2262 judicandum
1475 2191 1697 2248 orbem?
1732 2189 1867 2245 Num
1896 2191 2010 2258 ipse

425 2287 570 2340 Deus
603 2285 738 2340 dixit
767 2303 780 2338 :
812 2284 1008 2339 Caelum
1032 2283 1160 2336 mihi
1188 2283 1333 2337 sedes
1356 2293 1430 2337 est
1469 2283 1604 2353 (Act.
1648 2298 1744 2348 vlt,
1801 2281 1914 2354 49).
1943 2280 2010 2336 Et

427 2379 483 2433 in
512 2375 726 2432 Psalmo
753 2373 880 2430 Cceli
905 2383 1154 2428 enarrant
1181 2371 1401 2444 gloriam
1427 2373 1524 2428 Dei
1548 2373 1719 2446 (Psal.
1737 2388 1894 2439 xvm,
1925 2373 2005 2444 l):

432 2466 534 2536 Qui
561 2476 687 2523 sunt
717 2466 804 2521 isti
835 2465 978 2529 coeli,
1012 2465 1117 2519 nisi
1165 2465 1338 2519 sancti
1379 2465 1628 2535 apostoli,
1662 2480 1892 2535 quorum
1929 2479 2015 2520 so-

433 2573 536 2613 nus
575 2557 742 2611 exivit
769 2557 823 2610 in
847 2557 1033 2611 orbem
1061 2555 1250 2610 teme?
1289 2554 1441 2611 Unde
1479 2556 1680 2610 dictum
1709 2562 1810 2622 est,
1835 2557 2014 2610 anima

429 2647 561 2716 justi
610 2645 1185 2715 sedesestsapientite,
1237 2645 1290 2699 id
1316 2646 1500 2710 est,in
1554 2647 1732 2700 anima
1772 2644 1904 2714 justi
1932 2663 2018 2702 sa-

428 2738 630 2810 pientia
668 2736 837 2792 sedet.
881 2737 1005 2792 Haec
1034 2736 1296 2807 sapientia
1320 2737 1463 2792 Deus
1493 2747 1575 2793 est
1615 2739 1706 2808 qui
1737 2738 1874 2798 dixit
1904 2753 1917 2792 :
1948 2739 2018 2793 Et

428 2828 675 2884 habitabo
705 2830 761 2883 in
786 2828 915 2893 illis,
957 2839 1004 2883 et
1028 2828 1107 2882 illi
1135 2830 1262 2882 mihi
1282 2840 1432 2883 erunt
1481 2830 1535 2884 in
1557 2829 1797 2902 papulas,
1853 2842 1902 2886 et
1926 2848 2018 2902 ego

431 2937 518 2976 ero
541 2919 648 2974 illis
670 2921 724 2974 in
748 2919 911 2974 Deum
953 2918 1038 2991 (11
1061 2918 1184 2972 Cor.
1208 2935 1259 2982 v,
1288 2919 1396 2991 16).
1427 2919 1588 2975 Sedes
1629 2938 1784 2992 super
1805 2923 2019 2980 domum

438 3008 632 3076 David,
663 3009 718 3064 id
753 3017 857 3076 est,
887 3025 1049 3080 super
1077 3009 1335 3064 familiam
1361 3011 1530 3068 David
1565 3009 1716 3086 [Ms.,
1745 3011 1970 3087 Christi]
2001 3029 2016 3067 :

433 3101 625 3156 domus
647 3100 815 3155 David
843 3100 1083 3156 Ecclesia
1109 3110 1212 3158 est.

503 3211 665 3264 Vens.
699 3209 751 3264 6.
779 3242 847 3252 —
875 3210 1072 3283 Rogata
1099 3230 1215 3285 quae
1244 3215 1312 3270 ad
1341 3233 1520 3286 pacem
1541 3227 1659 3273 sunt
1690 3217 2005 3284 Jerusalem,

433 3309 481 3354 et
513 3297 834 3354 abundantia
858 3301 1191 3373 diligentibus
1221 3315 1287 3361 te.
1341 3306 1567 3378 ROgate,
1605 3309 1812 3364 duobus
1838 3309 2012 3365 modis

432 3390 750 3460 intelligitur
781 3410 793 3446 :
823 3393 904 3446 vel
934 3395 1279 3466 interrogate,
1333 3398 1418 3453 vel
1467 3401 1792 3468 precamini;
1826 3402 1879 3456 id
1905 3412 2011 3468 est,

437 3487 762 3557 interrogate
807 3485 892 3541 vel
938 3489 1254 3558 precamini,
1279 3493 1548 3560 quomodo
1576 3495 1792 3563 possitis
1816 3496 2015 3552 habere

437 3590 623 3644 pacem
646 3575 699 3630 in
723 3575 1044 3632 Jerusalem.
1101 3578 1191 3633 Vel
1235 3579 1303 3634 ad
1343 3581 1462 3636 illas
1495 3584 1648 3639 sedes
1674 3599 1854 3641 sermo
1883 3587 2011 3642 diri-

433 3665 598 3736 gitur,
623 3673 683 3720 ut
704 3665 775 3720 illi
802 3668 853 3720 in
873 3666 1080 3736 judicio
1101 3669 1434 3740 interrogent
1459 3674 1549 3742 qui
1573 3683 1697 3728 sunt
1726 3676 1816 3744 qui
1839 3677 1907 3732 ad
1929 3676 2018 3734 Je-

439 3753 675 3808 rusalem
737 3758 1060 3824 pertineant,
1122 3759 1187 3813 de
1222 3762 1416 3830 quibus
1463 3763 1664 3818 dictum
1695 3774 1779 3821 est
1820 3784 1832 3820 :
1865 3767 2017 3822 Beati

436 3844 667 3914 paciﬁci,
707 3847 955 3915 quoniam
981 3847 1080 3916 ﬁlii
1106 3848 1204 3904 Dei
1231 3853 1552 3908 vocabuntur
1590 3855 1804 3926 (Matth.
1833 3874 1888 3925 v,
1937 3861 2014 3933 9).

435 3933 634 3987 lterum
666 3949 844 3990 sermo
871 3937 938 3992 ad
963 3938 1108 3993 illam
1129 3941 1379 4012 dirigitur
1399 3941 1697 4000 Jerusalem
1722 3961 1736 4000 :
1759 3947 1827 4002 Et
1853 3949 2020 4004 abun-

436 4026 620 4081 dantia
640 4027 974 4099 diligentibus
1003 4041 1070 4098 te,
1101 4034 1152 4088 id
1174 4044 1279 4100 est,
1307 4037 1549 4094 omnium
1573 4041 1835 4097 bonorum
1856 4045 2023 4100 abun-

437 4122 676 4179 dantiam
695 4123 914 4190 habent,
967 4129 1058 4196 qui
1093 4129 1370 4186 ctelestem
1406 4132 1638 4205 diligunt
1674 4134 1973 4194 Jerusalem
2003 4159 2016 4195 :

436 4214 526 4270 hic
580 4215 964 4273 abundantiam
995 4221 1050 4273 in
1087 4236 1202 4290 spe,
1260 4223 1368 4280 illic
1415 4227 1802 4286 abundantiam
1857 4233 1910 4286 in
1942 4249 2018 4291 re.

443 4307 596 4366 Unde
624 4320 1019 4381 consequenter
1044 4314 1122 4369 ait
1153 4332 1167 4368 :

510 4422 670 4480 Vsus.
692 4424 746 4478 7.
767 4454 839 4466 --
864 4423 990 4481 Fiat
1017 4445 1123 4500 pax
1151 4429 1208 4484 in
1227 4433 1413 4489 virtute
1451 4445 1559 4501 tua,
1613 4447 1662 4491 et
1692 4439 2019 4497 abundantia

435 4515 492 4567 ia
539 4514 771 4571 turribus
828 4519 951 4574 tuis.
997 4519 1054 4579 Id
1090 4529 1194 4589 est,
1240 4523 1295 4578 in
1325 4524 1613 4583 dilectione
1669 4538 1790 4598 tua;
1851 4534 2024 4590 virtus

439 4605 584 4659 enim
601 4613 720 4672 tua,
775 4624 809 4663 ο
841 4607 1163 4679 Jerusalem,
1221 4613 1513 4674 dilectione
1546 4619 1641 4676 Dei
1696 4632 1752 4678 et
1790 4626 2023 4693 proximi

439 4704 654 4751 constat
700 4696 858 4770 [Με.ν
879 4701 1094 4759 dilectio
1121 4713 1205 4760 est
1227 4706 1321 4762 Dei
1343 4717 1398 4764 et
1423 4713 1678 4787 proximi]
1709 4732 1722 4768 :
1747 4730 1845 4784 per
1864 4717 2022 4773 istam

439 4801 651 4854 pacem,
691 4797 746 4843 et
770 4804 868 4859 per
922 4792 1080 4848 istam
1133 4797 1388 4856 virtutem
1437 4803 1765 4861 abundantia
1818 4810 1922 4864 erit
1967 4811 2023 4864 in

439 4878 680 4934 turribus
725 4880 852 4946 tuis,
904 4882 959 4936 id
1009 4895 1112 4952 est,
1154 4887 1207 4942 in
1261 4892 1492 4948 excelsis
1546 4895 1674 4960 tuis,
1719 4899 1812 4966 qui
1863 4900 2024 4968 paulo

440 4983 564 5032 ante
584 4972 739 5028 sedes
768 4973 1102 5032 dicebantur.
1130 4978 1276 5036 Multi
1307 4992 1432 5038 sunt
1465 4985 1518 5039 in
1545 4987 1767 5041 dextera
1796 4998 2019 5060 stantes,

441 5069 536 5122 sed
565 5071 720 5140 pauci
749 5071 804 5126 in
832 5071 1036 5141 judicio
1061 5072 1328 5128 sedentes.
1356 5075 1617 5132 Sedentes
1639 5078 1758 5134 ideo
1780 5080 1831 5135 in
1861 5085 2024 5139 turri-

437 5159 538 5214 bus
567 5161 697 5226 tuis,
739 5177 772 5216 ο
819 5160 1141 5229 Jerusalem,
1183 5165 1321 5221 dixit
1366 5166 1526 5236 hujus
1580 5170 1730 5239 pacis
1784 5182 1839 5228 et
1865 5172 2022 5245 hujus

441 5255 680 5312 civitatis
699 5266 910 5313 amator
937 5273 971 5312 ε·

510 5369 670 5426 Vens.
701 5370 752 5428 8.
782 5400 853 5413 --
883 5370 1103 5443 Propter
1129 5372 1317 5443 fratres
1345 5391 1482 5429 meos
1504 5385 1552 5429 et
1590 5379 1854 5446 proximos
1882 5396 2021 5434 meos

441 5455 693 5544 lognebar
716 5478 898 5532 pacem
913 5464 976 5518 de
1003 5472 1070 5518 te.
1105 5463 1222 5521 Non
1248 5476 1472 5535 propter
1517 5482 1622 5534 me,
1655 5484 1763 5524 non
1799 5480 2023 5541 prOpter

439 5551 684 5604 terrenos
720 5552 974 5619 honores,
1029 5570 1133 5609 non
1159 5565 1376 5626 propter
1411 5558 1624 5615 divitias
1659 5562 1860 5626 surculi,
1927 5564 2022 5618 sed

439 5644 659 5703 propter
713 5640 910 5698 fratres
963 5659 1113 5699 meos
1155 5654 1210 5700 et
1275 5649 1556 5717 proximos
1600 5666 1772 5716 meos,
1817 5652 2025 5708 scilicet

443 5723 580 5782 filios
616 5734 735 5783 tuos
766 5729 929 5802 [hanc
953 5747 1141 5803 pacem
1164 5735 1374 5805 loquor,
1410 5738 1552 5794 hanc
1578 5755 1766 5810 pacem
1792 5741 2023 5812 pmdico

2091 525 2145 580 in
2169 525 2282 581 illa.

2145 617 2324 672 Vens.
2359 618 2412 673 9.
2442 616 2763 688 —'Propter
2788 617 3002 670 domum
3036 612 3250 668 Domini
3284 611 3381 666 Dei
3409 612 3511 665 mei
3537 627 3676 682 quc-

2091 708 2187 762 siri
2235 706 2370 761 bona
2405 707 2518 761 tibi.
2575 706 2634 761 ld
2662 714 2766 770 est,
2807 714 2867 760 ut
2919 709 3184 774 augeatur
3231 715 3492 755 numerus
3538 699 3676 756 ﬁlio-

2094 812 2212 852 rum
2245 805 2484 862 tuorum,
2507 805 2768 852 utomnes
2795 796 2864 851 ad
2894 802 2948 848 te
2978 801 3221 857 currant,
3250 801 3305 848 et
3339 792 3488 848 dicat
3508 808 3677 848 unus-

2094 888 2322 958 quisque
2368 887 2566 942 alteri:
2597 901 2783 941 eamus
2821 885 2874 940 in
2924 886 3142 940 domum
3182 883 3398 939 Domini
3449 881 3626 958 [item]
3659 901 3675 938 :

2110 975 2306 1043 Venite,
2335 977 2679 1032 ascendamus
2705 975 2774 1030 ad
2824 985 3053 1029 montem
3105 973 3345 1038 Domini,
3392 983 3441 1028 et
3489 975 3558 1028 ad
3587 973 3679 1028 do-

2097 1085 2238 1122 mum
2262 1068 2359 1122 Dei
2378 1068 2567 1132 Jacob,
2593 1077 2640 1122 et
2661 1067 2862 1122 docebit
2890 1083 2982 1120 nos
3005 1067 3116 1121 vias
3139 1083 3284 1130 suas,
3311 1068 3438 1137 quia
3458 1066 3522 1120 de
3551 1065 3679 1122 Sion

2098 1159 2257 1213 exibit
2312 1158 2418 1225 lex,
2481 1169 2528 1212 et
2556 1158 2764 1212 uerbum
2807 1157 3018 1211 Domini
3063 1158 3128 1212 de
3175 1157 3474 1213 Jerusalem
3525 1155 3679 1227 (Isai.

2101 1251 2254 1323 11,3).

2628 1337 2952 1395 PSALMUS
2976 1337 3181 1394 CXXII.

2175 1451 2486 1518 Videamus,
2517 1451 2646 1522 quid
2678 1452 2781 1507 iste
2808 1465 3064 1506 ascensor
3085 1450 3140 1504 in
3173 1449 3332 1505 domo
3375 1449 3472 1506 Dei
3516 1459 3684 1515 stans,

2105 1551 2159 1599 et
2188 1545 2242 1598 in
2269 1553 2520 1614 quartum
2551 1543 2747 1616 [Edit.,
2771 1541 3054 1614 quantum]
3084 1542 3289 1598 ﬁduciae
3311 1543 3538 1614 gradum
3565 1558 3688 1614 per-

2105 1635 2330 1688 veniens
2366 1633 2503 1689 dirit
2533 1651 2544 1687 :

2180 1723 2342 1778 Vens.
2371 1724 2421 1776 l.
2453 1753 2522 1764 —
2560 1723 2640 1777 Ad
2663 1733 2712 1777 te
2744 1723 2905 1779 levavi
2932 1723 3111 1779 oculos
3151 1740 3312 1789 meos,
3364 1725 3452 1796 qui
3486 1724 3689 1778 habitas

2106 1814 2162 1868 in
2200 1815 2346 1869 caelo.
2391 1815 2653 1870 Levemus
2686 1816 2872 1872 oculos
2909 1824 3124 1872 nostros
3157 1831 3187 1869 a
3215 1816 3449 1870 terrenis
3477 1815 3544 1869 ad
3577 1830 3691 1870 cm-

2107 1905 2282 1972 lestia,
2312 1922 2343 1961 a
2366 1907 2520 1963 nobis
2545 1908 2614 1963 ad
2650 1908 2936 1962 Dominum
2981 1906 3370 1980 [Hs.,Deum];
3413 1907 3693 1976 displicea-

2108 2013 2229 2055 mus
2248 1999 2424 2064 nobis,
2462 2007 2520 2054 ut
2557 2000 2866 2069 placeamus
2905 1999 3046 2065 Deo,
3095 1999 3187 2070 qui
3218 2000 3426 2054 habitat
3449 1999 3501 2052 in
3531 1997 3690 2060 coelo.

2110 2089 2215 2146 hoc
2264 2097 2368 2156 est,
2427 2091 2479 2145 in
2542 2092 2746 2145 unitate
2785 2101 3115 2146 sanctorum.
3173 2088 3326 2144 Sicut
3374 2087 3694 2160 spiritaliter

2109 2180 2294 2236 oculos
2332 2181 2533 2246 levare,
2581 2181 2656 2235 ita
2692 2180 3007 2250 spiritaliter
3031 2180 3227 2236 omium
3275 2177 3576 2250 intelligere
3595 2177 3692 2232 de-

2111 2273 2320 2328 bemus.
2368 2273 2466 2329 Ubi
2513 2274 2725 2328 habitat
2763 2274 2925 2338 Deus,
2950 2274 3022 2329 ibi
3051 2271 3072 2345 [
3098 2271 3264 2345 oculi]
3293 2272 3473 2328 cordis
3516 2269 3691 2327 nostri

2113 2363 2168 2418 in
2201 2364 2468 2419 charitate
2491 2363 2703 2419 levandi
2739 2361 2933 2436 [Edit.,
2961 2363 3036 2418 ibi
3085 2363 3250 2418 corda
3298 2371 3482 2417 nostra
3513 2362 3696 2417 levan-

2116 2453 2206 2528 da]
2261 2465 2406 2511 sunt.
2438 2455 2576 2528 [Hoc
2597 2464 2658 2510 ut
2680 2454 2891 2510 ﬁrmius
2917 2455 3273 2526 intelligatur,
3321 2452 3567 2524 exemplo
3596 2453 3699 2508 iste

2117 2563 2328 2608 amator
2354 2567 2412 2606 se
2440 2548 2762 2622 roboravit.]

2188 2642 2350 2698 Vens.
2382 2641 2436 2696 2.
2462 2671 2528 2682 -
2568 2641 2704 2696 Ecce
2731 2640 2864 2694 sicut
2895 2638 3035 2694 oculi
3055 2655 3321 2694 servorum
3376 2641 3429 2692 in
3461 2639 3698 2693 manibus

2119 2734 2449 2789 dominorum
2470 2749 2685 2788 suorum
2721 2749 2738 2787 :
2773 2742 2821 2788 et
2843 2733 2976 2787 sicut
3027 2731 3165 2786 oculi
3224 2729 3432 2785 ancilla
3493 2731 3548 2784 in
3595 2746 3697 2783 mo-

2121 2825 2273 2880 nibus
2311 2825 2536 2879 dominte
2565 2840 2706 2888 suae,
2760 2823 2834 2877 ita
2881 2821 3021 2876 oculi
3089 2823 3253 2877 nostri
3311 2821 3379 2875 ad
3417 2820 3702 2876 Dominum

2119 2915 2289 2972 Deum
2332 2927 2592 2982 nostrum,
2623 2915 2787 2970 donec
2835 2917 3148 2970 misereatur
3195 2915 3378 2969 nostri.
3409 2912 3544 2969 Cum
3575 2928 3705 2984 ergo

2123 3008 2277 3062 audis
2297 3007 2596 3072 Christum,
2628 3007 2744 3061 leva
2766 3006 2953 3062 oculos
2987 3014 3110 3061 tuos
3135 3005 3203 3060 ad
3235 3005 3519 3060 Dominum
3535 3005 3706 3061 Deum

2044 3137 2091 3199 Ο
2124 3105 2276 3153 tuum
2309 3115 2320 3150 :
2355 3111 2478 3152 cum
2514 3095 2667 3151 audis
2715 3095 3023 3162 Dominum,
3068 3095 3184 3150 leva
3222 3096 3406 3151 oculos
3473 3104 3592 3151 tuos
3636 3096 3706 3150 ad

2122 3187 2263 3262 [Dei]
2309 3188 2630 3258 sapientiam
2665 3197 2719 3241 et
2747 3187 2842 3242 Dei
2888 3187 3164 3242 virtutem.
3195 3186 3338 3241 Leva
3361 3186 3546 3242 oculos
3582 3195 3704 3241 tuos

2113 3283 2181 3338 ad
2217 3283 2489 3338 dominam
2528 3291 2697 3347 tuam,
2743 3279 2870 3350 quia
2892 3295 3081 3334 servus
3117 3286 3172 3334 et
3232 3278 3424 3334 ancilla
3454 3293 3513 3333 es
3545 3291 3704 3332 :ser-

2114 3389 2230 3438 vus,
2287 3374 2415 3445 quia
2461 3373 2691 3444 populus
2739 3387 2827 3438 es;
2877 3371 3089 3436 ancilla,
3155 3371 3282 3441 quia
3321 3370 3561 3426 Ecclesia
3618 3385 3700 3425 es.

2118 3465 2226 3521 Sed
2264 3467 2380 3536 ipsa
2431 3466 2628 3520 ancilla
2687 3479 2885 3535 sponsa
2920 3463 3066 3520 facta
3112 3472 3216 3519 est.
3269 3463 3420 3519 Unus
3445 3463 3706 3533 loquitur,

2115 3565 2171 3612 et
2195 3571 2387 3612 omnes
2409 3557 2464 3611 in
2510 3571 2619 3611 uno
2645 3556 2958 3626 loquuntur,
3011 3556 3134 3626 quia
3167 3571 3356 3611 omnes
3383 3571 3548 3609 unum
3579 3563 3709 3610 sunt

2118 3649 2174 3704 in
2224 3641 2443 3704 Christo
2474 3666 2487 3702 :
2517 3664 2655 3703 unus
2679 3649 2924 3719 populus,
2954 3665 3061 3704 una
3089 3648 3348 3713 Ecclesia,
3396 3662 3536 3702 unus
3568 3661 3707 3717 grex

2119 3740 2187 3795 ad
2237 3756 2403 3794 unum
2457 3749 2732 3812 pastorem
2766 3743 3064 3812 pertinens.
3111 3740 3272 3812 380
3329 3738 3506 3793 Donec
3547 3738 3708 3793 mise-

2122 3840 2298 3885 reatur
2321 3831 2504 3896 nostri,
2535 3830 2588 3886 id
2614 3841 2718 3898 est,
2750 3833 2923 3888 donec
2949 3833 3017 3888 ab
3046 3831 3204 3898 hujus
3229 3832 3354 3886 vitae
3395 3828 3712 3886 tribulatio-

2122 3921 2301 3988 nibus,
2349 3930 2403 3978 et
2455 3923 2523 3977 ab
2565 3921 2728 3991 hujus
2765 3925 2866 3978 viae
2892 3922 3157 3980 molestiis
3189 3923 3383 3980 liberet
3419 3937 3538 3988 nos,
3569 3931 3624 3976 et
3649 3922 3710 3977 in

2121 4020 2324 4066 aeterna
2349 4013 2524 4083 patria
2548 4013 2864 4078 constituat,
2909 4029 3047 4084 quos
3092 4014 3182 4070 hic
3234 4029 3332 4085 per
3381 4014 3712 4070 tentationes

2122 4103 2300 4158 varias
2343 4103 2561 4159 erudire
2607 4119 2716 4158 non
2737 4103 2956 4160 desinit.
2985 4103 3052 4158 Et
3081 4105 3213 4175 quid
3250 4105 3354 4160 iste
3391 4103 3586 4160 clamet
3609 4118 3710 4158 au-

2124 4194 2355 4250 diamus.

2194 4289 2357 4345 Vens.
2387 4291 2441 4345 5.
2483 4321 2554 4331 —
2585 4289 2837 4361 Miserere
2866 4291 3030 4347 nostri
3054 4290 3204 4364 [Ms.,
3237 4289 3439 4364 nobis],
3466 4289 3711 4353 Domine,

2121 4379 2365 4432 miserere
2382 4381 2566 4442 nostri,
2589 4382 2716 4452 quia
2733 4380 2955 4436 multum
2970 4381 3147 4452 repleti
3168 4398 3351 4436 sumus
3365 4380 3707 4452 despectione.

2052 4493 2104 4554 ι)
2127 4467 2381 4525 Miserere
2418 4471 2612 4536 nostri,
2635 4479 2695 4526 ut
2736 4470 2896 4526 ﬁdem
2937 4480 3144 4528 rectam
3197 4481 3509 4535 teneamus;
3547 4469 3714 4524 mise-

2129 4573 2250 4614 rere
2277 4560 2465 4624 nostri,
2496 4570 2555 4615 ut
2578 4576 2743 4632 opera
2771 4561 2894 4617 ﬁdei
2933 4563 3311 4618 convenientia
3339 4561 3710 4632 perﬁciamus.

2126 4648 2259 4717 Quia
2282 4651 2510 4707 multum
2539 4653 2728 4723 repleti
2770 4669 2957 4710 sumus
2981 4655 3346 4726 despectione,
3392 4655 3447 4709 id
3467 4649 3590 4716 est,~
3608 4652 3720 4707 hu-

2116 4740 2208 4810 jus
2251 4744 2434 4799 steculi
2466 4746 2877 4802 tentationibus.

2197 4835 2360 4891 Vens.
2394 4835 2448 4890 4.
2477 4867 2547 4876 —-
2576 4836 2644 4891 Et
2671 4836 2940 4911 [multum]
2973 4837 3168 4909 repleta
3193 4848 3269 4894 est
3319 4839 3499 4893 anima
3527 4845 3716 4891 nostra

2124 4927 2456 4996 opprobrium
2499 4928 2886 4983 abundantibus
2942 4939 2990 4983 et
3036 4928 3296 5000 despectio
3341 4927 3596 4999 superbis.
3643 4925 3723 4980 Et

2123 5018 2214 5087 qui
2267 5027 2393 5073 sunt
2447 5018 2539 5088 qui
2590 5021 2940 5090 opprobrium
2996 5018 3198 5092 [nobis]
3250 5019 3474 5084 faciunt,
3523 5032 3724 5074 conse-

2124 5117 2351 5179 quenter
2393 5111 2661 5180 exponit:
2715 5109 3065 5180 opprobrium
3124 5110 3529 5165 abundantibus
3601 5105 3726 5182 [his

2124 5201 2215 5270 qui
2250 5201 2407 5270 hujus
2456 5201 2640 5258 saeculi
2667 5199 3014 5257 felicitatibus
3040 5200 3328 5275 gaudent];
3355 5211 3410 5256 et
3433 5200 3724 5272 dcspectlo

2127 5293 2393 5362 superbis,
2447 5291 2536 5361 qui
2585 5291 2640 5345 in
2689 5290 2891 5346 divitiis
2927 5292 3040 5348 suis
3096 5290 3440 5365 [superbiant
3475 5289 3552 5364 et]
3615 5290 3725 5345 de-

2125 5382 2357 5450 spiciunt
2380 5395 2642 5451 pauperes
2676 5379 2896 5446 Christi,
2930 5382 2998 5438 de
3041 5384 3238 5454 quibus
3279 5383 3480 5439 dicitur
3512 5400 3526 5437 :
3559 5380 3727 5438 Beati

2125 5485 2397 5539 pauperes,
2438 5470 2685 5539 quoniam
2721 5471 2955 5542 ipsorum
2978 5482 3052 5527 est
3092 5488 3310 5543 regnum
3333 5472 3602 5527 calorum.

2617 5652 2943 5709 PSALMUS
2968 5651 3199 5709 CXXIII.

2197 5748 2254 5804 ln
2295 5751 2482 5819 quinto
2509 5750 2806 5823 Graduum,
2837 5753 2940 5809 hoc
2961 5761 3064 5819 est,
3102 5755 3153 5808 in
3193 5755 3468 5824 patientia
3519 5751 3718 5810 solidi-
