3996 6194
437 334 542 390 617

1246 328 1306 382 B.
1349 327 1410 382 F.
1450 322 1674 380 ALBINI
1715 319 1844 378 SEU
1883 312 2159 373 ALCUINI
2197 311 2481 371 OPERUM
2519 310 2696 366 PARS
2730 309 2792 366 Π.

3575 306 3683 363 623

431 447 622 504 Israel.
665 446 765 511 Qui
800 432 1096 512 operantur
1139 436 1509 507 iniquitatcm',
1553 436 1608 491 id
1637 442 1750 498 est,
1779 443 2010 503 quorum
2036 428 2084 486 Α
2112 442 2188 493 Ix,
2223 426 2313 499 6):
2344 434 2604 495 quantum
2632 424 2776 479 enim
2803 423 3031 493 quisque
3057 423 3320 488 seminat,
3363 429 3571 476 tantum
3598 439 3686 478 re-

433 539 574 593 lacta
604 535 795 588 imitati
822 538 966 597 sunt,
992 531 1084 600 qui
1112 528 1265 601 [δὴ.
1294 514 1444 599 quia]
1473 541 1660 581 eorum
1688 529 2009 594 praesentem

432 626 671 680 laetitiam
699 627 1037 685 amaverunt,
1065 627 1121 674 et
1142 619 1318 673 futura
1345 617 1606 686 supplicia
1629 629 1734 669 non
1761 609 2008 668 credide-

431 721 580 768 runt.
626 711 726 778 Qui
753 726 882 782 ergo
911 711 1044 766 recti
1081 716 1208 765 sunt
1245 705 1436 773 corde,
1467 715 1522 760 et
1548 720 1658 758 non
1702 701 2006 761 declinant,

431 803 560 872 quid
604 802 921 857 habebunt?
954 797 1074 854 Jam
1102 799 1384 853 veniamus
1407 795 1478 851 ad
1508 795 1680 865 ipsam
1718 789 2008 846 haeredita-

425 903 557 948 tem.
588 891 717 958 Quae
746 898 831 945 est
849 890 937 944 illa
961 888 1294 944 hereditas?
1328 886 1441 941 Pax
1471 897 1632 954 super
1662 879 1847 936 l'srael.
1881 877 2010 945 Quae

427 983 573 1052 pax?
600 981 712 1046 Illa,
739 995 860 1049 qua:
883 985 1172 1048 exsuperat
1201 987 1416 1032 omnem
1439 986 1677 1029 sensum.

934 1065 1256 1122 PSALMUS
1293 1064 1502 1120 CXXV.

499 1160 746 1216 Psalmus
760 1159 861 1214 iste
878 1156 1154 1213 Graduum
1177 1153 1560 1224 redemptionis
1578 1159 1778 1206 nostra:
1797 1147 2010 1201 laudem

431 1259 702 1322 decantat,
730 1256 996 1326 quomodo
1017 1252 1230 1308 liberati
1256 1265 1442 1306 sumus
1462 1249 1527 1303 de
1553 1246 1866 1317 captivitate
1895 1243 2012 1297 dia-

431 1351 619 1406 bolicae
644 1348 946 1419 potestatis,
971 1352 1027 1400 ct
1050 1350 1396 1414 peccatorum
1420 1349 1727 1396 nostrorum
1749 1335 2006 1419 vinculis:

431 1445 620 1493 cantat
644 1415 833 1509 {enim}
863 1437 963 1490 iste
985 1440 1195 1489 amator
1221 1430 1487 1487 libertatis
1517 1436 1746 1483 nostrae:
2000 1415 2008 1427 ’

502 1527 665 1584 Vens.
709 1527 765 1581 i.
796 1555 870 1567 —
899 1523 967 1579 In
994 1521 1332 1579 convertenda
1373 1519 1628 1574 Dominus
1666 1517 2010 1587 captivitatem

435 1616 586 1683 Sion,
615 1616 741 1686 facti
769 1631 948 1670 sumus
989 1614 1122 1667 sicut
1151 1609 1438 1674 consolati,
1469 1607 1524 1662 id
1551 1616 1654 1672 est,
1695 1605 2011 1676 gaudentes.

434 1703 563 1760 Sion
605 1705 660 1759 in
705 1703 912 1776 angelis
941 1712 1173 1766 aeterna,
1205 1699 1262 1754 in
1299 1697 1609 1754 hominibus
1652 1695 1864 1764 captiva
1906 1701 2005 1748 est.

2109 518 2291 588 cipiet.
2319 516 2454 570 Nam
2478 517 2591 586 ipsa
2618 515 2749 580 vita,
2796 514 2849 568 in
2896 529 3058 584 quam
3103 513 3442 576 intravimus,
3490 515 3687 570 misera

2107 615 2210 670 est,
2241 607 2537 677 iacrymosa
2566 613 2651 660 est
2671 645 2686 670 ,
2726 603 3106 672 laboribusque
3146 602 3325 673 plena.
3371 603 3496 658 Ideo
3531 604 3691 658 homo

2109 704 2267 750 natus
2293 694 2421 750 llcre
2447 695 2615 759 novit,
2647 694 2826 748 ridere
2851 708 2959 748 non
2984 693 3135 748 novit
3151 733 3164 758 ,
3204 693 3330 762 quia
3355 691 3422 746 ad
3451 693 3690 748 laborem

2107 793 2267 839 natus
2295 793 2400 848 est,
2437 799 2541 839 non
2570 784 2636 838 ad
2666 782 2929 837 lzetitiam.

2180 875 2342 930 Vens.
2373 873 2428 928 6.
2455 904 2527 915 -
2556 873 2756 928 Euntes
2784 874 2952 939 ibant,
2979 883 3027 927 et
3057 875 3251 944 ﬂebant
3271 916 3284 940 ,
3317 877 3571 932 mittentes
3609 894 3694 933 se-

2109 966 2254 1018 mina
2279 979 2398 1018 sua.
2424 963 2528 1018 iste
2552 962 2766 1018 Gradus
2804 964 3136 1018 canticorum
3164 963 3231 1018 ad
3254 979 3419 1034 Opera
3460 981 3560 1020 nos
3592 967 3694 1020 mi-

2109 1056 2417 1114 sericordiae
2460 1057 2820 1124 exhortatur,
2854 1065 2915 1111 ut
2959 1073 3146 1113 eamus
3180 1065 3234 1112 et
3268 1073 3578 1128 quaeramus
3607 1062 3696 1115 cui

2110 1153 2247 1207 bene
2274 1151 2536 1206 faciamus
2579 1159 2634 1206 et
2677 1153 3069 1221 compatientes
3093 1152 3262 1206 simus
3292 1153 3528 1207 miseria:
3556 1154 3692 1208 alio-

2111 1254 2262 1304 rum;
2286 1239 2723 1309 sicutApostolus
2749 1240 2908 1295 dicit:
2933 1238 3087 1294 Flere
3108 1257 3226 1294 cum
3245 1241 3488 1310 ﬂentibus
3505 1241 3689 1313 (Rom.

2113 1343 2210 1394 xu,
2239 1327 2346 1400 15).
2378 1327 2654 1383 Mittamus
2698 1329 2900 1383 semina
2945 1336 3129 1384 nostra
3159 1343 3321 1398 super
3349 1335 3698 1383 transeuntes

2113 1439 2300 1493 aquas,
2336 1423 2462 1492 quia
2493 1423 2546 1477 in
2576 1423 2745 1478 multo
2777 1432 3021 1492 tempore
3057 1423 3392 1478 inveniemus
3418 1422 3529 1476 illa.
3571 1421 3699 1479 ideo

2112 1514 2392 1584 sequitur:
2445 1511 2710 1568 Venientes
2748 1524 2920 1568 autem
2964 1516 3162 1569 venient
3207 1515 3262 1568 in
3306 1514 3660 1568 exsultatione
3681 1556 3697 1578 ,

2111 1613 2376 1675 portantes
2402 1602 2700 1674 manipulos
2728 1619 2870 1657 suos.
2911 1603 3028 1669 Quo
3055 1604 3295 1668 venient,
3335 1603 3440 1657 nisi
3467 1603 3520 1656 in
3551 1617 3698 1672 pne-

2113 1695 2338 1748 sentiam
2369 1693 2562 1748 summi
2584 1691 2823 1748 iudicis?
2851 1692 3036 1764 [Quid]
3065 1692 3318 1762 portant?
3343 1707 3504 1762 opera
3535 1693 3701 1746 mise~

409 1756 590 1852 ν
606 1756 857 1864 captiv‘a?
884 1793 1020 1859 Quia
1041 1756 1334 1846 venundati
1353 1790 1452 1844 sub
1470 1756 1898 1857 peccata-Unde
1920 1800 2014 1840 ve-
2040 1756 2090 1818 B
2114 1784 2380 1840 ricordiae.
2415 1783 2630 1838 Esurici
2654 1785 2808 1848 enim,
2847 1756 2924 1838 ait
2950 1756 3228 1850 Dominus,
3259 1794 3307 1840 et
3329 1756 3543 1839 dedistis
3566 1786 3702 1839 mihi

435 1885 678 1950 nundati,
706 1884 809 1937 nisi
843 1879 1240 1936 consentientes
1263 1878 1533 1948 peccato?
1568 1877 1746 1931 Liberi
1773 1875 1904 1932 facti
1925 1891 2014 1931 su-

435 1991 576 2040 mus,
621 1975 716 2030 sed
749 1973 1106 2042 nosmetipsos
1125 1959 1463 2027 vendidimus
1499 1976 1721 2039 peccato
1765 1967 2016 2041 [propter

436 2066 843 2122 consensionem
865 2063 1076 2135 peccati
1099 2063 1152 2117 in
1173 2061 1346 2132 primo
1366 2068 1591 2132 parente
1611 2067 1797 2114 nostro
1817 2057 2011 2132 (Edit.,

435 2165 717 2212 consortes
750 2155 878 2210 lacti
910 2162 1136 2224 peccato
1171 2153 1328 2222 primi
1356 2152 1598 2221 parentis
1620 2149 1811 2222 nostri)
1836 2149 1878 2222 ].
1907 2149 2013 2206 Sed

435 2249 490 2302 in
519 2247 755 2303 secundo
773 2246 983 2302 liberati
1007 2261 1193 2301 sumus
1214 2253 1270 2300 et
1296 2245 1415 2299 ideo
1437 2244 1716 2300 consolati.
1732 2243 1847 2299 Non
1867 2244 2012 2300 enim

433 2355 623 2395 omnes
648 2338 790 2394 illius
818 2337 1052 2394 civitatis
1079 2336 1226 2392 cives
1248 2335 1449 2406 captivi
1477 2343 1622 2399 sunt,
1650 2335 1744 2389 sed
1773 2334 1864 2405 qui
1888 2335 2014 2390 inde

434 2430 866 2502 peregrinantur,
893 2429 1089 2499 captivi
1116 2435 1240 2484 sunt
1266 2444 1278 2480 :
1321 2425 1616 2480 consolatio
1639 2439 1766 2479 vero
1787 2425 2014 2480 misero-

433 2535 560 2575 rum
578 2529 663 2576 est
687 2528 742 2574 et
764 2521 1096 2591 gementium
1120 2534 1134 2584 ;
1171 2519 1334 2590 382
1365 2517 1460 2571 sed
1487 2517 1646 2571 modo
1674 2517 1790 2572 haec
1816 2533 2012 2573 conso-

433 2610 564 2668 latio
589 2610 747 2665 estin
777 2624 892 2680 spe,
917 2617 1044 2664 tunc
1070 2609 1176 2662 erit
1202 2609 1258 2662 in
1287 2623 1365 2672 re,
1397 2607 1524 2661 dum
1550 2607 1847 2662 videbimus
1876 2607 2013 2664 facie

434 2699 502 2754 ad
526 2696 761 2754 faciem:
799 2710 971 2768 usque
998 2711 1144 2751 nunc
1181 2696 1236 2750 in
1273 2694 1379 2751 ﬁde
1422 2695 1714 2762 credimus,
1744 2697 1879 2751 etin
1919 2712 2012 2767 spe

435 2802 762 2932 mimis.
787 2905 860 2917 -
884 2873 1030 2930 Tunc
1054 2873 1300 2944 repletum
1337 2881 1412 2928 est
1437 2873 1632 2944 gaudio
1657 2889 1718 2929 os
1742 2881 1976 2928 nostrum
1994 2914 2010 2940 ,

433 2975 480 3021 et
505 2966 687 3037 lingua
711 2976 889 3021 nostra
918 2963 1283 3019 exsultatione.
1312 2964 1368 3019 ln
1397 2966 1499 3020 hac
1519 2964 1888 3021 consolatione
1907 2967 2013 3021 hu-

2109 1875 2469 1941 manducare;
2507 1877 2666 1941 sitivi,
2695 1885 2746 1931 et
2773 1877 2990 1932 dedistis
3027 1878 3158 1932 mihi
3181 1878 3371 1933 bibere.
3399 1877 3539 1946 Quid
3561 1895 3699 1949 ergo

2111 1967 2348 2022 audituri
2372 1969 2568 2022 erunt?
2598 1966 2798 2034 Venite,
2824 1968 3076 2023 benedicti
3098 1969 3278 2024 Patris
3303 1971 3425 2034 mei,
3447 1973 3700 2042 percipite

2111 2075 2326 2132 regnum
2363 2061 2499 2132 quod
2520 2061 2661 2116 vobis
2683 2071 2928 2133 paratum
2949 2071 3025 2116 est
3044 2063 3109 2117 ab
3131 2063 3332 2134 origine
3351 2064 3555 2130 mundi,
3580 2073 3693 2120 etc.

2113 2150 2326 2225 (Matth.
2351 2169 2480 2218 xxv,
2495 2153 2585 2219 54,
2605 2153 2715 2225 35).
2746 2154 2896 2209 Tunc
2920 2155 3027 2210 illis
3045 2156 3150 2211 hoc
3171 2155 3396 2219 dicetur,
3415 2155 3506 2225 qui
3529 2170 3697 2226 opera

2110 2244 2496 2299 misericordia:
2543 2244 2702 2299 modo
2753 2244 3038 2315 diligenter
3088 2245 3274 2300 volunt
3319 2246 3585 2302 seminare
3638 2247 3695 2301 in

2112 2349 2400 2406 pauperes.

2605 2424 2926 2482 PSALMUS
2963 2425 3192 2483 CXXVI.

2181 2513 2309 2571 Haec
2332 2515 2561 2580 cantica,
2589 2524 2650 2569 ut
2677 2531 2816 2585 saepe
2843 2517 3094 2584 diximus,
3119 2517 3524 2572 ascendentium
3547 2524 3692 2573 sunt.

2112 2608 2352 2676 Qualiter
2384 2608 2830 2664 ascendentium?
2869 2607 3090 2663 Scilicet
3110 2609 3348 2664 amando
3363 2608 3556 2666 Deum.
3591 2607 3696 2675 Qui

2112 2700 2281 2756 Deum
2316 2708 2482 2767 amat,
2511 2700 2781 2764 ascendit;
2807 2699 2897 2769 qui
2927 2699 3179 2754 saeculum
3204 2708 3370 2763 amat,
3394 2700 3558 2755 cadit.
3586 2700 3698 2754 Sed

2111 2790 2270 2861 hujus
2293 2789 2482 2862 psalmi
2506 2791 2661 2845 titulo
2690 2789 2929 2846 additum
2957 2799 3080 2845 est:
3111 2789 3385 2846 Canticum
3416 2790 3696 2846 Graduum

2113 2879 2432 2936 Salomonis.
2459 2880 2768 2946 Videamus,
2799 2895 2897 2934 cur
2918 2895 3114 2935 nomen
3155 2879 3460 2935 Salomonis
3493 2881 3546 2934 in
3591 2879 3698 2935 hoc

2111 2968 2480 3023 tantummodo
2523 2966 2685 3040 [loco]
2719 2969 2958 3023 additum
2989 2969 3078 3022 sit.
3129 2967 3383 3024 Salomon
3425 2969 3702 3039 interpre-

425 3057 516 3126 jus
539 3055 925 3124 redemptionis
947 3062 1144 3108 nostrae
1163 3055 1426 3124 repletum
1451 3063 1537 3111 est
1559 3071 1621 3111 os
1640 3056 1819 3111 cordis
1839 3057 2010 3110 nostri
2036 3084 2084 3149 ο
2115 3066 2261 3111 tatur
2287 3057 2564 3126 paciﬁcus.
2597 3056 2729 3123 Quis
2763 3055 2889 3129 [est]
2929 3057 3031 3112 iste
3058 3057 3344 3126 paciﬁcus,
3390 3057 3493 3113 nisi
3531 3074 3697 3114 verus

433 3145 629 3215 gaudio
649 3184 664 3208 ,
695 3151 751 3197 et
789 3143 971 3214 lingua
1000 3145 1180 3199 cordis
1208 3146 1598 3206 exsultatione:
1641 3161 1704 3202 os
1743 3148 1922 3203 cordis
1957 3159 2013 3204 et
2047 3143 2084 3149 ”
2114 3148 2366 3204 Salomon
2391 3149 2648 3204 Dominus
2667 3157 2849 3204 noster
2864 3147 3022 3204 Jesus
3042 3148 3313 3214 Christus,
3340 3151 3433 3219 qui
3452 3150 3696 3206 caelestia

431 3237 615 3307 lingua
639 3237 836 3303 cordis,
871 3252 978 3308 quo
1013 3235 1168 3308 [Ms.,
1213 3238 1369 3309 qua],
1413 3253 1508 3294 ore
1543 3240 1745 3295 carnali
1793 3240 2008 3307 clauso,

431 3328 562 3382 dum
588 3342 828 3392 oramus,
859 3327 1154 3382 clamamus
1185 3329 1253 3382 ad
1278 3328 1448 3383 Deum
1475 3347 1490 3382 :
1515 3329 1660 3383 Tune
1681 3333 1853 3386 dicent
1878 3335 2013 3387 inter

432 3431 628 3491 gentes,
659 3419 1013 3488 magniﬁcaeit
1038 3417 1291 3472 Dominus
1315 3419 1490 3488 facere
1514 3436 1632 3474 cum
1659 3421 1783 3475 illis.
1815 3422 1871 3478 id
1905 3433 2007 3490 est,

430 3512 858 3568 misericordiam
895 3509 1072 3564 facere
1111 3522 1234 3563 cum
1275 3509 1525 3565 omnibus
1553 3511 1842 3580 gentibus:
1883 3514 2010 3582 quia

433 3617 541 3656 non
573 3609 779 3656 tantum
814 3608 975 3654 notus
993 3598 1047 3653 in
1067 3596 1251 3652 Judaaa
1276 3597 1437 3664 Deus,
1460 3599 1553 3653 scd
1577 3613 1607 3652 a
1637 3597 1833 3654 finibus
1854 3608 2011 3655 terrae

434 3693 617 3747 laudes
641 3691 941 3744 audivimus
965 3688 1234 3758 iustorum
1255 3688 1496 3744 dicentes
1509 3687 1662 3760 μὴ,
1673 3689 1802 3758 justi
1830 3689 2011 3746 dicen-

433 3780 524 3850 tis]
551 3799 564 3832 :
604 3779 815 3832 Exaudi
840 3794 955 3843 nos,
978 3776 1120 3832 Deus
1147 3776 1394 3832 salutaris
1423 3788 1616 3845 noster,
1638 3795 1753 3849 spes
1778 3781 2010 3834 omnium

431 3869 620 3938 ﬁnium
645 3877 816 3930 terra,
849 3877 897 3919 et
924 3867 980 3920 in
1004 3867 1142 3920 mari
1172 3865 1323 3936 longe
1361 3866 1533 3938 (Psal.
1565 3884 1713 3934 LXIV,
1743 3867 1819 3940 6).
1848 3868 2009 3924 Dica-

434 3970 553 4012 mus
589 3955 742 4028 [Ms.,
773 3953 983 4026 dicunt]
1016 3955 1198 4024 itaque
1224 3969 1415 4010 omnes
1441 3973 1454 4008 :

501 4049 663 4103 Vnus.
692 4049 746 4102 '5.
768 4077 842 4088 --
859 4045 1216 4116 Magniﬁcam
1242 4044 1497 4099 Dominus
1518 4045 1690 4114 facere
1720 4047 2004 4110 nobiscum,

431 4139 557 4209 facti
587 4153 764 4192 sumus
799 4134 1051 4188 ltetantes.
1075 4134 1498 4190 Misericordiam
1523 4134 1652 4190 fecit
1686 4137 1862 4203 nobis,
1890 4139 2008 4195 ideo

429 4229 564 4284 facti
586 4241 774 4283 sumus
797 4225 1062 4280 lzetantes.

500 4321 662 4376 Vsus.
685 4317 739 4372 4.
762 4346 835 4358 —-
861 4315 1133 4371 Convertet
1151 4315 1408 4370 Dominus
1431 4316 1579 4390 [Ms.,
1595 4317 1863 4387 Converte,
1894 4321 2006 4376 Do-

2109 3250 2164 3297 et
2210 3243 2486 3298 terrestria
2536 3241 2840 3312 pacilicavit
2883 3242 2939 3296 in
2987 3243 3248 3310 sanguine
3295 3257 3422 3301 suo.
3471 3251 3526 3296 et
3559 3240 3697 3296 fecit

2109 3342 2336 3402 utraque
2358 3347 2555 3398 unum,
2586 3329 2720 3386 duos
2751 3331 2852 3387 sibi
2879 3331 3116 3400 parietes
3151 3331 3481 3401 coniungens
3521 3329 3576 3384 in
3607 3345 3696 3384 se-

2108 3425 2245 3494 ipso,
2269 3437 2479 3478 summo
2500 3421 2741 3492 angulari
2771 3421 2964 3492 lapide.
2989 3421 3124 3476 Nam
3151 3421 3392 3477 Ecclesia
3420 3420 3531 3493 [de]
3557 3423 3691 3476 duo-

2108 3516 2207 3570 bus
2234 3512 2465 3584 populis,
2496 3512 2548 3566 id
2572 3521 2676 3576 est,
2707 3512 3136 3567 circumcisionis
3156 3520 3209 3566 et
3235 3512 3484 3581 praeputii
3515 3527 3691 3583 copu-

2107 3599 2238 3656 lavit
2281 3603 2336 3659 in
2375 3616 2544 3655 unum
2587 3600 2766 3664 ovile,
2809 3609 2870 3655 ut
2915 3602 2987 3655 sit
3014 3616 3150 3655 unus
3191 3608 3376 3670 pastor
3415 3609 3472 3654 et
3517 3616 3694 3654 unum

2108 3692 2264 3748 ovile.
2308 3691 2385 3746 De
2411 3691 2518 3746 isto
2543 3706 2673 3746 vero
2697 3689 2984 3746 Salomone
3024 3691 3078 3746 in
3105 3691 3276 3762 capite
3306 3687 3465 3760 hujus
3493 3689 3690 3760 psalmi

2107 3781 2308 3836 dicitur
2329 3799 2343 3835 :

2179 3873 2340 3928 Vens.
2372 3873 2422 3927 l.
2454 3902 2526 3913 —
2550 3871 2672 3926 Nisi
2707 3871 2961 3927 Dominus
2986 3870 3321 3941 (ediﬁcaverit
3361 3870 3596 3934 domum,
3634 3869 3693 3923 in

2107 3979 2296 4018 vanum
2330 3962 2571 4016 laborant
2607 3961 2728 4034 [Ms.
2757 4003 2772 4028 ,
2818 3962 3242 4034 laboraverunt],
3288 3963 3380 4034 qui
3425 3963 3694 4032 cedi/icon:

2106 4068 2242 4107 eam.
2269 4050 2384 4107 Nisi
2407 4051 2665 4107 Dominus
2684 4052 2912 4108 aediﬁcet
2930 4053 3230 4109 Ecclesiam
3251 4054 3453 4124 absque
3472 4053 3686 4107 macula

2107 4151 2164 4199 et
2207 4158 2359 4216 ruga,
2405 4143 2459 4196 in
2489 4159 2688 4199 vanum
2729 4143 2940 4200 laborat
2977 4145 3158 4200 omnis
3190 4145 3529 4214 praedicator.
3581 4142 3689 4210 Qui

2107 4241 2233 4289 sunt
2258 4233 2350 4304 qui
2380 4233 2435 4287 in
2465 4247 2662 4288 vanum
2701 4233 2965 4300 laborant,
2999 4234 3102 4289 nisi
3140 4234 3381 4289 haeretici
3411 4232 3503 4304 qui
3534 4232 3690 4288 labo-

2107 4333 2232 4380 rant
2249 4325 2544 4381 Ecclesium
2567 4340 2914 4396 congregare,
2941 4325 3035 4380 sed
3053 4327 3258 4394 absque
3281 4324 3540 4388 Domino;
3565 4324 3686 4378 ideo

429 4409 612 4482 mine],
632 4408 979 4480 captivitatem
1017 4415 1247 4460 nostram
1293 4407 1425 4461 sicut
1464 4417 1664 4462 torrens
1702 4409 1758 4464 in
1800 4421 1999 4466 austro.

2113 4433 2303 4473 vanum
2331 4427 2415 4473 est
2436 4433 2570 4487 opus
2592 4418 2822 4473 illorum.
2855 4417 2934 4473 Ex
2971 4433 3077 4488 quo
3103 4419 3331 4488 populus
3360 4418 3538 4474 ﬁdelis
3557 4418 3686 4472 ardi-

328 4556 331 4558 _
431 4501 724 4555 Torrentes
765 4497 1020 4552 dicuntur
1043 4494 1264 4552 ﬂumina
1312 4497 1599 4562 hiemalia;
1641 4513 1834 4569 magno
1861 4501 2003 4555 enim

433 4591 632 4658 impetu
659 4586 953 4656 repentinis
971 4587 1133 4655 aquis
1156 4584 1370 4656 impleta
1395 4596 1636 4643 currunt.
1659 4587 1854 4645 Auster
1879 4605 2007 4646 vero

428 4685 628 4732 ventus
646 4676 850 4732 calidus
874 4683 982 4742 est,
1004 4685 1061 4730 et
1083 4675 1282 4747 glacies
1310 4676 1554 4733 solvens:
1582 4678 1852 4749 signiﬁcat
1876 4695 2006 4736 vero

432 4769 694 4842 Spiritum
729 4777 982 4825 sanctam:
1007 4769 1103 4838 qui
1136 4769 1394 4824 duritiam
1418 4778 1762 4840 peccatorum
1792 4779 2011 4826 nostro-

427 4879 574 4928 rum,
619 4876 740 4932 qua:
773 4861 890 4916 zelo
928 4859 1142 4932 [Forte,
1168 4859 1319 4930 gelu]
1351 4859 1680 4915 inﬁdelitatis
1712 4863 2003 4917 constricta

428 4961 530 5015 est,
550 4951 709 5007 solvit
730 4960 788 5006 at
811 4951 1003 5016 siccat,
1027 4957 1082 5005 et
1099 4949 1371 5005 convertit.
1381 4950 1743 5018 captivitatem
1765 4956 2004 5004 nostram

429 5043 484 5098 in
515 5042 775 5098 lzctitiam.

500 5135 662 5190 Vens.
700 5132 754 5188 5.
782 5163 855 5173 —
884 5131 988 5199 Qui
1031 5132 1287 5185 seminant
1327 5129 1379 5184 in
1421 5130 1697 5199 lacrynsis,
1729 5131 1785 5185 in
1809 5131 2002 5202 gaudio

427 5233 634 5278 metent.
669 5223 818 5277 Beati
847 5224 935 5293 qui
959 5221 1154 5292 lugent,
1181 5220 1427 5290 quoniam
1458 5220 1556 5290 ipsi
1575 5220 2001 5277 consolabuntur.

428 5315 561 5368 item
585 5331 598 5366 :
631 5313 781 5368 Beati
807 5311 1183 5375 misericordes,
1206 5311 1450 5381 quoniam
1470 5310 1568 5380 ipsi
1592 5311 2000 5364 misericordiam

429 5411 805 5472 consequentur
825 5401 1036 5471 (Matth.
1070 5417 1131 5466 v,
1155 5399 1210 5460 5,
1239 5400 1314 5472 7).
1348 5399 1627 5456 Seminant
1650 5402 1704 5456 in
1727 5401 1998 5471 lacrymis,

431 5488 523 5557 qui
557 5489 739 5559 lugent
765 5505 860 5544 sua
885 5497 1104 5558 peccata
1129 5505 1144 5555 ;
1185 5490 1452 5544 seminant
1473 5490 1529 5545 in
1553 5489 1706 5553 valle,
1729 5491 1818 5559 qui
1841 5491 2000 5544 mise-

430 5577 676 5636 ricordiae
702 5593 864 5646 opera
889 5577 1111 5643 faciunt,
1143 5578 1353 5633 dicente
1386 5578 1675 5649 Apostolo:
1707 5579 1811 5643 Qui
1839 5580 1995 5632 semi-

434 5677 520 5724 nrtt
552 5668 604 5720 in
633 5667 994 5731 benedictione,
1025 5668 1088 5721 de
1115 5667 1462 5722 benedictione
1495 5669 1710 5736 accipiet
1746 5668 1832 5738 (11
1870 5666 1991 5722 Car.

2106 4508 2298 4565 licatus
2325 4517 2428 4574 est,
2455 4517 2640 4564 custos
2676 4518 2759 4565 est
2801 4510 2970 4579 ipsius
2999 4509 3258 4568 Dominus
3298 4510 3488 4564 noster
3526 4507 3689 4563 Jesus

2104 4597 2378 4663 Christus,
2426 4599 2517 4667 qui
2549 4597 2798 4662 aediﬁcat,
2844 4598 2935 4666 qui
2962 4607 3276 4663 conservat,
3306 4599 3398 4668 qui
3425 4597 3686 4668 ριὀιεςὶί.

2103 4689 2194 4759 qui
2228 4696 2567 4754 remunerat;
2592 4685 2679 4744 ille
2702 4688 2849 4744 solus
2871 4689 2924 4743 in
2949 4691 3198 4744 omnibus
3219 4697 3273 4743 et
3299 4687 3599 4744 aediﬁcator
3624 4697 3684 4742 ct

2102 4787 2300 4834 custos.
2331 4778 2456 4835 ldeo
2475 4779 2608 4835 dixit
2636 4781 2692 4834 in
2721 4780 2965 4849 sequenti
2993 4794 3154 4835 versu
3178 4800 3191 4832 :
3237 4779 3364 4834 Nisi
3382 4778 3547 4851 383
3565 4777 3679 4832 Do-

2102 4870 2273 4924 minus
2294 4870 2593 4924 custodierit
2621 4870 2900 4934 civitatem,
2923 4869 3120 4940 frustra
3141 4869 3320 4939 vigilat
3345 4870 3442 4940 qui
3453 4867 3684 4922 custodit

2101 4975 2237 5013 eam.
2266 4957 2371 5013 Ista
2393 4966 2475 5013 est
2499 4957 2720 5023 civitas,
2751 4958 2816 5012 de
2851 4973 2956 5028 qua
2986 4959 3177 5028 saepius
3208 4958 3263 5013 in
3289 4960 3375 5014 his
3401 4957 3686 5014 Graduum

2100 5047 2321 5118 psalmis
2351 5055 2620 5112 cantatur,
2646 5047 2901 5116 spiritalis
2924 5048 3107 5116 utique
3131 5046 3451 5103 Jerusalem.

2173 5137 2333 5193 Vens.
2365 5137 2418 5191 2.
2445 5166 2516 5176 —-
2547 5135 2749 5189 Vanum
2787 5145 2863 5189 est
2903 5137 3044 5190 vobis
3087 5135 3207 5208 [Ms.
3229 5177 3243 5201 ,
3288 5138 3345 5190 in
3386 5151 3575 5189 vanum
3605 5146 3685 5191 est

2102 5227 2212 5300 vos]
2240 5239 2360 5282 ante
2383 5227 2551 5282 lucem
2573 5242 2803 5296 surgere.
2828 5224 2886 5279 In
2912 5241 3108 5281 vanum
3137 5237 3221 5281 est
3250 5228 3393 5281 enim
3417 5226 3562 5280 intus
3585 5227 3688 5281 lio-

2101 5317 2232 5371 mini
2261 5317 2464 5385 absque
2490 5317 2668 5370 divina
2696 5317 2868 5387 gratia
2896 5316 3160 5371 laborare.
3200 5315 3524 5388 [Praeveniat
3556 5330 3687 5386 gra-

2101 5407 2197 5471 tia,
2221 5407 2314 5460 sed
2345 5405 2702 5474 subsequatur
2730 5406 3030 5461 obedientia
3051 5448 3065 5471 ,
3098 5414 3223 5462 tunc
3247 5421 3353 5461 non
3382 5405 3596 5461 laborat
3628 5406 3684 5459 in

2100 5493 2338 5564 vanum].
2375 5493 2584 5562 Surgite
2610 5504 2880 5565 postquam
2909 5495 3164 5559 sederitis,
3206 5497 3297 5566 qui
3340 5494 3682 5549 ntanducatis

2097 5599 2284 5654 panem
2311 5581 2526 5636 doloris.
2574 5581 2631 5637 Si
2674 5584 2835 5640 vultis
2871 5585 2925 5640 in
2956 5585 3169 5641 excelso
3205 5601 3324 5641 esse
3344 5627 3357 5649 ,
3389 5593 3560 5639 estote
3589 5585 3684 5639 hic

2099 5673 2344 5739 humiles,
2373 5673 2462 5729 ubi
2500 5673 2714 5731 humilis
2755 5675 2854 5733 fuit
2898 5675 3006 5743 ille,
3039 5677 3127 5745 qui
3154 5691 3252 5747 pro
3284 5675 3437 5732 nobis
3467 5690 3684 5745 pauper
