4020 6188
348 315 454 370 629

1113 313 1520 370 EXEGETICA.
1553 343 1624 356 --
1658 314 2019 372 EXPOSITIO
2055 317 2126 373 IN
2161 289 2354 376 P‘SAL.
2393 287 2827 383 CRADUALES.

3477 328 3593 384 650

346 429 448 484 fuit
478 425 675 494 lactus,
705 433 765 482 ut
789 427 862 483 ibi
885 427 1084 484 excelsi
1105 428 1240 491 sitis,
1270 429 1360 484 ubi
1382 427 1470 484 ille
1487 429 1638 498 sedet
1653 429 1721 484 ad
1746 430 1923 485 dexte-
1948 433 1999 496 Α
2023 431 2320 492 volentibus
2353 443 2409 492 et
2454 437 2759 494 nolentibus
2790 438 2976 495 audire
3004 441 3224 495 verbum
3254 441 3368 506 Dei,
3415 443 3579 497 etiam

345 535 462 572 ram
499 518 593 572 Dei
633 517 830 573 Patris.
877 515 1149 573 Surrectio
1183 518 1563 575 exaltationem
1611 519 1916 591 signiﬁcat,

343 606 516 663 sessio
546 606 904 662 humilitatem
933 608 1192 679 designat.
1220 608 1354 662 Aliis
1377 608 1508 664 locis
1535 610 1702 665 sessio
1731 609 1920 664 intelli-

344 702 491 769 gitur
517 700 586 755 ab
614 699 818 754 honore
835 698 1132 767 iudicandi,
1164 708 1224 754 ut
1249 698 1391 754 illic:
1429 699 1683 755 Sedebitis
1711 717 1798 755 vos
1829 718 1919 756 su-

343 807 437 861 per
459 789 606 844 sedes
625 789 900 844 duodecim
927 788 1138 860 (Matth.
1169 807 1284 856 xIx,
1325 788 1440 862 28).
1475 791 1606 846 item
1628 791 1796 846 sessio
1819 792 1918 846 hu-

346 879 629 935 militatem
672 877 979 948 signiﬁcat,
1011 885 1070 933 ut
1101 877 1247 934 illic:
1287 878 1441 934 Iesus
1466 879 1714 949 fatigatus
1740 896 1805 934 ea:
1832 881 1918 933 iti-

345 956 468 1023 nere
489 968 694 1023 sedebat
717 969 793 1022 sic
819 983 975 1038 super
996 967 1188 1038 fontem
1213 965 1391 1037 (Joan.
1417 982 1494 1032 tv,
1520 965 1596 1038 6).
1623 965 1759 1021 Nam
1785 975 1841 1022 et
1859 967 1919 1026 in

343 1061 452 1117 alio
477 1060 680 1131 psalmo
707 1060 902 1114 dicitur
925 1078 938 1112 :
979 1059 1217 1122 Domine,
1248 1068 1304 1112 tu
1324 1059 1606 1130 cognovisti
1637 1058 1911 1115 sessionem

344 1168 538 1217 meam,
568 1161 616 1205 ct
641 1151 1065 1205 resurrectionem
1091 1166 1258 1205 meam
1288 1148 1512 1221 (Psalm.
1539 1166 1778 1206 cxxxvut
1795 1191 1810 1217 ,
1837 1151 1913 1222 2),

347 1239 402 1293 id
437 1247 544 1304 est,
593 1238 948 1294 humilitatem
986 1253 1163 1294 meam
1207 1245 1263 1292 et
1309 1238 1687 1295 exaltationem
1718 1255 1914 1295 meam.

347 1327 418 1385 Ut
438 1343 567 1398 ergo
587 1326 993 1397 intelligeretur,
1022 1326 1089 1381 ad
1111 1341 1270 1396 quam
1290 1328 1580 1397 pertineret
1604 1329 1720 1384 haec
1748 1330 1917 1386 sessio

346 1419 596 1483 formam,
618 1418 820 1474 addidit
854 1417 1074 1473 statim:
1122 1416 1226 1482 Qui
1249 1419 1578 1475 manducatis
1603 1437 1789 1491 panem
1822 1423 1917 1476 do-

344 1511 425 1564 lor
444 1514 493 1564 's.
527 1508 847 1564 Manducant
889 1521 1082 1577 panem
1109 1507 1324 1572 doloris,
1367 1509 1459 1578 qui
1485 1521 1702 1580 gemunt
1731 1511 1784 1565 in
1814 1512 1917 1566 hac

344 1597 788 1668 peregrinatione.
819 1595 1105 1652 Coelestem
1146 1608 1273 1664 ergo
1314 1597 1574 1653 desiderio
1603 1597 1916 1654 anhelemus

342 1690 607 1760 patriam:
640 1688 729 1744 hic
756 1685 1074 1752 humiliatio,
1105 1685 1212 1742 illic
1236 1686 1521 1753 exultatio;
1557 1689 1646 1744 hic
1671 1689 1911 1760 peregri-

2018 520 2206 578 amicis
2240 532 2296 577 et
2338 523 2587 581 inimicis.
2616 525 2704 581 ille
2728 535 2836 583 stat
2864 525 2941 599 [in
2974 535 3126 596 porta
3155 526 3347 599 (Edit.,
3375 529 3580 598 impor-

2018 609 2189 681 tune)]
2221 621 2280 667 ut
2313 627 2500 670 omnes
2529 615 2764 681 audiant,
2791 627 2845 671 et
2863 632 3050 674 omnes
3072 618 3418 674 adiﬁcentur.

2493 702 2812 761 PSALMUS
2847 707 3098 764 CXXVII.

2086 789 2249 845 Venit
2289 791 2355 846 ad
2398 793 2663 848 canticum
2696 795 3042 854 beatitudinis
3076 799 3302 856 istorum
3331 815 3584 857 ascensor

2015 876 2326 946 Graduum,
2375 889 2428 935 ει
2461 881 2567 948 ait,
2606 884 2746 940 unde
2779 886 2849 941 sit
2894 888 2995 942 ista
3021 889 3295 946 beatitudo
3338 891 3588 962 [sibique

2017 965 2185 1040 dixit]
2211 985 2224 1022 :

2088 1056 2246 1112 Vens.
2287 1057 2337 1110 Ι.
2364 1088 2429 1098 -
2459 1059 2610 1114 Beati
2630 1078 2824 1130 omnes,
2852 1067 2942 1135 qui
2961 1067 3137 1122 timent
3166 1068 3467 1136 Dominum,
3493 1076 3588 1142 qui

2016 1144 2282 1200 ambulant
2305 1145 2360 1201 in
2378 1148 2471 1202 viis
2500 1149 2634 1219 ejus.
2660 1149 2788 1206 Haec
2808 1167 2932 1207 vera
2956 1152 3109 1225 [Ms.,
3136 1156 3284 1228 vero]
3312 1155 3586 1216 beatitudo

2015 1232 2070 1286 in
2097 1235 2287 1290 timore
2316 1235 2527 1293 Domini
2557 1241 2830 1304 consistit,
2859 1250 2915 1296 et
2941 1243 2995 1296 in
3026 1245 3398 1301 observatione
3437 1263 3581 1316 pra:-

2016 1332 2290 1394 ceptorum
2317 1325 2477 1382 illius.
2505 1327 2609 1383 Iste
2635 1337 2719 1384 est
2743 1334 2928 1397 timor,
2952 1332 3018 1387 de
3037 1348 3144 1402 quo
3168 1334 3224 1388 in
3246 1335 3351 1389 alio
3375 1333 3580 1404 psalmo

2015 1414 2245 1469 dicitur:
2289 1414 2466 1470 Timor
2500 1416 2711 1473 Domini
2739 1429 2950 1475 sanctus
2984 1439 3289 1490 permanens
3322 1424 3377 1476 in
3413 1440 3582 1477 saecu-

2015 1502 2123 1558 lum
2157 1505 2338 1559 steculi
2365 1505 2533 1577 (Psal.
2564 1523 2719 1574 xvm,
2751 1508 2858 1582 10).
2887 1509 3038 1565 Alius
3069 1519 3150 1566 est
3184 1512 3345 1567 timor
3368 1519 3587 1582 propter

2014 1609 2262 1664 poenam,
2300 1594 2438 1652 alius
2481 1605 2564 1652 est
2592 1597 2826 1668 'propter
2859 1614 3134 1655 amorem:
3176 1599 3340 1672 384
3375 1602 3475 1656 iste
3503 1610 3588 1656 est

2015 1683 2222 1750 beatus,
2259 1686 2350 1754 qui
2385 1696 2606 1756 propter
2645 1689 2962 1745 charitatem
3002 1691 3154 1746 timet
3195 1691 3503 1757 Dominum,
3532 1701 3587 1746 et

345 1758 512 1844 natio,
539 1778 646 1832 illic
672 1778 864 1848 patria.
890 1775 1243 1832 Humiliemur
1261 1777 1358 1832 sub
1379 1779 1583 1846 potenti
1608 1758 1766 1833 manu
1794 1758 1909 1846 Dei,
1945 1758 1988 1818 Β
2015 1776 2069 1828 in
2093 1775 2355 1832 charitate
2382 1777 2497 1847 ejus
2522 1788 2784 1849 praecepta
2813 1782 3080 1837 observat.
3120 1782 3189 1838 Ut
3216 1783 3303 1838 ille
3326 1784 3438 1852 ipse
3468 1783 3543 1837 ait
3567 1801 3584 1837 :

343 1877 404 1921 ut
438 1881 538 1922 nos
571 1865 768 1922 exultet
795 1867 850 1920 in
886 1871 1126 1934 tempore
1149 1864 1490 1920 visitationis.
1515 1865 1679 1931 Quasi
1705 1881 1913 1936 quaere-

345 1964 428 2011 ret
452 1957 554 2011 iste
581 1963 808 2020 amator,
833 1954 1046 2024 quando
1068 1961 1211 2010 esset
1235 1954 1340 2010 ista
1368 1956 1709 2020 resurrectio,
1738 1955 1790 2010 id
1809 1965 1912 2022 est,

343 2047 623 2111 exaltatio,
645 2047 998 2116 respondetur
1018 2046 1067 2100 ei
1091 2061 1106 2098 :

416 2138 579 2192 Vsus.
606 2137 660 2192 5.
686 2166 757 2176 —
776 2134 906 2190 Cum
929 2136 1124 2189 dederit
1144 2135 1343 2190 dilectis
1370 2137 1478 2191 suis
1501 2153 1739 2192 somnum
1756 2179 1770 2204 ,
1801 2155 1914 2192 ecce

342 2225 623 2282 hereditas
648 2224 900 2280 Domini:
935 2225 1036 2295 ﬁlii
1065 2241 1257 2280 merces
1285 2225 1486 2295 [ructus
1513 2229 1721 2283 ventris.
1755 2227 1914 2284 Som-

344 2333 446 2372 nus
470 2317 559 2372 hic
590 2324 814 2372 mortem
843 2315 1129 2386 signiﬁcat.
1171 2313 1367 2388 [Sicut]
1405 2315 1651 2372 Christus
1681 2333 1787 2373 non
1831 2327 1914 2375 est

342 2406 609 2463 exaltatus
637 2407 739 2462 nisi
777 2415 898 2477 post
941 2414 1168 2461 mortem
1186 2445 1202 2472 ,
1230 2407 1306 2462 ita
1331 2418 1511 2463 nostra
1533 2409 1784 2463 exaltatio
1806 2425 1913 2466 non

343 2499 450 2553 erit
478 2497 670 2570 [Edit.,
701 2495 828 2569 est],
868 2496 971 2554 nisi
1014 2505 1135 2566 post
1171 2505 1437 2553 mortem:
1476 2499 1602 2567 quia
1641 2499 1784 2555 illius
1823 2515 1910 2555 re-

345 2589 611 2645 surrectio
643 2603 748 2643 non
777 2586 877 2642 fuit
902 2587 1004 2643 nisi
1032 2596 1191 2642 antea
1227 2596 1528 2645 moreretur
1549 2629 1565 2654 ,
1601 2603 1702 2644 nec
1729 2596 1912 2646 nostra

345 2679 452 2735 erit
498 2677 824 2732 resurrectio
867 2677 970 2732 nisi
1021 2685 1179 2733 antea
1219 2678 1534 2734 moriamur.
1579 2678 1744 2746 Quasi
1785 2694 1914 2736 vero

347 2782 616 2837 quaereres
637 2767 830 2822 iterum
857 2765 933 2840 [et
969 2765 1194 2840 diceres]
1222 2784 1235 2822 :
1276 2767 1478 2834 Quibus
1501 2768 1753 2824 dilectis?
1781 2769 1909 2824 Ait:

350 2854 504 2927 [Herc
533 2855 630 2928 est]
657 2857 931 2912 htcreditas
959 2856 1200 2923 Domini,
1225 2857 1325 2926 ﬁlii
1354 2875 1545 2914 merces
1571 2859 1770 2928 fructus
1797 2878 1915 2916 ven-

347 2945 462 2998 tris.
499 2944 629 3012 Quze
653 2954 736 3000 est
769 2945 1051 3002 haereditas
1080 2947 1223 3001 ista?
1260 2947 1348 3001 illa
1377 2950 1582 3019 utique,
1605 2951 1670 3005 de
1696 2967 1802 3020 qua
1834 2952 1916 3006 di-

352 3035 491 3091 citur
515 3053 529 3088 :
574 3033 793 3090 Postula
831 3053 862 3090 a
889 3052 990 3102 me,
1017 3045 1065 3091 et
1095 3036 1228 3091 dabo
1253 3037 1346 3091 tibi
1368 3049 1541 3109 gentes
1561 3040 1914 3096 [nereditatem

348 3141 495 3184 tuam
524 3129 704 3202 (Psal.
749 3147 812 3196 ιι,
856 3129 932 3203 8).
962 3130 1062 3198 Qui
1087 3139 1212 3186 sunt
1241 3131 1340 3200 ﬁlii
1375 3149 1568 3188 merces
1611 3131 1757 3206 [Ms.,
1781 3151 1914 3189 mer—

347 3220 492 3292 cis]?
519 3220 704 3276 Sancti
733 3221 936 3277 scilicet
959 3236 1146 3277 omnes
1167 3261 1180 3287 ,
1223 3237 1357 3291 quos
1391 3223 1636 3279 Christus
1670 3239 1766 3280 suo
1794 3240 1919 3298 sane

347 3312 510 3381 guine
534 3311 837 3379 acquisivit.
867 3309 1096 3365 Fructus
1123 3312 1332 3376 ventris,
1357 3311 1410 3366 id
1440 3322 1523 3368 est
1567 3312 1797 3386 [fructus
1823 3314 1920 3369 Ec-

351 3403 550 3458 clesia.
573 3401 867 3459 Haereditas
890 3411 945 3457 et
971 3401 1065 3458 ﬁlii
1091 3411 1145 3458 et
1175 3402 1382 3458 fructus
1403 3419 1566 3458 unum
1594 3404 1913 3475 signiﬁcant,

353 3494 410 3548 id
438 3492 564 3565 est],
601 3495 834 3550 omnium
870 3504 1175 3550 sanctorum
1213 3496 1676 3566 congregationem
1709 3495 1877 3570 [EdiL
1898 3537 1913 3564 ,

354 3583 739 3658 congregatio],
769 3583 868 3654 ﬁlii
886 3601 1099 3651 merces,
1129 3585 1330 3644 fructus
1349 3588 1556 3640 ventris.
1589 3571 1791 3643 Deinde
1816 3588 1916 3642 ad-

343 3670 521 3744 jungit
547 3691 561 3728 :
1297 3730 1301 3734 _

423 3766 586 3820 Vens.
615 3765 670 3820 4.
693 3796 764 3807 -
789 3765 936 3823 Sicut
964 3767 1168 3838 sagitta:
1193 3767 1246 3820 in
1271 3782 1428 3820 manu
1461 3767 1700 3836 potentis,
1724 3766 1798 3820 ita
1818 3765 1917 3834 ﬁlii

350 3871 705 3910 excussorum.
731 3854 948 3926 Sagitta:
967 3857 1191 3926 apostoli
1213 3866 1355 3921 sunt,
1374 3872 1601 3926 quorum
1623 3872 1785 3911 sonus
1803 3855 1918 3910 exi-

348 3946 426 3999 vit
454 3946 506 3999 in
530 3960 743 4000 omnem
764 3953 987 4011 terram,
1011 3946 1077 4000 de
1097 3962 1255 4000 manu
1280 3945 1515 4015 potentis
1543 3945 1714 4010 missi,
1736 3945 1786 4000 id
1809 3952 1913 4008 est,

345 4035 592 4100 Christi;
629 4035 714 4089 Ita
752 4036 851 4105 lilii
891 4053 1222 4092 excussorum
1272 4035 1369 4108 [illi
1420 4036 1520 4104 ipsi
1564 4036 1789 4107 apostoli
1820 4038 1914 4096 ﬁlii

347 4133 474 4181 sunt
499 4125 889 4198 excussorum],
931 4125 982 4180 id
1009 4135 1112 4192 est,
1143 4125 1234 4179 ﬁlii
1273 4126 1676 4196 prophetarum,
1708 4127 1798 4196 qui
1829 4143 1915 4182 se-

344 4223 500 4268 creta
545 4221 598 4267 et
640 4214 888 4284 mysteria
930 4214 1310 4269 incarnationis
1345 4213 1573 4278 Christi,
1615 4221 1670 4269 et
1717 4223 1914 4271 sanctae

346 4310 689 4376 sacramenta
731 4302 1000 4370 Ecclesiae,
1039 4303 1135 4359 Dei
1168 4302 1308 4358 dono
1343 4301 1480 4374 [Με.
1501 4341 1516 4369 ,
1548 4303 1614 4358 de
1656 4303 1910 4376 idoneo],

346 4391 588 4449 ctelestis
610 4370 842 4448 thesauri
871 4401 1221 4449 excusserunt
1253 4401 1308 4448 et
1349 4394 1403 4449 in
1441 4391 1615 4448 lucem
1641 4394 1908 4462 produxe-
1933 4415 1988 4480 Ι)

348 4491 479 4539 runt
517 4498 548 4538 a
595 4485 802 4541 saeculis
842 4485 1131 4556 mysteria:
1179 4486 1371 4540 horum
1415 4484 1507 4540 ﬁlii
1553 4493 1678 4541 sunt
1725 4484 1867 4556 [Ms.
1897 4527 1913 4553 ,

347 4573 544 4647 erant]
574 4573 820 4644 apostoli,
859 4575 984 4645 quia
1008 4575 1150 4645 quod
1175 4573 1249 4629 illi
1276 4575 1330 4628 in
1356 4575 1641 4645 aenigmate
1673 4589 1916 4645 pronun-

350 4668 647 4728 tiaverunt,
677 4665 780 4720 hoc
813 4664 1036 4734 apostoli
1079 4664 1134 4719 in
1173 4662 1388 4719 Christo
1434 4665 1587 4733 quasi
1635 4663 1915 4720 historiam

343 4754 797 4824 praedicaverunt.

421 4842 584 4895 Vens.
606 4840 944 4895 5.—Beatus
970 4842 1047 4894 vir
1065 4842 1154 4912 qui
1173 4839 1397 4910 implevit
1423 4841 1737 4896 desiderium
1765 4860 1917 4897 suum

346 4947 413 4985 ea:
439 4931 604 5000 ipsis:
637 4947 740 4985 non
766 4930 1110 5000 confundetur
1138 4944 1255 4986 cum
1283 4927 1520 4998 loquetur
1551 4930 1775 4985 inimicis
1808 4932 1918 4985 suis

346 5021 405 5072 in
424 5028 595 5088 porta.
626 5018 710 5072 Ex
731 5019 874 5089 ipsis,
903 5019 954 5072 id
979 5026 1082 5081 est,
1106 5032 1173 5072 ex
1197 5016 1558 5086 apostolorum
1583 5019 1920 5087 praedicatio-

347 5108 531 5173 nibus,
557 5108 648 5178 qui
679 5116 849 5163 totum
891 5123 1043 5162 suum
1081 5107 1401 5162 desiderium
1428 5120 1494 5161 ex
1523 5107 1613 5163 illa
1643 5108 1918 5182 [Ms.,illo-

348 5195 496 5268 rum]
530 5197 909 5266 praedicatione
951 5195 1165 5266 implet,
1201 5205 1256 5252 et
1301 5204 1447 5250 amat
1493 5197 1763 5264 coelestia,
1813 5215 1918 5254 non

347 5296 608 5351 terrena;
647 5297 868 5353 aeterna,
898 5304 1004 5342 non
1035 5288 1367 5359 temporalia.
1421 5288 1526 5343 iste
1564 5303 1669 5344 non
1698 5289 1921 5344 confun-

347 5378 528 5444 detur,
543 5393 665 5432 cum
686 5378 931 5447 loquetur
957 5377 1188 5432 inimicis
1208 5379 1320 5433 suis
1342 5378 1394 5432 in
1419 5387 1593 5447 porta.
1613 5377 1772 5432 Porta
1794 5393 1922 5435 vero

347 5466 600 5525 Christus
628 5477 742 5526 est:
771 5469 862 5538 qui
891 5468 1162 5526 Christum
1188 5469 1472 5536 praedicat,
1503 5469 1593 5540 qui
1629 5469 1683 5524 in
1707 5468 1922 5524 Christo

347 5559 610 5628 loquitur,
638 5561 730 5630 qui
760 5560 815 5614 in
857 5558 1070 5615 Christo
1099 5565 1310 5620 manet,
1338 5573 1444 5614 non
1483 5557 1838 5613 confundetur
1865 5559 1921 5614 in

347 5660 612 5706 aeternum
640 5667 650 5705 :
685 5651 778 5707 sed
804 5649 1056 5720 praedicat
1078 5654 1373 5718 opportune
1397 5647 1719 5720 importune,
1743 5648 1795 5705 id
1815 5657 1917 5717 est,

2015 1861 2073 1918 Si
2097 1864 2312 1935 diligitis
2337 1883 2436 1932 me,
2467 1867 2716 1922 mandata
2745 1886 2858 1923 mea
2885 1880 3082 1924 servate
3113 1871 3290 1941 (Joan.
3323 1887 3436 1936 XIV,
3469 1871 3580 1943 l5).

2083 1954 2244 2010 Vsus.
2276 1956 2331 2010 2.
2357 1987 2429 1998 —
2456 1956 2683 2012 Labores
2710 1958 2977 2028 fructuum
3005 1969 3216 2013 tuorum
3243 1961 3590 2016 manducabis

2013 2046 2160 2119 [Ms.,
2191 2049 2460 2117 fructuum
2501 2067 2752 2104 manuum
2787 2051 3044 2123 tuarum],
3073 2052 3254 2107 beatus
3292 2070 3366 2118 es,
3389 2062 3436 2107 et
3462 2052 3588 2108 bene

2011 2139 2105 2191 tibi
2147 2140 2264 2192 erit.
2312 2139 2427 2195 Non
2464 2139 2676 2197 labores
2709 2141 3000 2197 manducat
3036 2141 3282 2210 quisque,
3317 2143 3411 2198 sed
3443 2143 3588 2212 quod

2010 2245 2074 2284 ex
2104 2229 2285 2286 labore
2318 2229 2576 2294 nascitur,
2610 2230 2663 2284 id
2703 2237 2817 2294 est,
2848 2228 3076 2284 fructus.
3109 2230 3292 2284 Sancti
3318 2240 3586 2300 martyres

2011 2319 2388 2375 laboraverunt
2412 2319 2467 2374 in
2496 2319 2599 2374 hoc
2625 2317 2842 2383 saeculo,
2879 2327 2938 2372 ut
2966 2316 3198 2374 fructum
3219 2319 3342 2372 vita:
3367 2328 3586 2374 eterna

2011 2411 2336 2480 acciperent,
2377 2417 2436 2464 ut
2465 2408 2750 2479 impleatur
2779 2409 2835 2465 in
2879 2410 2984 2465 illis
3003 2451 3018 2475 ,
3048 2411 3192 2480 quod
3219 2411 3419 2466 dictum
3461 2419 3582 2466 est:

2021 2501 2123 2557 Vos
2163 2503 2307 2567 estis,
2349 2501 2438 2572 qui
2472 2501 2828 2571 permansistis
2870 2518 3070 2556 mecum
3117 2503 3173 2556 in
3217 2503 3588 2558 tentationibus

2011 2591 2160 2657 meis,
2185 2600 2234 2646 et
2253 2605 2344 2661 ego
2373 2589 2590 2660 dispono
2613 2590 2751 2644 vobis
2773 2605 3006 2659 regnum,
3033 2591 3166 2643 sicut
3185 2590 3437 2660 disposuit
3458 2593 3588 2645 milii

2014 2680 2176 2736 Pater
2201 2697 2344 2735 meus
2375 2679 2653 2752 [regnum],
2686 2689 2742 2734 ut
2763 2680 2929 2734 edatis
2963 2691 3011 2734 et
3040 2681 3226 2735 bibatis
3262 2698 3418 2751 super
3441 2697 3586 2736 men-

2012 2785 2126 2822 sam
2155 2785 2322 2823 meam
2341 2769 2396 2822 in
2430 2785 2585 2838 regno
2613 2785 2724 2823 meo
2746 2767 2898 2838 (Luc.
2931 2785 3066 2834 χχιι,
3095 2768 3207 2842 28).
3234 2769 3426 2824 Beatus
3448 2787 3501 2826 es
3535 2780 3584 2826 et

2015 2859 2137 2912 bene
2161 2858 2255 2912 tibi
2280 2858 2397 2912 erit.
2425 2857 2524 2912 Hic
2551 2858 2742 2914 beatus
2764 2859 2817 2912 in
2839 2873 2955 2928 spe,
2979 2857 3088 2914 illic
3108 2859 3244 2914 bene
3272 2859 3368 2914 tibi
3397 2859 3503 2914 erit
3525 2860 3580 2916 in

2016 2963 2091 3011 re,
2117 2949 2242 3003 dum
2273 2946 2476 3002 videbis
2506 2945 2642 3002 facie
2672 2947 2738 3004 ad
2767 2946 2981 3014 faciem,
3029 2962 3188 3019 quem
3227 2949 3314 3004 hic
3348 2963 3497 3004 amas
3529 2949 3583 3002 in

2019 3039 2198 3094 corde.

2089 3129 2249 3185 Vens.
2281 3129 2335 3184 3.
2360 3158 2431 3169 ——
2456 3125 2602 3184 Uxor
2622 3137 2714 3184 tua
2736 3129 2869 3184 sicut
2893 3130 3006 3184 vitis
3037 3129 3308 3184 abundans
3330 3131 3384 3183 in
3405 3129 3585 3182 lateri-

2017 3219 2111 3274 bus
2133 3219 2317 3274 domus
2342 3227 2468 3274 tute.
2500 3218 2645 3275 Uxor
2667 3217 2866 3274 Christi
2892 3219 3134 3275 Ecclesia
3168 3230 3250 3275 est
3288 3218 3583 3291 [Ecclesia,

2016 3307 2156 3380 quae]
2183 3315 2240 3362 et
2271 3321 2485 3376 sponsa,
2513 3322 2632 3376 quae
2659 3307 2892 3362 abundat
2920 3305 3097 3362 fructu
3129 3308 3254 3362 boni
3276 3308 3473 3376 operis.
3514 3305 3584 3362 In

2017 3398 2264 3453 lateribus
2289 3398 2474 3452 domus
2511 3406 2636 3452 tuae.
2685 3395 2776 3450 llla
2802 3404 2927 3452 sunt
2952 3397 3118 3451 latera
3163 3397 3218 3452 in
3264 3397 3423 3453 domo
3463 3396 3582 3461 Dei,

2015 3506 2134 3560 qua:
2158 3491 2431 3545 adhaerent
2457 3488 2672 3544 Christo
2699 3489 2922 3543 ﬁrmius.
2950 3485 3080 3540 Filii
3098 3487 3176 3540 tui
3199 3487 3336 3541 sicut
3371 3485 3583 3541 novella:

2015 3577 2270 3633 olivarum
2293 3579 2349 3634 in
2376 3578 2597 3632 circuitu
2623 3593 2813 3632 mensa:
2831 3585 2954 3630 tute.
2983 3575 3099 3630 Non
3123 3583 3204 3630 est
3227 3575 3328 3628 alia
3351 3576 3405 3627 in
3430 3573 3584 3630 Chri-

2014 3677 2100 3724 sto
2126 3685 2288 3734 uxor,
2320 3670 2458 3724 alius
2500 3668 2670 3730 ﬁlius,
2701 3667 2796 3721 sed
2833 3680 3021 3720 omnes
3047 3679 3210 3720 unum
3255 3665 3308 3719 in
3347 3664 3582 3722 Christo.

2015 3756 2185 3824 Quam
2215 3767 2338 3813 ante
2374 3771 2596 3812 uxorem
2631 3754 2964 3820 nominavit,
3013 3770 3156 3809 nunc
3197 3755 3494 3812 nominavit
3527 3766 3584 3813 et

2014 3848 2182 3903 ﬁlium
2208 3845 2368 3918 [Ms.,
2411 3843 2605 3916 ﬁlios],
2645 3843 2770 3912 quia
2802 3858 2938 3898 uxor
2981 3853 3038 3900 et
3081 3844 3176 3900 ﬁlii
3220 3845 3458 3903 Ecclesia
3503 3857 3586 3905 est

2015 3938 2234 3994 Christi.
2268 3935 2414 3993 Sicut
2437 3935 2649 3990 novellae
2679 3933 2950 3989 olivarum.
2986 3935 3180 4008 [Oliva]
3213 3952 3399 4006 pacem
3422 3939 3588 4010 signi-

2015 4028 2158 4084 ﬁcat.
2192 4027 2314 4082 ideo
2349 4025 2442 4080 ﬁlii
2487 4026 2540 4079 in
2585 4025 2820 4079 novitate
2855 4024 3075 4093 spiritus
3105 4040 3211 4079 non
3238 4026 3292 4080 in
3317 4036 3585 4087 vetustate

2013 4118 2206 4172 litterae
2231 4116 2283 4170 in
2309 4129 2496 4184 pacem
2519 4113 2717 4170 Christi
2744 4121 3022 4168 transerunt
3052 4111 3203 4184 [Ms.,
3236 4114 3534 4186 transeant]
3565 4135 3577 4169 :

2013 4205 2082 4260 In
2118 4206 2340 4260 circuitu
2367 4221 2558 4258 mensa:
2578 4212 2703 4257 tuae.
2733 4203 2912 4258 Mensa
2934 4201 3134 4257 Christi
3159 4200 3435 4272 Scriptura
3458 4217 3582 4259 san-

2015 4306 2098 4353 cta
2125 4304 2228 4361 est,
2249 4296 2389 4351 unde
2411 4293 2700 4364 pascimur,
2732 4294 2873 4348 unde
2901 4292 3264 4360 intelligimus,
3292 4293 3417 4362 quid
3441 4308 3584 4349 ame-

2014 4401 2153 4452 mus,
2174 4393 2225 4440 et
2250 4384 2379 4456 quid
2404 4383 2788 4448 desideremus,
2817 4380 2883 4436 ad
2909 4395 3066 4451 quem
3087 4381 3380 4436 habeamus
3400 4382 3583 4438 oculos

2018 4476 2240 4531 levatos.

2084 4569 2247 4622 Vens.
2278 4565 2330 4618 4.
2358 4595 2430 4606 -——
2453 4563 2589 4619 Ecce
2624 4564 2699 4617 sic
2727 4562 3054 4617 benedicetur
3077 4564 3243 4617 omnis
3273 4565 3424 4619 homo
3443 4605 3458 4631 ,
3496 4567 3586 4637 qui

2015 4657 2156 4710 timet
2185 4653 2486 4707 Dominum.
2520 4651 2771 4708 Recurrit
2811 4652 2878 4706 ad
2905 4652 3225 4722 principium
3250 4653 3462 4722 psahui,
3492 4657 3586 4711 ubi

2016 4745 2121 4797 ait:
2147 4741 2296 4796 Beati
2318 4757 2512 4805 omnes,
2539 4741 2628 4810 qui
2653 4739 2831 4793 timent
2853 4737 3152 4794 Dominum.
3175 4738 3327 4795 Nunc
3345 4742 3600 4812 exponit,

2017 4849 2134 4904 qua:
2160 4832 2230 4887 sit
2262 4832 2365 4886 ista
2395 4830 2668 4886 beatitudo
2688 4870 2702 4894 ,
2737 4845 2856 4900 qua:
2885 4829 3092 4883 timenti
3127 4829 3294 4883 Deum
3324 4831 3548 4885 debetur
3568 4870 3596 4893 ,.

2017 4926 2100 4980 vel
2125 4923 2393 4995 quomodo
2433 4921 2828 4977 benedicendus
2849 4921 2939 4986 sit,
2969 4921 3060 4991 qui
3100 4920 3268 4975 Deum
3295 4921 3466 4975 timet.
3495 4920 3592 4976 Ait

2018 5018 2161 5070 enim
2187 5035 2200 5069 :

2089 5107 2250 5160 Vens.
2276 5105 2328 5159 5.
2360 5135 2430 5144 —
2456 5103 2734 5158 Benedicat
2763 5113 2812 5156 te
2842 5103 3093 5157 Dominus
3122 5119 3184 5156 ex
3221 5100 3376 5159 Sion.
3417 5112 3466 5156 et
3507 5103 3581 5156 vi-

2019 5195 2164 5260 deas,
2194 5212 2311 5265 qua:
2338 5195 2470 5248 bona
2490 5204 2609 5247 sunt
2635 5194 2688 5246 in
2703 5192 2995 5247 Jerusalem
3016 5191 3250 5246 omnibus
3271 5190 3450 5244 diebus
3471 5192 3586 5246 vita

2020 5295 2144 5338 tute.
2188 5282 2274 5336 Ea:
2312 5281 2472 5346 Sion,
2509 5283 2662 5346 dixit,
2703 5282 2968 5335 benedicat
3011 5291 3060 5334 te
3099 5280 3392 5346 Dominus,
3422 5281 3475 5348 id
3499 5288 3583 5336 est

2021 5372 2382 5444 speculatione
2421 5373 2541 5425 vita:
2570 5380 2803 5425 mternte.
2842 5369 2930 5423 llla
2973 5378 3056 5424 est
3092 5384 3217 5425 vera
3253 5369 3584 5436 benedictio,

2021 5480 2138 5534 quaa
2166 5479 2263 5518 nos
2292 5461 2417 5516 facit
2442 5462 2606 5515 vitam
2629 5461 2933 5515 desiderare
2955 5468 3229 5514 aeternam.
3257 5459 3380 5514 Ideo
3399 5459 3585 5529 adjun-

2021 5557 2101 5610 xit
2128 5574 2139 5610 :
2183 5553 2248 5608 Ut
2280 5553 2449 5606 videas
2472 5552 2626 5616 bona,
2657 5567 2772 5622 qute
2794 5558 2914 5604 sunt
2941 5551 2995 5604 in
3023 5548 3315 5604 Jerusalem
3347 5550 3583 5603 omnibus

2021 5647 2198 5702 diebus
2230 5645 2342 5700 vita:
2367 5652 2489 5709 ltltB,
2515 5643 2568 5697 id
2586 5650 2685 5708 est,
2714 5651 2910 5698 aeterna
2928 5642 3086 5708 bona,
3113 5657 3216 5698 non
3238 5642 3580 5714 temporalia:
