3996 6194
431 317 526 370 ιδι
1280 315 1340 367 Β.
1383 315 1444 368 F.
1489 313 1712 368 ALBlNl
1753 313 1882 368 SELT
1921 311 2198 371 ALCUINI
2229 317 2514 376 OPEBUM
2552 322 2732 379 PARS
2767 316 2828 377 ll.
3573 321 3681 379 8'52

428 442 793 501 permansura,
835 442 941 483 non
962 427 1293 491 transitoria,
1329 441 1448 495 qua
1479 427 1679 480 suntin
1702 425 1998 480 Jerusalem
2024 427 2077 486 Δ
2102 428 2412 498 priusquam
2443 432 2500 487 in
2521 432 2726 501 judicio
2754 432 3067 503 puniantur,
3117 443 3398 501 arescunt,
3441 451 3545 491 nou
3576 437 3678 493 ha-

428 519 652 576 ecelesti.
700 515 952 571 Omnibus
979 515 1160 570 diebus
1183 515 1298 568 vita
1335 524 1460 579 tua,
1497 529 1710 585 semper
1735 515 1846 570 eris
1869 530 1998 585 gau-

428 611 579 676 dens,
605 623 820 676 semper
846 607 1051 662 videbis
1093 608 1231 662 bona
1253 647 1266 671 ,
1299 606 1352 661 id
1389 615 1501 670 est,
1547 606 1712 661 totius
1739 605 1998 661 bonitatis

426 707 697 754 auctorem
728 696 1020 753 Christum.

494 789 656 844 Vnus.
681 787 736 842 6.
768 820 838 829 —
864 787 931 841 Et
957 789 1129 843 videas
1154 788 1292 859 ﬁlios
1315 789 1547 857 ﬁliorum
1567 798 1796 852 tuorum,
1819 804 1996 858 pacem

423 897 578 952 super
599 881 786 936 Israel.
818 882 940 936 Filii
970 883 1044 936 tui
1079 890 1205 937 sunt
1244 893 1408 954 Opera
1450 883 1620 947 bona,
1665 896 1784 950 qua
1825 878 1995 942 facis;

423 969 520 1026 lilii
549 971 777 1026 ﬁliorum
805 979 1038 1036 tuorum,
1065 971 1272 1028 fructus
1308 975 1570 1028 bonorum
1605 985 1850 1040 operum,
1879 984 1999 1038 qua

424 1060 654 1116 videnda
700 1069 755 1114 et
798 1060 1101 1129 recipienda
1129 1068 1254 1116 sunt
1293 1061 1348 1114 in
1390 1057 1570 1112 futura
1595 1058 1738 1122 vita,
1776 1056 1867 1111 ubi
1891 1070 1998 1124 pax

425 1149 529 1202 erit
572 1163 734 1219 super
778 1164 965 1204 omnes
1010 1149 1178 1203 Deum
1214 1149 1489 1202 videntes:
1529 1156 1586 1202 et
1631 1148 1746 1200 hac
1779 1161 1882 1215 pax
1916 1151 2001 1198 est

425 1234 690 1300 Christus,
728 1251 847 1305 qua
884 1245 1169 1306 exsuperat
1213 1252 1428 1291 omnem
1479 1249 1715 1290 sensum.
1763 1233 1854 1286 llla
1892 1247 1995 1302 pax

425 1323 693 1378 custodiat
721 1325 880 1380 corda
911 1335 1094 1377 nostra
1123 1323 1177 1375 in
1201 1331 1540 1392 perpetuum.

891 1412 1210 1468 PSALMUS
1257 1412 1531 1469 CXXVIII.

501 1507 658 1561 Vens.
710 1508 760 1559 l.
792 1537 862 1546 —
889 1503 1139 1559 Decimus
1185 1507 1285 1560 iste
1327 1504 1566 1574 psalmus
1608 1504 1880 1559 Graduum
1923 1505 1996 1557 ita

424 1593 645 1663 incipit:
689 1594 838 1664 sirpe
861 1603 1280 1665 expugnaverunt
1310 1610 1390 1648 me
1417 1611 1448 1646 a
1462 1594 1733 1663 juventute
1759 1609 1896 1657 mea,
1919 1591 2000 1644 di-

423 1694 506 1738 cat
536 1702 672 1739 nunc
711 1685 899 1740 Israel.
927 1686 1052 1757 .Vox
1092 1694 1177 1740 est
1207 1684 1460 1739 Ecclesia:
1485 1684 1804 1739 sustinentis
1837 1681 1999 1736 falsos

2097 515 2284 573 bentes
2313 520 2594 578 humorem
2622 521 2748 578 boni
2772 521 2969 592 operis.

2171 610 2333 665 Vens.
2367 611 2419 664 7.
2443 643 2512 652 -—
2537 611 2615 667 De
2641 631 2742 685 quo
2771 631 2876 668 non
2908 614 3138 683 implebit
3167 632 3382 670 manum
3411 634 3565 672 suam
3590 619 3679 690 qui

2097 709 2268 765 metet,
2292 710 2342 754 et
2359 702 2532 756 sinum
2552 720 2705 756 suum
2725 705 2815 774 qui
2834 703 3131 774 manipulos
3153 704 3378 775 colliget.
3413 706 3680 765 Messeniis

2099 796 2224 842 sunt
2251 788 2448 860 angeli,
2475 791 2543 846 de
2568 807 2798 860 quorum
2825 792 3079 862 operibus
3106 808 3211 848 non
3258 794 3487 865 implent
3528 798 3680 855 sinus

2097 891 2244 944 suos,
2265 880 2393 948 quia
2417 881 2624 935 zizania
2649 889 2790 944 sunt,
2816 889 2870 935 et
2891 897 2996 936 non
3022 882 3259 937 triticum
3283 898 3298 936 :
3327 884 3423 939 sed
3447 885 3500 939 in
3523 885 3681 944 fasci-

2097 969 2247 1024 culos
2270 970 2503 1040 ligantur
2527 980 2583 1026 et
2607 973 2727 1042 igne
2753 973 3146 1028 comburuntur
3170 985 3389 1032 aeterno.

2169 1061 2328 1115 Vens.
2361 1063 2414 1117 8.
2439 1091 2512 1101 -—
2556 1061 2625 1115 Et
2674 1078 2778 1115 non
2819 1063 3084 1130 dixerunt,
3135 1066 3225 1135 qui
3271 1069 3635 1136 praeterierunt
3658 1087 3680 1124 :

2098 1153 2395 1208 Benedictio
2424 1153 2637 1208 Domini
2678 1170 2833 1224 super
2871 1171 2980 1221 vos,
3030 1155 3384 1212 benediximus
3434 1159 3579 1213 vobis
3625 1160 3682 1214 in

2097 1245 2306 1299 nomine
2333 1242 2566 1297 Domini.
2621 1242 2988 1300 Transeuntes
3029 1254 3157 1300 sunt
3182 1261 3281 1316 per
3306 1247 3468 1316 hujus
3497 1249 3681 1304 saculi

2101 1334 2240 1387 viam
2269 1334 2562 1402 propheta,
2593 1333 2914 1402 patriarcha
2953 1343 3006 1388 et
3029 1335 3254 1406 apostoli
3281 1354 3294 1391 :
3324 1351 3555 1406 quorum
3581 1339 3681 1394 be-

2097 1422 2331 1477 nedictio
2358 1420 2575 1491 proﬁcit
2607 1423 2660 1476 in
2691 1421 2815 1477 filiis
2845 1423 3118 1490 Ecclesia,
3161 1440 3268 1481 non
3301 1427 3355 1481 in
3385 1425 3537 1483 falsis
3565 1429 3681 1484 fra-

2097 1511 2292 1578 tribus,
2339 1511 2430 1580 qui
2477 1520 2784 1582 expugnant
2826 1513 3164 1569 Ecclesiam:
3215 1531 3321 1570 non
3365 1519 3496 1572 dant
3536 1522 3684 1576 enim

2097 1601 2524 1657 benedictionem
2549 1615 2713 1672 super
2736 1603 3027 1672 perituros,
3054 1604 3149 1659 sed
3176 1619 3340 1675 super
3363 1621 3683 1674 mansuros;

2098 1701 2155 1748 et
2177 1707 2341 1764 quam
2365 1691 2794 1747 benedictionem
2821 1692 2991 1746 dant?
3013 1692 3343 1748 Benedicunt
3372 1694 3592 1769 [inquit]
3627 1701 3685 1754 in

426 1774 638 1841 fratres,
687 1784 744 1831 et
796 1777 851 1830 in
902 1775 1144 1844 exempla
1195 1775 1375 1844 priora
1414 1774 1749 1844 reSpicientis
1801 1772 1996 1846 [Edit.,

2112 1787 2318 1840 nomine
2361 1784 2610 1851 Domini,
2657 1785 2785 1854 quia
2834 1786 3011 1840 omnis
3050 1785 3352 1841 benedictio
3403 1796 3457 1842 et
3504 1791 3685 1845 omnis

424 1867 672 1936 exemplo
695 1907 708 1920 .
742 1906 754 1920 .
789 1907 801 1921 .
828 1865 1141 1938 reSpiciens]
1163 1907 1176 1931 ,
1222 1875 1276 1919 et
1313 1881 1474 1936 super
1511 1867 1625 1935 ipsa
1661 1865 1999 1921 exhortantis

423 1955 686 2024 exemplis
715 1956 931 2011 Patrum
960 1957 1342 2012 invincibiliter
1364 1957 1629 2012 sustinere
1657 1976 1669 2012 :
1712 1958 1836 2027 quia
1870 1959 1999 2015 olim

424 2053 725 2115 expugnata
753 2044 876 2119 [est]
901 2047 1161 2113 Ecclesia,
1189 2055 1243 2100 et
1263 2060 1369 2100 non
1391 2046 1624 2111 noviter,
1648 2049 1743 2103 sed
1765 2064 1998 2118 semper,

425 2137 492 2191 ab
528 2135 700 2201 initio,
738 2151 846 2206 quo
888 2138 1054 2205 capit
1094 2149 1236 2192 esse.
1269 2134 1402 2191 Nam
1448 2135 1583 2190 Abel
1612 2136 1852 2196 Ecclesia
1901 2121 2002 2192 fuit

425 2227 646 2292 Christi,
673 2227 768 2282 sed
799 2242 828 2281 a
854 2226 1022 2281 fratre
1043 2233 1380 2296 expugnatus
1403 2234 1521 2292 est;
1563 2227 1810 2282 similiter
1833 2226 2000 2284 Jacob

426 2315 666 2370 Ecclesia
687 2314 889 2370 Christi
917 2315 1045 2381 fuit,
1091 2316 1186 2371 sed
1222 2330 1252 2369 a
1287 2313 1458 2370 fratre
1498 2315 1640 2371 Esau
1667 2328 1999 2388 expugnatus

425 2413 541 2470 est;
582 2405 743 2460 etiam
772 2412 826 2459 et
869 2403 1042 2460 Moses
1086 2407 1139 2460 in
1179 2405 1419 2460 Ecclesia
1463 2403 1666 2461 Christi
1706 2409 2001 2477 sapissime

423 2504 761 2567 expugnatus
798 2503 881 2552 est
923 2512 953 2550 a
989 2495 1207 2566 populo,
1247 2497 1334 2551 cui
1376 2495 1607 2566 prafuit.
1649 2495 1871 2552 Occisus
1900 2499 2002 2553 fuit

428 2582 674 2643 Christus
707 2603 737 2641 a
768 2601 1058 2659 synagoga,
1085 2589 1180 2643 sed
1226 2603 1330 2642 non
1357 2596 1641 2657 superatus
1683 2587 1888 2660 [Edit.,
1915 2603 2000 2644 se-

428 2677 690 2750 paratus].
730 2678 870 2734 Ecce
893 2679 1038 2732 enim
1062 2676 1322 2747 exemplis
1357 2677 1583 2733 docebat
1619 2693 1718 2732 nos
1743 2678 2000 2734 adversus

427 2768 592 2823 falsos
634 2766 827 2823 fratres
865 2766 1077 2823 fortiter
1121 2767 1406 2824 sustinere.
1451 2767 1641 2822 Dicant
1677 2785 1865 2825 omnes
1906 2773 1997 2840 qui

429 2859 598 2915 Demn
617 2859 774 2930 pleno
794 2858 956 2914 corde
984 2857 1214 2930 diligunt
1248 2859 1524 2930 Deumque
1547 2860 1728 2916 videre
1755 2863 1996 2932 cupiunt,

426 2959 480 3006 et
505 2951 686 3006 dicant
710 2952 938 3005 iterum:

2102 1875 2455 1931 sanctiﬁcatio
2481 1891 2579 1946 per
2604 1891 2799 1932 nomen
2828 1876 3038 1932 Domini
3070 1879 3357 1933 roboratur
3392 1889 3447 1935 et
3484 1882 3686 1938 contir-

2103 1975 2300 2022 matur.

2590 2055 2816 2111 PSALM
2825 2056 2911 2113 US
2959 2055 3191 2113 CXXIX.

2175 2145 2337 2200 Vens.
2364 2145 2414 2199 ι.
2429 2173 2500 2185 -
2527 2144 2783 2216 sequitur
2803 2161 2932 2201 vero
2951 2148 3190 2218 psalmus
3209 2148 3507 2216 Graduum,
3529 2151 3686 2221 cuius

2100 2239 2420 2311 principium
2448 2247 2533 2293 est
2555 2257 2568 2293 :
2593 2238 2671 2294 De
2694 2240 2970 2310 profundis
2997 2240 3219 2295 clamavi
3240 2243 3309 2296 ad
3329 2252 3399 2309 te,
3421 2243 3647 2300 Domine
3664 2262 3686 2300 :

2104 2329 2348 2396 Domine,
2374 2330 2567 2384 exaudi
2595 2345 2768 2385 vocem
2796 2347 2987 2384 meam.
3025 2330 3108 2385 Ad
3135 2332 3298 2388 istum
3328 2334 3512 2404 itaque
3537 2336 3688 2403 psal-

2102 2435 2249 2475 mum
2277 2419 2431 2492 [Ms.,
2454 2419 2522 2473 ab
2541 2421 2644 2475 isto
2748 2418 2978 2491 psalmo]
3009 2419 3452 2476 considerationis
3481 2424 3688 2493 gradus

2101 2519 2214 2575 est,
2248 2519 2304 2565 et
2331 2509 2609 2577 cujusdam
2637 2509 2868 2578 querela
2894 2511 3078 2573 statio,
3112 2517 3172 2564 ut
3199 2509 3554 2581 intelligamus
3581 2513 3683 2579 ita,

2104 2605 2161 2658 in
2191 2618 2298 2674 quo
2328 2602 2594 2672 profundo
2623 2617 2842 2667 sumus,
2873 2611 2930 2656 et
2957 2602 3099 2657 unde
3129 2601 3364 2657 clamare
3394 2601 3549 2657 nobis
3581 2617 3684 2658 ne-

2103 2710 2252 2750 cesse
2296 2702 2397 2748 est.
2453 2691 2804 2765 [Profundum
2833 2690 3026 2758 (Edit.,
3055 2691 3341 2764 profunda)
3371 2690 3543 2764 enim]
3594 2700 3684 2747 est

2101 2786 2254 2842 nobis
2281 2787 2390 2840 vita
2420 2787 2525 2840 ista
2557 2783 2816 2840 mortalis.
2853 2783 3103 2852 Quisquis
3132 2799 3189 2838 se
3219 2784 3271 2837 in
3301 2782 3566 2854 profundo
3593 2784 3682 2837 in-

2101 2877 2385 2944 tellexerit,
2407 2877 2622 2942 clamet,
2645 2884 2843 2947 gemat,
2866 2876 3119 2945 suspiret,
3141 2876 3311 2930 donec
3332 2875 3399 2930 de
3416 2873 3687 2945 profundo

2101 2979 2345 3036 eruatur,
2374 2979 2429 3025 et
2456 2971 2636 3024 veniat
2663 2969 2730 3023 ad
2756 2983 2898 3033 eum,
2928 2970 3022 3038 qui
3049 2983 3212 3039 super
3239 2983 3428 3023 omnes
3457 2969 3686 3038 abyssos

497 3041 659 3096 Vens.
689 3040 743 3092 2.
781 3070 853 3080 —
896 3037 1043 3108 Sirpe
1079 3052 1498 3109 expugnaverunt
1545 3057 1626 3095 me
1661 3059 1694 3094 a
1727 3042 1997 3110 juventute

497 3149 538 3152 »μ
593 3131 766 3152 -.---3-..
798 3145 896 3152 μ-..
926 3138 1198 3152 ..-s-.-..----a
1231 3131 1360 3152 ...ΣΙ-2.
1410 3129 1532 3152 οε---
1563 3132 1612 3152 3-
1646 3131 1832 3152 1Υ-Α-..-
1890 3133 1992 3152 -2---

2112 3065 2287 3130 sedet,
2327 3072 2381 3117 et
2411 3077 2572 3132 super
2594 3061 2882 3116 Cherubim
2910 3037 2966 3116 et
2989 3037 3149 3130 super
3173 3062 3352 3116 omnia
3379 3076 3499 3130 qua
3523 3037 3680 3115 crea-

425 3149 560 3196 mea,
583 3131 768 3184 etenim
795 3145 898 3182 non
923 3138 1198 3198 potuerunt
1229 3131 1375 3183 mihi.
1410 3129 1536 3185 Sive
1562 3132 1616 3185 in
1646 3131 1859 3197 Vetere,
1886 3133 1998 3187 sive

426 3224 480 3276 iu
499 3220 646 3274 Novo
667 3220 1028 3285 Testamento,
1045 3229 1098 3276 et
1114 3237 1386 3292 nunquam
1402 3230 1693 3293 potuerunt
1709 3225 2002 3293 praevalere

425 3308 578 3372 mihi,
611 3315 670 3361 ut
699 3310 1054 3364 consentirem
1081 3312 1178 3365 eis.

495 3397 658 3453 Vsus.
702 3398 754 3452 3.
790 3429 860 3438 —
903 3397 1075 3469 Supra
1128 3401 1342 3453 dorsum
1398 3417 1570 3454 meum
1614 3401 1999 3470 fabricaverunt

425 3504 736 3568 peccatores,
767 3495 1198 3566 prolongaverunt
1235 3495 1531 3564 iniquitates
1559 3512 1702 3549 suas.
1746 3495 2000 3550 Fabrica-

426 3591 616 3640 verunt
647 3585 895 3641 toleranti
923 3585 1054 3639 mihi
1080 3601 1239 3654 supra
1260 3585 1509 3646 dorsum;
1547 3593 1842 3655 posuerunt
1865 3586 1996 3640 mihi

426 3677 818 3742 tribulationes,
843 3676 935 3731 sed
957 3691 1059 3746 ego
1079 3675 1290 3745 portavi
1314 3691 1427 3742 eas,
1445 3677 1615 3731 donec
1635 3677 1996 3746 corrigantur,

423 3778 480 3823 et
505 3769 583 3822 sic
609 3768 854 3821 desinant
891 3769 1140 3836 persequi
1173 3784 1280 3833 me,
1316 3777 1371 3824 et
1391 3767 1476 3822 vel
1501 3769 1552 3822 in
1575 3767 1736 3838 385
1766 3767 1872 3823 line
1899 3784 1997 3824 ex-

425 3860 702 3914 cutiantur
731 3873 762 3911 a
799 3858 960 3914 dorso
989 3874 1146 3915 meo:
1184 3875 1283 3928 ego
1319 3876 1488 3931 usque
1524 3861 1576 3914 in
1617 3860 1775 3916 finem
1804 3862 1996 3927 tolero,

425 3947 522 4004 sed
547 3963 716 4026 usque
738 3948 792 4002 in
814 3948 972 4004 linem
993 3959 1400 4021 persequentur.
1427 3951 1878 4022 Prolongaverunt
1898 3955 2000 4009 ini-

425 4043 644 4112 quitates
685 4059 832 4108 suas,
861 4043 987 4114 quia
1021 4059 1126 4098 non
1163 4053 1246 4099 est
1288 4054 1497 4114 tempus
1539 4047 1593 4099 in
1627 4047 1731 4102 hoc
1770 4049 1996 4116 saculo,

424 4146 531 4200 quo
573 4131 812 4188 Ecclesia
856 4131 1053 4188 Christi
1095 4135 1519 4204 persecutionem
1557 4151 1663 4191 non
1704 4140 1939 4205 patiatur
1967 4155 1997 4194 a

425 4225 575 4282 falsis
600 4225 873 4281 fratribus.

499 4318 657 4373 Vens.
685 4316 740 4383 4,
771 4315 824 4370 5.
851 4347 922 4357 ——
955 4315 1060 4372 Sed
1102 4316 1354 4371 Dominus
1389 4319 1566 4389 justus
1606 4321 1840 4374 concidet
1877 4339 1992 4376 cer-

2102 3152 2199 3217 vit,
2223 3165 2328 3206 non
2357 3150 2530 3205 solum
2559 3149 2892 3218 temporalia,
2922 3149 3014 3204 sed
3037 3151 3201 3204 etiam
3223 3149 3559 3222 spiritualia:
3589 3151 3685 3205 sed

2102 3243 2227 3297 inde
2251 3257 2419 3311 usque
2446 3241 2513 3295 ad
2535 3239 2860 3310 profundum
2889 3238 3050 3309 hujus
3069 3240 3192 3294 vita
3215 3240 3477 3309 pervenit,
3499 3249 3557 3295 ut
3579 3253 3686 3294 nos

2102 3332 2358 3388 liberaret
2384 3331 2453 3385 ab
2475 3332 2579 3385 hoc
2603 3329 2870 3402 profundo
2911 3331 3161 3395 miseria,
3203 3339 3258 3386 et
3297 3347 3395 3386 nos
3431 3331 3688 3385 incitaret

2101 3424 2171 3478 ad
2198 3436 2322 3478 eum
2350 3423 2604 3487 clamare,
2649 3424 2739 3492 qui
2781 3431 2867 3477 est
2895 3421 3142 3476 Salvator
3165 3437 3326 3478 verus
3366 3431 3421 3477 et
3458 3422 3641 3478 dicere
3669 3441 3685 3476 :

2103 3514 2348 3578 Domine,
2377 3512 2616 3576 Domine,
2647 3512 2848 3566 exaudi"
2869 3527 3041 3566 vocem
3070 3528 3258 3565 meam.

2179 3605 2336 3659 Vens.
2367 3601 2420 3656 2.
2446 3632 2516 3641 —
2551 3600 2712 3656 Fiant
2739 3618 2891 3656 aures
2919 3611 3022 3656 tua:
3048 3600 3358 3655 intendentes
3387 3601 3441 3653 in
3469 3601 3681 3653 oratio-

2102 3709 2218 3748 nem
2247 3692 2380 3745 servi
2407 3692 2505 3744 tui.
2556 3690 2861 3746 Geminatio
2905 3691 3189 3757 clamoris,
3237 3688 3554 3760 signiﬁcatio
3591 3699 3685 3744 est.

2099 3780 2491 3851 deprecationis
2516 3779 2741 3833 intima.
2775 3779 3030 3849 Sequitur
3054 3795 3184 3835 vero
3205 3794 3228 3833 ε

2170 3871 2336 3926 Vsus.
2368 3871 2423 3925 5.
2449 3900 2520 3910 -—
2569 3868 2629 3924 Si
2674 3869 2974 3938 iniquitates
3021 3869 3388 3933 observaveris,
3435 3867 3684 3931 Domine,

2099 3959 2353 4026 Domine,
2399 3960 2514 4030 quis
2561 3958 2878 4012 sustinebit?
2931 3957 3118 4027 Aperit
3157 3958 3224 4013 de
3264 3971 3372 4027 quo
3412 3955 3682 4026 profundo

2100 4050 2378 4115 clamaret,
2402 4050 2455 4104 id
2485 4057 2588 4114 est,
2609 4048 2675 4103 de
2696 4057 3042 4117 peccatorum
3071 4063 3291 4103 suorum
3323 4048 3540 4119 abysso,
3561 4063 3687 4119 qua

2100 4139 2495 4193 inundaverunt
2538 4153 2698 4207 super
2737 4145 2901 4207 caput
2939 4138 3094 4207 ejus:
3131 4137 3433 4208 intelligens
3465 4153 3686 4193 omnem

2100 4230 2266 4285 vitam
2294 4229 2433 4283 hanc
2465 4228 2849 4282 tentationibus
2879 4227 3114 4298 plenam.
3166 4226 3292 4281 Ideo
3322 4226 3458 4281 dixit
3485 4245 3498 4280 :
3550 4226 3684 4292 Quis

2100 4320 2420 4375 sustinebit?
2467 4319 2525 4373 Si
2562 4318 2827 4387 justitiam
2859 4321 3229 4376 tantummodo
3257 4319 3472 4388 iudicas
3501 4319 3684 4383 nobis,

424 4411 945 4478 riees'peccatorum;
993 4407 1381 4478 confundantur
1421 4419 1468 4462 et
1513 4419 1880 4466 convertantur
1911 4429 1994 4466 re-
2025 4423 2079 4485 ι)
2102 4417 2156 4465 et
2181 4424 2287 4464 non
2311 4408 2712 4464 miserationem
2736 4416 2975 4479 prastes,
2997 4409 3174 4464 nullus
3194 4419 3277 4465 est
3297 4410 3392 4480 qui
3413 4410 3685 4464 sustinere

423 4510 650 4553 trorsum
680 4513 875 4562 omnes,
911 4499 1000 4572 qui
1029 4497 1248 4552 oderunt
1280 4497 1428 4554 Sion.
1473 4497 1529 4556 ld
1555 4508 1658 4565 est,
1687 4504 1995 4571 superbiam

426 4586 637 4642 illorum
668 4593 926 4642 conteret.
977 4585 1079 4640 Per
1106 4588 1370 4644 cervicem
1417 4590 1723 4660 superbiam
1770 4593 1995 4648 istorum

425 4676 688 4746 designat.
739 4676 1142 4747 Confundantur
1187 4686 1234 4731 et
1282 4689 1612 4733 revereantur
1651 4698 1858 4745 omnes,
1905 4685 1995 4754 qui

425 4765 647 4819 oderunt
677 4764 826 4821 Sion.
870 4764 1282 4822 Co'nfundantur
1308 4767 1362 4822 in
1389 4767 1611 4837 judicio,
1645 4780 1996 4827 revereantur

426 4856 481 4916 in
505 4853 802 4934 profundis.
843 4855 945 4920 Qui
975 4856 1195 4910 oderunt
1233 4856 1364 4912 Sion
1399 4857 1550 4931 [Sion
1584 4869 1669 4914 est
1688 4861 1951 4932 Ecclesia]
1979 4881 1992 4914 :

429 4947 481 5001 id
517 4955 633 5011 est,
683 4948 774 5017 qui
817 4949 1044 5003 oderunt
1083 4947 1378 5004 Ecclesiam
1404 4991 1418 5011 ,
1466 4957 1521 5005 et
1563 4951 1753 5005 nolunt
1777 4952 1997 5009 obedire

427 5036 592 5093 verbo
613 5037 727 5092 Dei.
762 5036 900 5096 Sunt
917 5038 1062 5097 enim
1088 5037 1142 5092 in
1166 5037 1424 5104 Ecclesia,
1447 5040 1541 5094 sed
1568 5039 1676 5094 ficti
1705 5038 1916 5106 fratres,
1943 5051 1993 5097 et

426 5129 551 5186 odio
571 5129 768 5190 habent
789 5127 927 5184 bene
947 5135 1232 5198 operantes
1253 5128 1306 5190 in
1330 5145 1413 5183 ea.
1439 5128 1595 5208 [Vide
1617 5129 1810 5204 (Edit.,
1823 5130 1995 5206 Unde)

425 5218 579 5294 quid]
606 5219 851 5290 sequitur
873 5218 937 5274 de
963 5218 1067 5283 his,
1097 5218 1190 5288 qui
1218 5220 1446 5277 oderunt
1473 5219 1810 5288 Ecclesiam;

497 5310 660 5365 Vens.
691 5309 744 5364 6.
766 5340 838 5351 —
878 5307 1038 5368 Fiant
1073 5318 1325 5381 tanquam
1355 5310 1531 5380 fenum
1560 5321 1830 5378 tectorum,
1860 5313 2000 5383 quod

425 5402 729 5471 priusquam
753 5399 1022 5466 evellatur,
1047 5402 1251 5454 arescit.
1285 5399 1454 5474 [Perit
1470 5402 1612 5456 enim
1633 5403 1809 5458 omnis
1830 5403 1998 5475 gloria

428 5489 850 5556 superbientium
879 5490 934 5545 in
963 5490 1067 5544 hoc
1095 5489 1289 5548 saculo
1308 5488 1346 5564 ;]
1377 5498 1429 5545 et
1451 5490 1590 5545 sicut
1613 5488 1795 5545 fenum
1826 5498 1998 5546 tecto-

431 5590 550 5631 rum
579 5577 695 5631 sine
725 5578 905 5633 radice
933 5586 1035 5642 est,
1064 5587 1118 5633 et
1146 5579 1252 5633 cito
1279 5579 1494 5643 arescit,
1529 5580 1604 5634 sic
1639 5579 1710 5636 illi
1739 5581 1846 5636 cito
1874 5595 1997 5651 per-

430 5672 596 5724 eant:
647 5667 786 5734 quod
833 5667 1145 5733 priusquam
1189 5667 1463 5732 avellatur,
1508 5670 1736 5734 arescit;
1787 5669 1838 5722 id
1885 5679 1997 5735 est,

2103 4497 2306 4568 possit,
2343 4497 2470 4565 quia
2500 4509 2688 4550 omnes
2715 4494 2884 4568 [sunt]
2915 4495 3007 4550 lilii
3037 4497 3129 4550 ira
3153 4515 3167 4551 :
3199 4497 3295 4552 sed
3326 4497 3502 4567 magis
3529 4497 3684 4552 nobis

2104 4603 2229 4658 spes
2265 4594 2350 4641 est
2385 4585 2452 4641 de
2489 4586 2925 4642 miserationibus
2959 4587 3100 4652 tuis,
3139 4596 3195 4642 et
3229 4601 3337 4641 non
3371 4587 3438 4642 de
3473 4588 3689 4644 meritis

2104 4679 2324 4735 nostris.

2177 4771 2338 4825 Vens.
2369 4769 2508 4822 4.-
2532 4768 2670 4834 Quia
2697 4771 2838 4840 apud
2868 4779 2915 4824 te
2943 4773 3244 4842 propitiatio
3273 4780 3370 4835 est,
3398 4780 3445 4826 et
3476 4781 3692 4841 propter

2104 4863 2264 4934 legem
2287 4870 2430 4916 luam
2452 4862 2678 4916 sustinui
2705 4870 2776 4926 te,
2803 4861 3038 4916 Domine.
3076 4861 3394 4933 Propitiatio
3417 4860 3581 4936 [hac]
3603 4871 3696 4917 est

2105 4953 2321 5024 sanguis
2341 4950 2558 5014 Christi,
2583 4951 2677 5021 qui
2705 4967 2804 5005 nos
2829 4951 3076 5006 liberavit
3100 4969 3130 5006 a
3157 4955 3418 5010 servitute
3447 4954 3706 5020 timoris,

2104 5057 2224 5113 qua
2254 5044 2307 5097 in
2338 5042 2452 5112 lege
2483 5040 2582 5095 fuit
2609 5041 2801 5096 veteri.
2839 5040 3082 5095 Sustinui
3113 5053 3182 5107 te,
3218 5042 3460 5108 Domine,
3495 5043 3550 5097 id
3583 5053 3696 5109 est.

2105 5131 2316 5201 speravi
2365 5131 2418 5184 in
2466 5138 2538 5194 te,
2580 5128 2826 5192 Domine,
2856 5129 2995 5183 sicut
3031 5131 3087 5185 in
3126 5131 3232 5185 alio
3269 5130 3476 5200 psalmo
3513 5131 3694 5186 dicit:

2105 5216 2426 5289 Exspectans
2449 5217 2735 5289 exspectavi
2760 5215 3063 5282 Dominum,
3086 5229 3131 5272 et
3158 5220 3376 5289 respexit
3401 5235 3485 5272 me
3511 5218 3705 5289 (Psal.

2107 5325 2291 5374 xxxix,
2318 5308 2409 5379 2):
2442 5307 2747 5379 exspectavi
2775 5322 2872 5377 per
2897 5321 3073 5377 spem,
3104 5315 3160 5362 et
3184 5308 3419 5377 respexit
3458 5322 3548 5363 me
3591 5323 3706 5379 per

2110 5397 2550 5453 miscricordiam.

2178 5488 2338 5541 Vens.
2367 5485 2420 5548 5.
2448 5515 2517 5524 —
2548 5482 2811 5539 Sustinuit
2838 5487 3013 5540 anima
3039 5502 3154 5540 mea
3186 5487 3242 5540 in
3282 5486 3490 5541 verbum
3516 5495 3701 5552 tuum,

2109 5579 2347 5641 Domine,
2388 5576 2608 5648 speravit
2653 5578 2831 5631 anima
2879 5591 2992 5632 mea
3039 5580 3093 5642 in
3138 5576 3384 5632 Domino.
3438 5576 3495 5631 In
3543 5579 3700 5647 quod

2112 5669 2327 5726 verbum
2374 5667 2669 5723 sustinuit?
2721 5665 2778 5722 In
2815 5667 3078 5734 Verbum,
3129 5668 3272 5737 quod
3317 5681 3445 5723 caro
3482 5665 3698 5722 factum
