4020 6188
309 342 413 400 635

1079 340 1486 396 EXECETICA.
1529 370 1596 380 --
1636 340 1996 398 EXPOSITIO
2033 343 2098 397 1N
2139 344 2330 400 PSAL.
2371 345 2805 404 GllADUALES.

3445 349 3549 405 631

310 464 428 519 est,
479 452 721 524 speravit
753 451 931 506 anima
966 466 1118 514 mea;
1171 465 1267 520 per
1301 450 1444 520 quod
1474 450 1708 505 Verbum
1751 451 1883 505 mihi
1911 457 1959 512 Α
1987 453 2267 514 veritatis:
2317 455 2435 510 ideo
2474 456 2796 510 retribuetur
2828 457 2908 510 eis
2951 457 3004 509 in
3047 458 3327 512 animabus
3353 457 3550 531 [Edit.,

307 547 492 604 omnia
535 544 786 599 dimisisti
827 553 1068 613 peccata.
1121 541 1227 598 Sed
1272 543 1447 598 adhuc
1487 550 1670 613 sperat
1701 544 1884 597 anima

310 651 430 692 mea
461 637 517 690 in
547 634 792 688 Domino.
841 631 977 698 Quid
1008 631 1230 700 sperat?
1274 631 1664 686 Remissionem
1691 646 1884 700 pecea-

312 735 492 779 torum
511 723 774 792 recipere.
808 720 914 775 Sed
932 721 1098 791 386
1115 719 1290 775 adhuc
1311 721 1474 775 vitam
1501 728 1753 774 aeternam
1779 735 1885 774 non

311 824 506 870 teneo:
538 821 594 869 et
613 812 736 882 quia
761 810 934 866 feci-sti
957 811 1101 880 quod
1127 811 1440 880 promisisti,
1463 825 1620 880 spero
1645 818 1694 865 te
1719 810 1887 864 iactu-

310 921 432 960 rum
463 919 586 960 esse
611 902 754 974 quod
782 904 960 957 adhuc
986 911 1181 966 restat,
1209 911 1270 956 ut
1294 910 1416 973 post
1441 902 1885 958 resurrectionem

308 997 551 1053 omnium
576 995 742 1048 vitam
768 1002 1024 1048 mternam
1054 994 1334 1063 accipiam.

381 1086 544 1140 Vsus.
575 1083 628 1138 6.
654 1112 726 1124 ——
767 1083 812 1136 Α
841 1083 1078 1136 custodia
1103 1083 1362 1136 matutina
1392 1098 1552 1151 usque
1588 1081 1658 1134 ad
1687 1089 1885 1134 nectent

309 1183 478 1246 speret
501 1172 672 1228 Israel
694 1175 748 1227 in
771 1173 1018 1227 Domino.
1057 1171 1308 1227 Custodia
1330 1172 1591 1226 matutina
1615 1169 1887 1242 [Christus

311 1265 608 1321 resurrexit
633 1263 825 1335 (Edit.,
867 1273 952 1318 est
977 1263 1242 1328 Christus,
1289 1264 1380 1333 qui
1426 1263 1786 1335 resurrexit)],
1831 1263 1886 1316 in

312 1370 420 1425 quo
447 1369 638 1409 omnes
667 1353 1024 1408 resurrecturi
1051 1367 1266 1416 sumus;
1314 1351 1434 1406 ideo
1474 1367 1536 1406 ex
1581 1351 1670 1405 illa
1701 1367 1884 1406 resur—

313 1442 566 1499 rectionis
595 1456 704 1497 suae
731 1440 909 1512 vigilia
939 1455 1109 1511 usque
1138 1439 1205 1493 ad
1231 1447 1441 1494 noctem
1459 1479 1472 1501 ,
1509 1439 1562 1494 id
1589 1447 1691 1502 est,
1726 1438 1885 1493 ﬁnem

310 1535 497 1591 mundi
516 1549 704 1589 omnes
729 1534 904 1588 sancti
926 1540 1144 1603 sperent
1171 1532 1225 1586 in
1257 1531 1512 1588 Domino;
1545 1539 1600 1584 et
1623 1530 1738 1585 haec
1766 1545 1888 1599 spes

311 1626 436 1681 inde
461 1625 764 1680 certissima
790 1632 901 1685 est,

383 1716 546 1771 Vsus.
577 1714 629 1768 'l.
651 1745 722 1755 —
759 1713 898 1780 Quia
922 1715 1062 1784 apud
1091 1714 1372 1768 Dominum
1401 1714 1760 1768 misericordia
1785 1722 1883 1778 est,

1988 543 2254 616 manibus]
2290 544 2501 598 illorum
2527 563 2540 599 :
2571 544 2705 611 Quia
2734 555 2950 616 propter
2979 545 3344 602 inﬁdelitatem
3381 548 3556 604 schis-

1987 635 2147 690 matis
2173 636 2224 689 in
2251 636 2428 690 anima
2456 645 2795 691 recesserunt
2822 655 2853 691 a
2881 637 3006 702 ﬁde,
3037 638 3155 692 ideo
3184 637 3237 691 in
3262 641 3438 693 anima
3465 654 3551 695 re-

1985 725 2192 792 cepturi
2220 735 2398 789 erunt,
2426 725 2685 794 quidquid
2712 736 3041 781 meruerunt.

2058 816 2220 870 Vsus.
2252 819 2304 871 5.
2331 848 2402 857 -
2433 817 2614 887 Sperat
2643 817 2811 872 Israel
2845 820 2899 872 in
2926 819 3170 884 Domino,
3209 821 3297 888 qui
3325 830 3408 876 est
3430 835 3554 891 spes

1985 907 2225 960 omnium
2251 907 2418 962 Deum
2443 909 2757 962 videntium.
2811 909 2895 962 Ea:
2922 910 3017 963 hoc
3044 927 3181 963 nunc
3222 923 3268 964 et
3310 928 3468 981 usque
3497 913 3553 966 in

1985 997 2380 1064 sempiternum,
2411 996 2462 1050 id
2488 1005 2600 1061 est,
2627 1013 2797 1067 usque
2829 999 2897 1052 ad
2922 999 3309 1065 aeternitatem,
3356 1001 3411 1054 in
3449 1017 3552 1070 qua

1987 1085 2306 1150 videbimus,
2336 1085 2389 1138 in
2417 1101 2573 1155 quem
2598 1101 2741 1140 nunc
2769 1101 3067 1154 speramus.

2038 1168 2040 1170 ’
2481 1174 2800 1231 PSALMUS
2837 1175 3070 1231 CXXXI.

2058 1266 2217 1322 Venit
2253 1267 2342 1321 hic
2384 1266 2615 1336 praevius
2644 1274 2840 1320 nostrae
2871 1265 3020 1336 [Ms.,
3052 1265 3257 1338 noster]
3287 1266 3558 1322 ascensio-

1986 1356 2092 1418 nis,
2123 1363 2178 1410 et
2206 1354 2272 1408 ad
2300 1353 2521 1423 gradum
2552 1355 2995 1419 mansuetudinis,
3031 1354 3084 1408 in
3118 1371 3223 1424 qua
3254 1353 3556 1424 exemplum

1986 1445 2140 1499 nobis
2169 1443 2493 1499 sanctissimi
2525 1443 2692 1498 David
2716 1444 3014 1513 proposuit,
3041 1445 3193 1514 quasi
3223 1460 3290 1500 ex
3315 1460 3411 1500 sua
3437 1459 3558 1516 per-

1986 1550 2117 1590 sona
2147 1535 2331 1590 dicens
2353 1552 2365 1587 :

2057 1624 2218 1679 Vens.
2249 1625 2301 1678 1.
2327 1655 2396 1664 -
2440 1624 2720 1689 Memento,
2765 1624 3005 1690 Domine,
3052 1624 3244 1690 David,
3292 1634 3340 1679 et
3389 1626 3557 1679 omnis

1987 1715 2402 1770 mansuetudinis
2426 1715 2559 1783 ejus.
2593 1714 2759 1769 David
2783 1730 2942 1769 manu
2971 1714 3124 1771 fortis
3153 1715 3556 1784 interpretatur,

309 1815 358 1859 et
388 1805 598 1875 copiosa
625 1803 767 1873 apud
793 1820 910 1857 eum
939 1803 1240 1872 redemptio.
1285 1803 1388 1857 Per
1415 1803 1565 1856 illum
1591 1803 1774 1872 itaque
1802 1817 1888 1857 re-
1919 1803 1963 1864 Β
1988 1805 2080 1875 qui
2117 1805 2268 1874 juxta
2303 1805 2580 1860 historiam
2611 1805 2848 1873 pepercit
2882 1805 3100 1859 inimico
3132 1802 3392 1874 quaerenti
3433 1803 3552 1856 ani-

311 1893 514 1962 dempti
541 1906 746 1956 sumus,
777 1906 877 1962 per
900 1889 1047 1945 illum
1075 1891 1431 1945 resurrecturi
1455 1905 1659 1945 sumus.

381 1984 549 2040 Vens.
578 1983 632 2038 8.
657 2013 726 2024 —
753 1982 872 2053 Ipse
903 1984 1118 2037 redimet
1146 1981 1318 2036 Israel
1343 1999 1408 2037 ex
1433 1984 1670 2037 omnibus
1697 1984 1891 2054 iniqui-

309 2073 503 2128 tatibus
532 2075 661 2127 suis.
713 2072 839 2146 [Ubi
873 2073 1327 2142 superabundavit
1359 2073 1664 2145 peccatum]
1698 2089 1888 2144 super-

311 2162 598 2219 abundavit
635 2164 845 2235 gratia:
886 2163 1060 2235 gratia
1097 2163 1242 2218 enim
1274 2163 1369 2218 Dei
1405 2163 1598 2218 salvati
1636 2173 1764 2218 sunt
1794 2179 1893 2235 per

310 2253 491 2320 ﬁdem,
523 2254 592 2309 ab
619 2253 869 2309 omnibus
900 2253 1274 2323 iniquitatibus
1306 2253 1436 2308 suis.
1478 2251 1679 2308 Omnes
1704 2251 1892 2310 ﬁdeles

310 2345 528 2400 nomine
559 2342 710 2416 [Hs.,
743 2341 958 2415 nomen]
989 2341 1206 2398 lsraelis
1231 2341 1507 2413 designat,
1549 2345 1677 2412 quia
1702 2357 1892 2398 omnes

310 2449 406 2504 per
451 2434 724 2503 copiosam
775 2432 1200 2502 redemptionem
1255 2432 1467 2486 Domini
1514 2429 1641 2487 Iesu
1689 2431 1890 2486 Christi

313 2524 574 2594 redempti
612 2531 740 2577 sunt
775 2522 843 2576 ab
870 2521 1119 2577 omnibus
1148 2522 1521 2590 iniquitatibus
1556 2521 1687 2575 suis.
1738 2521 1891 2576 Scire

312 2615 568 2670 debemus
595 2613 737 2682 quod
768 2614 821 2667 in
853 2612 1120 2683 aliquibus
1150 2611 1284 2666 locis
1326 2612 1378 2665 in
1421 2611 1505 2664 his
1545 2611 1766 2679 psalmis
1803 2626 1892 2666 so-

312 2715 444 2760 nant
469 2703 632 2758 verba
659 2704 812 2773 quasi
842 2703 909 2758 de
933 2691 1137 2765 multis,
1181 2702 1321 2756 sicut
1353 2700 1443 2755 ubi
1476 2701 1552 2754 ait
1582 2719 1595 2753 :
1643 2700 1891 2756 Miserere

312 2799 476 2856 nostri
521 2795 668 2868 [Ms.,
698 2793 902 2865 nobis],
949 2794 1192 2859 Domine,
1242 2795 1488 2848 miserere
1535 2794 1720 2858 nostri,
1767 2794 1892 2863 quia

310 2886 534 2942 multum
584 2885 761 2957 repleti
806 2901 985 2938 sumus
1032 2883 1352 2954 despectione
1383 2882 1552 2954 (Psal.
1581 2898 1725 2938 cxx"
1752 2923 1767 2946 ,
1812 2881 1888 2954 ὅ).

313 2979 370 3034 in
399 2980 669 3050 aliquibus
696 2978 833 3033 sicut
859 2977 926 3032 de
950 2992 1079 3040 uno,
1109 2976 1198 3030 ubi
1230 2975 1340 3030 ait:
1375 2974 1452 3029 De
1478 2973 1755 3044 profundis
1785 2971 1894 3026 cla-

311 3070 449 3124 movi
475 3068 545 3121 ad
571 3078 640 3132 te,
666 3066 905 3121 Domine.
945 3066 1014 3119 Et
1041 3067 1144 3119 hoc
1172 3063 1338 3136 [ideo]
1366 3065 1494 3135 quia
1526 3062 1679 3116 multi
1705 3077 1892 3117 sumus

1991 1912 2133 1951 mam
2163 1910 2356 1950 suam:
2393 1893 2702 1965 signiﬁcans
2732 1891 3005 1948 Christum
3047 1902 3288 1947 nostrum
3332 1892 3559 1949 bellato-

1991 2000 2124 2049 rem,
2152 1985 2244 2054 qui
2270 1983 2711 2053 superbissimum
2735 1980 2948 2036 Goliath
2976 1982 3204 2051 propriae
3231 1980 3560 2037 fortitudinis

1989 2075 2165 2146 lapide
2203 2074 2528 2146 prostravit,
2577 2082 2632 2128 et
2675 2072 2860 2138 nobis,
2907 2089 3030 2128 cum
3068 2073 3270 2128 inimici
3295 2088 3557 2136 essemus,

1991 2173 2302 2219 mansuetus
2338 2171 2422 2219 est
2456 2163 2649 2227 factus,
2699 2172 2760 2218 ut
2803 2178 2901 2218 nos
2947 2162 3064 2232 ejus
3109 2163 3352 2233 exemplo
3385 2163 3560 2219 edocti

1991 2257 2257 2311 mansueti
2281 2257 2450 2310 simus
2473 2263 2527 2310 et
2552 2260 2731 2310 mites.

2064 2346 2224 2405 Vens.
2261 2347 2383 2402 2-5.
2407 2377 2481 2388 --
2517 2346 2666 2402 Sicut
2699 2347 2899 2416 juravit
2936 2345 3184 2412 Domino,
3227 2356 3399 2401 votum
3432 2349 3565 2402 vovit

1990 2434 2101 2488 Deo
2129 2435 2314 2490 Iacob.
2352 2433 2546 2490 iurare
2575 2434 2699 2498 Dei,
2733 2443 2816 2490 est
2842 2435 3213 2504 promissionis
3239 2451 3350 2490 suae
3376 2443 3562 2490 votum

1990 2526 2274 2580 ostendere
2297 2524 2448 2596 [Ms.,
2469 2525 2856 2594 promissiones
2876 2541 3001 2581 suas
3020 2527 3348 2598 ostendere].
3379 2525 3562 2582 Votuin

1992 2618 2123 2671 vovit
2150 2616 2258 2670 Deo
2283 2615 2470 2670 Iacob.
2504 2615 2642 2684 Quid
2668 2626 2753 2671 est
2778 2625 2958 2670 votum
2985 2615 3220 2681 Christi,
3251 2619 3354 2672 nisi
3382 2627 3442 2672 ut
3470 2635 3561 2674 re-

1991 2705 2222 2760 dimeret
2249 2705 2545 2760 humanum
2584 2704 2791 2776 genus“!
2843 2703 2994 2758 Unde
3030 2704 3106 2757 ait
3141 2703 3192 2757 in
3231 2704 3560 2775 Evangelio:

1960 2794 2277 2866 0pus38'7
2290 2795 2671 2859 consummavi,
2693 2794 2830 2865 quod
2856 2794 3044 2848 dedisti
3072 2795 3198 2848 mihi
3223 2794 3402 2864 (Ioan.
3429 2811 3562 2859 xvn,

1992 2883 2070 2952 4).
2109 2882 2299 2938 Votum
2324 2885 2456 2938 vovit
2484 2884 2592 2938 Deo
2615 2883 2801 2938 Iacob.
2853 2884 2911 2938 ln
2951 2884 3297 2953 sequentibus
3337 2883 3554 2939 demono

1993 2983 2129 3030 Strat
2156 2974 2286 3043 quid
2309 2974 2546 3028 vovisset
2570 2974 2700 3038 Deo,
2741 2973 2794 3028 id
2827 2980 2932 3038 est,
2972 2983 3031 3028 ut
3071 2974 3334 3029 inveniret
3369 2973 3562 3046 [Edit.,

1995 3063 2278 3136 invenerit]
2304 3064 2704 3119 tabernaculum
2732 3065 2840 3119 Deo
2865 3063 3050 3129 Jacob,
3070 3065 3122 3119 id
3144 3074 3248 3128 est,
3270 3065 3566 3120 Eeclesiam

312 3162 367 3216 in
407 3160 696 3223 membris,
738 3173 902 3213 unum
933 3165 1111 3211 autem
1143 3156 1197 3210 in
1226 3155 1440 3210 Christo
1467 3173 1478 3208 :
1521 3163 1576 3209 et
1609 3169 1795 3208 omnes
1835 3154 1890 3207 in
1919 3143 1966 3206 C
1995 3163 2255 3217 sanctam,
2288 3155 2352 3209 de
2381 3170 2485 3224 qua
2514 3155 2712 3209 dicitur
2739 3155 2793 3208 in
2823 3154 2928 3208 alio
2954 3155 3194 3223 psalmo:
3226 3153 3395 3220 Quam
3419 3171 3569 3208 ama-

311 3263 420 3302 uno
456 3247 768 3317 loquuntur,
815 3259 872 3300 et
913 3261 1052 3301 unus
1081 3247 1136 3299 in
1161 3245 1410 3301 omnibus
1444 3245 1702 3316 loquitur.
1754 3244 1896 3298 Dicit
1996 3246 2120 3300 bilia
2147 3254 2268 3299 sunt
2296 3244 2633 3299 tabernacula
2661 3255 2773 3310 tua,
2796 3245 3015 3299 Domine
3043 3244 3215 3315 (Psal.
3237 3261 3462 3310 1.xxxtn,
3485 3245 3582 3316 2)..

311 3337 456 3392 enim
484 3337 588 3391 iste
615 3351 870 3391 ascensor
895 3354 908 3390 :

815 3447 1136 3505 PSALMUS
1178 3447 1392 3504 CXXX.

388 3538 550 3593 Vens.
584 3538 631 3591 1.
652 3568 725 3578 —
761 3537 999 3602 Domine,
1030 3553 1136 3591 non
1161 3546 1236 3590 est
1259 3535 1547 3590 exaltatum
1581 3552 1671 3590 cor
1695 3551 1891 3600 meum,

311 3639 476 3700 neque
494 3627 617 3682 elati
639 3638 758 3682 sunt
782 3628 918 3682 oculi
940 3629 1060 3682 mei.
1085 3627 1424 3683 Sacriﬁcium
1444 3628 1554 3682 Deo
1573 3628 1894 3682 humilitatis

310 3717 472 3773 oﬂ'ert
518 3717 573 3770 in
615 3718 702 3772 his
727 3719 910 3773 verbis
933 3757 948 3779 .
999 3718 1140 3773 sicut
1178 3719 1230 3772 in
1271 3718 1379 3772 alio
1415 3717 1620 3787 psalmo
1656 3717 1888 3788 legitur:

313 3805 678 3879 [Sacrificium
705 3806 837 3878 Deo]
862 3807 1075 3876 spiritus
1100 3807 1498 3871 contribulatus,
1549 3807 1601 3860 id
1641 3816 1744 3868 est,
1790 3807 1892 3861 hu-

313 3897 552 3952 miliatus
580 3896 749 3967 (Psal.
779 3914 826 3959 1.,
859 3899 968 3968 l9).
1002 3898 1168 3968 Magis
1196 3899 1377 3968 itaque
1403 3899 1584 3952 audita
1615 3907 1698 3952 est
1722 3899 1895 3952 humi-

311 3987 498 4042 liantis
523 3984 674 4058 [Hs.,
697 3987 985 4059 humiliati]
1012 3987 1279 4058 publicani
1302 3988 1498 4052 oratio,
1519 4003 1680 4057 quam
1709 4003 1896 4056 snper-

311 4080 515 4136 bientis
541 4079 819 4134 Pharismi.
864 4079 1043 4151 Neque
1071 4079 1194 4134 elati
1220 4089 1340 4133 sunt
1367 4079 1503 4132 oculi
1532 4080 1654 4132 mei.
1696 4077 1895 4133 Oculos

311 4171 500 4228 cordis
535 4170 704 4224 elatos
747 4185 853 4225 non
887 4184 1007 4225 esse
1051 4169 1216 4233 dixit,
1263 4168 1356 4222 sed
1399 4169 1725 4234 humiliatos,
1768 4171 1895 4238 quia

313 4259 565 4316 omnium
591 4256 852 4312 bonorum
879 4258 1121 4313 custodia
1145 4265 1228 4311 est
1254 4257 1550 4311 humilitas.
1586 4257 1766 4328 Neque
1787 4275 1897 4311 am-

1996 3333 2101 3389 Sed
2146 3349 2263 3397 nos,
2315 3333 2363 3388 si
2408 3334 2544 3389 bene
2585 3335 2871 3404 egerimus,
2925 3334 3324 3390 tabernaculum
3365 3334 3570 3390 erimus

1994 3421 2128 3488 Dei,
2179 3430 2236 3477 et
2282 3423 2540 3492 templum
2585 3423 2680 3478 Dei
2711 3424 2858 3488 vivi,
2909 3424 3048 3479 sicut
3075 3423 3211 3478 dixit
3235 3422 3522 3494 Apostolus
3549 3441 3571 3476 :7

1997 3513 2264 3586 Templum
2301 3514 2400 3568 Dei
2438 3516 2559 3570 estis
2599 3532 2706 3569 vos.
2759 3513 2912 3568 Nulla
2942 3530 3042 3569 nos
3071 3513 3266 3585 [Edit.,
3296 3512 3413 3586 vos]
3445 3513 3569 3568 dor-

1993 3603 2225 3668 mitatio,
2255 3602 2398 3657 nulla
2427 3602 2709 3657 oblectatio
2738 3602 2937 3666 carnis,
2969 3601 3112 3654 nulla
3135 3601 3357 3656 ambitio
3385 3601 3568 3658 seculi

1995 3693 2298 3755 deterreat,
2337 3700 2397 3746 ut
2430 3690 2833 3746 tabernaculum
2862 3690 2970 3744 Deo
2999 3705 3106 3745 non
3135 3690 3469 3748 inveniamus
3513 3693 3569 3748 in

1996 3783 2417 3851 nobismetipsis.
2820 3844 2824 3847 _

2067 3876 2230 3930 Vens.
2259 3874 2311 3928 6.
2338 3905 2410 3916 -—
2437 3873 2572 3928 Ecce
2597 3873 2890 3927 audivimus
2917 3890 3032 3928 eam
3059 3875 3116 3928 in
3139 3874 3393 3946 Ephrata,
3424 3876 3568 3931 inre—

1997 3971 2167 4024 nimus
2195 3984 2311 4021 eam
2335 3967 2391 4020 in
2415 3966 2610 4036 campis
2637 3965 2798 4020 silva'.
2834 3965 3073 4033 Ephrata
3101 3965 3373 4033 speculum
3403 3968 3572 4022 inter.

1995 4067 2271 4128 pretatur;
2317 4058 2371 4112 in
2400 4055 2616 4126 speculo
2645 4055 2906 4126 imagines
2933 4055 3364 4124 conspiciuntur;
3407 4057 3572 4126 signi-

1997 4156 2123 4211 ﬁcat
2155 4152 2471 4222 prophetas,
2518 4151 2612 4220 qui
2657 4164 2754 4218 per
2800 4148 3085 4219 imaginem
3131 4145 3298 4203 locuti
3339 4156 3465 4202 sunt
3505 4148 3572 4203 de

1999 4247 2176 4302 futura
2205 4246 2364 4300 domo
2395 4243 2518 4306 Dei,
2549 4256 2712 4311 quam
2745 4241 3047 4295 invenimus
3078 4239 3132 4294 in
3162 4239 3366 4308 campis
3399 4237 3564 4300 silvae,

315 4347 496 4404 bulan
521 4348 575 4401 in
613 4349 833 4418 magnis,
864 4365 1023 4418 neque
1055 4349 1110 4401 in
1129 4345 1452 4400 mirabilibus
1481 4363 1635 4416 super
1659 4363 1758 4400 me.
1787 4346 1898 4402 Nec
1999 4339 2071 4392 ibi
2101 4336 2405 4390 audivimus
2443 4333 2509 4387 de
2545 4331 2705 4387 domo
2750 4331 2877 4396 Dei,
2928 4332 2981 4386 id
3026 4339 3140 4396 est,
3186 4331 3239 4384 in
3285 4328 3568 4384 latitudine

317 4439 575 4508 quaesivi,
603 4448 665 4493 ut
689 4455 914 4511 magnus
940 4455 1111 4495 essem
1148 4438 1289 4493 inter
1318 4437 1582 4501 homines,
1612 4445 1706 4490 aut
1731 4438 1895 4491 mira-

2001 4428 2197 4501 [Edit.,
2225 4424 2526 4496 altitudine]
2573 4423 2810 4493 gentium
2831 4462 2846 4486 ,
2884 4437 3003 4490 quae
3027 4421 3282 4490 vepribus
3316 4429 3372 4476 et
3403 4421 3574 4491 spinis

322 4487 913 4599 satiassatias
931 4487 1279 4584 gigans.
1306 4487 1892 4598 εἶᾷὲζέῖέηῖιᾷιέᾇρὶὲτ

2001 4487 2344 4585 peccatorum
2371 4487 2759 4568 olisitie‘vsunt:
2797 4487 3010 4567 sed—ibi
3053 4487 3140 4567 est
3181 4512 3341 4568 modo
3382 4487 3576 4569 domus

321 4617 567 4673 inﬁdeles
589 4619 714 4673 data
740 4631 882 4684 sunt,
918 4636 1022 4675 non
1050 4631 1270 4690 propter
1298 4621 1506 4685 ﬁdeles,
1535 4628 1594 4674 ut
1623 4635 1719 4690 per
1745 4619 1892 4690 signa

2003 4611 2126 4675 Dei,
2164 4619 2218 4663 et
2247 4608 2486 4663 Ecclesia
2512 4606 2745 4670 Christi,
2778 4605 2845 4661 de
2873 4620 2978 4674 qua
3006 4605 3283 4676 prophetas
3307 4605 3573 4676 praedixe-

321 4708 640 4774 crederent,
688 4711 781 4779 qui
819 4725 917 4779 per
941 4711 1351 4778 praedicationes
1385 4725 1492 4763 non
1528 4710 1895 4764 crediderunt.

327 4796 477 4853 Unde
507 4801 746 4855 subdidit
767 4815 782 4854 :

392 4888 555 4943 Vens.
586 4889 641 4942 2.
663 4919 740 4932 -
764 4889 825 4945 Si
854 4907 958 4945 non
987 4889 1252 4944 humiliter
1275 4889 1586 4953 sentiebam,
1629 4889 1719 4942 sed
1748 4888 1896 4943 exal-

2069 4710 2144 4754 nt.

2000 4718 2234 4848 ruVnus.
2282 4789 2334 4842 7.
2379 4817 2451 4830 ——
2495 4787 2834 4843 Introibimus
2887 4787 2944 4840 in
2991 4785 3382 4840 tabernaculum
3433 4787 3569 4855 ejus.

2001 4879 2206 4949 Cujus?
2240 4880 2335 4934 Dei
2355 4877 2540 4934 Iacob.
2571 4877 2850 4944 Quomodo
2872 4877 3230 4932 introibimus.
3263 4877 3368 4931 Per
3388 4875 3570 4930 ﬁdem.

321 4975 424 5029 tari
451 4977 685 5030 animam
714 4995 923 5034 meam:
954 4981 1088 5034 sicut
1122 4978 1414 5033 obluctatus
1449 4987 1523 5032 est
1557 4995 1712 5048 super
1735 4988 1901 5032 matre
2002 4973 2350 5028 Adorabimus
2379 4972 2436 5026 in
2467 4971 2601 5035 loco,
2628 4969 2716 5023 ubi
2745 4976 2992 5022 steterunt
3017 4967 3170 5037 pedes
3194 4967 3328 5037 ejus.
3369 4966 3574 5036 Cujus?

321 5079 449 5129 sua,
499 5067 575 5120 ita
622 5068 890 5123 retributio
921 5071 979 5124 in
1007 5071 1186 5123 anima
1214 5085 1348 5125 mea.
1390 5069 1653 5124 Videntur
1680 5068 1902 5124 maledi-

320 5155 558 5212 ctionem
589 5173 783 5214 sonare
810 5160 866 5214 hi
892 5160 999 5215 duo
1022 5177 1242 5224 versus,
1286 5168 1342 5215 et
1381 5160 1449 5214 ad
1475 5159 1757 5214 haereticos
1782 5174 1903 5228 per-

322 5245 521 5312 tinere,
551 5249 642 5318 qui
675 5264 781 5304 non
810 5250 995 5305 volunt
1038 5251 1311 5307 humiliari
1359 5251 1414 5304 in
1457 5264 1591 5320 pace
1620 5249 1899 5314 Ecclesiae,

2001 5065 2200 5120 Christi
2246 5063 2457 5118 Domini
2505 5060 2710 5123 nostri,
2762 5059 2853 5113 ubi
2899 5058 3124 5128 vestigia
3171 5057 3572 5128 conspiciuntur

2000 5156 2136 5224 ejus,
2160 5165 2216 5209 et
2237 5155 2310 5208 ibi
2339 5152 2594 5207 miracula
2617 5151 2760 5205 illius
2781 5159 3092 5215 narrantur,
3112 5158 3168 5204 et
3191 5150 3575 5219 redemptionis

2003 5251 2201 5298 nostra:
2227 5241 2450 5295 ﬁrmitas
2475 5257 2487 5292 :
2524 5241 2654 5308 quia
2680 5239 2882 5306 alisque
2910 5237 3067 5306 hujus
3093 5239 3284 5293 domus
3308 5239 3577 5294 charitate.

322 5336 415 5391 sed
459 5337 688 5393 exaltari
735 5340 790 5394 in
835 5341 1070 5395 schisma
1116 5341 1373 5396 doctrina;
1418 5354 1547 5394 suae.
1602 5336 1901 5392 Noluerunt
2004 5331 2148 5387 salus
2178 5328 2368 5402 [Edit.,
2399 5327 2566 5399 solus]
2613 5344 2719 5384 non
2759 5329 3132 5384 inveniretur:
3167 5329 3240 5384 ibi
3271 5330 3578 5386 adorandus

326 5426 516 5480 matris
543 5426 799 5484 Ecclesiae
844 5429 982 5485 lacte
1009 5431 1238 5495 nutriri,
1265 5438 1326 5485 ut
1352 5430 1418 5484 ad
1444 5429 1674 5484 solidum
1700 5428 1899 5492 cibum,

323 5513 417 5583 qui
442 5512 696 5572 Christus
723 5527 825 5584 est,
856 5519 1222 5589 pervenirent.
1266 5518 1390 5573 Ideo
1414 5517 1667 5574 ablactati
1698 5523 1824 5571 sunt
1850 5526 1905 5571 et

325 5615 357 5656 a
383 5613 558 5660 matre
586 5607 819 5677 repulsi,
863 5607 987 5678 quia
1018 5623 1048 5662 a
1077 5607 1214 5662 lacte
1236 5607 1451 5677 pietatis
1480 5607 1675 5661 nutriri
1715 5605 1901 5661 nolue-

2005 5421 2158 5495 [Ἀθη
2181 5419 2531 5491 adorandum]
2554 5427 2658 5484 est,
2688 5419 2778 5473 ubi
2807 5419 2938 5473 ﬁdes
2965 5428 3110 5474 recta
3139 5435 3259 5475 esse
3286 5422 3574 5477 diceretur.

2073 5513 2234 5567 Vens.
2264 5511 2316 5566 8.
2339 5540 2411 5552 ——-
2450 5509 2710 5580 Exsurge,
2751 5509 2993 5574 Domine,
3033 5512 3087 5564 in
3128 5511 3355 5581 requiem
3398 5521 3575 5574 tuam,

2003 5615 2060 5660 tu
2102 5614 2147 5659 et
2191 5620 2316 5657 arca
2357 5601 2784 5670 sanctiﬁcationis
2827 5611 2950 5656 tum.
3007 5602 3222 5659 Christo
3253 5603 3471 5668 dicitur,
3521 5613 3580 5656 ut

329 5700 483 5746 runt:
511 5700 561 5746 et
587 5703 710 5748 sunt
736 5695 982 5752 doctores
1007 5694 1228 5761 erroris,
1251 5709 1372 5749 cum
1400 5708 1503 5749 non
1527 5694 1632 5748 sint
1655 5693 1901 5765 discipuli
2003 5701 2253 5765 exsurgat
2289 5709 2315 5748 a
2351 5692 2596 5758 mortuis,
2639 5700 2693 5747 et
2733 5693 2893 5749 intret
2927 5694 2980 5750 in
3019 5695 3260 5764 requiem
3288 5710 3478 5750 suam:
3523 5691 3576 5745 id
