4020 6188
409 333 516 388 633

1283 327 1342 381 Β.
1382 325 1444 380 F.
1485 322 1707 378 ALBINI
1746 321 1876 377 SEU
1917 319 2191 376 ALCUINI
2229 318 2513 376 OPERUM
2550 317 2729 375 PARS
2766 318 2821 376 11.

3558 320 3660 377 656

403 455 504 508 est,
536 452 658 514 post
688 443 924 497 laborem
954 439 1219 510 passionis
1249 439 1302 491 in
1333 437 1576 506 requiem
1602 435 1838 491 caelestis
1864 434 1979 505 glo-
2012 439 2059 494 Α
2083 433 2167 486 hic
2185 433 2448 496 habitabo,
2470 435 2720 504 quoniam
2743 432 2874 504 elegi
2897 449 3033 487 eam.
3067 433 3172 488 Ista
3197 433 3294 488 Dei
3317 433 3482 489 verba
3507 447 3665 502 sunt;

405 535 520 587 rite.
574 529 650 584 Tu
697 540 743 583 et
793 545 918 582 arca
963 527 1390 596 sanctiﬁcationis
1437 537 1561 581 tute.
1609 526 1751 580 Area
1785 525 1987 580 Christi

412 621 650 677 Ecclesia
678 629 761 674 est
785 618 1007 674 Christi.
1039 618 1384 673 Resurrectio
1406 617 1682 686 praecessit
1711 617 1764 671 in
1791 615 1985 685 capite,

407 725 526 778 qua:
545 716 793 763 secutura
818 705 1010 778 [Edit.,
1033 705 1242 778 secuta]
1266 705 1371 760 erit
1400 705 1453 758 in
1483 704 1763 768 membris,
1786 711 1846 757 ut
1870 702 1987 766 flat,

410 801 552 869 quod
581 801 695 868 ipsa
723 799 938 853 Veritas
965 799 1076 854 ait:
1119 797 1268 862 Volo,
1299 796 1479 860 Pater,
1507 805 1562 849 ut
1587 796 1674 849 ubi
1711 811 1802 865 ego
1838 809 1986 858 sum,

409 900 458 944 et
485 891 572 943 isti
599 891 701 943 sint
732 905 951 942 mecum.

483 979 645 1034 Vens.
671 979 722 1033 9.
740 1009 805 1017 —
836 977 1143 1032 Sacerdotes
1166 977 1241 1029 tui
1264 976 1556 1028 induantur
1579 973 1724 1046 [Ms.,
1743 973 1988 1043 induant]

401 1069 688 1140 justitiam,
722 1078 767 1121 et
799 1068 965 1121 sancti
992 1068 1068 1120 tui
1099 1065 1356 1120 lwtentur.
1394 1063 1702 1120 Sacerdotis
1731 1071 1815 1118 est
1836 1062 1992 1129 justi-

413 1159 541 1213 tiam
573 1158 888 1227 praedicare,
932 1163 986 1210 et
1029 1155 1290 1225 exemplis
1317 1155 1637 1219 ostendere;
1686 1153 1865 1223 populi
1911 1160 1995 1206 est

414 1249 649 1319 gaudere
700 1248 754 1302 in
798 1245 1046 1315 iustitia,
1112 1253 1166 1298 et
1219 1245 1560 1299 sacerdotum
1613 1243 1994 1313 praedicatione

417 1340 611 1410 [Edit.,
659 1339 914 1409 gaudium
941 1373 1049 1391 .....
1079 1335 1433 1407 praedicatio].
1490 1336 1620 1390 ltem
1653 1353 1665 1389 :
1705 1335 1998 1388 induantur

414 1429 726 1484 sacerdotes
747 1427 850 1483 lide
874 1437 928 1482 et
950 1442 1066 1496 spe,
1089 1427 1368 1495 sanctique
1392 1425 1680 1492 laetentur;
1704 1425 1829 1494 quia
1857 1425 1998 1478 sicut

413 1520 662 1574 Christus
692 1519 927 1573 surrexit
954 1519 1005 1572 in
1033 1517 1222 1585 gloria,
1253 1518 1326 1570 ita
1354 1525 1407 1571 et
1436 1516 1606 1570 sancti
1636 1529 1760 1568 cum
1779 1513 1997 1569 Christo

413 1614 711 1668 surrecturi
740 1621 865 1666 sunt
889 1613 941 1666 in
968 1612 1156 1683 gloria.

485 1705 646 1759 Vens.
677 1703 850 1756 10.-
873 1701 1102 1772 Propter
1120 1699 1286 1754 David
1313 1716 1518 1753 servum
1546 1708 1694 1752 tuum
1724 1715 1828 1752 non
1853 1714 1998 1752 aver-

2087 524 2203 578 luec
2241 523 2455 591 requies
2493 535 2640 584 mea,
2690 521 2782 577 hic
2817 522 3118 591 requiesco.
3167 520 3441 588 Quantum
3469 520 3667 594 [Edit.,

2088 609 2366 682 quoniam]
2409 625 2509 665 nos
2549 618 2696 665 amat
2732 610 2875 666 Deus
2907 607 3173 681 [fratres],
3206 619 3266 666 ut
3291 612 3417 680 quia
3447 627 3549 667 nos
3582 628 3668 668 re-

2088 703 2434 772 quiescimus,
2465 717 2526 756 se
2548 701 2693 756 dicat
2717 701 3079 772 requiescere.
3112 700 3230 756 Non
3257 701 3403 757 enim
3435 702 3550 772 ipse
3575 704 3672 758 ali-

2089 793 2302 862 quando
2329 792 2596 857 turbatur,
2627 799 2720 846 aut
2748 792 2830 847 sic
2856 792 3188 860 requiescit:
3227 791 3324 848 sed
3354 791 3427 847 ibi
3455 808 3516 848 se
3543 793 3676 850 dicit

2090 881 2448 949 requiescere,
2478 881 2604 949 quia
2633 895 2732 935 nos
2759 880 2813 934 in
2853 879 2944 936 illo
2973 881 3215 951 requiem
3244 881 3533 938 habemus.
3570 881 3673 939 Hie

2091 972 2410 1037 inhabitabo,
2436 975 2683 1043 quoniam
2711 971 2842 1043 elegi
2868 988 3004 1026 eam.

2162 1063 2324 1117 Vens.
2358 1061 2443 1116 l5.
2469 1091 2540 1102 —
2579 1060 2804 1116 Viduam
2839 1063 2957 1133 ejus
2996 1062 3300 1116 benedicens
3339 1062 3673 1130 benedicens,

2091 1168 2340 1224 pauperes
2363 1151 2476 1222 ejus
2501 1151 2745 1206 saturabo
2769 1151 3013 1224 panibus.
3053 1151 3240 1207 Omnis
3266 1153 3447 1207 anima
3471 1169 3593 1224 qua:
3618 1171 3679 1211 so

2094 1242 2341 1313 intelligit
2365 1241 2636 1297 desertam
2679 1243 2748 1298 ab
2785 1245 2933 1298 omni
2963 1243 3186 1308 auxilio,
3217 1243 3320 1298 nisi
3351 1243 3522 1300 solius
3548 1245 3679 1311 Dei,

2093 1334 2255 1388 vidua
2295 1341 2380 1389 est
2414 1334 2708 1388 secundum
2739 1333 3030 1397 saeculum,
3083 1333 3208 1403 quia
3255 1333 3512 1390 szeculum
3558 1350 3679 1390 eam

2093 1423 2295 1478 deserit
2318 1442 2330 1475 τ
2365 1438 2470 1477 ιιοιι
2501 1431 2680 1478 tamen
2707 1424 2904 1479 exinde
2931 1423 3091 1478 vidua
3119 1432 3226 1489 est,
3255 1438 3375 1493 quae
3401 1423 3680 1488 Christum

2095 1514 2260 1569 habet
2298 1514 2512 1579 virum;
2563 1513 2765 1569 idcirco
2816 1522 3004 1569 sancta
3045 1513 3285 1569 Ecclesia
3333 1515 3388 1568 in
3430 1515 3682 1570 omnibus

2096 1606 2356 1660 membris
2401 1606 2514 1660 suis
2550 1605 2711 1660 vidua
2753 1615 2866 1672 est,
2911 1622 2942 1660 a
2983 1605 3179 1660 saeculo
3221 1606 3479 1662 derelicta
3518 1616 3680 1676 atque

2098 1703 2407 1765 contempta
2428 1736 2443 1760 ,
2485 1711 2516 1748 a
2555 1693 2772 1750 Christo
2799 1703 2980 1750 autem
3008 1696 3179 1752 electa
3209 1706 3263 1752 et
3291 1706 3564 1766 sponsata.
3612 1698 3677 1752 Et

414 1805 494 1848 tas
536 1796 724 1864 facient
770 1793 963 1848 Christi
1007 1793 1104 1844 tui.
1159 1791 1274 1845 Vox
1319 1797 1403 1844 est
1450 1789 1516 1842 ad
1568 1789 1735 1843 Deum
1783 1789 1999 1843 Patrem
2033 1788 2076 1847 Β
2103 1802 2356 1856 pauperes
2404 1786 2520 1856 ejus
2564 1785 2809 1840 saturabo
2856 1787 3100 1857 panibus.
3163 1787 3434 1858 Pauperes
3481 1787 3680 1845 Christi

413 1883 754 1952 deprecantis
795 1881 1110 1954 [Ecclesiaaz
1162 1896 1269 1934 non
1311 1887 1520 1934 avertat
1567 1879 1758 1932 faciem
1797 1878 2001 1934 Christi

414 1972 494 2025 sui
515 2010 530 2036 ,
575 1979 794 2040 propter
819 1971 1102 2025 victoriam
1132 1985 1290 2039 quam
1331 1969 1458 2025 fecit
1490 1970 1556 2023 de
1595 1969 1830 2023 inimicis
1864 1969 1998 2032 suis,

416 2062 467 2117 id
497 2072 614 2129 est,
653 2071 714 2117 ut
748 2063 941 2117 avertit
971 2077 1091 2116 eam
1126 2077 1156 2114 a
1185 2060 1418 2115 Judteisll
1449 2061 1500 2132 ]:
1539 2067 1594 2114 et
1621 2069 1742 2128 post
1771 2060 2004 2129 plenitu‘

414 2156 594 2209 dinem
631 2156 869 2226 gentium
901 2155 1075 2209 omnis
1114 2154 1277 2209 Israel
1321 2153 1502 2208 salvus
1535 2154 1657 2219 lict,
1704 2156 1797 2224 qui
1843 2157 2003 2210 modo

416 2245 572 2316 [Ms.,
597 2260 703 2314 quo
729 2244 909 2316 modo]
952 2245 1004 2298 in
1033 2244 1290 2314 apostolis
1316 2252 1371 2297 et
1395 2244 1618 2313 reliquis
1645 2245 1829 2300 salvus
1853 2254 1957 2301 est.

489 2338 650 2392 Vens.
683 2338 770 2390 11.
797 2366 868 2377 --
893 2335 1102 2390 Iuravit
1138 2335 1392 2389 Dominus
1424 2334 1594 2389 David
1629 2336 1923 2403 veritatem,
1955 2346 2003 2390 et

419 2444 524 2480 non
545 2426 886 2496 frustrabitur
906 2443 1043 2480 eum.
1075 2423 1283 2480 Juratio
1307 2425 1513 2480 Domini
1540 2425 2004 2482 confirmationem

417 2518 694 2572 sententiae
720 2517 1006 2586 signiﬁcat,
1029 2531 1129 2570 nec
1152 2515 1349 2570 frustra
1369 2517 1538 2587 jurat,
1562 2533 1664 2572 nec
1685 2519 1801 2573 sine
1825 2518 2003 2573 fructu

415 2609 521 2662 erit
548 2607 700 2680 [Ms.,
731 2623 829 2663 nec
858 2609 1114 2663 [rastrum
1145 2607 1271 2679 erit]
1301 2608 1443 2677 quod
1471 2609 1755 2677 promittit,
1790 2610 1886 2664 sed
1915 2625 2006 2665 ve-

419 2698 636 2752 ritatem
676 2698 866 2768 jurans
893 2699 1176 2752 veritatem
1224 2697 1445 2768 implet,
1492 2699 1618 2769 quia
1653 2699 1854 2755 veritas
1893 2699 2004 2756 falli

420 2805 526 2844 non
557 2799 754 2861 potest.
796 2789 870 2844 De
898 2790 1073 2859 fructu
1100 2790 1293 2844 ventris
1323 2791 1400 2844 tui
1427 2809 1617 2861 ponam
1647 2809 1804 2862 super
1831 2795 2006 2848 sedem

417 2889 567 2934 tuam
596 2879 738 2953 μὴ..
774 2881 963 2952 meam]
981 2922 994 2942 .
1039 2881 1090 2934 id
1117 2889 1231 2942 est,
1263 2882 1331 2936 de
1359 2891 1515 2938 utero
1543 2884 1789 2955 virginali
1817 2901 2006 2941 nasce-

420 2981 527 3035 tur,
570 2985 730 3038 quem
759 2985 954 3039 ponam
997 2986 1159 3039 super
1196 2973 1374 3026 sedem
1417 2988 1614 3027 meam.
1669 2973 1823 3029 Exiet
1858 2975 2006 3046 virga

419 3065 484 3117 de
515 3064 688 3116 radice
715 3063 884 3127 Iesse,
918 3072 966 3117 et
1000 3064 1096 3133 ﬂos
1124 3064 1188 3118 de
1223 3066 1399 3120 radice
1429 3067 1542 3137 ejus
1575 3069 1814 3122 ascendet
1843 3068 1999 3140 (Isai.

419 3167 496 3214 xi,
526 3151 600 3219 1).
645 3151 807 3220 Virga
841 3150 906 3205 de
943 3153 1123 3208 radice
1151 3157 1474 3223 patriarcha:
1501 3158 1676 3221 exiet,
1717 3169 1770 3213 et
1797 3158 1914 3225 llos,
1951 3160 2003 3214 id

417 3251 528 3297 est.
558 3238 804 3295 Christus
834 3242 898 3296 de
927 3253 1116 3298 ventre
1140 3245 1365 3312 virginis
1395 3248 1667 3303 ascendet.
1714 3248 1868 3322 [Sed]
1898 3251 2004 3306 alia

417 3329 579 3382 habet
610 3329 889 3384 translatio
916 3350 928 3384 :
960 3332 1172 3386 Iurabit
1202 3334 1478 3399 Dominus,
1521 3347 1569 3390 et
1612 3355 1713 3392 non
1743 3340 2006 3408 paenitebit

418 3437 556 3474 eum.
593 3420 710 3476 Non
740 3420 964 3490 alicujus
989 3423 1156 3477 Deum
1187 3425 1431 3494 paenitet,
1463 3427 1555 3481 sed
1587 3427 1786 3498 aliquid
1814 3430 2007 3486 immu-

421 3521 536 3567 tare
579 3529 700 3568 eum
746 3514 1049 3584 significat,
1100 3515 1226 3569 dum
1275 3517 1491 3581 dicitur,
1542 3521 1767 3589 pmnitet
1812 3521 2002 3576 Deum.

418 3604 626 3658 Iurabit
653 3604 924 3670 Dominus,
953 3615 998 3660 et
1027 3624 1130 3660 non
1153 3607 1413 3677 paenitebit
1439 3626 1578 3674 eum,
1606 3609 1660 3664 id
1684 3620 1785 3676 est,
1813 3613 2006 3667 immu-

420 3693 584 3750 tabile
613 3695 730 3748 vult
757 3711 1102 3760 conservare,
1134 3695 1274 3765 quod
1307 3696 1434 3753 facit
1474 3697 1628 3770 [Με.,
1675 3699 1810 3774 fiat],
1861 3683 2006 3774 quod

419 3786 612 3840 statuit
639 3801 761 3840 cum
791 3787 957 3839 David
987 3803 1143 3840 servo
1169 3805 1285 3842 suo.

493 3874 654 3928 Vens.
687 3873 772 3927 l2.
815 3905 886 3914 —
931 3873 988 3928 Si
1035 3877 1372 3932 custodierint
1399 3879 1498 3947 ﬁlii
1527 3882 1605 3933 tui
1640 3890 2004 3938 testamentum

423 3981 615 4030 meum,
663 3973 712 4018 et
759 3966 1054 4029 testimonia
1098 3984 1212 4021 mea
1256 3968 1389 4034 lucc,
1421 3986 1537 4040 qua:
1567 3970 1757 4025 docebo
1781 3989 1886 4027 eos.
1938 3973 2004 4027 Et

423 4053 524 4121 ﬁ'ii
558 4071 738 4108 eorum
779 4073 941 4126 usque
979 4057 1035 4110 in
1071 4057 1323 4111 smculum
1359 4059 1605 4112 sedebant
1642 4077 1798 4131 super
1830 4063 2003 4116 sedem

425 4160 612 4199 meam.
661 4144 859 4214 Utique
901 4153 956 4199 et
1000 4145 1092 4200 lilii
1123 4145 1223 4218 [tui
1254 4156 1309 4202 et
1339 4146 1455 4218 lilii]
1491 4147 1721 4202 filiorum
1752 4157 1965 4204 tuorum
1985 4192 2000 4214 ,

420 4234 466 4288 si
497 4234 851 4288 custodierint
877 4242 1145 4302 praecepta
1175 4249 1316 4298 mea,
1345 4235 1607 4290 sedebant
1633 4251 1793 4305 super
1819 4236 2003 4292 sedem

421 4323 766 4379 beatitudinis
809 4334 952 4378 tuae:
994 4325 1118 4394 quia
1161 4339 1351 4379 omnes
1379 4325 1564 4380 fideles
1594 4325 1688 4379 lilii
1734 4325 1904 4398 [sunt]
1949 4329 2002 4382 in

419 4413 640 4472 Christo
661 4415 826 4470 David
851 4423 904 4470 et
924 4415 1016 4470 lilii
1037 4415 1326 4480 Abraham,
1351 4415 1417 4470 de
1437 4416 1633 4487 quibus
1656 4417 1769 4487 ipsa
1789 4418 1999 4474 Veritas

423 4504 588 4559 dicit:
636 4502 828 4558 Potens
873 4514 948 4558 est
994 4503 1135 4559 Deus
1177 4504 1241 4559 de
1283 4504 1543 4576 lapidibus
1590 4507 1704 4560 istis
1747 4509 2001 4561 suscitare

420 4591 560 4660 ﬁlios
589 4594 854 4648 Abraham
884 4593 1099 4652 (Matth.
1128 4611 1212 4660 ιιι,
1240 4595 1315 4663 9).

496 4683 656 4739 Vens.
685 4686 767 4739 15.
793 4686 1133 4752 ——Quoniam
1161 4687 1309 4756 elegit
1331 4687 1586 4742 Dominus
1610 4687 1760 4753 Sion,
1785 4689 2000 4760 prmele-

422 4775 498 4844 git
516 4791 633 4828 eam
644 4775 699 4828 in
710 4776 1084 4830 habitationem
1098 4777 1216 4830 sibi.
1245 4775 1372 4830 Sion
1389 4777 1708 4831 universalis
1719 4787 1799 4831 est
1812 4779 1999 4832 Eccle-

427 4864 527 4928 sia,
553 4864 605 4918 in
619 4865 823 4935 angelis
842 4865 1021 4930 beata,
1037 4865 1092 4919 in
1109 4866 1506 4919 habitatoribus
1527 4864 1718 4936 [Edit.,
1739 4866 2027 4920 habitatio-

423 4953 604 5026 nibus]
629 4963 788 5010 terrze
813 4955 1115 5024 peregrina,
1145 4970 1263 5022 qua:
1285 4963 1340 5009 et
1358 4955 1472 5023 ipsa
1504 4955 1557 5008 in
1594 4962 1750 5022 parte
1777 4964 2000 5010 ventura

418 5051 506 5095 est
540 5040 695 5113 [Ms.,
722 5058 848 5112 pars
878 5042 1056 5096 futura
1103 5040 1207 5112 est]
1246 5042 1596 5097 beatitudinis
1621 5043 1891 5114 angelicae.
1935 5045 2005 5100 Et

423 5138 541 5191 lucc
569 5146 642 5191 est
672 5137 935 5192 habitatio
961 5137 1054 5190 Dei
1086 5135 1252 5206 388
1278 5136 1331 5189 in
1359 5144 1640 5190 aeternum.
1670 5136 1815 5202 Quos
1843 5138 2006 5209 elegit

425 5226 480 5280 in
507 5224 722 5282 Christo
745 5227 908 5294 Deus,
934 5225 1229 5297 praeelegit,
1255 5225 1306 5279 id
1333 5234 1432 5289 est,
1457 5225 1864 5295 pnedestinavit
1879 5240 2004 5284 ante

426 5318 860 5373 constitutionem
898 5317 1078 5372 saeculi
1108 5316 1265 5386 juxta
1294 5317 1613 5386 apostolum,
1649 5317 1998 5390 [dicentem]:

424 5403 565 5468 Quia
583 5423 711 5477 quos
737 5408 961 5472 vocavit,
977 5409 1069 5462 hos
1089 5417 1135 5462 et
1155 5407 1542 5478 prcrdestinavit
1559 5407 1730 5478 (Rom.
1747 5424 1864 5473 vui,
1887 5408 1998 5477 50).

497 5497 657 5553 Vens.
690 5500 772 5553 14.
798 5528 870 5540 —-
907 5497 1038 5553 Haec
1067 5499 1263 5569 requies
1300 5514 1416 5551 mea
1442 5497 1498 5551 in
1524 5496 1778 5552 sarculum
1800 5498 1996 5556 swculi.

2102 1886 2249 1942 sunt,
2279 1878 2372 1947 qui
2401 1892 2510 1933 non
2536 1887 2722 1932 amant
2750 1877 2853 1932 hoc
2881 1879 3166 1942 sarculum,
3199 1880 3312 1934 sive
3339 1879 3576 1935 habeant
3603 1882 3682 1936 di-

2102 1968 2280 2034 vitias,
2327 1968 2440 2022 sive
2467 1983 2573 2023 non
2604 1967 2859 2023 habeant.
2907 1969 3191 2038 Aliquibus
3219 1970 3363 2025 enim
3393 1970 3532 2026 data:
3558 1981 3679 2026 sunt

2103 2058 2303 2112 divitia:
2347 2057 2415 2112 ad
2458 2057 2874 2126 dispensandum
2906 2060 3091 2131 egenis
3115 2100 3131 2125 ,
3182 2076 3290 2116 non
3328 2069 3507 2116 autem
3547 2061 3684 2118 datas

2102 2155 2227 2203 sunt
2252 2147 2332 2202 eis
2357 2147 2427 2201 ad
2451 2148 2866 2217 possidendum:
2901 2163 3074 2220 neque
3098 2166 3247 2222 spem
3276 2152 3330 2207 in
3358 2151 3465 2208 illis
3490 2153 3686 2209 debent

2105 2250 2325 2304 ponere,
2345 2253 2447 2294 nec
2466 2239 2768 2294 satietatem
2797 2240 2850 2294 in
2878 2241 2983 2296 illis
3008 2240 3239 2308 habere;
3271 2243 3364 2298 sed
3391 2243 3444 2298 in
3471 2245 3686 2299 nomine

2102 2311 2303 2387 Christi
2332 2332 2637 2399 conlidere,
2682 2341 2737 2388 et
2763 2333 2816 2388 in
2838 2332 3050 2403 iustitia
3068 2374 3083 2400 ,
3128 2343 3183 2388 et
3212 2335 3266 2388 in
3294 2335 3560 2389 charitate
3589 2333 3682 2390 Dei

2103 2431 2156 2476 et
2180 2423 2454 2492 proximi:
2486 2423 2603 2479 haec
2623 2432 2707 2480 est
2735 2426 2990 2480 saturitas
3014 2433 3344 2490 sanctorum,
3372 2441 3478 2481 non
3504 2425 3685 2481 saeculi

2104 2514 2324 2568 divitiae.

2174 2607 2340 2661 Vens.
2373 2605 2457 2661 l6.
2481 2637 2552 2647 —
2583 2605 2890 2662 Sacerdotes
2927 2608 3044 2678 ejus
3082 2608 3301 2662 induam
3341 2608 3596 2674 salutari,
3639 2619 3687 2662 et

2104 2698 2273 2751 sancti
2302 2696 2418 2765 ejus
2446 2697 2793 2752 exsultatione
2819 2698 3173 2753 exsultabant.
3229 2699 3327 2767 Qui
3361 2708 3489 2755 sunt
3512 2715 3687 2756 sacer-

2106 2789 2299 2842 dotes?
2347 2789 2441 2859 qui
2486 2788 2690 2858 seipsos
2730 2789 3040 2844 obtulerunt
3089 2789 3244 2862 [Hs.,
3275 2789 3530 2863 oll‘erunt]
3578 2790 3688 2846 Deo

2105 2885 2338 2942 hostiam
2366 2885 2566 2951 vivam,
2598 2885 2708 2941 Deo
2736 2885 3056 2956 placentem.
3093 2886 3159 2941 Et
3188 2889 3405 2943 induam
3435 2890 3676 2951 salutari,

2106 2975 2158 3028 id
2189 2983 2304 3040 est,
2343 2974 2557 3031 Christo
2585 2974 2742 3041 Iesu,
2784 2978 2875 3046 qui
2901 2984 2982 3032 est
3013 2977 3156 3033 salus
3185 2980 3425 3033 omnium
3458 2979 3679 3034 creden-

2109 3066 2239 3121 tium
2289 3077 2350 3121 ut
2396 3065 2684 3136 Apostolus
2733 3069 2809 3123 ait
2849 3086 2862 3122 :
2917 3067 3182 3140 Quotquot
3230 3069 3481 3140 baptizati
3524 3070 3684 3136 estis,

2108 3157 2376 3212 Christum
2405 3158 2649 3213 induistis
2678 3157 2820 3231 (Gal.
2851 3175 2930 3222 ιιι,
2959 3141 3097 3230 27).’
3125 3159 3196 3214 Et
3239 3161 3408 3214 sancti
3445 3161 3559 3231 ejus
3594 3177 3687 3216 ex-

2104 3244 2390 3300 sultatione
2418 3245 2769 3302 exsultabant.
2826 3248 2883 3302 ln
2926 3264 3032 3318 quo
3073 3249 3459 3305 exsultabant?
3511 3249 3578 3305 Ut
3609 3251 3688 3305 in-

2106 3335 2344 3390 duantur
2369 3335 2616 3402 Christo;
2648 3337 2770 3393 ideo
2797 3339 3029 3409 subjecit
3054 3357 3067 3393 :

2176 3427 2339 3482 Vens.
2371 3426 2457 3480 l7.
2486 3458 2559 3468 —
2596 3427 2733 3482 Illuc
2771 3430 3057 3499 producam
3091 3445 3257 3485 cornu
3287 3430 3480 3497 David,
3511 3435 3690 3504 paraui

2105 3517 2376 3571 lucernam
2404 3517 2613 3572 Christo
2647 3535 2780 3572 meo.
2843 3520 2914 3575 Ut
2959 3521 3025 3576 de.
3071 3520 3290 3576 Christo
3340 3522 3687 3595 intelligatur,

2105 3623 2209 3662 non
2245 3607 2312 3660 de
2344 3607 2458 3662 solo
2493 3623 2660 3677 regno
2687 3608 2844 3681 [Ms.,
2879 3618 2937 3665 ut
2967 3613 3032 3666 de
3057 3611 3273 3667 Christo
3299 3621 3687 3682 praesumatur,

2105 3716 2211 3755 non
2239 3699 2306 3756 de
2333 3699 2574 3772 smculo].
2611 3701 2790 3756 Cornu
2820 3717 3044 3774 regnum
3083 3713 3137 3758 et
3160 3703 3488 3757 altitudinem
3509 3705 3690 3776 signi-

2106 3790 2260 3856 ficat;
2278 3789 2445 3845 David
2463 3806 2645 3863 regem
2663 3791 2956 3848 Christum.
2982 3793 3173 3848 Paravi
3195 3792 3460 3847 lucernam
3476 3791 3688 3848 Christo

2105 3897 2238 3934 meo.
2294 3879 2414 3949 Ipsa
2445 3880 2656 3935 Veritas
2708 3880 2763 3935 in
2812 3881 3102 3953 Evangelio
3148 3881 3214 3935 de
3261 3878 3468 3934 Joanne
3515 3881 3687 3936 dicit:

2107 3970 2207 4025 Ille
2232 3981 2345 4026 erat
2379 3971 2590 4026 lucerna
2626 3971 2816 4026 ardens
2845 3981 2892 4027 et
2922 3972 3098 4026 lucens
3118 4015 3131 4036 ,
3171 3971 3259 4026 ille
3285 3980 3504 4042 paratus
3533 3969 3633 4040 fuit
3660 3989 3692 4026 a

2103 4061 2214 4115 Deo
2242 4061 2420 4124 Patre,
2452 4071 2509 4114 ut
2533 4062 2741 4131 prwiret
2766 4062 2953 4131 faciem
2979 4062 3176 4116 Christi
3205 4063 3310 4124 sui,
3336 4063 3471 4115 sicut
3494 4061 3691 4115 dictum

2104 4161 2179 4205 est
2225 4167 2243 4204 :
2278 4149 2415 4205 Ecce
2447 4166 2540 4220 ego
2576 4153 2726 4205 mitto
2754 4151 2995 4221 angelum
3026 4167 3219 4216 meum,
3257 4151 3348 4221 qui
3376 4149 3692 4220 prtepurabit

2105 4242 2242 4296 viam
2269 4250 2415 4294 tuam
2443 4250 2562 4294 ante
2586 4250 2652 4294 te.

2174 4331 2336 4386 Vens.
2366 4331 2451 4385 18.
2472 4360 2545 4369 -
2578 4328 2828 4384 Inimicos
2852 4331 2965 4400 ejus
2993 4331 3212 4384 induam
3240 4328 3567 4398 confusione.
3597 4344 3686 4381 su—

2103 4437 2194 4490 per
2229 4422 2398 4490 ipsum
2438 4428 2615 4473 autem
2662 4420 2904 4490 eﬁlorebit
2940 4421 3292 4490 sanctiﬁcatio
3328 4435 3462 4472 mea.
3515 4415 3693 4485 Super

2103 4510 2297 4577 ipsum,
2328 4509 2380 4562 id
2404 4517 2507 4573 est,
2538 4508 2832 4574 Christum,
2861 4503 3124 4565 elllorebit
3153 4507 3509 4565 sanctiﬁcatio
3537 4520 3683 4560 mea.

2097 4592 2156 4653 in
2195 4600 2364 4669 ipsius
2390 4615 2518 4655 vero
2550 4599 2876 4669 baptismate
2909 4600 3156 4656 remissio
3191 4607 3536 4670 peccatorum
3563 4605 3686 4659 est,

2100 4698 2154 4745 et
2178 4691 2534 4746 sanctiﬁcatio
2558 4700 2612 4746 et
2640 4690 2876 4762 Spiritus
2901 4692 3072 4756 sancti
3099 4693 3318 4755 donum,
3347 4691 3464 4757 ipso
3485 4687 3691 4742 Joanne

2101 4789 2392 4837 attestante
2422 4781 2536 4854 [qui
2565 4783 2662 4855 ait]
2689 4798 2702 4837 :
2738 4783 2838 4838 Hic
2866 4793 2972 4847 est,
3014 4784 3103 4854 qui
3133 4783 3364 4853 baptisat
3399 4782 3459 4834 in
3490 4779 3688 4850 Spiritu

2107 4883 2306 4938 sancto,
2344 4884 2392 4927 et
2420 4890 2513 4944 ego
2539 4875 2667 4940 vidi,
2705 4886 2754 4929 et
2791 4874 3142 4929 testimonium
3170 4872 3431 4945 perhibui,
3456 4872 3584 4942 quia
3607 4870 3688 4922 hic

2107 4974 2182 5017 est
2209 4963 2384 5018 Filius
2412 4964 2512 5018 Dei
2539 4964 2721 5035 (Joan.
2749 4964 2811 5036 I).

2589 5053 2908 5111 PSALMUS
2944 5051 3202 5109 CXXXII.

2179 5141 2430 5198 Pervenit
2462 5142 2577 5213 jam
2617 5144 2683 5198 ad
2721 5142 2984 5212 psalmum
3024 5139 3228 5212 [quarti
3267 5137 3462 5194 decimi
3489 5136 3694 5208 (Edit.,

2104 5243 2356 5302 quartum
2378 5233 2669 5300 decimum)
2691 5232 2934 5305 gradus],
2966 5233 3020 5286 in
3048 5245 3156 5301 quo
3181 5229 3445 5285 unitatem
3476 5236 3684 5283 saneto-

2105 5339 2222 5377 rum
2262 5324 2446 5378 laudat
2481 5324 2582 5377 iste
2616 5324 2950 5380 ascensionis
2985 5330 3195 5398 amator
3223 5338 3238 5375 :
3285 5317 3488 5390 gaudet
3523 5331 3582 5372 se
3618 5313 3684 5368 ad

2103 5412 2362 5466 unitatem
2389 5411 2642 5466 fraternm
2668 5413 2948 5468 charitatis
2971 5409 3276 5482 pervenire,
3304 5407 3424 5462 ideo
3450 5405 3562 5459 ait:
3623 5470 3625 5472 _

2177 5499 2334 5554 Vens.
2371 5500 2420 5553 l.
2444 5531 2514 5540 -—
2537 5499 2673 5556 Ecce
2700 5519 2858 5574 quam
2887 5502 3081 5556 bonum
3108 5507 3157 5554 et
3181 5513 3342 5569 quam
3360 5494 3686 5566 jucundum,

499 5627 734 5710 addita:
786 5630 1275 5710 Deprecantispro
1320 5629 1594 5710 Ecclesia:
1641 5633 1762 5686 Non
1793 5640 1994 5686 avertas
2033 5632 2220 5701 faciem
2242 5631 2434 5688 Christi
2457 5632 2553 5699 tui,
2577 5641 2796 5704 propter
2818 5633 3092 5689 victoriam
3140 5644 3302 5702 quam
3349 5624 3480 5683 fecit
3523 5621 3688 5680 David

425 5697 493 5752 de
521 5699 748 5753 inimicis
775 5697 908 5764 suis,
935 5709 1116 5756 averte
1146 5697 1278 5755 iram
1308 5719 1336 5755 a
1363 5701 1578 5755 Iudaeis.
