4020 6188
391 338 496 394 655

1261 324 1324 380 Β.
1365 323 1430 378 F.
1466 318 1690 377 ALBINI
1726 315 1859 373 εει]
1894 311 2167 370 ALCUlNl
2201 307 2483 367 OPERUM
2521 306 2699 362 PARS
2734 305 2797 360 11.

3527 301 3632 356 θα

393 466 543 509 tuum
571 467 620 506 ι.
657 447 902 506 Redditio
928 457 1104 500 causa:
1145 447 1257 506 est;
1305 452 1410 494 non
1451 436 1594 492 enim
1627 433 1821 488 mirum
1861 436 1964 490 est,
2000 431 2044 488 Α
2072 434 2160 478 ιιιι·
2185 421 2425 475 tenebrae.
2468 417 2609 472 Dicit
2651 424 2833 471 sancta
2861 413 3100 468 Ecclesia
3132 428 3190 468 se
3217 413 3425 484 nigram
3451 415 3634 469 utKe-

391 545 437 599 si
473 542 714 598 membra
763 535 906 589 illius
933 529 1219 602 unguentis
1261 526 1557 588 redoleant,
1585 538 1708 577 cum
1741 521 1853 590 ipse
1895 518 1963 572 ab

390 637 661 701 unguento
695 639 890 679 nomen
919 620 1204 688 acceperit.
1234 617 1280 671 Α
1305 617 1599 672 chrismate
1619 611 1886 672 Christus,
1911 607 1963 662 id

386 698 493 785 est,
544 720 614 772 ab
643 715 895 770 unctione
939 719 1153 774 unctus,
1202 707 1344 777 quod
1388 720 1583 760 nomen
1629 716 1750 756 cum
1793 698 1964 767 gratia

390 811 625 880 Spiritus
665 805 839 880 sancti
886 802 942 856 in
988 800 1313 868 baptismate
1355 793 1595 848 funditur
1640 792 1692 845 in
1741 796 1964 880 cunctos

389 872 594 948 ﬁdeles.
626 877 779 946 Unde
799 887 994 943 Petrus
1019 902 1032 937 :
1063 881 1336 948 Quomodo
1361 878 1508 932 unxit
1536 893 1652 929 eum
1683 875 1817 927 Deus
1844 872 1966 943 Spi-

391 986 497 1039 n'tu
541 989 727 1036 sancto
775 987 824 1032 et
872 977 1060 1030 virtute
1108 973 1244 1042 (Act.
1287 985 1346 1033 κ,
1373 968 1485 1037 58).
1530 967 1598 1019 Et
1626 966 1677 1019 in
1703 962 1963 1019 Psalmis:

391 1071 553 1126 Unxit
585 1079 633 1124 te
658 1067 798 1120 Deus
825 1064 936 1119 oleo
964 1060 1145 1133 gaudii
1171 1075 1279 1128 pro:
1310 1054 1632 1109 consortibus
1662 1053 1764 1104 tuis
1793 1047 1962 1119 (Psal.

390 1178 512 1224 XLV,
540 1159 614 1230 Ἰ).
664 1156 852 1212 Oleum
894 1153 1028 1208 dicit
1065 1168 1079 1203 :
1125 1165 1233 1202 non
1261 1146 1539 1207 stillatnm,
1579 1143 1670 1196 sed
1711 1141 1966 1210 e/fusum;

391 1269 497 1308 non
524 1251 669 1306 enim
699 1250 790 1304 dat
818 1247 869 1302 ei
913 1246 1053 1299 Deus
1084 1241 1149 1296 ad
1180 1253 1489 1294 mensuram
1539 1235 1810 1304 spiritum,
1843 1232 1967 1301 quia

392 1347 506 1415 ipse
553 1351 640 1397 est
679 1340 868 1410 plenus
897 1335 1101 1406 Spiritu
1144 1339 1350 1388 sancto.
1401 1329 1527 1382 Ideo
1571 1324 1969 1415 adulescentula:

391 1413 683 1487 dilexerunt
711 1438 781 1482 te.
810 1427 865 1482 ld
889 1433 992 1490 est,
1026 1423 1319 1478 electorum
1349 1419 1541 1474 animae
1567 1416 1738 1485 gratia
1767 1413 1969 1484 baptis-

393 1522 553 1576 matis
580 1526 872 1574 renovatae.

462 1612 624 1666 Vens.
673 1611 727 1663 '5.
773 1638 844 1648 —
882 1605 1051 1660 Trahe
1079 1621 1160 1656 me
1186 1611 1299 1675 post
1328 1611 1376 1654 te
1402 1601 1452 1653 δ.
1499 1599 1782 1670 Synagoga
1821 1596 1972 1666 prius

391 1702 558 1756 Deum
585 1701 789 1765 venire,
817 1707 870 1753 et
896 1697 1137 1753 osculum
1167 1695 1314 1765 pacis
1359 1692 1460 1748 sibi
1501 1691 1697 1745 oll‘erre
1725 1689 1966 1759 postula-

2067 518 2183 578 dar,
2213 513 2336 582 quia
2374 509 2751 564 aﬂlictionibus
2789 507 3083 562 inﬁdelium
3115 507 3189 560 ita
3215 516 3298 561 est
3317 507 3632 572 obscurata,

2064 602 2221 674 quasi
2272 600 2437 654 totius
2483 597 2664 652 mundi
2713 596 2865 650 ﬁeret
2905 595 3140 648 inimica.
3175 594 3429 649 Salomon
3460 604 3517 651 et
3541 612 3638 652 no-

2065 695 2228 757 mine,
2273 699 2328 746 et
2372 691 2482 745 vita
2529 688 2786 760 paciﬁcus
2829 695 2966 751 erat,
3005 687 3099 755 qui
3142 687 3244 740 sibi
3295 687 3524 742 tentoria
3572 689 3639 743 de

2065 791 2400 838 mortuorum
2432 779 2744 834 animalium
2778 777 3006 848 pellibus
3044 775 3308 840 faciebat;
3353 777 3429 831 ita
3460 777 3640 838 Domi-

2065 890 2166 929 nus
2195 873 2491 928 Ecclesiam
2517 871 2584 926 de
2613 870 2718 925 illis
2743 867 3063 923 animalibus
3087 868 3190 923 sibi
3215 877 3366 924 creat
3389 884 3509 938 qua
3545 871 3638 924 de-

2065 966 2260 1020 sideria
2309 965 2490 1019 carnis
2532 965 2584 1018 in
2615 978 2673 1018 se
2711 961 3074 1024 mortiﬁcant;
3115 976 3249 1030 ergo
3293 969 3378 1017 est
3399 961 3635 1018 Ecclesia

2066 1056 2256 1109 similis
2290 1056 2443 1126 pellis
2474 1053 2775 1109 Salomonis
2806 1052 2849 1106 ί.

2137 1147 2300 1200 Vens.
2334 1145 2384 1199 5.
2403 1177 2472 1185 —
2496 1143 2672 1198 Nolite
2699 1160 2779 1196 me
2807 1142 3158 1206 considerare,
3179 1141 3320 1212 quod
3344 1141 3493 1211 fusca
3514 1144 3636 1207 sim,

2066 1238 2190 1306 quia
2216 1236 2529 1290 decoloravit
2559 1252 2641 1288 me
2677 1234 2778 1288 sol.
2822 1233 2876 1288 ld
2907 1242 3010 1299 est,
3048 1233 3211 1288 nolite
3255 1233 3442 1288 mirari
3470 1235 3515 1288 si
3545 1235 3641 1288 ho-

2067 1327 2305 1381 minibus
2332 1327 2581 1396 despecta
2607 1326 2730 1388 sim,
2763 1325 2887 1393 quia
2914 1333 3080 1379 :estus
3101 1323 3280 1378 nimia:
3312 1324 3640 1394 persecutio-

2068 1415 2171 1478 nis,
2215 1413 2299 1468 γει
2326 1429 2479 1469 amor
2505 1413 2705 1468 Christi
2736 1428 2821 1468 me
2855 1411 3180 1467 decoloravit
3211 1415 3254 1464 ⁸.
3301 1411 3428 1466 Filii
3457 1415 3640 1467 matris

2068 1522 2197 1558 metu
2234 1514 2589 1576 pugnaverunt
2629 1513 2812 1558 contra
2852 1519 2932 1556 me
2961 1520 2977 1556 .'
3005 1514 3289 1573 posuerunt
3336 1518 3417 1556 ηιε
3467 1512 3643 1555 custo-

2068 1597 2184 1650 dem
2209 1597 2264 1649 in
2281 1596 2477 1658 vineis;
2510 1596 2706 1648 vineam
2735 1610 2901 1647 meam
2933 1611 3036 1646 non
3065 1593 3340 1646 custodiri.
3363 1591 3644 1647 Acerbitas

2069 1686 2458 1756 persecutionis
2500 1685 2728 1739 ﬁliorum
2779 1683 3072 1754 Synagogm
3116 1697 3203 1736 me
3256 1680 3383 1735 fecit
3428 1682 3639 1737 vineam

388 1795 511 1857 bat;
545 1808 686 1848 nunc
714 1791 951 1846 Ecclesia
971 1789 1083 1857 jam
1113 1788 1336 1851 venisse,
1359 1785 1471 1854 jam
1502 1785 1568 1837 ad
1597 1782 1762 1837 caelos
1789 1781 1966 1835 sciens
1999 1761 2040 1820 Β
2070 1774 2452 1845 Hierosolymis
2501 1788 2607 1826 non
2655 1771 2944 1834 custodire,
2996 1770 3091 1824 sed
3136 1769 3426 1824 multarum
3471 1768 3637 1841 [esse]

390 1887 636 1953 rediisse,
667 1895 727 1940 ut
755 1885 903 1938 illum
932 1882 1101 1952 possit
1140 1879 1311 1948 sequi.
1349 1877 1635 1932 desiderat.
1663 1873 1814 1941 Quod
1841 1873 1967 1942 quia

389 1993 493 2048 per.
535 1993 594 2032 se
637 1977 806 2047 ipsam
853 1973 1076 2043 implere
1115 1987 1223 2027 non
1269 1976 1464 2038 potest,
1515 1967 1652 2036 ejus,
1694 1964 1761 2018 ad
1807 1977 1967 2032 quem

391 2068 575 2122 venire
613 2066 781 2136 cupit,
821 2065 1037 2120 ductum
1084 2060 1350 2130 implorat.
1398 2057 1566 2110 Trahe
1615 2071 1695 2108 me
1733 2062 1845 2124 post
1895 2062 1964 2106 te.

392 2149 446 2212 ld
471 2165 574 2222 est,
596 2157 721 2225 quia
749 2155 863 2209 sine
892 2163 940 2207 te
967 2151 1100 2205 nihil
1129 2163 1414 2219 possumus
1439 2146 1635 2209 facere,
1659 2159 1966 2214 precamur,

393 2263 493 2300 nos
526 2246 592 2298 ad
626 2255 677 2298 te
703 2251 980 2298 currentes
1017 2250 1120 2294 ιιιιε
1145 2237 1496 2308 protectionis
1529 2237 1720 2291 dextra
1758 2245 1969 2290 susten-

395 2343 495 2391 tes.
555 2336 789 2391 Currere
858 2333 1004 2388 enim
1049 2331 1132 2385 vel
1182 2345 1400 2385 cursum
1443 2341 1821 2382 consummare
1863 2341 1970 2380 non

395 2444 700 2502 possumus,
731 2426 831 2481 nisi
871 2434 923 2478 te
949 2425 1081 2480 duce
1107 2433 1162 2478 et
1198 2422 1441 2491 adjutore
1479 2437 1778 2477 curramus.
1819 2421 1971 2476 Unde

396 2519 596 2574 Paulus
623 2537 636 2572 :
668 2517 797 2571 Plus
823 2515 929 2569 illis
955 2514 1190 2568 omnibus
1235 2513 1487 2576 laboravi,
1518 2529 1621 2566 non
1648 2520 1824 2564 tamen
1854 2525 1968 2579 ego,

395 2609 485 2663 sed
513 2609 684 2679 gratia
712 2605 906 2660 Christi
936 2604 991 2675 (1
1014 2602 1137 2657 Cor.
1162 2619 1252 2668 xv,
1279 2603 1390 2674 l0).
1419 2599 1703 2655 Curremus
1732 2598 1889 2654 simul
1915 2599 1972 2654 in

396 2700 608 2756 odorem
648 2706 1030 2769 unguentorum
1075 2704 1304 2749 tuorum.
1373 2693 1429 2749 ld
1473 2701 1559 2748 est
1640 2693 1972 2747 incremento

399 2792 663 2846 donorum
695 2787 930 2857 Spiritus
974 2785 1144 2840 sancti
1185 2785 1324 2838 bene
1365 2782 1636 2853 Operando
1669 2790 1868 2844 tecum,
1905 2777 1973 2833 ad

397 2881 730 2936 consortium
776 2876 1011 2933 celestis
1049 2873 1347 2929 Jerusalem
1401 2873 1754 2935 festinemus,
1808 2877 1867 2925 ut
1921 2877 1976 2923 te

397 2971 778 3028 ascendentem
806 2971 858 3024 in
883 2968 1086 3044 coelum
1103 2981 1410 3036 sequamur.
1458 2951 1756 3019 Introduxit
1781 2979 1862 3016 me
1885 2977 1976 3015 rex

399 3066 456 3118 in
489 3062 708 3118 cellaria
749 3078 866 3115 sua.
915 3058 972 3113 ιιι
1014 3065 1126 3122 εει,
1169 3058 1224 3111 in
1269 3055 1462 3127 gaudia
1511 3053 1745 3110 coelestis
1787 3053 1975 3122 patriae

400 3161 602 3206 aeterna
635 3163 681 3203 ο.
710 3149 936 3204 Cellaria
964 3149 1108 3219 regis
1132 3148 1316 3203 aeterni
1342 3148 1537 3217 gaudia
1582 3154 1708 3201 sunt
1735 3144 1976 3201 cmlestis

404 3242 611 3313 patrias,
641 3241 694 3294 in
731 3255 850 3310 qua:
889 3255 1032 3294 nunc
1058 3239 1297 3294 Ecclesia
1344 3239 1644 3292 introducta
1675 3245 1759 3291 est
1783 3252 1880 3306 per
1909 3235 1974 3289 ﬁ—

406 3331 548 3394 dem,
579 3329 962 3384 introducenda
987 3327 1196 3397 plenius
1215 3341 1313 3394 per
1341 3341 1476 3379 rem.
1508 3323 1902 3378 Exsultabimus
1929 3333 1978 3377 et

407 3418 702 3475 lctubimur
730 3419 786 3471 in
823 3426 900 3482 te,
937 3432 1186 3469 memores
1219 3414 1433 3467 uberum
1473 3424 1682 3467 tuorum
1723 3431 1878 3483 super
1905 3414 1980 3467 vi-

407 3527 552 3565 num.
578 3508 639 3564 In
667 3516 737 3572 te,
769 3523 875 3562 non
924 3507 977 3560 in
1003 3505 1179 3570 nobis,
1205 3519 1473 3558 memores
1502 3519 1599 3573 per
1628 3503 1808 3558 omnia
1856 3502 1978 3557 ﬁdei

407 3600 637 3670 gratiam
681 3613 842 3668 super
880 3597 1018 3668 legis
1055 3595 1354 3651 doctrinam
1378 3595 1427 3660 ά,
1456 3595 1599 3665 quod
1645 3601 1728 3648 est
1765 3594 1975 3648 dicere:

409 3704 746 3759 nequaquam
806 3703 903 3742 nos
960 3687 1026 3741 de
1075 3685 1342 3756 perceptis
1390 3684 1729 3747 extollimus,
1781 3683 1874 3737 sed
1924 3682 1979 3736 in

409 3782 600 3846 omni,
651 3781 796 3850 quod
842 3779 980 3833 bene
1023 3777 1289 3841 vivimus,
1353 3776 1419 3830 de
1467 3783 1558 3829 tua
1610 3771 1981 3829 misericordia

411 3867 814 3930 exsultabimus,
836 3879 1120 3930 memores,
1145 3872 1344 3934 quanta
1363 3865 1561 3936 pietate
1587 3879 1685 3918 nos
1710 3875 1981 3926 recreare,

415 3958 646 4028 qualiter
686 3957 1055 4012 austeritatem
1099 3956 1254 4027 legis,
1287 3958 1457 4028 gratia
1500 3955 1820 4027 evangelica:
1861 3953 1983 4008 ﬁdei

414 4051 665 4120 dignatus
710 4063 770 4102 es
813 4048 1078 4118 mitigare.
1123 4047 1270 4101 Recti
1312 4047 1539 4118 diligunt
1579 4058 1646 4100 te.
1698 4045 1885 4101 Nullus
1931 4055 1985 4100 te

414 4140 588 4211 diligit
626 4139 728 4194 nisi
771 4148 980 4194 rectu5°
1029 4145 1085 4194 et
1121 4137 1299 4192 nullus
1334 4145 1420 4191 est
1453 4145 1635 4191 rectus
1671 4136 1775 4190 nisi
1803 4135 1895 4202 qui
1935 4144 1986 4189 te

417 4231 608 4301 diligit.

486 4328 647 4382 Vens.
681 4326 734 4380 4.
753 4357 824 4367 --
848 4325 1016 4396 Nigra
1043 4340 1182 4389 sum,
1217 4323 1305 4377 sed
1342 4323 1591 4392 formosa,
1625 4321 1751 4390 filia:
1771 4321 1988 4375 Jerusa-

2067 1867 2381 1929 vinearum,
2430 1865 2482 1919 id
2528 1872 2611 1920 est
2640 1862 3002 1918 Ecclesiarum
3026 1901 3042 1927 ,
3085 1877 3183 1931 per
3225 1862 3414 1916 orbem
3459 1872 3644 1916 custo-

2069 1959 2192 2012 dem
2216 1957 2268 2009 δ.
2320 1956 2491 2009 Mater
2518 1953 2803 2023 primitivm
2825 1951 3079 2006 Ecclesia:
3108 1949 3390 2022 Synagoga
3420 1960 3520 2014 est,
3552 1951 3639 2005 cui

2067 2063 2165 2119 per
2191 2047 2508 2118 prophetam
2544 2045 2740 2100 dicitur
2772 2062 2785 2096 :
2813 2042 2963 2106 Sion,
2996 2051 3051 2096 tu
3079 2042 3339 2096 vocaberis
3364 2043 3561 2109 ciuitas,
3591 2052 3642 2095 et

2069 2146 2232 2190 mater
2267 2136 2532 2190 civitatum
2563 2132 2748 2205 (Zach.
2781 2149 2901 2198 vm,
2932 2132 3010 2203 '5).

2139 2243 2301 2300 Vens.
2332 2241 2383 2297 6.
2409 2273 2480 2283 —
2514 2242 2700 2296 Indica
2726 2243 2874 2306 mihi,
2905 2258 3056 2313 quem
3087 2241 3258 2312 diligit
3294 2241 3472 2294 anima
3502 2257 3642 2306 mea,

2071 2335 2159 2390 ubi
2184 2352 2390 2407 pascas,
2429 2335 2518 2389 ubi
2539 2335 2690 2389 cubes
2735 2334 2789 2388 in
2815 2335 3052 2398 meridie,
3090 2350 3153 2387 ne
3188 2335 3366 2402 vagari
3395 2333 3644 2401 incipiam

2069 2436 2183 2496 post
2219 2444 2396 2497 greges
2420 2426 2680 2481 sodalium
2711 2436 2940 2480 tuorum.
2989 2425 3166 2480 Indica
3204 2425 3338 2478 mihi
3365 2431 3638 2493 pastorem

2072 2531 2272 2581 meum,
2298 2531 2456 2587 quem
2507 2524 2618 2570 tota
2644 2516 2822 2570 anima
2849 2515 3032 2587 diligo,
3061 2523 3112 2570 et
3143 2516 3197 2568 in
3228 2515 3419 2583 quibus
3445 2527 3643 2583 pascua

2073 2605 2228 2679 [Cod.
2262 2603 2406 2670 Vat.,
2435 2605 2712 2678 pascuam]
2756 2613 2810 2660 et
2853 2606 3094 2674 requiem
3122 2605 3344 2669 habeat,
3391 2619 3459 2658 ne
3506 2610 3644 2659 testu

2073 2697 2432 2752 tentationum
2456 2697 2689 2761 turbata,
2721 2705 2839 2766 post
2865 2695 3146 2760 sodalium,
3179 2695 3231 2749 id
3257 2704 3341 2749 est
3365 2695 3647 2750 haeretico-

2075 2801 2196 2840 rum
2227 2785 2621 2851 conventicula,
2648 2801 2770 2840 eum
2796 2799 3034 2854 quaerere
3062 2784 3334 2853 incipiam.

2145 2899 2307 2955 Vens.
2350 2900 2402 2953 7.
2431 2930 2500 2941 —
2534 2898 2596 2955 Si
2644 2901 2854 2970 ignoras
2900 2909 2969 2964 te,
3021 2915 3052 2952 ο
3095 2897 3444 2968 pulcherrima
3482 2895 3644 2969 [Cod.

2076 2988 2222 3051 Vat.,
2251 2987 2493 3060 pulchra]
2540 2989 2676 3042 inter
2719 2987 2982 3050 mulieres,
3032 2985 3274 3056 egredere
3317 2996 3365 3039 et
3405 2987 3489 3038 abs
3532 2997 3648 3055 post

2002 3088 2048 3151 ρ
2080 3079 2292 3148 vestigia
2315 3095 2546 3149 gregum.
2585 3077 2642 3132 Si
2687 3077 2902 3148 ignoras
2933 3084 2985 3131 te
3014 3079 3112 3132 sub
3136 3074 3439 3145 huiusmodi
3477 3083 3650 3129 tenta-

2079 3171 2241 3226 tionis
2269 3170 2470 3225 ditione
2499 3169 2617 3242 [F.,
2648 3167 2976 3241 conditione]
3007 3168 3138 3224 mihi
3169 3182 3289 3223 esse
3318 3175 3648 3237 sponsatam,

2077 3262 2334 3332 egredere
2362 3277 2392 3316 a
2420 3276 2540 3316 meo
2565 3260 2854 3323 consortio,
2887 3266 2942 3314 et
2966 3259 3145 3313 varios
3173 3258 3468 3314 errantium
3497 3264 3651 3310 actus

2079 3367 2322 3421 sequere.
2356 3351 2424 3406 Et
2450 3368 2603 3421 pasce
2634 3351 2810 3405 haedos
2838 3366 2978 3404 meos
3015 3349 3167 3418 iuxta
3195 3346 3526 3402 tabernacula
3548 3363 3647 3415 pa-

2079 3450 2297 3495 storum.
2341 3439 2398 3495 ιιι
2422 3449 2525 3505 εει,
2551 3440 2791 3510 perditos
2832 3440 2978 3494 nutri
3022 3439 3316 3502 auditores,
3347 3438 3439 3508 qui
3481 3436 3650 3491 secuti

2081 3531 2449 3601 insipientium
2485 3531 2758 3586 doctrinas
2785 3530 3189 3600 magistrorum,
3220 3543 3251 3582 a
3279 3527 3510 3582 sinistris
3543 3535 3655 3582 sta-

2083 3621 2189 3674 turi
2221 3626 2364 3674 sunt.

2159 3707 2317 3761 Vens.
2371 3707 2427 3762 8.
2463 3737 2533 3746 —
2556 3705 2830 3777 Equitatui
2877 3723 2988 3760 meo
3019 3708 3073 3761 in
3097 3705 3331 3760 curribus
3356 3703 3652 3758 Pharaonis

2084 3795 2369 3850 assimilavi
2404 3805 2485 3860 te,
2535 3797 2704 3851 amica
2750 3813 2887 3853 mea.
2935 3796 3086 3851 Sicut
3125 3795 3354 3865 priorem
3397 3794 3653 3864 populum

2084 3887 2150 3942 de
2175 3886 2429 3958 Egyptio
2464 3886 2684 3941 liberavi
2722 3887 2948 3952 timore;
2996 3887 3076 3942 sic
3115 3895 3166 3940 te
3190 3925 3208 3950 ,
3257 3899 3452 3955 sponsa
3499 3885 3652 3938 mea!

2086 3977 2152 4031 de
2172 3976 2623 4046 persequentium,
2656 3975 2702 4031 si
2737 3976 2791 4031 in
2817 3992 2904 4032 me
2929 3976 3239 4042 conﬁderis,
3265 3975 3504 4031 liberabo
3536 3989 3656 4028 ma-

2088 4065 2265 4121 nibus.

2160 4159 2321 4213 Vsus.
2367 4159 2421 4214 9.
2447 4188 2518 4198 -—
2564 4157 2807 4213 Pulchra:
2830 4168 2948 4212 sunt
2977 4173 3121 4228 gena:
3146 4167 3252 4210 tute
3278 4158 3411 4210 sicut
3439 4155 3656 4208 turtur-is

2088 4248 2244 4320 [Cod.
2274 4250 2418 4315 Vat.,
2449 4249 2652 4323 turris].
2705 4249 2877 4304 Tanta
2925 4257 2979 4302 te
3022 4247 3362 4302 verecundia:
3407 4243 3657 4300 salutaris

2089 4340 2287 4393 virtute
2311 4339 2582 4404 decorari,
2613 4347 2672 4392 ut
2705 4339 3005 4393 castitatem
3035 4335 3316 4406 promissa:
3351 4333 3480 4388 mihi
3513 4331 3655 4394 ﬁdei,

415 4415 536 4470 lem.
593 4416 757 4486 Nigra
801 4431 919 4470 sum
963 4414 1017 4469 in
1059 4414 1326 4484 pressuris
1361 4414 1796 4481 persecutionum
1822 4453 1837 4477 ,
1889 4413 1982 4467 sed
2012 4427 2060 4488 ο
2086 4428 2230 4482 “una
2277 4444 2566 4496 pravorum
2609 4429 2887 4484 doctorum
2949 4427 3263 4482 “ductione
3325 4436 3652 4490 corrumpas.

417 4507 652 4562 formosa
682 4508 734 4560 in
773 4506 968 4562 decore
993 4505 1248 4560 virtutum
1283 4516 1327 4558 ο.
1365 4504 1516 4572 Quod
1544 4512 1643 4568 est,
1690 4505 1842 4574 nigra
1869 4504 1989 4574 qui-

418 4599 541 4654 dem
595 4599 647 4652 in
696 4599 868 4654 oculis
920 4597 1359 4668 persequentium
1408 4612 1668 4667 appareo,
1722 4597 1816 4652 sed
1863 4605 1989 4650 ante

422 4689 589 4744 Deum
619 4697 810 4743 ornata
831 4689 1026 4744 decore
1049 4689 1310 4741 virtutum
1349 4686 1606 4758 refulgeo.
1643 4686 1791 4742 Sicut
1820 4686 1991 4740 taber-

422 4778 614 4834 nacula
652 4778 830 4834 Kedar
853 4779 1008 4851 [Cod.
1037 4779 1182 4844 Vat.,
1215 4777 1430 4850 Cedar],
1473 4780 1607 4832 sicut
1647 4777 1796 4848 pellis
1833 4776 1992 4832 Salo-

422 4871 610 4926 monis.
643 4870 819 4925 Kedar
848 4869 991 4924 ﬁlius
1020 4868 1277 4934 lsmaelis,
1310 4869 1453 4938 quod
1472 4866 1635 4938 395
1674 4867 1993 4935 interpreta-

495 5019 521 5046 ι
545 5005 677 5076 God.
703 5005 858 5062 Vat.:
882 5006 923 5059 A
944 5005 1171 5058 chrisma
1195 5004 1450 5076 Christus,
1474 5000 1731 5076 id_e§t,_a_b
1753 4998 1994 5076 unctione

423 5073 630 5138 unctus,
659 5075 797 5146 quod
822 5091 1012 5146 nomen
1031 5089 1148 5126 cum
1177 5074 1354 5146 gratia;
1374 5072 1539 5146 sancti
1567 5070 1794 5146 Spiritus
1823 5068 1995 5146 in_ba-

419 5138 940 5216 ptismate'funditur
982 5138 1273 5216 in_c_unétos
1314 5140 1516 5216 ﬁdeles.
1562 5138 1770 5194 Ctetera
1795 5138 1993 5192 omissa

419 5211 568 5277 sunt,
593 5211 762 5285 usque
785 5233 797 5269 :
825 5213 951 5285 Ideo
979 5211 1390 5285 adolescentulw.

497 5285 524 5325 ¹³
548 5276 862 5340 Οοὰ.’νιιι.;
895 5282 962 5337 Ut
1001 5292 1049 5337 te
1070 5282 1425 5336 ascendentem
1465 5276 1736 5350 incuriam
1773 5293 1995 5350 sequar;

424 5353 550 5409 aliis
575 5355 808 5416 omissis,
838 5369 1030 5423 usque,
1058 5351 1341 5406 Curremus
1370 5347 1547 5404 simul.

499 5435 521 5463 ε
541 5424 672 5479 Cod.
708 5425 828 5480 Vat.
856 5425 1056 5480 omittit
1073 5439 1135 5478 ea
1151 5438 1269 5492 qua:
1288 5423 1425 5477 hanc
1443 5427 1552 5475 not.
1570 5427 1888 5491 sequuntur,
1910 5432 1998 5471 us-

425 5499 552 5560 que,
583 5493 994 5548 Exsultabimus.

499 5562 524 5632 εί
551 5563 681 5616 Cod.
713 5567 861 5618 Vat.:
891 5563 1111 5632 Intende
1139 5564 1193 5616 in
1219 5561 1366 5617 nobis
1394 5577 1591 5632 memor
1617 5577 1708 5632 per
1731 5558 1904 5632 omnia
1923 5557 2000 5626 fi-

427 5629 511 5684 dei
550 5634 772 5702 gratique
805 5649 959 5702 super
1004 5631 1128 5701 legis
1168 5632 1480 5686 doctrinam.
1535 5628 1740 5686 Cmtct'a
1785 5628 1998 5690 desunt,

431 5715 602 5772 usque
635 5717 646 5752 :
678 5700 821 5754 ﬂecti
850 5700 1071 5771 diligunt
1103 5711 1168 5754 te.

2088 4517 2291 4572 Collum
2320 4529 2467 4571 tuum
2491 4519 2623 4572 sicut
2646 4517 2883 4572 monilia.
2917 4517 2976 4571 In
3000 4515 3133 4570 collo
3159 4515 3331 4570 sancti
3353 4512 3654 4585 pmdicato-

2090 4625 2197 4674 res,
2229 4609 2346 4679 qui,
2394 4611 2538 4680 quod
2583 4611 2750 4665 verbo
2795 4610 3008 4674 docent,
3054 4608 3311 4678 operibus
3351 4601 3657 4665 ostendunt,

2090 4699 2476 4770 designantur:
2527 4699 2583 4754 in
2611 4699 2887 4753 monilibus
2940 4699 3120 4768 Operis
3167 4710 3355 4752 eorum
3396 4691 3657 4763 perfectio

2089 4787 2411 4857 exprimitur
2440 4787 2482 4842 ί.

2161 4878 2323 4935 Vens.
2356 4876 2443 4933 10.
2464 4906 2536 4917 -
2560 4874 2886 4931 Murwnulas
2930 4889 3116 4928 aureas
3149 4872 3406 4942 faciamus
3434 4867 3526 4922 tibi
3553 4881 3662 4920 eer-

2164 5023 2190 5051 σε
2222 5011 2350 5067 Cod.
2376 5010 2498 5065 Vat.
2524 5010 2800 5079 sequentia
2838 5010 2980 5064 hanc
3005 5015 3187 5062 notam
3214 5003 3438 5066 omittit,
3472 5014 3662 5069 usque,

2097 5080 2246 5136 Sicut
2276 5080 2632 5134 tabernacula.

2170 5149 2190 5189 ί
2222 5151 2354 5206 Cod.
2385 5151 2508 5206 Vat.
2540 5158 2660 5218 post
2687 5155 2891 5204 textum
2922 5166 2935 5200 :
2965 5145 3030 5218 In
3073 5143 3404 5218 temptatione
3446 5140 3672 5218 obscura

2095 5220 2414 5282 dmonum,
2442 5207 2673 5289 formosa
2712 5220 2768 5271 in
2794 5207 3426 5286 mortiﬁcaudo'carnalia
3468 5207 3675 5262 deside—

2098 5290 2200 5354 ria,
2226 5288 2695 5344 caeterisomissis.

2172 5345 2200 5398 έ
2221 5358 2352 5413 Cod.
2378 5359 2498 5412 Vat.
2532 5364 2652 5424 post
2687 5363 2888 5410 textum
2915 5373 2927 5408 :
2956 5353 3135 5408 Nolite
3154 5351 3356 5411 mirari,
3380 5350 3426 5404 si
3447 5345 3680 5402 homini-

2099 5428 2193 5481 bus
2221 5428 2449 5496 dispecta
2472 5427 2571 5478 sim
2600 5425 2728 5494 foris
2750 5425 2811 5478 ob
2838 5424 3230 5496 temptationum
3257 5431 3435 5474 trstus.

2168 5498 2194 5535 h
2220 5491 2350 5549 Cod.
2383 5495 2502 5548 Vat.
2525 5491 2726 5563 eaquae
2746 5505 2926 5550 notam
2943 5491 3089 5548 hanc
3110 5501 3428 5563 sequuntur,
3450 5491 3677 5541 omittit.

2176 5567 2192 5605 ι
2231 5563 2361 5618 Cod.
2396 5564 2555 5618 Vat.:
2589 5559 2654 5620 In
2683 5564 2816 5618 collo
2853 5564 3090 5618 doctores
3119 5559 3286 5615 sancti
3312 5559 3676 5626 designantur.

2103 5634 2168 5689 In
2194 5632 2474 5688 monilibus
2502 5651 2659 5705 opera
2686 5636 3068 5705 exprimuntur,
3097 5632 3220 5702 quia
3241 5645 3381 5701 quor.
3404 5636 3511 5681 etc.
