4020 6188
339 339 446 402 ΜΞ

337 454 620 513 miculatas
666 460 901 522 argento.
952 449 1009 503 ln
1059 449 1370 503 mumnulis
1410 447 1692 517 Scriptura
1737 456 1921 503 sancta
1950 451 2000 506 Δ

337 545 664 606 ostenditur,
713 557 834 611 qua:
868 555 1002 593 auro
1040 538 1400 607 spiritualium
1449 553 1704 592 sensuum
1757 537 1922 610 fulget

343 638 594 700 interius,
628 645 686 690 et
715 643 943 703 argento
981 632 1218 688 cmlestis
1240 632 1436 700 eloquii
1465 632 1620 685 nitet.

413 730 578 785 Vens.
606 727 694 780 il.
714 755 787 767 --
805 724 944 778 Dum
969 733 1098 779 esset
1127 741 1217 778 rex
1237 725 1293 777 in
1319 724 1559 777 accubitu
1583 740 1699 787 suo,
1727 722 1924 776 nardus

341 835 460 873 mea
480 816 623 871 dedit
643 815 858 869 odorem
883 830 1057 868 suum.
1093 813 1238 884 Rege
1264 812 1482 868 Christo
1512 813 1564 866 in
1592 811 1925 866 beatitudine

341 907 583 964 caelestis
619 905 814 960 secreti
852 904 1162 974 quiescente
1193 902 1346 975 [Cod.
1385 903 1523 968 Vat.,
1549 901 1747 973 Regi...
1775 902 1926 970 quie-

342 995 541 1069 scenti]
588 1002 902 1050 sanctorum
943 993 1118 1047 virtus
1155 993 1208 1047 in
1247 992 1486 1047 Ecclesia
1526 1006 1733 1061 magnae
1772 991 1928 1044 nobis

344 1087 581 1160 gratiam
605 1083 888 1141 suavitatis
917 1083 1280 1138 administrat.

416 1201 580 1257 Vsus.
605 1199 692 1253 l2.
709 1196 1104 1251 —Fasciculus
1125 1197 1352 1266 myrrha
1371 1196 1592 1250 dilectus
1612 1212 1756 1249 meus
1774 1194 1926 1259 mihi,

343 1293 484 1344 inter
527 1283 688 1343 ubera
729 1304 846 1341 mea
899 1287 1324 1340 commorabitur.
1377 1285 1522 1340 Mors
1567 1284 1748 1340 dilecti
1799 1285 1924 1347 mei,

343 1395 509 1450 quam
542 1395 642 1450 pro
677 1394 799 1434 mea
831 1377 1004 1433 salute
1032 1378 1219 1442 subiit,
1251 1392 1464 1448 semper
1494 1377 1547 1430 in
1577 1391 1696 1430 mea
1727 1390 1930 1430 memo—

344 1474 427 1527 ria
457 1471 902 1527 commorabitur.

417 1565 578 1620 Vens.
613 1563 699 1617 l3.
722 1595 794 1604 —
815 1562 1009 1616 Botrus
1052 1562 1210 1634 Cypri
1252 1561 1472 1616 dilectus
1515 1579 1660 1617 meus
1695 1562 1841 1624 mihi,
1873 1563 1929 1614 in

342 1655 504 1708 uineis
520 1652 783 1724 Engaddi.
812 1651 912 1719 Qui
941 1652 1134 1724 [Edit.,
1162 1652 1313 1724 quid]
1343 1652 1443 1707 fuit
1473 1652 1757 1708 fasciculus
1785 1667 1930 1722 myr-

344 1744 458 1798 rbae
471 1744 533 1797 in
566 1742 920 1797 amaritudine
942 1743 1227 1812 passionis,
1247 1743 1362 1812 ipse
1387 1752 1470 1797 est
1485 1745 1672 1798 botrus
1687 1742 1844 1814 Cypri
1873 1742 1927 1797 in

344 1833 628 1888 dulcedine
682 1834 1112 1889 resurrectionis.
1163 1833 1377 1905 Myrrha
1421 1833 1706 1898 tristiﬁcat,
1745 1833 1928 1886 vinum

343 1924 599 1980 laetiﬁcat.
617 1925 682 1980 In
696 1926 855 1980 vineis
869 1925 1132 1996 Engaddi,
1150 1935 1370 1995 propter
1386 1925 1711 1980 charismata
1729 1924 1927 1988 divina,

343 2033 465 2088 qua:
483 2026 607 2088 post
625 2017 1077 2073 resurrectionem
1102 2017 1326 2088 largitus
1346 2025 1428 2072 est
1449 2017 1500 2070 in
1527 2017 1794 2087 baptismo
1820 2017 1932 2071 suis

343 2109 982 2181 participibus.Engaddi,
1002 2108 1288 2176 fonshazdi,
1303 2109 1627 2180 baptismum
1642 2109 1928 2180 signiﬁcat.

415 2219 577 2273 Vsus.
610 2218 696 2272 Μ.
715 2249 788 2259 -
809 2217 944 2273 Ecce
971 2228 1024 2273 tu
1043 2219 1261 2290 pulchra
1284 2236 1358 2285 es,
1385 2221 1555 2273 amica
1576 2235 1712 2282 mea,
1737 2236 1851 2274 ecce
1873 2228 1930 2272 tu

343 2307 567 2377 pulchra
594 2324 670 2361 es.
724 2306 956 2361 Pulchra
984 2323 1043 2362 es
1069 2307 1325 2376 operibus
1354 2307 1586 2370 mundis,
1614 2308 1810 2378 quibus
1837 2323 1928 2362 so-

345 2395 465 2450 brie
495 2396 551 2450 in
580 2397 682 2452 hoc
717 2396 911 2452 saeculo
947 2397 1304 2452 conversaris.
1362 2396 1594 2452 Pulchra
1619 2411 1678 2452 es
1717 2398 1770 2452 in
1802 2398 1931 2452 sim-

345 2486 588 2557 plicitate
614 2489 814 2554 cordis,
845 2487 966 2556 quia
997 2503 1096 2557 pro
1126 2487 1236 2542 sola
1273 2488 1596 2542 aeternitatis
1637 2489 1932 2544 intentione

347 2575 503 2630 bonis
545 2576 756 2631 actibus
797 2576 1019 2631 insistis.
1066 2575 1218 2630 Oculi
1245 2577 1322 2629 tui
1351 2576 1512 2646 395
1548 2575 1928 2633 columbarum.

346 2664 498 2719 Oculi
543 2665 722 2720 cordis
772 2665 850 2720 tui
890 2666 1073 2719 mundi
1121 2681 1184 2719 ac
1233 2667 1534 2734 simplices,
1578 2673 1634 2720 et
1674 2666 1741 2720 ab
1784 2665 1931 2719 omni

347 2755 663 2826 duplicitate
708 2756 923 2811 fallendi
965 2757 1262 2822 immunes;
1296 2757 1400 2822 vel,
1430 2771 1622 2812 sensus
1663 2756 1740 2810 tui
1775 2755 1934 2825 spiri-

347 2846 479 2900 tuali
508 2854 638 2900 sunt
669 2845 943 2900 intellectu
969 2847 1178 2914 praediti
1211 2859 1257 2900 ο.

417 2936 580 2991 Vens.
621 2935 706 2989 15.
729 2966 798 2975 -
820 2935 956 2988 Ecce
976 2944 1030 2988 tu
1055 2935 1270 3005 pulcher
1288 2953 1363 3001 es,
1389 2935 1574 2990 dilecte
1619 2935 1746 2989 mihi
1775 2933 1929 3007 [Cod.

348 3025 682 3098 Vat.,mi],et
715 3027 933 3080 decorus
970 3028 1018 3080 ι).
1057 3026 1293 3081 Audiens
1319 3036 1503 3082 sancta
1549 3027 1790 3082 Ecclesia
1842 3042 1933 3098 ge-

348 3117 551 3171 minam
578 3117 680 3171 sibi
720 3131 750 3169 a
780 3115 1006 3171 Domino
1032 3115 1509 3185 pulchritudinem,
1537 3118 1716 3186 Operis
1744 3115 1934 3170 videli-

349 3216 435 3263 cet
463 3217 520 3263 et
548 3209 875 3272 intentionis,
910 3223 1030 3263 cum
1064 3208 1406 3278 simplicitate
1436 3211 1556 3280 puri
1589 3211 1788 3275 cordis,
1812 3225 1932 3264 esse

351 3299 702 3362 attributam,
747 3297 938 3353 devota
985 3313 1117 3353 voce
1173 3301 1460 3371 respondet
1499 3319 1512 3354 :
1547 3301 1657 3372 Ego
1717 3301 1930 3371 quidem

351 3387 608 3457 quidquid
650 3387 1084 3457 pulchritudinis,
1137 3391 1344 3458 gratize,
1394 3390 1774 3460 simplicitatis,
1821 3391 1934 3460 spei

350 3475 562 3541 habeo,
609 3485 660 3532 te
703 3478 960 3549 largiente
1018 3479 1264 3549 percepi;
1327 3488 1380 3532 tu
1436 3488 1615 3534 autem
1667 3483 1938 3536 veraciter

351 3581 408 3625 et
437 3571 556 3626 sine
590 3573 990 3642 comparatione
1035 3571 1262 3642 pulcher
1300 3586 1381 3637 es,
1408 3581 1462 3626 et
1487 3572 1715 3628 decorus
1744 3574 1936 3628 divina":

354 3663 707 3733 perpetuitate
730 3670 956 3726 naturae,
984 3670 1038 3716 et
1073 3669 1359 3731 assumptae
1387 3663 1739 3717 humanitatis
1768 3664 1935 3717 mira-

353 3753 443 3808 bili
487 3753 763 3824 dignitate.
823 3752 1064 3808 Lectulus
1105 3764 1277 3808 noster
1325 3755 1567 3824 floridus.
1623 3754 1938 3824 Requiescit

353 3857 552 3912 sponsa
582 3857 702 3896 cum
729 3857 927 3911 sponso
955 3841 1009 3896 in
1060 3841 1276 3907 lectulo,
1322 3858 1444 3897 cum
1498 3853 1737 3913 tempore
1785 3843 1939 3913 pacis

356 3933 546 3988 ﬂorido
574 3945 625 3998 ο,
657 3949 763 4003 pax
793 3942 990 3988 sanctae
1019 3933 1293 3999 Ecclesiae,
1320 3944 1376 3990 et
1397 3936 1690 3990 virtutibus
1734 3937 1936 3989 sanctis

355 4024 615 4090 ﬂorescit,
655 4032 712 4080 et
738 4025 1004 4094 spirituali
1040 4024 1190 4094 prole
1219 4023 1624 4096 multiplicatur.

427 4134 593 4189 Vens.
635 4133 718 4188 16.
750 4134 1008 4206 —Tigaa
1035 4135 1310 4189 domorum
1357 4146 1654 4191 nostrarum
1700 4137 1936 4202 cedrino,

353 4223 630 4293 laquearia
652 4233 828 4276 nostra
851 4225 1167 4294 cypressina.
1195 4224 1362 4295 Tigna
1384 4233 1441 4279 et
1463 4226 1732 4295 laquearia
1755 4225 1939 4280 docto-

354 4327 450 4366 res
475 4317 674 4364 sanctte
698 4311 970 4376 Ecclesiae,
1017 4322 1238 4382 propter
1263 4314 1533 4368 munimen
1580 4313 1733 4387 [Cod.
1793 4313 1936 4380 Vat.,

357 4398 771 4472 munimentum]
814 4409 869 4454 et
916 4400 1200 4468 decorem;
1249 4404 1467 4457 cedrina
1517 4411 1572 4458 et
1623 4404 1938 4474 cypressina

356 4497 582 4560 propter
602 4491 826 4546 eximias
845 4507 1032 4546 eorum
1057 4494 1305 4560 virtutes,
1325 4505 1382 4550 et
1404 4496 1626 4551 odorem
1642 4497 1796 4551 bona:
1814 4497 1940 4552 vitae

358 4580 576 4652 signant
600 4579 648 4634 (ι.
679 4579 917 4648 Quorum
939 4583 1105 4638 verbo
1125 4592 1179 4637 et
1199 4585 1443 4656 exemplo
1465 4585 1704 4640 Ecclesia
1726 4593 1943 4642 susten-

359 4678 532 4734 tatur,
561 4687 628 4726 ne
655 4673 908 4728 haeretica
939 4675 1205 4744 pravitate
1231 4677 1572 4732 discutiatur.
1605 4677 1753 4734 Odor
1793 4680 1939 4734 cedri

357 4769 641 4829 serpentes
688 4760 857 4832 fugat,
887 4765 1030 4833 quod
1070 4767 1320 4821 convenit
1361 4767 1464 4822 illis
1511 4769 1602 4838 qui
1645 4769 1697 4824 in
1743 4770 1942 4825 virtute

357 4849 512 4904 verbi
535 4851 764 4907 caelestis
794 4864 1059 4910 venenata
1087 4857 1465 4912 haereticorum
1493 4859 1742 4930 dogmata
1769 4860 1944 4915 solent

356 4940 686 5011 exstirpare.
717 4942 1042 5015 Cypressus,
1083 4961 1203 5016 quae
1245 4962 1356 5002 suae
1409 4956 1746 5002 venustatem
1776 4964 1943 5004 comze

359 5027 511 5084 nullo
551 5040 834 5087 ventorum
861 5034 1091 5105 impulsu
1117 5037 1356 5106 deponit,
1375 5040 1733 5093 constantiam
1755 5055 1942 5096 eorum

357 5119 618 5188 exprimit
649 5124 740 5193 qui
771 5135 1014 5182 sanctam
1040 5128 1336 5185 Ecclesium
1366 5129 1648 5185 altioribus
1682 5131 1942 5188 virtutum

356 5215 716 5280 ornamentis,
747 5224 808 5270 ut
824 5216 1122 5287 laquearia,
1146 5221 1428 5279 decorant.

437 5374 464 5403 ι
652 5365 775 5421 Vat.
805 5387 818 5421 :
868 5369 1005 5440 Ecce
1028 5381 1084 5423 tu
1111 5372 1327 5440 pulchra
1356 5390 1432 5438 es,
1460 5371 1628 5425 amica
1655 5389 1788 5436 mea,
1832 5387 1947 5426 erce

359 5441 424 5503 (at
440 5433 663 5502 pulchra
685 5454 763 5503 es,
790 5437 930 5492 oculi
957 5443 1035 5494 tui
1064 5433 1440 5497 columbarum.
1475 5441 1706 5496 Pulchra
1731 5433 1787 5496 in
1820 5443 1947 5495 sim-

357 5501 598 5583 pli-citate
637 5501 828 5583 cordis_
850 5519 899 5562 et
927 5511 1200 5583 _mund_itia
1226 5528 1467 5583 operum,
1501 5513 1624 5583 quia
1658 5529 1840 5567 sensus
1869 5513 1946 5566 tui

359 5573 631 5649 spiritales
656 5586 785 5649 _s_unt
810 5577 1152 5647 intelligentia
1176 5573 1404 5649 prtcditi.

437 5640 627 5716 PCod.
656 5645 804 5710 Vat.,
849 5640 1268 5716 post'textuiu:
1316 5649 1392 5702 Tu
1438 5649 1581 5704 solus
1635 5653 1949 5706 naturaliter

358 5710 601 5782 pulcher,
643 5730 736 5786 ego
771 5710 920 5772 ccc—te
951 5718 1193 5787 pulchra.
1236 5718 1472 5789 Reliquis
1509 5721 1722 5776 omissis
1756 5738 1944 5792 usque,

1189 334 1602 391 EXEGETICA.
1638 364 1709 375 —
1747 329 2194 391 COMPENDI'UM
2232 330 2300 388 IN
2337 329 2540 387 CANT.
2582 327 2779 384 CANT.

3493 333 3598 388 σεδ

2655 440 2882 498 CAPUT
2906 439 2966 495 ll.

2094 536 2258 592 Vsus.
2292 537 2339 589 Ι.
2362 566 2434 576 -
2466 534 2578 604 Ego
2606 535 2704 604 ﬂos
2744 533 2913 602 campi
2963 542 3010 585 et
3055 529 3223 582 lilium
3268 528 3599 584 convallium.

2025 629 2136 699 Ego
2155 629 2322 682 decus
2353 626 2560 689 mundi,
2598 633 2654 678 et
2689 625 2857 678 lilium
2885 621 3224 677 convallium.
3255 617 3409 690 [Cod.
3453 619 3600 684 Vat.,

2023 720 2134 789 Ego
2159 719 2323 773 decus
2349 718 2529 771 mundi
2557 726 2610 769 et
2645 716 2813 785 gloria
2844 711 3168 784 humilium]

2035 818 2052 832 '
2095 808 2254 863 Vens.
2281 807 2336 862 2.
2365 838 2436 846 —
2465 807 2611 861 Sicut
2635 806 2801 859 lilium
2827 806 2961 858 inter
2979 805 3174 872 spinas,
3203 819 3276 856 sic
3293 804 3462 855 amica
3488 818 3603 856 mea

2024 899 2162 950 inter
2179 896 2340 964 ﬁlias.
2376 896 2454 950 Tu
2484 897 2726 966 requiem
2757 895 2954 964 quaeris
2981 903 3034 948 et
3061 893 3246 948 laudes
3272 893 3470 948 lectuli.
3497 894 3603 947 Re-

2025 987 2255 1040 cordare
2303 986 2446 1055 quod
2490 986 2772 1039 candidior
2817 984 3217 1038 tribulationum
3265 983 3465 1038 aculeis
3493 984 3607 1038 clli-

2024 1075 2213 1136 cieris;
2243 1085 2298 1128 et
2325 1075 2498 1143 major
2527 1082 2611 1127 est
2635 1072 2845 1126 fructus
2873 1070 3268 1142 praedicationis
3290 1069 3404 1141 [F.,
3423 1087 3605 1140 perse-

2026 1164 2280 1236 cutionis]
2312 1180 2473 1233 quam
2511 1164 2730 1234 quietis.

2099 1256 2261 1310 Vens.
2286 1255 2337 1308 5.
2366 1284 2436 1296 -
2465 1253 2614 1308 Sicut
2638 1253 2808 1306 malus
2853 1253 2988 1305 inter
3031 1251 3172 1320 ligna
3215 1250 3487 1313 silvarum,
3532 1252 3608 1302 sic

2027 1343 2246 1398 dilectus
2268 1360 2412 1396 meus
2438 1343 2574 1396 inter
2617 1341 2775 1410 ﬁlios.
2808 1341 2960 1395 Sicut
2986 1340 3158 1394 malus
3180 1339 3320 1404 visu,
3349 1339 3516 1394 odore
3550 1349 3608 1391 et

2025 1441 2185 1504 gustu
2215 1433 2481 1487 antecedit
2497 1431 2638 1502 ligna
2665 1431 2952 1496 silvestria,
2969 1432 3047 1485 sic
3069 1431 3314 1485 Christus
3337 1430 3612 1485 antecellit

2028 1535 2218 1576 omnes
2247 1529 2464 1575 sanctos
2491 1519 2644 1592 [Cod.
2689 1518 2803 1573 Vat.
2827 1560 2840 1583 ,
2871 1520 3120 1574 omnibus
3141 1519 3365 1591 sanctis]
3391 1521 3482 1588 qui
3513 1519 3607 1574 ﬁlii

2031 1611 2125 1666 Dei
2170 1611 2418 1665 dicuntur
2446 1625 2510 1665 ex
2543 1610 2694 1682 [Cod.
2739 1608 2882 1675 Vat.,
2922 1611 3038 1681 sed]
3089 1612 3286 1680 gratia,
3336 1611 3424 1665 ille
3464 1610 3608 1665 solus

2030 1712 2245 1758 natura.
2278 1703 2389 1759 Sub
2420 1705 2604 1757 umbra
2631 1703 2794 1768 illius,
2820 1720 2971 1774 quem
3009 1703 3444 1767 desideraveram,
3475 1702 3604 1756 sedi.

2034 1798 2234 1852 Eodem
2279 1803 2624 1866 protegente,
2671 1811 2830 1864 quem
2877 1809 3093 1864 semper
3133 1794 3322 1848 adesse
3364 1793 3606 1862 quaesivi,

2031 1889 2270 1958 quiesco,
2298 1895 2352 1941 et
2380 1902 2570 1941 secura
2615 1901 2927 1954 permaneo.
2960 1884 3026 1938 Et
3068 1884 3270 1952 fructus
3304 1884 3420 1953 ejus
3441 1883 3609 1937 dulcis

2031 1979 2228 2048 gutturi
2258 1994 2391 2032 meo.
2424 1977 2558 2043 Quia
2594 1977 2781 2047 gratiae
2826 1991 2936 2030 suae
2971 1975 3176 2030 caelesti
3207 1975 3488 2029 dulcedine
3521 1987 3610 2027 me

2033 2067 2206 2122 reﬁcit
2235 2067 2388 2142 [Cod.
2425 2067 2571 2131 ναι,
2600 2067 2833 2138 refecit].

2110 2158 2268 2212 Vsus.
2295 2157 2349 2210 4.
2369 2187 2439 2196 --
2462 2156 2766 2210 Introduxit
2795 2173 2875 2210 me
2912 2171 3002 2209 rex
3030 2157 3083 2208 in
3108 2154 3292 2207 cellam
3332 2152 3501 2207 vitiari
3535 2170 3608 2210 ιη.

2031 2246 2175 2302 Cella
2205 2248 2408 2301 vinaria
2433 2247 2674 2302 Ecclesia
2697 2247 2855 2301 debet
2882 2247 3124 2316 intelligi,
3156 2247 3209 2299 iu
3236 2244 3388 2313 cujus
3409 2246 3613 2300 unitate

2031 2337 2368 2394 solummodo
2414 2335 2650 2405 Spiritus
2699 2346 2920 2391 sanctus
2965 2335 3082 2390 dari
3131 2335 3264 2390 solet
3313 2345 3368 2390 et
3419 2337 3612 2405 accipi,

2031 2424 2186 2494 cujus
2225 2427 2401 2493 gratia
2430 2427 2531 2481 hoc
2564 2425 2682 2480 loco
2708 2425 2816 2478 vini
2844 2425 3062 2480 nomine
3089 2425 3422 2495 designatur.
3455 2423 3614 2478 Ordi-

2033 2516 2172 2570 navit
2202 2517 2256 2569 in
2284 2531 2364 2568 nte
2388 2515 2695 2568 charitatem
2727 2525 2773 2577 θ,
2805 2514 2858 2566 in
2891 2522 2996 2580 qua
3025 2513 3159 2567 cella
3197 2514 3445 2568 ordinata
3487 2516 3617 2568 cha-

2033 2607 2168 2659 ritas
2204 2612 2308 2669 est,
2353 2612 2411 2657 ut
2458 2604 2688 2673 quisque
2718 2605 2883 2657 Deum
2925 2611 3038 2657 toto
3084 2603 3267 2666 corde,
3295 2604 3416 2670 plus
3447 2619 3611 2671 quam

2034 2695 2300 2762 seipsum;
2333 2694 2638 2763 proximum
2665 2702 2916 2760 tanquam
2945 2693 3178 2761 scipsum
3202 2691 3408 2761 diligat.

2110 2785 2268 2839 Vens.
2299 2784 2352 2838 5.
2381 2815 2451 2825 —
2484 2783 2690 2838 Fulcite
2717 2801 2797 2838 me
2826 2784 3065 2854 ﬂoribus,
3106 2785 3291 2854 stipate
3321 2801 3402 2838 me
3428 2783 3607 2847 malis,

2033 2875 2156 2944 quia
2184 2891 2360 2929 amore
2386 2874 2628 2945 languco.
2673 2874 3035 2930 Consolamini
3087 2887 3173 2927 me
3218 2872 3477 2942 exemplis
3519 2889 3612 2928 seu

2035 2965 2432 3035 incipientium,
2463 2980 2558 3019 seu
2589 2965 3016 3019 terminantium.
3058 2964 3212 3019 Viam
3259 2962 3449 3018 salutis
3477 2963 3616 3019 mihi

2036 3060 2328 3124 ostendite,
2356 3058 2484 3115 dum
2511 3057 2687 3113 adhuc
2713 3059 2765 3112 in
2793 3056 2952 3125 hujus
2981 3055 3431 3128 peregrinationis
3457 3055 3617 3108 taedio

1957 3139 2003 3200 C
2036 3164 2220 3204 amore
2245 3163 2492 3217 superna:
2520 3147 2744 3202 visionis
2769 3147 3078 3216 languesco.

2103 3239 2268 3299 Vens.
2301 3236 2356 3291 6.
2387 3267 2457 3277 ——
2485 3236 2636 3290 Laeca
2666 3236 2782 3306 ejus
2807 3235 2901 3289 sub
2929 3235 3095 3304 capite
3130 3248 3243 3286 meo
3266 3273 3280 3296 ,
3314 3240 3362 3284 et
3405 3229 3618 3283 dextera

2032 3326 2177 3382 illius
2212 3325 2595 3397 amplexabitur
2630 3341 2730 3378 me.
2774 3325 2833 3378 ln
2880 3323 3014 3378 laeva
3059 3321 3258 3377 Christi
3302 3319 3618 3388 temporalia

2032 3417 2150 3486 ejus
2172 3419 2334 3481 dona,
2355 3418 2406 3471 in
2431 3416 2622 3470 dextra
2634 3423 2906 3485 perpetua:
2921 3413 3044 3467 vita:
3063 3413 3336 3466 beatitudo
3351 3411 3616 3478 signatur,

2035 3511 2159 3580 quia
2195 3511 2280 3565 hic
2305 3524 2402 3578 per
2431 3523 2581 3578 spem
2608 3516 2842 3562 mentem
2889 3507 3129 3569 roborat,
3159 3512 3211 3558 et
3242 3503 3349 3558 illic
3381 3517 3477 3572 per
3523 3515 3610 3554 rc-

2039 3601 2466 3655 munerationem
2495 3598 2778 3668 gloriﬁcat.

2108 3692 2270 3746 Vens.
2322 3689 2373 3742 7.
2398 3719 2467 3729 ——
2494 3688 2698 3756 Adjuro
2748 3702 2855 3749 vos,
2887 3684 3013 3754 ﬁlice
3037 3683 3352 3748 Jerusalem,
3391 3700 3484 3754 per
3527 3700 3619 3736 ca-

2035 3798 2188 3852 preas
2219 3795 2495 3848 cervosque
2530 3792 2854 3847 camporum,
2889 3792 2950 3830 ne
2987 3775 3268 3840 suscitetis,
3317 3791 3479 3846 neque
3506 3774 3615 3828 eci-

2035 3871 2202 3942 gila-re
2231 3869 2439 3939 faciatis
2464 3867 2730 3932 dilectam,
2756 3870 3090 3939 quoadusque
3117 3869 3228 3939 ipsa
3255 3867 3392 3923 velit.
3421 3867 3619 3923 Conte-

2037 3970 2151 4015 stor
2193 3958 2448 4028 paciﬁcas
2488 3957 2723 4012 ﬁdelium
2782 3957 2989 4011 animas
3030 3973 3126 4027 per
3177 3973 3303 4011 suas
3350 3972 3619 4026 quamque

2039 4049 2194 4121 [Cod.
2241 4046 2674 4119 Vat.,quasque]
2725 4047 2973 4110 virtutes,
3021 4060 3142 4114 qua:
3195 4060 3293 4114 per
3325 4046 3522 4098 munda
3561 4053 3618 4098 et

2037 4141 2367 4195 ruminantia
2397 4139 2561 4209 396
2587 4135 2839 4192 animalia
2867 4137 3090 4206 signatae
3119 4141 3265 4195 sunt,
3299 4146 3363 4186 ne
3395 4132 3484 4200 pia
3510 4132 3619 4184 fra-

2039 4238 2184 4284 trum
2212 4229 2392 4283 studia
2414 4227 2591 4298 aliqua
2622 4224 3026 4295 importunitate
3047 4219 3368 4290 impediant;
3413 4219 3507 4273 sed
3536 4218 3616 4271 sic

2038 4319 2267 4388 quisque
2305 4317 2370 4372 de
2395 4317 2764 4388 proximorum
2801 4313 3044 4384 profectu
3075 4311 3228 4380 quasi
3257 4310 3322 4364 de
3363 4323 3460 4364 suo
3488 4323 3620 4379 gau-

2041 4410 2164 4466 deat
2195 4408 2236 4463 τ.
2279 4408 2382 4462 Per
2429 4422 2654 4478 capreas
2699 4414 2754 4461 et
2799 4420 2987 4461 cervos
3032 4405 3291 4458 virtutum
3337 4416 3501 4470 opera
3538 4401 3614 4454 si-

1968 4495 2020 4557 D
2043 4508 2296 4574 gnantur,
2326 4513 2446 4568 qua:
2475 4503 2735 4566 quantum
2783 4493 3046 4550 munditia
3075 4492 3450 4563 prmeminent,
3501 4497 3624 4544 tan-

2047 4599 2160 4645 tum
2197 4587 2460 4642 violentas
2500 4586 2708 4656 antiqui
2751 4585 2922 4643 hostis
2969 4583 3194 4639 insidias
3243 4591 3623 4646 contemnere,

2047 4682 2156 4736 imo
2176 4677 2484 4748 disperdere
2510 4681 2924 4730 consueverunt.
2951 4671 3154 4744 Caprea
3179 4681 3416 4726 montem
3439 4687 3626 4726 ascen-

2047 4773 2146 4836 dit,
2177 4784 2404 4825 acumen
2427 4768 2574 4822 visus
2603 4767 2786 4831 habet,
2816 4765 3036 4821 meliora
3063 4778 3264 4834 pascua
3289 4763 3456 4834 eligit.

2119 4863 2282 4918 Vens.
2313 4861 2366 4916 8.
2386 4889 2458 4899 —-
2487 4856 2600 4912 Vox
2635 4856 2809 4910 dilecti
2839 4857 2960 4910 mei.
2999 4853 3351 4918 Subauditur,
3377 4853 3492 4906 haec
3515 4858 3622 4915 est,

2047 4969 2210 5024 quam
2268 4951 2444 5008 audivi
2482 4949 2819 5018 adjurantem
2863 4946 3003 5002 ﬁlias
3045 4943 3368 5009 Jerusalem,
3415 4957 3482 4996 ne
3537 4956 3625 4996 me

2047 5045 2099 5104 in
2125 5042 2242 5111 ejus
2268 5041 2517 5112 amplexu
2549 5041 2916 5110 quiescentem
2963 5036 3307 5092 suscitarent.
3358 5032 3492 5087 Ecce
3524 5033 3626 5086 istc

2045 5133 2179 5186 venit
2222 5133 2416 5186 saliens
2468 5133 2523 5184 in
2565 5130 2846 5195 montibus,
2900 5127 3200 5182 transiliens
3239 5123 3413 5178 colles.
3467 5121 3626 5178 Tales

2046 5223 2190 5277 enim
2214 5223 2384 5278 saltus
2402 5223 2528 5278 fecit
2554 5221 2782 5277 dilectus
2800 5235 2982 5285 meus;
3016 5218 3083 5274 de
3104 5216 3240 5273 cmlo
3263 5215 3407 5270 venit
3435 5215 3488 5268 in
3507 5223 3624 5269 utc-

2051 5379 2294 5452 Lectulus
2323 5389 2516 5452 noster.
2575 5449 2588 5452 _
2697 5446 2733 5452 _
2842 5446 2855 5452 _
2951 5445 2964 5452 ,
3286 5450 3294 5452 Α

2123 5463 2144 5490 ο
2177 5450 2310 5505 Cod.
2335 5450 2456 5504 Vat.
2480 5449 2664 5511 verba,
2689 5445 2984 5516 Requiescit
3010 5461 3223 5514 sponsa,
3244 5450 3385 5516 (διο.ὶ
3399 5445 3624 5516 omittit.

2119 5522 2146 5561 ἀ
2181 5521 2310 5587 Qum
2336 5520 2475 5573 hanc
2501 5527 2678 5571 notam
2710 5511 3248 5587 sequuntur,'omiss_a
3281 5514 3333 5568 in
3347 5511 3480 5587 Cod.
3499 5511 3621 5566 Vat.

2125 5605 2150 5632 ε
2178 5584 2310 5644 Cod.
2338 5589 2455 5642 Vat.
2480 5588 2624 5642 hunc
2652 5595 2706 5641 et
2728 5586 2963 5655 priorem
2991 5594 3193 5641 textum
3211 5584 3411 5655 jungit.

2127 5663 2146 5701 ῐ
2181 5660 2311 5716 Cod.
2342 5659 2462 5714 Vat.
2489 5671 2552 5711 ea
2577 5672 2698 5728 qua:
2727 5653 2911 5712 notam
2941 5664 3242 5727 sequuntur
3260 5653 3479 5710 omittit.
