4020 6188
463 276 569 394 6.57
1305 325 1366 378 Β.
1409 324 1468 378 F.
1511 319 1904 377 ALBINISEU
1946 315 2222 374 ALCUINI
2261 315 2542 373 OPERUM
2579 315 2852 374 PARS“.
3605 324 3712 381 ωδ

461 467 608 516 rum,
648 449 715 504 de
755 455 908 502 utero
945 445 999 498 in
1037 456 1296 512 praisepe,
1332 441 1398 496 de
1436 438 1661 510 praesepi
1707 437 1760 491 in
1791 449 2029 499 crucem,
2060 437 2108 495 A
2137 431 2280 486 ceria
2324 431 2465 486 valet
2504 433 2572 486 ad
2616 433 2969 487 munitionem
3011 433 3199 497 vinea,
3249 444 3302 488 et
3343 435 3412 490 de
3451 435 3716 508 lapidibus

461 541 529 596 de
551 553 712 595 cruce
738 540 792 590 in
818 533 1142 603 sepulcrum,
1172 533 1239 587 de
1267 530 1514 602 sepulcro
1543 529 1702 584 rediit
1732 529 1785 582 in
1813 525 2030 582 caelum.
2135 523 2224 578 hic
2251 523 2559 592 exponitur,
2589 523 2730 578 unde
2752 521 2918 578 Isaias
2942 540 2957 579 :
2997 521 3158 578 Vinea
3178 524 3321 594 facta
3345 536 3421 581 est
3445 527 3636 584 dilecto
3660 533 3716 586 in

457 628 578 699 Ipse
608 637 692 682 est
710 625 802 696 qui
826 623 1064 678 elevatus
1091 631 1174 677 est
1194 636 1354 691 super
1382 632 1571 674 omnes
1599 625 1810 672 montes
1838 624 1893 670 et
1925 613 2035 670 col—
2134 629 2318 679 cornu,
2363 618 2416 669 in
2450 614 2564 669 loco
2602 616 2768 678 uberi,
2814 625 2864 670 et
2905 618 3136 670 maceria
3175 618 3517 674 circumdedit
3555 621 3710 694 (Isai.

457 717 559 781 les,
587 716 638 771 id
665 721 770 779 est,
795 720 1104 768 sanctorum
1133 710 1463 766 altitudines.

2133 719 2185 770 v,
2214 705 2265 770 1,
2299 704 2376 776 2).
2425 707 2556 772 Qua:
2597 707 2833 761 maceria
2897 708 3197 763 custodiam
3244 709 3536 778 significat,
3589 715 3708 782 quia

529 807 690 861 Vens.
723 805 775 860 9.
797 834 870 846 -
890 803 1090 859 Similis
1117 801 1237 874 [est]
1265 801 1486 855 dilectus
1515 815 1659 853 meus
1689 811 1888 865 capreae
1919 794 2035 848 hin-
2136 795 2392 852 Dominus
2415 797 2715 852 circumdat
2737 797 3056 865 Ecclesium,
3085 815 3152 854 ne
3176 800 3574 858 immundorutn
3601 806 3703 874 spi-

457 897 682 968 nuloque
707 912 994 951 ceruorum.
1039 894 1096 948 In
1118 893 1490 963 assumptione
1513 889 1716 953 carnis,
1741 895 1796 942 et
1818 885 2036 942 humili-
2134 888 2334 942 rituum
2382 888 2600 944 incursu
2629 890 2831 944 vastari
2867 890 3057 960 possit.
3092 890 3320 946 Ostende
3357 894 3486 947 mihi
3527 895 3708 964 faciem

459 996 570 1042 tate
604 987 763 1060 [Cod.
801 984 945 1052 Vat.,
973 983 1327 1056 humanitate]
1379 998 1618 1052 caprea;
1670 981 1724 1033 in
1771 978 2035 1034 varietate
2133 987 2298 1032 tuam.
2328 978 2458 1045 Quae
2485 980 2539 1034 in
2566 980 2750 1035 abdito
2779 989 3000 1036 secreta:
3023 983 3240 1051 quietis,
3265 985 3418 1053 quasi
3445 985 3707 1051 columba,

457 1077 734 1141 virtutum,
767 1084 820 1130 et
849 1075 1158 1130 innocentia
1201 1074 1425 1128 hinnulo
1471 1085 1756 1127 cervorum
1785 1068 2034 1124 Christus
2135 1069 2451 1126 delitescere
2480 1071 2631 1140 cupis
2656 1083 2700 1134 ο,
2726 1085 2921 1140 precor
2949 1071 3002 1125 in
3029 1072 3275 1142 publicas
3314 1073 3557 1130 actiones
3585 1090 3709 1145 pro-

457 1173 823 1236 comparatur,
869 1165 921 1219 id
950 1172 1034 1220 est
1069 1164 1517 1235 patriarcharum.
1547 1161 1632 1214 En
1659 1163 1766 1230 ipse
1790 1168 1893 1214 stat
1920 1167 2034 1228 post
2133 1159 2286 1224 cede,
2314 1167 2370 1214 et
2393 1175 2461 1214 ex
2486 1161 2742 1230 operibus
2782 1161 3006 1216 ostende
3050 1160 3241 1217 faciem
3286 1161 3441 1235 [Cod.
3485 1164 3623 1232 Vat.,
3653 1165 3712 1220 ll-

455 1255 706 1325 parietetn
734 1264 987 1317 nostrum,
1013 1254 1289 1324 respiciens
1307 1269 1398 1322 per
1423 1251 1695 1320 fenestras,
1718 1249 2034 1319 prospiciens
2135 1249 2279 1322 dem]
2311 1259 2479 1306 tuam.
2519 1251 2680 1307 Sonet
2709 1270 2808 1306 uox
2843 1263 2934 1306 tua
2971 1255 3026 1306 in
3056 1255 3272 1310 auribus
3298 1257 3446 1310 meis.
3490 1257 3608 1312 Vox
3631 1259 3710 1314 vi-

456 1366 550 1418 per
593 1346 868 1402 cancellos.
919 1345 1140 1400 lndutus
1183 1343 1388 1412 pariete
1438 1347 1638 1395 nostrae
1690 1337 2035 1393 mortalitatis
2135 1339 2329 1395 delicet
2353 1340 2528 1396 laudis
2571 1350 2626 1395 et
2649 1343 3066 1411 praedicationis.
3105 1342 3217 1398 Vox
3243 1347 3381 1399 enim
3409 1357 3503 1400 tua
3520 1347 3708 1414 dulcis,

457 1441 644 1505 latuit;
683 1439 776 1494 sed
807 1435 1144 1507 prospiciens
1173 1435 1240 1488 ad
1270 1449 1367 1488 nos
1389 1446 1486 1502 per
1517 1431 1785 1486 cancellos
1808 1438 1862 1485 et
1890 1427 2038 1482 fene-
2134 1438 2182 1482 et
2202 1429 2362 1498 facies
2391 1440 2482 1484 tua
2502 1429 2664 1502 397
2687 1432 2895 1486 decora.
2923 1431 3070 1489 Illius
3095 1449 3327 1505 namque
3355 1451 3458 1490 vox
3485 1436 3713 1495 Domino

455 1539 617 1594 atras,
641 1529 768 1585 dum
805 1527 1059 1582 miracula
1087 1525 1233 1590 fecit,
1260 1525 1343 1579 vel
1367 1523 1520 1596 [Cod.
1565 1521 1704 1586 Vat.,
1731 1519 1903 1592 ut]ex
1931 1517 2033 1572 mi-
2136 1519 2305 1574 dulcis
2355 1528 2458 1586 est,
2508 1523 2595 1576 cui
2641 1521 2795 1577 dulce
2842 1533 2928 1578 εει
2985 1526 3151 1580 verba
3198 1526 3408 1582 Domini
3453 1531 3714 1598 proximis

454 1621 653 1676 raculis
680 1627 983 1690 appareret,
1006 1618 1096 1687 qui
1123 1632 1189 1670 ex
1219 1615 1560 1686 passionibus
1589 1612 1762 1666 latuit.
2133 1613 2437 1678 enuntiare,
2472 1613 2555 1668 vel
2586 1614 2688 1684 ipsi
2717 1616 2942 1671 Domino
2983 1617 3168 1674 laudes
3210 1634 3496 1687 resonare;
3527 1631 3584 1677 et
3626 1624 3713 1679 illa

527 1711 689 1766 Vsus.
723 1709 809 1764 10.
835 1741 905 1750 —
931 1709 997 1762 Et
1038 1708 1257 1761 dilectus
1300 1722 1443 1759 meus
1489 1703 1721 1774 loquitur
1759 1701 1903 1755 mihi.
1951 1699 2034 1754 Ad
2137 1699 2270 1754 ﬁdes
2301 1701 2493 1756 decora
2523 1710 2606 1757 est
2647 1720 2783 1772 quin,
2812 1707 3068 1774 operibus
3094 1716 3306 1772 ornata,
3338 1711 3566 1766 adversa
3602 1712 3710 1782 pati

455 1802 859 1873 [medicandum
900 1815 986 1854 me
1029 1799 1294 1860 hortatur,
1323 1797 1507 1851 dicens
1533 1813 1544 1848 :
1573 1793 1764 1863 Surge,
1784 1808 2025 1863 propera,
2061 1787 2108 1848 Β
2133 1804 2240 1843 non
2271 1791 2462 1845 metuit
2487 1789 2641 1864 [Cod.
2672 1792 2813 1855 Vat.,
2844 1811 2950 1850 non
2983 1796 3178 1869 timet].
3242 1841 3248 1847 .

454 1896 626 1949 amica
671 1911 785 1948 mea
824 1891 1093 1964 {columba
1140 1888 1277 1962 mea]
1320 1889 1553 1959 formosa
1603 1903 1741 1950 mea,
1793 1894 1840 1939 et
1891 1884 2024 1938 ueni.
2201 1879 2362 1936 Vens.
2394 1881 2745 1954 15.—-Capite
2765 1885 2911 1940 nobis
2928 1888 3378 1958 vulpesparvulas,
3404 1907 3522 1960 qua?
3537 1892 3710 1947 demo-

454 1984 628 2054 Surge
654 1983 720 2038 de
747 1991 919 2037 strato
947 1981 1166 2051 quietis,
1197 1982 1248 2036 in
1275 1995 1383 2050 quo
1418 1979 1611 2033 tuimet
1651 1977 1818 2031 solius
1841 1991 2030 2032 curam
2129 1970 2330 2025 liuntur
2359 1974 2550 2028 vineas.
2595 1975 2652 2029 ld
2679 1985 2765 2031 est
2783 2017 2798 2041 ,
2829 1978 3028 2032 vincite
3056 1979 3340 2036 hmreticos
3372 1989 3426 2036 et
3453 1983 3712 2038 schisma-

451 2091 614 2146 agere
640 2075 861 2145 quaeris.
906 2073 1142 2142 Propera
1172 2081 1227 2127 et
1260 2073 1380 2126 veni
1413 2071 1480 2126 ad
1510 2069 1833 2139 implendam
1862 2069 2026 2122 etiam
2131 2061 2265 2116 ﬁcos
2292 2102 2306 2126 ,
2352 2064 2605 2132 parvulos
2633 2063 2789 2136 [Cod.
2829 2063 2969 2129 Vat.,
3009 2068 3228 2143 pravos]
3257 2069 3390 2134 ﬁde,
3417 2080 3472 2127 et
3500 2072 3713 2128 dolosos

452 2167 714 2238 proximis
741 2179 929 2220 curam
977 2165 1168 2220 salutis
1195 2178 1293 2232 per
1329 2164 1565 2217 studium
1608 2159 1809 2215 sedulae
1835 2159 2039 2230 praedi-5

2129 2153 2295 2208 verbo
2321 2195 2335 2220 ,
2389 2155 2484 2223 qui
2530 2156 2689 2211 dente
2729 2173 2908 2226 prava:
2961 2160 3218 2216 doctrina:
3262 2164 3421 2218 rudes
3477 2165 3709 2220 fidelium

452 2257 703 2314 ωιευυίε,
2130 2252 2339 2300 mentes
2383 2245 2625 2301 lacerare
2655 2247 2846 2303 solent.
2889 2248 3030 2302 Nam
3057 2251 3204 2306 rinea
3225 2262 3401 2307 nostra
3426 2255 3630 2323 ﬂoruit.
3657 2255 3712 2310 ld

527 2349 688 2404 Vens.
719 2348 806 2402 11.
832 2345 1048 2400 —Jam
1077 2345 1214 2398 enim
1241 2345 1404 2397 hiems
1431 2343 1663 2405 transiit,
1703 2341 1866 2395 imber
1902 2340 2030 2394 abiit
2129 2342 2231 2398 est.
2263 2333 2370 2390 late
2393 2333 2686 2391 eleClOl‘um
2714 2337 2898 2406 plebes
2930 2341 3254 2410 germinant-

451 2449 501 2494 et
526 2439 752 2493 recessit.
799 2435 919 2491 lam
949 2436 1116 2506 frigus
1161 2435 1514 2497 inﬁdelitatis,
1544 2441 1599 2487 ει
1629 2433 1802 2487 imber
1827 2432 2030 2501 iniqui-

2202 2424 2364 2479 Vens.
2393 2425 2478 2479 l6.
2498 2457 2568 2466 —
2597 2426 2829 2481 Dilectus
2852 2445 2996 2483 meus
3017 2431 3164 2483 mihi.
3193 2429 3249 2485 ld
3277 2440 3382 2496 est,
3416 2433 3562 2488 solus
3584 2434 3710 2490 mibi

455 2528 583 2582 tatis
613 2534 969 2590 recesserunt,
1000 2522 1120 2592 quia
1163 2532 1334 2578 totum
1379 2523 1568 2577 orbem
1599 2535 1769 2590 usque
1799 2521 1865 2575 ad
1897 2528 2032 2575 tem-
2131 2520 2379 2587 dilectus,
2403 2531 2458 2578 ct
2485 2522 2630 2578 solus
2658 2523 2788 2579 mihi
2826 2521 3039 2592 adjutor
3059 2535 3160 2580 est.
3207 2525 3275 2580 Et
3313 2544 3406 2598 ego
3454 2527 3554 2580 illi.
3589 2527 3710 2584 Sola

452 2633 554 2690 pus
583 2617 872 2672 Dominica:
905 2613 1293 2668 incarnationis
1323 2614 1591 2682 tegebant.
2131 2627 2249 2666 sum
2275 2613 2494 2678 dilecta,
2521 2615 2646 2684 quia
2665 2615 2809 2670 nulla
2855 2617 2957 2671 alia
2987 2615 3140 2689 [Cod.
3183 2617 3320 2684 Vat.,
3344 2620 3524 2675 nullus
3553 2619 3709 2693 alius]

525 2707 687 2763 Vens.
713 2705 801 2760 {2.
825 2702 1102 2757 —Flores
1131 2711 1485 2773 apparuerunt
1527 2702 1584 2754 in
1623 2711 1782 2755 terra.
1830 2700 1887 2755 ld
1924 2710 2026 2764 est,
2132 2711 2276 2757 recte
2316 2701 2489 2774 diligit
2528 2702 2824 2770 Christum,
2854 2707 2956 2762 nisi
2995 2707 3151 2763 unica
3192 2707 3452 2776 Ecclesia,
3490 2720 3546 2766 et
3570 2709 3712 2764 nulla

451 2801 606 2857 initia
631 2798 755 2854 ﬁdei
781 2806 836 2853 ει
849 2795 1071 2864 iustitiae
1093 2793 1394 2848 floruerunt
1423 2793 1477 2845 in
1503 2793 1724 2857 mundo,
1753 2802 2032 2848 crescente
2130 2793 2233 2848 alia
2274 2795 2340 2849 ab
2362 2810 2428 2850 eo
2469 2796 2724 2867 diligitur.
2761 2794 2865 2862 Qui
2905 2799 3141 2868 pascitur
3165 2800 3303 2854 inter
3327 2799 3461 2854 lilia.
3493 2799 3550 2853 1d
3593 2810 3710 2862 est,

451 2892 712 2949 Ecclesia.
748 2890 968 2959 Tempus
993 2887 1278 2958 putationis
1307 2885 1533 2939 advenit.
1579 2884 1635 2939 1d
1657 2893 1760 2950 est,
1789 2893 2031 2954 amputa-
2131 2885 2392 2940 munditia
2423 2884 2545 2940 ﬁdei
2571 2895 2627 2941 et
2655 2888 2888 2942 candore
2920 2888 3201 2943 virtutum.

449 2987 520 3041 tis
550 2984 828 3040 inutilibus
865 2995 1017 3034 vana:
1057 2977 1336 3048 religionis
1375 2977 1665 3031 sarmentis
1703 2975 1881 3031 futuro
1907 2975 2028 3031 ﬁdei
2201 2975 2362 3031 Vens.
2400 2973 2485 3029 l7.
2511 3008 2580 3016 —
2616 2976 2788 3032 Donec
2815 2980 3005 3049 aspiret
3031 2980 3160 3044 dies,
3193 2991 3239 3034 et
3262 2981 3579 3037 inclinentur
3607 3000 3713 3037 um-

450 3075 647 3132 fru'etui
677 3080 1050 3146 praeparantur
1072 3065 1157 3142 [ϐ.
1197 3066 1281 3135 γ.,
1309 3067 1701 3142 praeparentur]
1742 3068 1904 3124 corda
1933 3069 2030 3124 ho-
2055 3125 2099 3146 Α
2132 3065 2258 3120 brtc.
2311 3065 2491 3121 Donec
2540 3068 2751 3121 venturi
2804 3068 2985 3122 surculi
3035 3069 3125 3123 lux
3149 3071 3356 3125 oriatur
3402 3080 3622 3138 aeterna,
3658 3082 3715 3130 et

448 3125 695 3220 minum.l
725 3125 834 3215 νοῖι
877 3125 1098 3212 turturis
1133 3125 1327 3211 audita
1357 3167 1430 3211 est
1469 3159 1524 3210 in
1561 3125 1701 3211 terra
1743 3169 1943 3222 nostra,
1973 3158 2029 3212 id
2053 3125 2100 3188 α
2131 3157 2355 3222 umbrae,
2385 3157 2437 3211 id
2461 3165 2550 3232 est
2567 3173 2780 3213 errores
2805 3161 3086 3229 praesentis
3113 3163 3256 3227 vitae,
3283 3171 3578 3219 transeant.
3608 3125 3713 3220 lle-

447 3265 554 3321 est,
582 3254 782 3310 Christi
812 3251 1109 3307 Salvatoris
1155 3250 1328 3304 nostri
1355 3249 1586 3304 dicentis
1615 3267 1629 3305 :
1662 3249 2028 3304 Pcnitentiam
2132 3258 2345 3313 uertere,
2376 3248 2562 3303 similis
2598 3259 2705 3304 esto
2725 3290 2740 3316 ,
2767 3249 2952 3305 dilecte
2979 3253 3067 3314 mi,
3115 3270 3319 3324 caprea
3364 3265 3455 3309 aut
3493 3255 3714 3310 hinnulo

449 3349 608 3418 agite,
644 3343 1072 3416 appropinquavit
1111 3340 1248 3393 enim
1288 3355 1504 3409 regnum
1536 3337 1780 3392 caelorum
1809 3337 2024 3410 (Matth.
2130 3353 2398 3393 cervorum
2435 3356 2592 3410 super
2623 3351 2820 3395 montes
2867 3340 3066 3396 Bethel.
3112 3341 3372 3410 Obsecro,
3397 3344 3585 3400 dilecte
3613 3346 3713 3410 mi,

450 3456 536 3502 ιιι,
567 3437 644 3508 2).
2130 3437 2190 3482 ut
2211 3429 2408 3500 saepius
2435 3429 2715 3486 dulcedine
2742 3440 2846 3486 tuae
2865 3431 3190 3488 visitationis
3202 3435 3493 3490 revertaris
3519 3435 3584 3489 ad
3605 3449 3712 3499 me,

525 3527 689 3584 Vens.
728 3525 814 3580 l3.
838 3553 908 3564 ——
933 3519 1095 3575 Ficus
1129 3518 1346 3591 protulit
1392 3534 1597 3587 grossos
1626 3533 1769 3571 suos.
1821 3518 2031 3573 Veteris
2131 3522 2254 3588 quia
2281 3537 2406 3576 cum
2453 3537 2619 3578 carne
2643 3563 2658 3589 ,
2707 3539 2874 3595 quam
2920 3526 2986 3582 de
3028 3527 3457 3597 patriarcharum
3505 3529 3714 3597 origine

448 3618 584 3690 legis
615 3623 884 3687 praecepta
927 3611 1260 3667 ceciderunt.
1328 3607 1500 3663 Vinea:
1525 3610 1769 3680 florentes
1819 3609 2029 3664 odorem
2130 3610 2426 3680 sumpsisti,
2454 3625 2617 3680 super
2637 3612 2976 3668 altitudinem
2999 3628 3214 3668 omnem
3237 3613 3533 3669 caelestium
3559 3629 3715 3670 mon-

451 3712 730 3774 dederunt,
767 3708 945 3770 idest,
993 3704 1333 3774 evangelicus
1377 3704 1606 3774 pOpulus
1645 3718 1738 3758 seu
1768 3703 1903 3758 vites
1935 3702 2032 3758 ﬁo—
2131 3702 2265 3754 tium
2323 3701 2635 3767 ascendisti,
2682 3711 2743 3759 ut
2798 3703 3039 3760 laborem
3081 3705 3528 3775 peregrinationis
3575 3719 3712 3760 mete

453 3809 635 3856 rentes
677 3807 878 3854 sancta:
922 3794 1349 3851 conversationis
1372 3794 1594 3849 odorem
1635 3793 1793 3864 longe
1819 3793 2032 3863 lateque
2131 3793 2499 3863 speculatione
2518 3801 2732 3850 aeternae
2754 3796 2944 3866 patria:
2964 3796 3170 3852 releves
3201 3793 3355 3868 [Cod.
3393 3794 3541 3862 Vat.,
3568 3810 3716 3852 reve-

451 3893 734 3948 dederuut.
764 3886 950 3960 Surge,
976 3889 1146 3942 amica
1170 3903 1308 3953 mea,
1331 3888 1566 3958 speciosa
1597 3903 1713 3940 mea
1741 3899 1789 3952 ι,
1822 3895 1869 3941 et
1893 3887 2028 3941 veni.
2133 3882 2257 3958 les].

453 3983 499 4041 0
525 3996 719 4054 sponsa
751 3988 804 4035 et
829 3981 1002 4035 amica
1027 3993 1168 4042 mea,
1195 3977 1282 4033 cui
1311 3986 1460 4032 tanta
1485 3976 1653 4032 obtuli
1679 3976 1839 4041 bona,
1870 3991 2032 4045 surge
2745 3976 2973 4034 CAPUT
3011 3978 3097 4034 Ill.

450 4083 505 4130 et
525 4073 670 4142 veni,
696 4081 750 4127 et
784 4071 1004 4142 accinge
1048 4077 1102 4124 te
1147 4068 1214 4123 ad
1243 4075 1539 4131 certamen,
1587 4067 1729 4121 unde
1772 4075 2030 4121 aeternam
2208 4068 2365 4122 Vens.
2401 4069 2450 4120 l.
2476 4099 2546 4108 —
2571 4067 2637 4122 In
2667 4067 2855 4122 lectulo
2892 4085 3004 4125 meo
3043 4087 3135 4141 per
3175 4080 3347 4124 noctes
3387 4069 3545 4144 [Cod.
3571 4072 3709 4134 Vat.,

451 4166 687 4240 quietem
719 4164 974 4232 accipias.
2133 4157 2356 4231 noctem]
2386 4159 2632 4230 quirsivi,
2659 4175 2812 4230 quem
2837 4158 3009 4231 diligit
3037 4161 3213 4213 anima
3243 4177 3391 4226 mea;
3426 4162 3641 4232 quesiri
3665 4171 3712 4215 et

521 4261 687 4316 Vens.
718 4255 804 4310 14.
825 4285 898 4296 —
917 4250 1170 4307 Columba
1197 4265 1349 4312 mea;
1380 4261 1476 4316 per
1504 4248 1828 4302 infusionem
1859 4247 2031 4316 Spiri-
2134 4267 2236 4305 non
2259 4251 2430 4306 inueni
2459 4250 2609 4306 illum
2635 4250 2792 4326 [Cod.
2828 4251 2976 4318 Vat.,
3001 4253 3216 4322 quasivi
3252 4251 3403 4307 illum
3433 4262 3482 4307 et
3504 4269 3610 4306 non
3636 4253 3716 4307 in.

453 4361 539 4406 tus
566 4346 759 4404 sancti.
803 4343 871 4398 In
907 4338 1254 4412 foraminibus
1292 4347 1470 4408 petrae,
1510 4337 1566 4390 in
1592 4337 1823 4390 cavernis
1860 4352 2032 4391 mace-
2133 4340 2290 4414 ueni].
2321 4341 2442 4397 Jam
2465 4341 2690 4408 dudum,
2722 4342 2925 4413 inquit,
2959 4342 3127 4398 multo
3153 4343 3329 4398 studio
3357 4343 3584 4412 quaesivi
3612 4343 3715 4417 Dp-

451 4444 566 4495 τίω.
594 4439 653 4494 ld
676 4443 779 4500 est,
801 4430 1135 4494 vulneribus,
1163 4443 1282 4499 qua:
1305 4443 1404 4498 pro
1429 4426 1599 4482 salute
1619 4443 1830 4498 sponsa:
1857 4427 2030 4498 Spon-
2061 4478 2112 4539 υ
2135 4433 2362 4497 minum,
2403 4433 2498 4488 sed
2531 4447 2650 4502 quae
2671 4431 2826 4504 [Cod.
2873 4429 3019 4498 Vat.,
3050 4431 3199 4506 quia]
3231 4433 3407 4489 adhuc
3449 4433 3713 4488 illecebris

450 4547 547 4587 sus
591 4525 826 4595 accepit;
876 4531 933 4578 et
958 4536 1188 4576 caverna
1236 4521 1506 4585 maceriae,
1553 4520 1605 4575 id
1633 4528 1747 4585 est,
1787 4520 2029 4575 custodia
2062 4520 2110 4539 "
2134 4523 2316 4577 carnis
2359 4537 2495 4578 mete
2521 4523 2732 4578 subdita
2763 4521 2878 4588 fui,
2917 4531 2971 4578 et
3000 4525 3239 4579 tenebris
3262 4523 3535 4596 profunda:
3560 4523 3713 4594 igno—

453 4620 713 4673 virtutum
767 4612 1068 4669 caelestium
1109 4613 1159 4666 δ.
1216 4612 1274 4666 ln
1323 4609 1678 4666 foraminibus
1725 4620 1892 4681 petra:
1934 4626 2029 4667 co-
2133 4613 2323 4668 rantiaa
2361 4614 2654 4679 obcaecata,
2692 4629 2798 4669 non
2823 4613 3002 4669 inveni
3032 4615 3211 4669 lumen
3246 4615 3508 4680 veritatis,
3551 4614 3604 4670 id
3629 4622 3718 4669 est

453 4708 633 4763 lumba
678 4706 872 4761 sedens
912 4702 1172 4768 nidiﬁcat,
1214 4717 1337 4756 cum
1373 4703 1426 4756 in
1471 4703 1722 4772 passione
1751 4701 2030 4757 Dominica
2134 4703 2439 4759 Dominum.

453 4813 604 4872 spem
629 4811 738 4852 sua:
763 4795 954 4851 salutis
978 4795 1129 4865 ponit
1158 4793 1420 4858 Ecclesia,
1448 4808 1568 4847 cum
1597 4793 1652 4846 in
1680 4792 2032 4848 Sacramenta
2201 4795 2364 4850 Vens.
2391 4794 2754 4866 2.—Surgam
2774 4804 2822 4849 et
2835 4797 3065 4850 circuibo
3092 4797 3373 4864 civitatem,
3395 4814 3490 4867 per
3511 4801 3648 4854 vicos
3668 4807 3718 4851 et

454 4891 646 4948 mortis
671 4888 808 4957 ejus,
831 4888 898 4942 ab
928 4885 1138 4941 insidiis
1161 4886 1333 4939 hostis
1359 4884 1590 4954 antiqui,
1619 4883 1770 4952 quasi
1814 4898 1844 4936 a
1875 4892 2031 4953 raptu
2130 4889 2329 4957 plateas
2367 4903 2599 4958 quaram
2626 4927 2641 4952 ,
2689 4902 2842 4958 quem
2871 4885 3040 4958 diligit
3079 4889 3257 4941 anima
3300 4904 3436 4942 mea.
3489 4886 3720 4954 Ωιιωεὶνὲ

453 4982 750 5052 accipitris,
777 4994 895 5035 sese
926 4979 1087 5034 tutari
1116 4977 1355 5042 conﬁdit,
1384 4986 1439 5032 et
1483 4977 1536 5031 in
1567 4977 1755 5031 eodem
1781 4975 2034 5046 spiritua-
2131 4977 2302 5042 illum,
2329 4989 2378 5033 et
2407 4995 2507 5033 non
2540 4979 2732 5032 inveni.
2755 4977 3018 5048 Proposui
3051 4979 3233 5032 animo
3261 4992 3403 5042 meo,
3435 4978 3504 5032 de
3523 4977 3722 5032 lectulo

454 5074 586 5129 lium
613 5072 865 5136 ﬁliorum,
898 5071 950 5126 id
972 5080 1054 5126 est
1074 5071 1356 5134 virtutum,
1388 5069 1627 5123 sobolem
1661 5083 1848 5123 creare
1889 5077 2035 5125 sata-
2134 5071 2428 5125 carnalium
2459 5069 2794 5140 voluptatum
2830 5083 3073 5140 surgere,
3123 5077 3297 5124 terras
3324 5085 3386 5126 ac
3413 5071 3590 5124 maria
3617 5069 3723 5124 cir-

453 5165 552 5236 git.
587 5163 738 5219 Unde
771 5161 1034 5218 Jeremias
1080 5162 1132 5217 in
1174 5175 1404 5230 persona
1447 5160 1601 5216 Moab
1646 5160 1928 5217 haereticos
1965 5162 2033 5216 ad
2134 5162 2304 5226 cuire,
2336 5170 2390 5216 et
2416 5161 2855 5232 philosophorum
2884 5160 3036 5216 adire
3065 5160 3374 5232 magisteria
3401 5157 3722 5231 [Cod.Vat.,

455 5257 718 5310 unitatem
751 5253 986 5308 invitans
1012 5254 1088 5308 ait
1120 5271 1132 5305 :
1165 5252 1460 5324 Relinquite
1481 5254 1710 5308 civitates
1735 5263 1783 5308 et
1808 5254 2036 5309 habitate
2135 5254 2491 5329 ministeria];
2531 5255 2624 5309 sed
2655 5269 2755 5308 nec
2793 5254 2871 5308 sic
2897 5254 3078 5309 inveni
3113 5253 3283 5308 illum.

456 5347 510 5399 in
541 5355 686 5416 petra
710 5345 1025 5399 habitatores
1057 5343 1248 5408 Moab;
1275 5354 1434 5399 estote
1452 5346 1602 5415 quasi
1624 5345 1862 5400 columba
1892 5345 2033 5400 nidi—
2206 5347 2368 5402 Vens.
2397 5343 2844 5400 3.—Invenerunt
2870 5361 2950 5400 me
2965 5345 3206 5400 custodes
3234 5343 3388 5417 [Cod.
3414 5345 3561 5409 Vat.,
3585 5344 3720 5413 vigi-

454 5438 622 5506 ﬁcans
655 5437 711 5491 in
736 5451 938 5491 summa
964 5452 1053 5490 ore
1081 5435 1356 5505 foraminis
1395 5435 1530 5506 (Jer.
1553 5451 1742 5502 ιινιιι,
1773 5436 1887 5509 28).
1919 5436 2032 5490 Μελ-
2135 5435 2231 5510 les]
2257 5438 2346 5508 qui
2383 5435 2680 5489 custodiunt
2702 5436 2985 5490 civitatem.
3032 5437 3357 5510 Numqum
3397 5435 3582 5491 dilexit
3607 5434 3722 5489 ani-

527 5595 552 5664 ξ
584 5582 870 5664 Cod.Vat.,
897 5584 1088 5656 Surge,
1109 5604 1298 5658 sponsa
1323 5605 1456 5654 mea,
1484 5590 1655 5664 amica
1667 5607 1813 5664 inea,
1829 5600 1876 5644 et
1900 5590 2032 5664 peni.
2205 5603 2229 5664 ε
2249 5591 2380 5664 Cod.
2403 5592 2547 5656 Vat.,
2566 5591 2792 5651 Ostende
2815 5595 2943 5649 mihi
2963 5593 3151 5664 faciem
3169 5592 3720 5664 tuam._Precor,etc.,

530 5653 557 5690 ι’
590 5653 664 5707 Ea
687 5669 806 5724 quia
829 5657 970 5710 hanc
990 5653 1172 5712 notam
1194 5653 1492 5727 sequuntur
1511 5659 1641 5715 Cod.
1667 5661 1786 5714 Vat.
1811 5660 2030 5716 omittit.
2135 5663 2409 5734 prioribus
2447 5653 2680 5719 omissis.
2963 5653 2975 5664 ”
3341 5658 3354 5668 ’

463 5739 652 5794 omne,
684 5725 907 5779 Ostende
936 5725 1082 5780 mihi.
