4020 6188
347 230 448 288 619
1215 236 1623 294 EXEUETICA.
1662 270 1736 281 —
1771 241 2218 306 COMPENDIUM
2254 249 2324 306 IN
2359 251 2557 310 CANT.
2601 255 2802 314 CANT.
3501 267 3605 331 680

339 360 424 397 ma
454 354 569 396 mea
599 334 836 399 uidistis!
872 339 1069 418 Vigiles
1106 357 1248 415 sunt,
1285 353 1377 421 qui
1399 353 1707 412 custodiunt
1731 357 1890 414 Eccle
1947 365 1997 427 Α
2024 367 2252 436 gratiam
2281 371 2451 426 sancti
2474 371 2706 442 Spiritus
2727 389 2863 429 nova
2886 377 3157 445 nascitur;
3183 381 3237 436 in
3258 383 3601 456 quibusdam,

334 432 494 498 siam,
533 434 762 504 apostoli
786 444 840 490 et
863 436 1131 506 doctores,
1171 441 1260 509 qui
1285 444 1640 513 gentilitatem
1673 461 1920 507 veritatis
2024 432 2161 511 utin
2195 468 2320 514 ante
2359 432 2532 526 natis:
2565 464 2630 518 ad
2661 467 2898 523 ctelestia
2931 432 3221 542 colligitur.
3262 432 3378 530 l‘lon
3409 432 3599 545 fumo:

334 521 583 545 κηπηεη
615 523 893 545 ,,,,ε,,,μ,
952 527 1011 545 η,
1069 529 1082 545 ,
1145 527 1180 545 η
1227 541 1237 545 -
1482 534 1514 545 ..
1605 544 1608 545 ν
1708 537 1727 545 -
1773 539 1785 545 -

332 521 586 594 indagine
613 523 898 580 sollicitam
948 527 1101 597 (Cod.
1145 527 1284 591 ναι,
1325 532 1727 606 sollicitantem]
1770 539 1920 595 inve—
2020 547 2114 601 sed
2137 548 2353 618 virgulae
2380 550 2511 606 fumi
2540 555 2887 622 assimilatur,
2913 569 2972 614 ut
2998 521 3176 618 uncitas
3197 563 3319 620 ﬁdei
3345 521 3600 624 Ecclesia;

330 619 554 667 uerunt.
2017 637 2368 706 significetur.
2421 641 2655 712 Myrr/ue
2701 656 2749 699 et
2789 619 2990 715 thuris,
3040 660 3088 705 et
3117 653 3342 709 universi
3372 655 3599 728 pulveris

403 704 548 728 νη,
595 705 614 728 ι
746 706 834 728 ,μ
864 708 877 728 ,
921 711 934 728 ,
1290 724 1298 728 Α
1436 718 1491 728 ,.
1753 725 1763 728 _
1906 727 1913 728 ,

403 704 568 760 Vens.
587 705 640 760 4.
662 706 1023 766 —Paululum
1050 730 1166 767 cum
1188 718 1581 786 pertransissem
1608 737 1716 786 eos,
1747 725 1917 778 inveni
2013 728 2365 797 pigmentarii.
2388 731 2465 785 Ex
2487 734 2901 794 mortiﬁcatione
2921 742 3217 797 carnalium
3237 704 3594 816 voluptatum.

411 810 483 816 -n-
522 793 688 816 J.'I_'__'.
737 814 746 816 _
767 815 774 816 κ
803 798 816 816 9
840 815 845 816 ,
1121 803 1157 816 n
1411 806 1462 816 ..-
1791 812 1801 816 -

329 809 486 863 quem
515 793 688 865 diligit
726 798 904 852 anima
939 816 1074 854 mea.
1121 803 1254 856 Dum
1283 820 1370 860 me
1409 806 1620 862 illorum
1665 812 1914 880 magiste—
2013 793 2089 873 etv
2110 818 2344 888 puritate
2377 824 2715 889 orationum,
2748 836 2802 881 et
2831 831 3069 884 omnium
3111 793 3590 894 virtutumrodore.

324 886 409 940 rio
435 886 650 953 tradidi,
689 905 813 945 mox
844 892 1026 948 lumen
1061 897 1328 963 veritatis,
1376 902 1517 968 quod
1545 902 1634 957 diu
1658 907 1915 972 quresive-
2084 886 2246 964 \lsss.
2281 911 2516 967 7.—En
2544 886 2789 970 lectulum
2811 917 3108 975 Salomonis
3133 927 3408 994 sexaginta
3433 926 3594 997 fortes

320 992 442 1036 ram
491 980 644 1053 [Cod.
682 981 822 1048 Vat.,
858 989 998 1056 quod
1021 991 1300 1063 qumsivi],
1334 994 1535 1049 inveni.
1580 995 1744 1052 Tenui
1768 1016 1908 1067 eum,
2011 999 2248 1056 ambiunt
2289 1018 2353 1057 ea:
2389 1004 2690 1073 fortissimis
2741 1006 2932 1062 Israel.
2982 1011 3236 1067 Lectulus
3260 980 3594 1072 “Salomonis

321 1085 418 1123 nec
444 1069 726 1136 dimittam,
758 1074 920 1129 donec
947 1078 1276 1134 introducam
1306 1082 1454 1136 illum
1477 1087 1530 1139 in
1559 1086 1770 1142 domum
1797 1105 1912 1144 ma-
2007 1097 2092 1144 est
2117 1093 2457 1148 conversatio
2501 1093 2682 1163 quieta
2720 1104 3052 1153 sanctorum.
3107 1100 3396 1172 Sexaginta
3425 1104 3594 1161 fortes

317 1159 418 1213 tris
450 1172 578 1214 mea:
603 1172 649 1216 et
671 1163 725 1216 in
753 1164 1046 1221 cubiculum
1072 1171 1338 1239 genitricis
1361 1188 1507 1228 metr.
1546 1174 1714 1234 Tenui
1749 1179 1904 1252 [Cod.
2007 1183 2132 1228 snnt
2167 1178 2338 1232 sancti
2365 1159 2748 1248 praedicatores
2773 1192 2827 1238 et
2856 1183 3134 1241 fortissimi
3160 1159 3470 1257 bellatores,
3499 1194 3590 1261 qui

326 1245 474 1314 Vat.,
504 1259 660 1306 teneo
681 1254 946 1329 donec...]
980 1258 1128 1312 illum
1156 1260 1310 1315 ﬁrma
1341 1262 1444 1319 ﬁde
1474 1276 1528 1320 et
1564 1245 1784 1333 tenebo:
1813 1273 1908 1327 do-
2006 1265 2207 1320 mlﬂldo
2231 1245 2392 1322 Cordi?
2413 1269 2557 1340 digni
2585 1281 2711 1326 sunt
2740 1273 2908 1327 Deum
2938 1275 3139 1330 Videre-

311 1353 420 1394 nec
449 1340 502 1394 in
541 1341 647 1398 ﬁne
678 1346 857 1400 saeculi
899 1362 997 1416 per
1036 1349 1273 1406 ofﬁcium
1312 1357 1708 1424 praedicationis
1737 1362 1905 1419 intro-
2076 1355 2238 1410 VERS-
2273 1357 2326 1412 8-
2363 1389 2433 1398 —
2470 1359 2662 1416 Omnes
2714 1373 2940 1419 tenentes
2987 1365 3210 1436 gladios.
3265 1378 3316 1423 et
3341 1370 3411 1424 ad
3455 1371 3590 1428 bella

306 1427 509 1485 ducam
552 1433 701 1488 illum
723 1437 778 1490 in
815 1437 1031 1493 domum
1059 1481 1074 1505 ,
1127 1451 1181 1496 et
1211 1445 1386 1499 cubile
1419 1447 1742 1521 synagogge,
1784 1469 1904 1523 qua,
2001 1446 2310 1502 doctissimi.
2356 1450 2565 1506 Tenent
2591 1454 2734 1508 enim
2762 1427 3009 1524 gladium'
3029 1427 3286 1526 spiritus,
3323 1462 3466 1530 quod
3505 1472 3591 1517 est

307 1537 402 1578 me
427 1523 610 1593 genuit
655 1525 710 1580 in
758 1526 1017 1595 Domino,
1051 1539 1106 1585 et
1146 1531 1237 1588 ﬁet
1275 1551 1438 1591 unum
1476 1539 1617 1595 ovile
1655 1551 1709 1597 et
1758 1561 1897 1600 unus
1999 1541 2225 1596 verbum
2257 1543 2350 1599 Dei
2375 1582 2390 1609 ι
2435 1546 2550 1614 qui.
2585 1548 2728 1617 quod
2761 1546 2781 1619 [
2811 1546 2941 1602 ϐοά.
2994 1523 3132 1617 νᾶεο,
3181 1523 3463 1626 quidquid]
3491 1570 3588 1611 ore

305 1623 515 1684 pastor.

1995 1632 2226 1699 docent,
2271 1651 2434 1706 Opere
2466 1639 2753 1710 complent.
2795 1640 3222 1715 Uniuscujusque
3261 1648 3400 1702 ensis
3433 1665 3589 1718 super

382 1725 543 1781 vus.
570 1727 622 1781 εις⁸
649 1759 722 1770 __
735 1729 937 1802 Adjum
954 1748 1058 1801 vos,
1081 1736 1208 1806 ﬁlia,
1227 1739 1544 1809 Jerusalem,
1568 1763 1661 1817 per
1679 1765 1894 1820 capreas
1926 1712 1974 1777 Β
1999 1720 2171 1790 femur
2192 1740 2346 1778 suum
2359 1736 2584 1820 propter
2623 1729 2830 1784 timores
2877 1741 3178 1787 nocturnos.
3225 1734 3487 1792 Nocturni
3516 1738 3585 1792 ti-

303 1831 582 1888 cervosque
612 1837 937 1892 camporum,
968 1842 1031 1880 ne
1056 1830 1317 1885 suscitatis
1348 1850 1510 1904 neque
1540 1837 1784 1907 evigilare
1815 1841 1895 1910 fa-

299 1909 458 1963 ciatis
482 1909 747 1978 dilectam,
770 1915 933 1971 donec
959 1919 1072 1988 ipsa
1090 1919 1228 1974 velit.
1258 1923 1314 1977 In
1340 1927 1708 1995 superioribus
1732 1909 1893 2001 spon-

297 2013 420 2052 sam
456 2015 564 2055 non
598 2002 904 2062 invenimus
942 2010 1009 2063 ad
1039 2011 1276 2080 quietem
1321 2029 1511 2070 somno
1545 2021 1886 2087 pervenisse;

294 2090 395 2144 sed
419 2093 600 2161 potius
635 2095 700 2150 de
722 2096 919 2153 lectulo
941 2101 1309 2168 exsilientem,
1345 2105 1527 2162 labore
1554 2111 1792 2168 maximo
1821 2115 1889 2171 ad

293 2180 662 2241 inventionem
707 2188 884 2245 dilecti
924 2194 1007 2247 sui
1034 2210 1386 2265 properasse;
1432 2207 1487 2253 et
1511 2203 1781 2269 quomodo
1807 2205 1888 2259 di-

291 2271 489 2337 lectus,
519 2290 590 2330 ne
623 2292 743 2331 eam
793 2281 1088 2352 exagitent,
1122 2284 1335 2353 adjurat
1385 2289 1522 2344 ﬁlias
1563 2290 1882 2349 Jerusalem.

290 2359 402 2416 Sed
444 2361 583 2420 forte
616 2367 796 2423 anima
827 2369 915 2424 illa
942 2371 1082 2428 felici
1125 2377 1297 2445 sopita
1328 2394 1540 2449 sopore,
1571 2398 1690 2451 qua:
1726 2385 1779 2438 in
1805 2386 1886 2440 di-

287 2451 422 2506 vino
447 2468 633 2510 amore
657 2459 806 2513 novit
833 2461 1133 2530 quiescere,
1164 2466 1368 2522 claudit
1396 2471 1611 2524 oculum
1639 2473 1692 2527 in
1727 2483 1882 2530 exte-

287 2543 530 2599 rioribus
551 2548 748 2612 cordis,
781 2559 834 2604 et
860 2553 1032 2620 aperit
1059 2555 1112 2608 in
1145 2557 1513 2614 interioribus.
1544 2561 1733 2618 Merito
1753 2579 1884 2637 ergo

284 2632 610 2701 adjurantur
650 2637 771 2694 ﬁlite
817 2640 1148 2708 Jerusalem,
1198 2663 1266 2702 ne
1296 2652 1560 2705 suscitent
1603 2652 1878 2721 dilectam,

285 2723 342 2776 id
370 2733 475 2790 est,
524 2742 590 2781 ne
619 2739 855 2786 mentem
883 2733 991 2789 Deo
1020 2735 1268 2791 devotam
1298 2740 1366 2793 ab
1394 2740 1693 2798 intentione
1739 2745 1880 2800 desi-

285 2815 426 2869 derii
477 2819 716 2876 ctelestis
759 2824 1066 2893 importuna
1113 2829 1412 2901 irruptione
1454 2836 1784 2906 praepediant
1828 2852 1875 2892 τι.

285 2905 577 2977 Repetitur
605 2912 692 2967 hic
723 2913 874 2970 locus
900 2917 952 2970 in
981 2917 1203 2975 Cantico
1232 2923 1456 2988 amoris,
1494 2933 1552 2978 ut
1573 2905 1678 2980 non
1707 2928 1878 2983 mino-

286 3015 402 3054 rem
429 3017 487 3056 se
521 3003 778 3062 Dominus
805 3024 993 3064 curam
1023 3011 1276 3068 Ecclesia:
1310 3015 1374 3070 de
1409 3018 1658 3086 gentibus
1685 3035 1876 3090 gerere

285 3089 535 3161 designet
560 3134 574 3158 ,
605 3110 765 3164 quam
795 3099 1050 3157 Ecclesiae
1079 3104 1318 3161 collectae
1357 3107 1422 3161 de
1461 3089 1872 3179 JudaeissQuod

283 3183 433 3238 enim
457 3185 672 3254 adjurat
697 3189 832 3245 ﬁlias
854 3231 868 3257 ,
899 3209 966 3248 ne
995 3196 1256 3250 suscitent
1294 3196 1569 3266 dilectam,
1597 3203 1670 3256 ita
1699 3212 1876 3274 potest

284 3275 490 3346 accipi,
518 3281 661 3348 quod
687 3285 966 3353 prtecipiat
1005 3286 1086 3342 eis
1106 3328 1120 3352 ,
1149 3289 1240 3357 qui
1283 3290 1349 3345 de
1391 3290 1591 3348 Judzeis
1621 3295 1674 3349 in
1713 3296 1871 3352 ﬁdem

281 3380 700 3438 prtecesserunt,
730 3389 798 3428 ne
818 3375 1115 3445 inquietent
1133 3395 1227 3434 eos
1251 3398 1264 3446 ;
1286 3381 1463 3452 'neque
1489 3386 1659 3453 quieti
1683 3401 1871 3442 eorum

283 3460 677 3529 contradicant,
709 3465 801 3532 qui
831 3467 896 3521 de
925 3469 1238 3537 gentilitatis
1267 3487 1450 3528 errore
1472 3476 1539 3530 ad
1566 3475 1723 3532 fidem
1750 3492 1872 3548 per-

284 3561 579 3608 venerunt.

350 3661 523 3732 398
577 3665 740 3722 Vens.
776 3666 828 3722 6.
859 3701 930 3709 -
964 3671 1094 3737 Quae
1123 3684 1197 3728 est
1229 3677 1331 3730 ista
1357 3694 1476 3748 qua:
1512 3682 1743 3735 ascendit
1777 3701 1870 3754 per

275 3749 586 3809 desertum?
622 3757 846 3814 Miratur
878 3761 1157 3837 Synagoga
1192 3771 1460 3836 quomodo
1499 3773 1737 3840 gentium
1773 3749 1870 3844 po-

277 3845 458 3912 pu‘lus,
500 3847 646 3902 nullo
691 3850 1116 3910 circumcisionis
1163 3859 1460 3914 ministerio
1513 3864 1864 3930 emundatus,

279 3936 426 3990 nulla
463 3939 849 4007 prophetarum
877 3945 1241 4001 admonitione
1275 3949 1538 4015 eruditus,
1588 3953 1767 4007 subito
1798 3957 1866 4010 ab

279 4027 480 4084 inﬁmis
500 4030 864 4100 voluptatibus
891 4050 988 4104 per
1006 4035 1279 4094 desertum
1300 4035 1640 4111 gentilitatis,
1673 4053 1727 4101 et
1750 4047 1867 4103 ido-

276 4117 509 4176 lolatriae
529 4123 597 4176 ad
616 4123 724 4178 alta
751 4125 1009 4181 virtutum
1036 4128 1270 4184 culmina
1294 4139 1348 4186 et
1372 4131 1564 4204 Sponsi
1586 4137 1865 4206 amplexus

277 4211 610 4267 ascendisset
639 4214 687 4268 δ.
737 4212 902 4286 Cujus
931 4217 1064 4274 ﬁdes
1092 4234 1157 4274 eo
1190 4221 1413 4290 majoris
1460 4233 1544 4279 est
1581 4227 1861 4294 miraculi,

277 4314 382 4368 quo
425 4302 568 4358 hanc
593 4320 825 4375 superne
866 4319 1174 4380 susceptam
1225 4313 1610 4372 invincibiliter
1657 4329 1858 4386 servat,

1992 1826 2173 1868 mores
2200 1822 2327 1869 sunt
2358 1816 2569 1872 insidia:
2596 1820 2908 1875 tentationis
2931 1823 3174 1879 occultae.
3206 1825 3367 1882 Ensis
3397 1835 3578 1884 autem

1991 1909 2073 1955 est
2087 1905 2330 1959 custodia
2343 1905 2592 1974 vigilans.
2616 1908 2795 1963 carnis
2816 1912 3282 1981 concupiscentias
3301 1928 3575 1984 premens.

1991 2005 2060 2046 ne
2096 1993 2318 2048 verbum
2347 1996 2746 2064 praedicationis
2789 1999 3128 2055 immunditia
3165 2002 3292 2059 vita:
3319 2005 3576 2061 maculet.

2062 2082 2222 2138 Vens.
2255 2084 2308 2139 9.
2338 2115 2406 2124 —
2436 2083 2723 2142 Ferculum
2748 2088 2870 2157 fecit
2891 2091 2992 2144 sibi
3018 2090 3273 2148 Salomon
3299 2111 3390 2149 rea;
3423 2095 3491 2149 de
3514 2094 3577 2148 li-

1986 2171 2101 2240 gnis
2136 2171 2340 2227 Libani.
2373 2173 2659 2229 Ferculum
2696 2175 3002 2233 Salomonis
3031 2186 3115 2234 est
3151 2189 3338 2237 sancta
3384 2181 3575 2238 Eccle-

1986 2261 2098 2328 sia,
2145 2279 2264 2334 qute
2306 2265 2586 2328 credentes
2629 2267 2699 2321 ad
2750 2274 2967 2323 :eternte
3007 2268 3354 2327 beatitudinis
3392 2272 3578 2342 epulas

1983 2357 2144 2423 levat,
2171 2373 2292 2428 quae
2318 2358 2385 2414 de
2416 2358 2644 2415 fortibus
2672 2360 2874 2428 animo,
2904 2362 3058 2432 quasi
3079 2362 3241 2432 lignis
3266 2363 3574 2434 imputribi-

1984 2446 2143 2512 libus,
2181 2451 2492 2504 conStructa
2530 2457 2632 2504 est.

2055 2557 2217 2614 Vens.
2261 2560 2347 2614 50.
2378 2593 2448 2601 —
2483 2562 2767 2618 Columnas
2805 2565 2920 2634 ejus
2957 2567 3079 2634 fecit
3124 2578 3417 2637 argenteas.
3461 2568 3567 2624 Co:-

1981 2649 2176 2707 lumnte
2198 2660 2464 2723 argentea:
2485 2664 2608 2708 sunt
2631 2656 2883 2710 doctores
2905 2656 3102 2726 eloquii
3137 2658 3257 2713 luce
3282 2658 3569 2732 fulgentes.

1980 2739 2396 2796 Rcclinatorium
2445 2760 2683 2798 aureum.
2732 2745 3160 2801 Reclinatorium
3213 2764 3437 2804 aureum
3484 2759 3571 2804 est

1979 2845 2102 2900 spes
2131 2841 2406 2902 perpetuas
2427 2834 2625 2902 quietis
2649 2834 2896 2890 ﬁdelibus
2921 2838 3201 2906 promissae
3230 2838 3383 2910 [Cod.
3420 2838 3568 2906 Vah,

1976 2929 2303 2989 perpetua...
2336 2922 2648 2996 promissa].
2682 2923 2968 2979 Ascensum
2996 2943 3336 2998 purpureum.
3362 2927 3568 2985 Ascens

1978 3027 2070 3066 sus
2087 3027 2389 3083 purpureus
2411 3015 2540 3084 quid
2567 3015 2714 3071 aliud
2733 3024 2838 3084 est,
2870 3017 2974 3072 nisi
3003 3028 3302 3090 martyrum
3323 3023 3563 3093 sanguis,

1978 3111 2032 3157 et
2063 3105 2242 3173 passio
2272 3106 2648 3175 Redemptoris
2683 3109 2898 3163 nostri?
2935 3107 3071 3176 Quia
3107 3126 3214 3165 non
3256 3114 3566 3170 ascenditur

1975 3191 2042 3246 ad
2070 3193 2255 3261 epulas
2274 3195 2420 3261 vitaz,
2447 3196 2550 3250 nisi
2578 3210 2674 3266 per
2697 3199 3016 3268 mysterium
3045 3200 3315 3268 passionis
3339 3201 3565 3259 Christi.

1975 3281 2156 3337 Media
2204 3285 2456 3339 cltaritate
2493 3288 2774 3342 constravit
2813 3297 3024 3358 propter
3059 3289 3202 3358 ﬁlias
3243 3291 3562 3348 Jerusalem.

1973 3372 2162 3429 Omnis
2201 3375 2346 3429 enim
2377 3376 2466 3445 qui
2497 3375 2818 3432 charitalem
2858 3378 3024 3433 habet
3066 3379 3162 3434 Dei
3197 3387 3252 3435 et
3289 3382 3519 3450 proximi
3545 3419 3562 3447 ι

1973 3463 2041 3517 ad
2069 3464 2208 3520 hanc
2243 3466 2486 3535 requiem
2512 3503 2527 3531 ,
2571 3468 2638 3522 ad
2684 3468 2784 3524 has
2831 3469 3016 3538 epulas
3064 3470 3217 3526 laetus
3262 3473 3560 3540 perveniet.

1973 3556 2100 3611 litec
2127 3557 2308 3612 omnia
2336 3567 2652 3612 ornamenta
2669 3559 2924 3613 Ecclesiae
2944 3562 3195 3629 praestitit
3222 3561 3471 3617 Christus
3489 3563 3561 3618 ob

1971 3648 2192 3702 nimiam
2208 3649 2524 3705 charitatem
2544 3664 2645 3717 qua
2671 3648 2859 3702 dilexit
2888 3665 2986 3705 nos
3014 3659 3072 3704 et
3090 3652 3306 3708 tradidit
3323 3654 3559 3724 seipsum

1969 3755 2070 3808 pro
2094 3740 2268 3794 nobis.

2041 3854 2204 3926 Vens.
2234 3855 2321 3909 ll.
2343 3885 2414 3895 —-
2433 3855 2762 3926 Egredimini
2777 3868 2835 3912 et
2859 3861 3039 3926 videte,
3056 3863 3185 3932 ﬁlia:
3207 3864 3358 3931 Sion,
3386 3885 3559 3939 regem

1970 3944 2327 4000 Salomonem.
2359 3947 2691 4017 Egredimini
2717 3958 2896 4005 mente
2921 3961 2976 4004 et
3012 3961 3136 4006 actu
3155 3954 3222 4008 de
3252 3959 3560 4013 turbulenta

1968 4036 2152 4090 mundi
2177 4038 2605 4104 conversatione,
2629 4047 2689 4092 ut
2709 4038 2910 4110 Regem
2931 4040 3082 4111 pacis
3105 4042 3329 4099 valeatis
3347 4046 3552 4100 videre.

1967 4125 2035 4181 In
2062 4128 2379 4193 diademate,
2422 4146 2524 4200 quo
2569 4132 2834 4186 coronavit
2859 4149 2974 4187 eum
3014 4141 3186 4188 mater
3219 4151 3336 4188 sua.
3367 4135 3557 4192 Videte

1967 4217 2253 4274 Dominum
2283 4219 2561 4277 Christum
2591 4222 2644 4276 in
2671 4223 3029 4291 humanitate,
3057 4241 3218 4295 quam
3241 4226 3308 4280 de
3343 4226 3558 4299 virgine

1966 4319 2140 4368 matre
2178 4322 2483 4383 susceptam
2507 4314 2559 4369 in
2587 4315 2886 4385 majestatis
2909 4324 3148 4387 paternae
3171 4318 3359 4373 dextra
3388 4319 3556 4374 collo-

278 4399 512 4447 tcsiame
539 4393 763 4461 Joanne,
792 4399 884 4468 qui
905 4399 980 4454 ait
1013 4419 1025 4454 ε
1060 4399 1185 4458 scio
1219 4405 1306 4460 ubi
1338 4406 1543 4462 habitas
1559 4426 1578 4474 ;
1606 4410 1695 4463 ubi
1715 4411 1862 4466 sed”
1890 4419 1939 4476 ι)
1967 4402 2129 4456 cavit.
2156 4401 2222 4456 In
2243 4403 2326 4456 die
2352 4403 2756 4474 dispensationis
2771 4404 2924 4477 [Cod.
2951 4407 3092 4470 Vat.,
3119 4407 3552 4482 disponsationisi

273 4491 346 4536 est
377 4482 620 4550 Satanaz,
642 4496 690 4540 et
721 4496 863 4545 tenes
903 4507 1090 4547 nomen
1128 4512 1298 4550 meum
1317 4538 1331 4563 ,
1361 4508 1409 4552 et
1439 4516 1542 4554 non
1569 4503 1769 4570 negasti
1795 4503 1862 4573 ﬁ-

275 4570 391 4626 dem
415 4591 589 4628 meam
612 4576 794 4648 (Apoc.
825 4596 888 4647 n,
913 4580 1023 4654 l5).
1053 4585 1159 4639 Per
1181 4586 1452 4641 desertum
1473 4589 1636 4644 etiam
1661 4570 1861 4663 signari

272 4673 452 4732 potest
479 4680 543 4721 ea
572 4673 910 4727 conversatio
939 4687 1089 4742 quas,
1119 4691 1150 4730 a
1189 4678 1369 4732 mundi
1401 4679 1665 4738 illecebris
1711 4699 1862 4755 sepa-

274 4764 388 4811 rata
417 4797 434 4822 ,
467 4756 564 4812 Dei
595 4766 802 4814 tantum
831 4760 934 4833 legi
963 4766 1269 4820 scrutanda:
1297 4774 1350 4821 ct
1391 4769 1691 4826 ccclestium
1721 4790 1862 4844 pra:-

271 4858 551 4919 ceptorum
588 4851 953 4909 observationi
980 4854 1161 4911 dedita
1186 4865 1286 4912 est.
1318 4857 1469 4914 Sicut
1497 4863 1699 4934 virgula
1726 4867 1860 4936 fumi

269 4958 332 4997 ex
357 4937 707 5001 aromatibus.
738 4946 868 5018 Igne
887 4951 1089 5005 amoris
1118 4965 1344 5006 accensa
1371 4955 1517 5008 omni
1546 4957 1664 5012 nisu
1687 4959 1860 5014 virtu-

267 5043 382 5087 tum
434 5035 506 5089 ad
555 5036 798 5092 coelestia
847 5041 1017 5096 tendit
1059 5053 1106 5096 ε.
1151 5041 1352 5099 Fumus
1384 5045 1574 5101 eodem
1617 5056 1860 5120 tempore

265 5124 464 5192 partim
495 5124 632 5180 solet
661 5128 826 5191 .oriri,
860 5132 1055 5200 partim
1080 5133 1144 5186 ad
1175 5134 1424 5190 sublimia
1466 5135 1658 5192 ductus
1687 5139 1861 5208 dispav

263 5229 408 5270 rere.
447 5216 540 5272 Sic
569 5225 623 5273 et
646 5219 890 5276 Ecclesia
917 5221 969 5277 in
997 5227 1257 5282 membris
1281 5228 1601 5298 quibusdam
1632 5232 1744 5287 suis
1763 5248 1861 5303 per

336 5405 364 5433 ο
387 5392 544 5471 (ξοδζ
561 5398 709 5462 ναι..
757 5408 881 5470 post
908 5418 1124 5459 versum
1158 5425 1171 5458 :
1221 5425 1239 5458 ‹
1299 5409 1422 5465 ideo
1454 5412 1597 5469 hunc
1639 5429 1859 5471 versum

265 5466 468 5541 repetit
512 5465 779 5536 Sponsus}
815 5481 876 5526 ut
918 5489 1024 5529 non
1055 5477 1321 5533 minorem
1351 5465 1473 5536 eum
1513 5465 1860 5541 Ecclesim'de

265 5537 519 5613 εθἮίδυε
545 5549 905 5611 congregata).
937 5559 1099 5613 quam
1124 5547 1190 5602 de
1214 5547 1417 5605 Judteis
1443 5537 1863 5610 haberesollitﬁ:

269 5605 510 5660 tudinem
537 5605 789 5677 puta‘res‘,
821 5605 914 5668 sed
952 5605 1013 5670 ut
1043 5617 1113 5672 sit
1143 5619 1210 5672 de
1243 5605 1860 5694 utrisqueruna'sponsa,

1966 4491 2131 4546 illius.
2164 4492 2220 4546 ln
2246 4501 2487 4563 tempore
2516 4495 2902 4551 incarnationis
2929 4496 3092 4562 illius,
3125 4513 3233 4568 quo
3275 4500 3342 4554 ad
3387 4515 3560 4571 (ξοραε-

1969 4583 2182 4638 landam
2233 4583 2334 4637 sibi
2372 4583 2669 4639 Ecclesiam
2708 4600 2958 4654 sponsam
3002 4602 3070 4642 ex
3116 4589 3365 4660 virginali
3398 4598 3559 4652 utero

1966 4672 2248 4741 processit.
2288 4671 2357 4726 Et
2402 4673 2458 4726 in
2500 4673 2585 4728 die
2617 4671 2814 4729 lcetitite
2855 4675 3028 4730 cordis
3058 4677 3192 4746 ejus.
3230 4677 3287 4734 ld
3315 4687 3414 4742 est,
3467 4696 3554 4736 re-

1967 4762 2291 4832 demptionis
2334 4764 2552 4819 humani
2597 4766 2850 4836 generis,
2904 4783 3024 4838 quae
3073 4768 3174 4824 fuit
3199 4771 3316 4826 dies
3348 4771 3550 4830 laetitia:

1966 4851 2202 4909 Christo.

2570 4971 2796 5028 CAPUT
2832 4973 2920 5030 IV.

2034 5059 2197 5115 Vens;
2242 5059 2292 5114 l.
2317 5091 2389 5100 —
2415 5059 2586 5127 Quam
2635 5062 2856 5133 pulchra
2903 5080 2978 5129 cs,
3003 5066 3175 5119 antica
3211 5083 3357 5132 mea,
3384 5085 3543 5139 quam

1961 5149 2181 5220 pulchra
2217 5151 2308 5205 es!
2334 5151 2620 5208 Pulchram
2651 5154 2780 5210 dicit
2819 5155 3150 5224 Ecclesiam;
3179 5168 3232 5215 et
3261 5159 3544 5232 pulchram

1963 5240 2178 5311 repetit,
2226 5241 2352 5310 quia
2374 5241 2513 5297 hanc
2557 5250 2612 5298 et
2653 5243 2865 5298 actione
2888 5253 2943 5300 et
2981 5247 3367 5317 praedicatione
3409 5249 3549 5306 vidit

1966 5428 2020 5475 et
2059 5421 2157 5503 illa
2189 5421 2556 5477 dilectissima.
2616 5441 2635 5476 ι
2691 5423 2979 5478 Antenora
3017 5432 3072 5480 et
3100 5423 3405 5496 posteriora
3451 5425 3550 5486 hic

1964 5500 2358 5638 °m§ig't'.'ti_i‘i_i:5i.
2383 5562 2660 5638 sequentia
2683 5575 2874 5638 usque.
2903 5566 3295 5638 Sicut'uirgula,
3314 5569 3540 5629 omittit.

2040 5642 2061 5671 ε
2088 5631 2218 5688 Cod.
2245 5633 2364 5689 Vat.
2397 5631 2676 5704 servientis
2705 5631 2908 5693 omittit
2932 5652 3124 5708 usque,
3148 5631 3411 5708 'Mgrrltc.

3029 5730 3108 5792 21
