4020 6188
454 270 552 323 65!

454 381 914 442 esselaudanilem
939 392 1003 440 ιι

457 474 655 547 virgula
672 490 740 528 ex
765 468 1083 525 aromatibus
1099 464 1374 521 ascendit:
1403 471 1456 519 et
1479 463 1878 533 prmdicatione,
1901 461 2026 530 quia

461 565 522 622 sd
549 578 707 620 sunt)
733 558 1062 615 consortium
1091 556 1252 612 etiam
1296 554 1571 623 proximas
1617 552 1801 608 venire
1835 551 2030 621 satagit

458 655 640 712 dims
664 667 680 706 :
707 647 1031 720 Egredimini
1069 655 1118 702 et
1144 645 1330 699 uidete.
1361 642 1515 697 Oculi
1543 644 1620 697 tui
1646 641 2024 696 columbarum.

454 743 657 799 Sensus
676 739 757 795 tui
786 737 1147 808 spiritualium
1173 750 1352 790 rerum
1377 734 1551 804 399
1579 732 2032 802 contemplatione

451 839 576 887 sunt
596 828 940 890 excellentes.
965 836 1022 882 et
1041 825 1326 880 verecundi
1348 822 1481 895 [Al.,
1499 820 1812 894 venerandi]
1838 821 1890 886 δ,
1911 820 2032 891 qui-

449 922 551 977 bus
566 933 688 976 mea
706 918 868 983 dona,
891 933 1011 987 qua:
1027 930 1200 985 nuper
1215 913 1509 984 exposuisti
1528 930 1542 975 ;
1569 928 1744 968 meum
1759 910 2026 976 diadema,

450 1010 593 1081 quod
630 1023 802 1078 nuper
824 1007 1151 1077 praedicasti,
1176 1005 1360 1060 videre
1382 1012 1436 1060 et
1480 1018 1806 1074 cognoscere
1831 1002 2030 1058 merui-

449 1098 540 1152 sti.
587 1097 791 1168 Absque
835 1111 896 1150 eo
947 1094 1087 1166 quod
1140 1094 1452 1148 intrinsecus
1495 1092 1638 1147 latet.
1701 1091 1890 1162 Magna
1947 1098 2032 1146 est

448 1189 646 1260 quippe
670 1187 841 1258 gloria
868 1185 1039 1256 aperti
1063 1184 1263 1254 operis,
1303 1184 1400 1239 sed
1437 1183 1592 1251 longe
1633 1182 2030 1252 incomparabi-

448 1279 552 1334 lior
584 1293 792 1334 merces
814 1286 1030 1333 :eternae
1055 1275 1444 1338 retributionis,
1461 1289 1607 1343 quze,
1637 1274 1764 1330 dum
1789 1275 1844 1329 in
1869 1273 2031 1328 terris

447 1371 876 1440 peregrinantur,
903 1367 1073 1423 videri
1093 1382 1200 1422 non
1215 1374 1394 1436 potest
1419 1364 1575 1438 (Cod.
1610 1363 1748 1429 Vat.,
1771 1381 1890 1436 quae
1909 1379 2032 1420 uec-

447 1463 573 1516 dum
602 1461 768 1516 videri
789 1459 1010 1532 potest].
1043 1457 1234 1530 Capilli
1259 1461 1337 1512 tui
1359 1459 1492 1513 sicut
1520 1473 1696 1528 greges
1726 1473 2025 1527 caprarum.

445 1552 678 1608 Possunt
705 1551 761 1606 in
802 1550 1010 1620 capillis
1050 1549 1232 1620 populi
1269 1548 1454 1606 ﬁdeles
1499 1547 1700 1616 accipi,
1743 1547 1834 1615 qui
1864 1546 2032 1601 maxi-

445 1659 593 1700 mum
617 1644 780 1699 decus
801 1657 904 1698 sua
921 1641 1309 1697 numerositate
1323 1641 1568 1710 praebent
1589 1637 1861 1694 Ecclesizc.
1897 1636 2028 1704 Quae

444 1735 788 1790 ascenderunt
828 1733 894 1788 de
916 1742 1089 1788 monte
1117 1729 1345 1787 Galaad.
1381 1730 1584 1787 Galaad
1617 1744 1845 1786 acervus
1870 1729 2023 1784 testi-

444 1826 608 1882 monii
633 1826 1035 1895 interpretatur,
1058 1822 1153 1893 qui
1173 1823 1316 1878 bene
1343 1823 1595 1878 convenit
1622 1822 1870 1878 adunatte
1888 1819 2025 1876 mul-

444 1916 662 1972 titudini
686 1923 1016 1974 sanctorum.

514 2007 680 2065 Vens.
707 2007 762 2064 2.
791 2005 1074 2062 ——Dentes
1097 2006 1180 2062 lui
1227 2007 1362 2061 sicut
1407 2021 1585 2076 greges
1627 2014 1917 2060 tonsarum.
1961 2004 2024 2060 In

444 2097 654 2169 capillis
673 2095 993 2168 fragiliores,
1024 2097 1082 2151 in
1106 2095 1358 2152 dentibus
1381 2110 1512 2151 vero
1535 2094 1888 2165 perfectiores
1911 2095 2028 2166 qui-

442 2203 573 2260 que,
617 2197 678 2244 et
739 2189 808 2243 ad
835 2187 1126 2258 regendam
1157 2186 1453 2242 Ecclesium
1503 2188 1613 2256 apti
1651 2187 2022 2259 designantur.

446 2277 580 2346 ρυω
619 2275 965 2332 ascenderunt
1004 2277 1069 2330 de
1091 2275 1318 2331 (amre.
1347 2277 1404 2332 ld
1435 2286 1556 2343 est,
1593 2277 1740 2334 fonte
1765 2280 1906 2334 sacri
1929 2281 2028 2336 ba-

443 2367 713 2437 ptismatis
737 2407 754 2434 ,
783 2367 876 2436 qui
901 2375 957 2424 et
995 2366 1138 2422 tonsi
1164 2374 1219 2421 et
1241 2366 1338 2422 loti
1361 2377 1520 2434 sunt,
1561 2370 1663 2426 hoc
1705 2377 1810 2436 est,
1841 2372 2026 2428 nudati

455 2458 802 2514 ienuntiando
823 2456 977 2530 [Cod.
1015 2455 1160 2523 Vat.,
1183 2459 1574 2534 renuntiantes]
1597 2462 1812 2528 saeculo,
1829 2470 1884 2519 et
1903 2464 2028 2519 vitae

452 2562 658 2606 avaero
681 2548 942 2606 mandati.
983 2547 1177 2604 Omnes
1207 2550 1438 2621 gemellis
1464 2552 1674 2622 fetibus.
1712 2553 1771 2608 ld
1799 2563 1897 2620 est,
1933 2570 2029 2626 ge-

443 2643 592 2704 mina
617 2642 884 2700 eharitate
927 2641 1160 2700 fecundi.
1190 2642 1260 2696 Et
1289 2643 1481 2700 sterilis
1506 2662 1608 2700 non
1637 2655 1712 2702 est
1745 2648 1880 2702 inter
1914 2664 2026 2703 eas.

443 2731 562 2792 Non
584 2741 692 2800 est,
725 2733 819 2803 qui
845 2731 989 2789 fetus
1009 2732 1136 2789 boni
1163 2734 1345 2804 operis
1364 2749 1471 2791 non
1498 2745 1642 2808 agat.

514 2844 679 2902 Vens.
697 2846 839 2902 3.-
863 2842 1013 2902 Sicut
1029 2845 1153 2899 uitta
1171 2846 1410 2900 coccinea
1432 2846 1584 2920 [Cod
1611 2849 1758 2915 Ἶρι,
1777 2849 2028 2924 cocunea]

441 2934 586 2990 labia
623 2943 751 3000 tua,
799 2943 848 2990 et
875 2932 1138 3005 eloquium
1176 2943 1326 2990 tuum
1364 2935 1536 2992 dulce.
1585 2939 1733 2995 Vitta
1779 2940 2030 2996 coccinea

1275 258 1467 312 73-1“.
1508 255 1730 312 ALBlNl
1769 255 1898 310 SEU
1939 251 2214 312 ALCUINI
2249 251 2748 311 OPERUM'PARS
2785 254 2846 308 li.

3603 251 3709 313 $3

1044 384 1254 430 actione
1283 371 1544 434 videlicet,
1588 371 1712 438 quia
1737 369 1870 422 sicut
1895 367 2027 436 futui
2054 374 2098 428 Α
2130 376 2409 422 currentes
2433 369 2614 422 omnia
2635 366 2916 424 obstacula
2938 367 3122 424 mundi
3151 375 3456 424 transeunt.
3493 366 3595 436 Qui
3618 385 3706 442 pa-

2127 469 2352 518 scuntur
2374 455 2528 531 [Cod.
2569 457 2713 524 Vat.,
2759 456 3007 531 pascunt]
3039 459 3092 512 in
3125 459 3272 528 liliis,
3314 461 3420 516 hoc
3445 469 3552 530 est,
3582 478 3708 519 can-

2127 550 2420 606 didissimis
2444 555 2754 604 sanctorum
2797 547 3018 602 Patrum
3059 548 3340 619 exemplis.
3371 549 3546 606 donec
3575 567 3710 622 pne-

2128 641 2295 697 sentis
2326 639 2479 712 [Cod.
2522 636 2641 692 Vat.
2665 679 2680 703 ,
2715 637 3030 710 praesentes]
3070 639 3418 694 mortalitatis
3468 642 3708 707 umbras,

2128 744 2332 789 aeterno
2354 731 2441 804 die
2458 732 2755 800 aspirante,
2771 738 3128 785 transeamus.
3167 729 3372 785 Vadam
3398 732 3468 786 ad
3487 744 3708 787 montem

2128 824 2354 894 myrrhas
2381 833 2432 878 et
2467 822 2536 876 ad
2573 821 2758 877 collem
2785 822 2974 875 thuris.
3021 821 3079 876 In
3103 822 3322 892 myrrha
3369 823 3711 877 mortiﬁcatio

2128 914 2339 979 carnis;
2367 913 2420 967 in
2452 913 2610 967 thure
2641 913 2854 967 devotio
2891 913 3156 967 orationis
3179 914 3522 982 exprimitur.
3551 913 3710 980 Quasi

2128 1004 2332 1059 diceret
2357 1001 2598 1073 Sponsus
2633 1017 2648 1056 :
2687 1000 3061 1072 Frequentabo
3087 1017 3204 1067 eos,
3232 1011 3288 1057 et
3321 1003 3410 1071 pia
3447 1004 3710 1072 propitius

2129 1095 2482 1151 illustratione
2505 1095 2838 1166 gloriﬁeabo,
2877 1109 3014 1164 quos
3045 1093 3100 1148 in
3125 1093 3418 1164 passionis,
3455 1094 3571 1148 sive
3589 1110 3709 1150 ora-

2129 1187 2292 1242 tionis
2318 1186 2517 1240 virtute
2547 1184 2804 1240 sublimes
2832 1199 2953 1240 esse
2988 1184 3249 1255 suspicio.

2196 1297 2360 1352 Vens.
2399 1296 2451 1348 7.
2480 1325 2553 1335 —
2583 1294 2714 1349 Tota
2751 1293 2972 1365 pulchra
3009 1311 3086 1360 es,
3117 1295 3289 1348 amica
3327 1309 3443 1350 mea
3465 1334 3480 1360 ,
3505 1299 3710 1349 macula

2129 1403 2232 1441 non
2268 1395 2343 1440 est
2369 1385 2423 1440 in
2449 1395 2516 1441 te.
2539 1385 2604 1440 lu
2624 1385 2894 1450 omnibus,
2926 1384 3154 1450 scilicet,
3179 1383 3351 1440 Deum
3371 1385 3701 1451 timentibus,

2113 1477 2338 1548 pusillis
2372 1485 2426 1533 et
2451 1476 2658 1547 magnis
2683 1487 2730 1529 ε.

2196 1591 2362 1647 Vens.
2389 1591 2441 1647 8.
2483 1619 2555 1630 —
2591 1587 2720 1644 Veni
2744 1589 2808 1643 de
2833 1588 3066 1654 Libano,
3106 1605 3296 1659 sponsa
3321 1605 3461 1655 mea,
3502 1592 3616 1643 veni
3648 1589 3708 1642 de

2055 1679 2349 1768 B-Libano,
2376 1681 2508 1734 veni.
2555 1679 2799 1735 Libanus
2829 1680 3034 1735 candor
3055 1679 3445 1750 interpretatur
3466 1720 3480 1746 ,
3514 1680 3566 1734 id
3592 1690 3703 1744 est,
3771 1707 3788 1715 ο

2126 1770 2307 1826 anima
2331 1771 2490 1826 bonis
2517 1771 2726 1826 actibus
2751 1770 3055 1836 candidate,
3082 1783 3244 1840 quam
3274 1770 3432 1826 tertio
3461 1771 3709 1826 hortatur

2127 1861 2403 1932 Sponsus,
2449 1871 2510 1918 ut
2554 1863 2738 1918 veniat
2765 1863 3010 1932 :.primo,
3052 1863 3326 1919 viventem
3366 1863 3522 1936 [ϐοά.
3564 1863 3708 1931 Vat.,

2108 1956 2392 2029 viventes]
2429 1956 2483 2011 in
2511 1971 2675 2011 carne
2701 1971 2800 2027 per
2838 1957 2978 2012 bona
3006 1971 3192 2027 opera.
3222 1956 3472 2012 Secundo
3494 1997 3509 2022 ,
3558 1959 3710 2013 abso-

2126 2048 2241 2104 luta
2280 2063 2444 2104 carne
2477 2049 2547 2104 sd
2583 2048 2988 2118 percipiendam
3011 2049 3182 2103 vitam
3215 2049 3454 2104 beatam.
3497 2046 3706 2109 Tertio,

2128 2145 2344 2208 recepto
2369 2152 2594 2206 corpore
2619 2139 2687 2192 ad
2713 2137 2939 2193 fruenda
2966 2145 3089 2207 post
3110 2139 3565 2194 resurrectionem
3589 2153 3711 2208 gau-

2127 2229 2215 2284 dia
2243 2227 2500 2298 perfecta.
2530 2226 2876 2283 Coronaberis
2896 2229 2962 2283 de
2986 2230 3152 2300 capite
3177 2229 3347 2284 Aman
3375 2227 3532 2300 [Cod.
3563 2228 3707 2288 Vat.,

2127 2317 2376 2391 Amano],
2414 2318 2478 2372 de
2505 2318 2689 2373 vertice
2733 2316 2947 2390 [Sanir]
2986 2327 3035 2373 et
3062 2315 3328 2383 Hermon,
3358 2318 3424 2372 de
3454 2315 3706 2371 cubilibus

2128 2408 2335 2463 leonum
2361 2449 2377 2474 ,
2419 2408 2485 2463 de
2509 2408 2768 2462 montibus
2799 2409 3108 2478 pontorum.
3139 2407 3347 2464 [acestes
3373 2416 3596 2478 propter
3624 2423 3709 2462 su-

2127 2497 2372 2568 perbiam
2392 2537 2409 2564 ,
2461 2498 2615 2568 pardi
2661 2507 2882 2568 propter
2922 2498 3299 2553 crudelitatem
3331 2498 3552 2570 maligni
3588 2509 3713 2552 sunt

2129 2588 2369 2658 spiritus.
2410 2587 2672 2642 Montium
2712 2602 2840 2643 vero
2877 2589 3100 2644 nomine
3138 2589 3369 2658 superba
3419 2588 3714 2644 inﬁdelium

2129 2679 2314 2745 corda,
2353 2679 2446 2734 ubi
2489 2678 2751 2734 immundi
2795 2679 3018 2748 spiritus
3069 2680 3252 2734 sedem
3309 2679 3532 2745 habent,
3573 2679 3718 2734 desi-

2126 2778 2380 2840 gnantur.
2412 2771 2550 2824 Dum
2574 2771 2748 2826 sancti
2781 2773 3166 2841 prmdicatores
3197 2772 3329 2826 tales
3361 2772 3433 2826 ad
3467 2772 3610 2826 viam
3637 2788 3711 2826 sa-

2121 2859 2257 2915 lutis
2300 2868 2661 2928 convertunt,
2709 2870 3040 2916 coronantur
3085 2863 3152 2918 de
3185 2863 3361 2932 capite
3411 2871 3468 2918 et
3513 2864 3716 2918 vertice

2130 2952 2415 3016 montium,
2441 2952 2494 3006 id
2520 2961 2627 3018 est,
2664 2953 2996 3024 principibus
3026 2954 3363 3024 iniquorum,
3392 2956 3518 3026 quia
3553 2957 3620 3011 de
3641 2955 3716 3008 la-

440 3024 687 3120 άοοξζίιη
707 3023 951 3120 “rimis
971 3022 1306 3120 ἱξεθιιξεξιιξν-
1331 3025 1497 3083 ubi?!
1521 3044 1733 3099 εροηεω
1757 3045 1919 3086 οοοοο
1941 3047 2025 3086 39-
2055 3057 2099 3120 C
2129 3042 2262 3099 bore
2287 3043 2601 3099 certaminis
2626 3022 3062 3101 crescit—corona
3088 3022 3293 3117 gloriae.

442 3114 781 3179 similantur,
828 3113 955 3182 quia
985 3113 1247 3171 Dominici
1277 3117 1586 3186 sanguinis,
1616 3133 1725 3188 quo
1750 3120 2024 3189 redempta

442 3210 545 3267 est,
577 3201 809 3272 pretium
833 3203 1128 3274 praedicare
1143 3220 1254 3260 non
1277 3216 1455 3262 cessat
1482 3207 1721 3264 Ecclesia
1745 3226 1760 3274 ;
1789 3207 1873 3264 vel
1900 3209 2025 3278 quia

441 3292 754 3364 prmdicatio
783 3300 968 3350 sancta
989 3294 1274 3352 cltaritatis
1298 3297 1491 3353 ardore
1511 3296 1848 3354 liammescit.
1875 3300 2026 3355 Sicut

444 3383 684 3456 fragmen
711 3384 844 3440 mali
881 3385 1100 3454 punici,
1137 3386 1220 3440 ita
1250 3402 1397 3456 gena.-
1425 3395 1554 3453 tute,
1575 3387 1767 3459 absque
1805 3407 1864 3444 eo
1886 3390 2026 3461 quod

439 3475 752 3532 intrinsecus
772 3474 917 3529 latet.
943 3474 1001 3529 In
1029 3474 1183 3546 genis
1207 3477 1553 3542 verecundia,
1588 3477 1642 3531 in
1665 3478 1806 3532 malo
1831 3480 2026 3548 punico

441 3567 624 3638 passio
641 3564 844 3624 Christi
865 3565 1206 3637 exprimitur.
1236 3565 1407 3621 liabet
1425 3581 1555 3638 ergo
1578 3568 1830 3623 ruborem
1859 3569 1912 3623 in
1937 3585 2028 3640 ge-

445 3657 530 3715 nis
547 3672 744 3729 sponsa
771 3655 899 3712 mali
928 3656 1130 3726 punici,
1155 3671 1278 3712 cum
1311 3667 1710 3713 sacramentum
1736 3659 2026 3716 Dominicae

445 3747 715 3819 passionis
733 3747 916 3802 verbis
940 3745 1142 3802 fatetur
1163 3755 1218 3802 et
1247 3746 1404 3804 factis
1429 3748 1642 3819 probat.

515 3858 681 3914 νω.
708 3858 764 3914 ι.
781 3856 1021 3916 —Sicut
1045 3861 1208 3916 turris
1229 3860 1401 3917 Dauid
1423 3862 1615 3918 collum
1641 3875 1808 3920 tuum.
1839 3865 2028 3921 Turris

442 3948 612 4008 David
631 3949 872 4008 Ecclesia
897 3957 1003 4018 est,
1030 3950 1226 4008 collum
1252 3954 1646 4023 prtedieatores,
1673 3971 1900 4025 quorum
1922 3955 2028 4012 ﬁde

440 4050 498 4100 et
517 4042 819 4100 constantia
844 4041 902 4098 in
924 4042 1114 4100 eadem
1149 4042 1368 4101 civitate
1395 4043 1549 4101 ﬁrma
1577 4055 1682 4112 est,
1707 4056 1763 4105 et
1793 4047 2028 4118 undique

443 4136 888 4210 inexpugnabilis.
913 4133 1047 4203 Qua:
1069 4136 1331 4207 aediﬁcata
1357 4147 1434 4192 est
1459 4154 1577 4192 cum
1599 4141 2022 4211 propugnaculis.

443 4223 850 4299 Propugnacula
871 4233 1054 4281 autem
1074 4222 1314 4294 ejusdem
1334 4225 1588 4290 civitatis,
1621 4226 2026 4298 Scripturarum

383 4307 396 4324 ’
443 4327 754 4378 sanctarum
782 4316 1082 4373 munimina
1127 4322 1292 4383 sunt,
1329 4316 1417 4372 vel
1454 4315 1674 4373 Patrum
1721 4321 2028 4389 prmceden-

2196 3154 2360 3210 Vens.
2383 3153 2438 3210 9.
2463 3184 2532 3195 —
2553 3152 2854 3210 Vulnerain
2873 3172 2964 3210 cor
2977 3172 3168 3222 meum,
3195 3173 3347 3211 soror
3364 3174 3499 3223 mea,
3524 3174 3715 3228 sponsa

2124 3259 2274 3308 mea,
2325 3241 2607 3298 vulnerasti
2655 3259 2746 3297 cor
2787 3261 2978 3298 meum.
3023 3245 3079 3299 In
3125 3237 3495 3301 vulneratione
3536 3247 3720 3301 cordis

2125 3335 2435 3406 magnitudo
2477 3335 2677 3391 amoris
2703 3336 2904 3391 Christi
2944 3337 2999 3391 in
3049 3337 3348 3394 Ecclesiam
3377 3339 3708 3410 intelligitur.

2125 3428 2194 3484 In
2229 3446 2335 3483 uno
2363 3429 2526 3502 ωο
2552 3431 2819 3486 oculorum
2849 3442 3078 3496 tuorum,
3117 3443 3166 3488 et
3213 3436 3270 3490 in
3295 3453 3399 3490 uno
3425 3437 3568 3490 crine
3589 3435 3711 3489 colli

2124 3519 2222 3573 tui.
2255 3519 2315 3574 In
2360 3523 2568 3576 unitate
2593 3531 2779 3577 saneta
2826 3523 3107 3579 doctorum
3131 3566 3145 3591 ,
3199 3526 3252 3580 id
3275 3535 3359 3581 est
3391 3527 3713 3594 oculorum;

2123 3619 2180 3665 et
2207 3611 2263 3665 in
2285 3612 2494 3667 unitate
2511 3613 2601 3683 pia
2631 3613 2887 3683 subjectae
2919 3615 3114 3684 plebis,
3140 3616 3194 3670 id
3218 3626 3300 3672 est
3321 3618 3582 3672 crinium.

2193 3743 2356 3800 Vens.
2376 3742 2461 3798 10.
2475 3774 2546 3784 -
2560 3743 2729 3810 Quam
2748 3743 2980 3815 pulchra:
3000 3755 3119 3801 sunt
3147 3761 3385 3800 mammae
3404 3756 3528 3811 tuae,
3559 3764 3719 3801 soror

2122 3848 2240 3886 mea
2277 3848 2486 3904 sponsa.
2534 3831 2667 3887 item
2695 3848 2943 3890 mammze
2979 3837 3192 3890 nomine
3229 3837 3403 3890 sancti
3449 3836 3706 3892 doctores

2124 3935 2343 3996 propter
2379 3927 2799 3982 consolationem
2841 3928 3177 3984 inﬁrmorum
3202 3969 3217 3994 ,
3256 3937 3311 3982 et
3354 3929 3708 3999 parvulorum

2125 4016 2598 4080 sustentationem,
2637 4031 2757 4086 quae
2800 4017 2937 4072 lacte
2983 4017 3078 4084 lit,
3127 4019 3527 4088 exprimuntur.
3577 4018 3709 4072 Pul-

2125 4111 2331 4166 chriam
2370 4111 2530 4165 ubera
2551 4120 2640 4165 tua
2664 4113 2806 4166 vino.
2840 4111 3090 4168 Suavitas
3115 4114 3302 4183 gratim
3328 4112 3603 4182 pulchrior
3626 4122 3710 4166 est

2125 4202 2442 4257 austeritate
2464 4202 2618 4272 legis.
2652 4201 2722 4256 Et
2750 4203 2881 4256 odor
2911 4213 3294 4273 unguentorum
3321 4212 3533 4257 tuorum
3555 4220 3710 4272 super

2125 4296 2300 4350 omnia
2328 4304 2586 4349 aromata.
2609 4293 2777 4348 Fama
2806 4295 3124 4349 suavissima
3147 4293 3338 4349 dill'usa
3370 4292 3525 4366 [Cod.
3570 4291 3704 4356 Vat,

444 4409 586 4470 tium
611 4407 878 4478 exempla.
906 4405 1057 4462 lfllle
1079 4405 1246 4478 clgpei
1276 4406 1500 4480 pendent
1523 4425 1588 4464 ea:
1621 4424 1704 4462 ea.
1722 4383 1868 4476 —Quia
1895 4419 2026 4480 quot

2131 4383 2354 4457 diﬂ‘usm]
2385 4400 2483 4456 per
2507 4385 2696 4440 orbem
2723 4390 2897 4439 totum
2940 4383 3084 4448 fidei,
3129 4383 3290 4438 latior
3315 4393 3398 4438 est
3423 4398 3586 4454 quam
3619 4397 3708 4436 ve-

444 4499 500 4556 in
524 4499 723 4558 divinis
747 4497 901 4554 libris
926 4505 1194 4569 praecepta
1219 4504 1365 4563 sunt,
1389 4505 1468 4554 tot
1491 4506 1616 4553 sunt
1639 4499 1812 4556 nostri
1839 4509 2022 4569 pecto-

443 4589 524 4646 ris
550 4588 869 4654 munimina,
899 4588 1097 4658 quibus
1134 4595 1325 4645 contra
1357 4603 1546 4644 omnes
1590 4589 1813 4646 insidias
1838 4590 2023 4646 defen-

441 4678 644 4735 dimur.
691 4675 876 4734 Omnis
917 4688 1195 4734 armatura
1230 4678 1466 4748 fortium.
1515 4677 1704 4735 Omnis
1741 4681 2024 4736 instructio

441 4774 532 4827 est
563 4765 652 4824 vel
673 4766 1022 4838 operationis,
1045 4765 1132 4823 vel
1168 4765 1427 4824 doctrina:
1457 4767 1711 4834 caelestis,
1737 4784 1834 4839 per
1861 4785 2022 4840 quam

441 4873 551 4916 non
579 4857 754 4914 solum
783 4857 1080 4920 evadimus,
1107 4855 1204 4912 sed
1227 4865 1282 4911 et
1303 4871 1638 4926 superamus.

515 4971 682 5026 Vnus.
711 4968 766 5024 5.
787 5000 861 5010 —
885 4967 1006 5023 Duo
1035 4968 1196 5022 ubera
1227 4975 1318 5022 tua
1347 4977 1468 5023 sunt
1488 4966 1594 5022 duo
1621 4966 1826 5022 hinnuli
1852 4983 2024 5038 capra:

443 5059 602 5135 [Cod.
646 5059 792 5124 ναι..
823 5057 1046 5131 capreae]
1082 5057 1308 5128 gemelli,
1343 5059 1434 5129 qui
1468 5070 1757 5130 pascuntur
1791 5059 1848 5114 in
1875 5059 2022 5114 (iliis.

513 5153 675 5212 Vsus.
697 5151 836 5209 6.-
857 5150 1030 5208 Donec
1053 5151 1246 5222 aspiret
1263 5151 1374 5206 dies
1394 5161 1444 5208 et
1467 5151 1785 5208 inclinentur
1803 5155 2021 5209 umbrae.

443 5243 561 5300 Duo
607 5243 772 5300 ubera
804 5242 914 5297 duo
937 5251 1064 5298 sunt
1102 5251 1229 5299 sunt
1273 5243 1455 5314 populi
1495 5258 1564 5300 ex
1613 5245 2026 5302 circumcisione

441 5333 718 5390 venientes
741 5341 796 5388 et
827 5333 1145 5405 gentilitate,
1187 5334 1280 5403 qui
1302 5349 1401 5404 per
1425 5335 1780 5392 humilitatem
1808 5338 2024 5408 quidem

444 5436 640 5490 parvos
677 5437 738 5482 se
781 5422 1086 5493 intelligunt
1130 5433 1187 5481 et
1220 5433 1566 5495 peccatores;
1618 5428 1712 5484 sed
1759 5429 2026 5485 aha-ritate

515 5584 541 5613 ι
573 5574 864 5648 Quaehanc
882 5585 1065 5633 notam
1089 5587 1392 5648 sequuntur
1423 5581 1623 5640 omissa
1655 5589 1780 5638 sunt
1807 5583 1860 5639 in
1887 5582 2018 5638 Cod.

457 5641 574 5696 Vat.
604 5657 792 5714 usque,
824 5645 978 5701 Oculi
1013 5648 1108 5702 tui.

2125 4477 2256 4532 teris
2304 4475 2437 4547 legis
2481 4483 2536 4530 et
2567 4474 2791 4530 Patrum
2835 4475 2914 4548 [in
2944 4475 3031 4549 ea]
3057 4517 3073 4543 ,
3119 4491 3240 4546 qua:
3287 4476 3340 4530 in
3384 4475 3498 4530 sola
3525 4473 3708 4530 Judma

2116 4574 2529 4638 coangustetur.

2201 4701 2361 4756 Vens.
2407 4701 2495 4756 ll.
2535 4731 2607 4742 --
2635 4699 2816 4759 Favus
2846 4704 3113 4760 distillans
3157 4705 3300 4760 labia
3342 4715 3457 4771 tua,
3492 4723 3706 4778 sponsa.

2127 4791 2304 4846 Favus
2326 4791 2432 4848 mel
2459 4793 2514 4848 in
2542 4808 2668 4849 cera
2691 4802 2775 4849 est
2805 4812 2819 4848 :
2856 4796 2959 4850 mel
2981 4804 3162 4852 autem
3184 4797 3240 4852 in
3266 4812 3390 4854 cera
3411 4797 3710 4868 spiritualis

2125 4893 2210 4939 est
2235 4885 2534 4941 divinorum
2564 4885 2902 4956 eloquiorum
2936 4903 3128 4946 sensus
3147 4890 3204 4945 in
3231 4890 3431 4948 littera.
3472 4891 3574 4947 Mel
3595 4890 3706 4947 stil-

2125 4971 2262 5037 laus,
2293 4973 2419 5043 quia
2442 4974 2764 5046 multiplices
2788 4991 2978 5033 sensus
3008 4994 3146 5048 pene
3173 4980 3398 5050 singula:
3425 4983 3708 5037 sententiae

2127 5065 2343 5121 habent.
2371 5065 2532 5122 Labia
2558 5084 2768 5138 sponsu:
2791 5081 2916 5126 sunt
2938 5072 3190 5128 doctores
3209 5113 3224 5138 ,
3256 5075 3348 5144 qui
3384 5075 3707 5131 multifarios

2125 5170 2318 5216 sensus
2355 5157 2528 5213 sacris
2551 5158 2746 5214 litteris
2773 5161 2948 5217 inesse
2987 5163 3248 5231 pandunt.
3294 5162 3402 5218 Mel
3427 5173 3476 5219 et
3503 5163 3588 5219 lac
3612 5164 3705 5218 sub

2123 5246 2305 5320 lingua
2337 5259 2448 5304 tua.
2494 5249 2552 5303 ln
2599 5250 2737 5306 laete
2777 5253 3010 5309 eruditio
3037 5255 3407 5324 parvulorum.
3440 5255 3494 5310 in
3548 5255 3704 5310 melle

2124 5339 2318 5395 fortior
2365 5339 2606 5395 doctrina
2651 5340 3018 5410 perfectorem
3060 5345 3326 5414 signatur.
3355 5345 3470 5400 Sub
3502 5345 3708 5417 lingua,

2126 5428 2178 5484 id
2203 5435 2305 5493 est,
2345 5427 2399 5482 in
2429 5427 2776 5486 meditatione
2800 5434 3002 5490 cordis.
3031 5433 3099 5489 Et
3135 5435 3270 5490 odor
3287 5437 3709 5491 vestimentum

2198 5586 2226 5626 δ
2247 5584 2550 5662 sequentia,
2574 5590 2987 5662 usqum—absque
3010 5609 3092 5656 eo,
3122 5593 3327 5651 omittit
3353 5593 3473 5652 cod.
3505 5592 3629 5649 Vat.

2199 5671 2222 5702 ς
2252 5653 2376 5710 Haec
2397 5654 2576 5728 glossa
2604 5653 2755 5717 deest
2780 5659 2834 5717 in
2863 5653 2985 5717 cod.
3016 5653 3136 5718 Vat.
