4020 6188
1286 295 1693 356 EXEGETICA.
1735 328 1804 339 -
1839 265 2288 355 commntust
2325 295 2394 355 lN
2433 298 2632 358 eam.
2673 304 2874 359 eam.

3628 309 3732 367 ϐω

457 432 699 484 tuorum,
778 424 912 472 sicut
971 410 1102 472 odor
1157 416 1347 471 thuris.
1402 415 1733 471 Vestimenta
1789 407 2043 471 Ecclesia
2070 415 2117 474 Α
2146 411 2338 471 benter
2363 387 2614 490 inspiciat
2645 427 3027 492 gratanterque
3065 421 3296 496 accipiat
3321 438 3484 496 opera
3515 436 3750 488 sanan».

455 531 620 586 opera
665 519 790 570 sunt
835 509 974 581 ejus,
1025 523 1145 580 quae
1195 508 1348 565 odori
1403 506 1580 562 thuris
1636 514 2040 577 comparantur,

455 605 582 679 quia
613 611 809 662 cuncta
837 618 958 673 quae
984 609 1172 658 sancta
1209 614 1310 670 pro
1350 599 1582 656 Domino
1609 597 1722 670 agit
1760 596 2002 654 Ecclesia
2023 633 2040 663 ,

455 695 759 752 orationum
782 709 882 765 per
911 707 975 748 ea
995 692 1167 747 vicem
1186 691 1438 746 reddunt.

523 786 687 841 Vens.
718 783 807 838 12.
828 812 900 822 --
928 779 1130 836 Hortus
1156 777 1436 834 conclusus
1463 794 1617 834 soror
1638 793 1784 846 mea,
1814 790 2038 849 sponsa,

453 879 635 933 hortus
679 874 994 939 conclusus,
1039 875 1159 945 fons
1201 875 1459 944 signatus.
1507 871 1709 928 Hortus
1756 872 2042 929 conclusus

455 965 696 1024 Ecclesia
749 973 855 1032 est,
899 978 1020 1035 quas
1067 961 1362 1019 multifaria
1407 961 1767 1033 spiritualium
1815 975 2040 1032 operum

453 1057 697 1130 germina
727 1054 923 1127 gignit.
955 1049 1102 1109 Fons
1135 1061 1238 1119 est,
1266 1053 1395 1123 quia
1429 1053 1672 1110 doctrina
1701 1052 1923 1109 salutari
1950 1065 2038 1106 re-

454 1144 691 1214 dundat;
732 1145 1038 1210 conclusus,
1062 1144 1188 1215 quia
1216 1143 1431 1201 Domini
1458 1145 1799 1215 protectione
1829 1144 2039 1200 munita

452 1237 694 1310 persistit
719 1255 734 1306 ;
764 1238 1028 1309 signatus,
1053 1249 1304 1292 sermone
1328 1233 1476 1292 ﬁdei.

522 1352 686 1408 Vnus.
733 1349 822 1404 15.
845 1371 916 1388 —~
939 1347 1262 1403 Emissiones
1305 1355 1410 1403 tua:
1455 1342 1734 1418 paradisus
1777 1345 2039 1402 malorum

450 1444 762 1514 punicorum
785 1456 903 1494 cum
924 1456 1202 1511 pomorum
1225 1436 1507 1510 fructibus.
1539 1439 1645 1495 Per
1668 1439 2038 1509 irrigationem

451 1531 594 1587 sacri
629 1529 971 1600 baptismatis
1009 1537 1196 1584 sancta
1237 1528 1478 1584 Ecclesia
1519 1527 1832 1599 paradisum
1871 1543 1939 1584 ex
1979 1543 2038 1584 se

449 1622 649 1679 emittit
672 1621 937 1677 malorum
962 1621 1302 1692 punieorum,
1326 1621 1381 1676 id
1410 1628 1515 1686 est,
1543 1629 1857 1678 sanctorum
1893 1635 2038 1677 mar-

450 1725 651 1786 tyrum.
679 1712 816 1768 Cum
842 1727 1126 1784 pomorum
1168 1709 1452 1780 fructibus,
1482 1712 1536 1767 id
1570 1719 1674 1779 est,
1721 1719 2032 1770 sanctarum

449 1807 711 1860 virtutum
738 1803 938 1859 ffuctn.

520 1909 685 1967 Vsus.
727 1911 814 1966 M.
852 1940 924 1950 —
956 1907 1114 1982 Cypri
1141 1921 1259 1964 cum
1288 1909 1489 1975 nardo,
1518 1909 1719 1964 nardus
1740 1915 1789 1964 et
1828 1911 2030 1966 crocus.

448 1998 661 2076 Cyprus
681 2003 844 2058 arbor
863 2001 1157 2056 aromatica
1176 2008 1282 2066 est,
1306 2001 1618 2072 signiﬁcans
1643 1999 1881 2056 cmlestis
1910 2009 2036 2071 gra-

451 2089 1015 2149 tite'benedictionem.
1064 2089 1275 2147 Nardus
1315 2090 1611 2146 Dominicis
1642 2090 1914 2161 passionis
1953 2099 2037 2163 ty-

449 2195 600 2255 pum,
631 2197 827 2240 crocus
852 2178 1140 2238 charitatis
1179 2180 1448 2236 fervorem
1488 2180 1763 2252 exprimit.
1797 2180 2036 2251 Coniun-

448 2276 594 2347 gitnr
627 2289 825 2345 cyprus
852 2273 1044 2339 nardo,
1077 2288 1201 2328 cum
1235 2269 1418 2327 divina
1446 2270 1622 2344 gratia
1647 2271 1915 2328 confortat
1936 2287 2036 2328 nos

447 2378 546 2438 pro
569 2364 788 2422 Christo
831 2364 965 2434 pati.
1011 2362 1142 2419 Item
1170 2363 1372 2418 nardus
1417 2377 1578 2418 croco
1615 2362 1880 2434 jungitur,
1912 2378 2034 2417 cum

449 2458 714 2514 cbaritate
754 2455 956 2512 Christi
992 2463 1221 2511 mortem
1272 2454 1506 2510 libenter
1547 2455 1890 2524 suscipimus.
1938 2451 2037 2508 Fi-

447 2547 589 2602 stula
612 2555 662 2600 et
685 2545 1096 2600 cinnainomum.
1142 2543 1349 2599 Fistula
1367 2581 1382 2610 ,
1411 2558 1532 2613 quas
1578 2551 1636 2598 et
1673 2544 1847 2600 cassia
1875 2542 2028 2616 [Cod.

457 2639 577 2694 Vat.
604 2678 620 2705 ,
661 2635 834 2710 casia]
861 2637 1026 2692 arbor
1052 2636 1350 2692 aromatica
1381 2633 1532 2708 [est],
1569 2634 1664 2690 sed
1689 2635 1930 2701 modica,
1980 2641 2035 2688 et

447 2727 570 2784 ideo
611 2726 844 2783 humiles
886 2726 1077 2795 spiritu
1116 2724 1386 2795 designat.
1426 2724 1562 2780 Item
1605 2725 2030 2788 cinnamomum,

447 2814 620 2891 quise
646 2821 792 2889 ipsos
817 2817 1138 2888 despiciunt,
1168 2817 1368 2890 signat,
1395 2833 1515 2888 quae
1535 2824 1590 2872 et
1612 2817 1728 2888 ipsa
1752 2825 1836 2872 est
1854 2815 2036 2872 brevis

449 2913 613 2967 arbor
634 2951 648 2974 ,
697 2910 792 2966 sed
826 2907 1100 2965 odorifera
1135 2915 1193 2963 et
1219 2907 1427 2973 dulcis;
1462 2908 1557 2964 sed
1603 2907 1880 2962 humilitas
1919 2921 2035 2961 ma-

448 3017 608 3072 gnam
637 3001 803 3055 habet
823 2998 1037 3053 laudem
1061 3005 1116 3052 et
1136 2997 1472 3054 dulcedinem
1504 2996 1647 3068 apud
1685 2996 1875 3069 Deum.
1901 2993 2034 3050 Cum

448 3090 704 3145 tutiuersis
734 3084 890 3159 lignis
935 3086 1144 3141 Libani.
1174 3085 1327 3142 Sicut
1350 3086 1528 3142 ﬁstula
1554 3093 1608 3141 et
1631 3085 2031 3142 cinnamomum
2062 3097 2110 3162 ο

450 3179 682 3235 humiles
706 3186 1016 3234 sanctorum
1043 3176 1419 3248 cogitationes,
1462 3176 1540 3231 sic
1575 3183 1632 3230 et
1670 3176 1812 3247 ligna
1840 3174 2033 3230 Libani

449 3269 708 3326 sublimes
755 3282 942 3323 eorum
980 3264 1222 3322 actiones
1274 3266 1665 3320 demonstrant.
1723 3263 1944 3334 Myrrha
1983 3271 2035 3316 et

451 3361 599 3426 aloe,
637 3360 860 3414 arbores
903 3365 1030 3412 sunt
1077 3355 1386 3411 aromaticre
1410 3393 1426 3419 ,
1474 3368 1596 3424 quas
1643 3353 2036 3409 continentiam

449 3452 630 3509 carnis
671 3450 999 3520 exprimunt.
1039 3445 1172 3502 Cum
1219 3445 1457 3500 omnibus
1503 3444 1689 3515 primis
1730 3443 2032 3514 unguentis.

449 3529 507 3599 id
540 3550 644 3605 est,
691 3539 1112 3597 charismatibus
1139 3537 1401 3591 virtutum
1430 3533 1922 3591 excellentioribus.
1969 3533 2037 3589 Et

450 3635 674 3707 pulchra
695 3641 778 3688 est
806 3629 1115 3699 coniunctio
1146 3628 1341 3684 harum
1368 3627 1626 3682 arborum
1648 3626 1774 3682 eum
1795 3639 2039 3695 unguen-

453 3725 522 3780 tis
542 3765 559 3790 ,
585 3724 714 3794 quia
741 3722 870 3776 dum
900 3734 1121 3775 carnem
1151 3733 1182 3773 a
1209 3717 1433 3773 lascivia
1465 3715 1826 3780 refrenemus,
1848 3727 2038 3770 conse-

451 3831 623 3888 quens
646 3822 730 3870 est
759 3822 817 3868 ut
837 3810 1042 3880 majora
1071 3810 1293 3880 spiritus
1321 3810 1459 3866 dona
1491 3807 1872 3879 percipiamus.

523 3927 683 3982 Vens.
723 3923 809 3978 15.
849 3953 921 3963 -
947 3919 1091 3975 Fons
1122 3921 1424 3985 hortorum,
1456 3927 1644 3990 puteus
1673 3929 1934 3987 aquarum
1961 3912 2038 3969 vi-

451 4017 700 4081 ventium,
726 4029 842 4084 qua:
872 4013 1043 4082 ﬂuunt
1075 4011 1288 4082 impetu.
1334 4009 1636 4078 Utrumque
1659 4006 1900 4063 Ecclesia
1931 4012 2033 4071 est,

452 4113 507 4160 et
531 4105 651 4160 fons
681 4105 982 4165 hortorum,
1027 4101 1155 4171 quia
1181 4100 1489 4170 spirituales
1518 4099 1690 4170 gignit
1721 4097 1927 4152 fructus
1941 4102 2039 4199 ζει

453 4204 645 4264 puteus
672 4207 935 4263 aquarum
953 4189 1269 4269 viventium,
1293 4196 1514 4258 propter
1526 4187 1737 4244 oceulta
1758 4187 2037 4269 mysteria,

453 4300 572 4355 quae
599 4285 802 4338 sanctis
825 4297 924 4352 per
958 4267 1343 4336 revelationem
1383 4277 1556 4333 sancti
1587 4267 1824 4347 Spiritus
1860 4273 2035 4348 [solis]

450 4375 778 4446 panduntur.
822 4374 1100 4441 Aquarum
1138 4369 1436 4424 viventium
1459 4375 1681 4438 propter
1715 4366 1929 4437 eloquia
1950 4365 2035 4422 di-

452 4467 596 4532 vina,
642 4479 764 4536 quae
801 4464 866 4518 de
894 4461 1254 4516 invisibilibus
1301 4459 1498 4515 divina:
1535 4455 1724 4530 gratiae
1767 4449 2116 4513 thesauris'D

451 4555 768 4626 procedunt.
796 4552 874 4606 De
899 4551 1119 4606 Libano.
1151 4551 1228 4605 De
1252 4551 1370 4620 ipsa
1392 4549 1634 4606 Ecclesia
1657 4549 1810 4616 dicit,
1841 4564 1961 4619 quae
1983 4556 2039 4605 et

453 4645 679 4701 candida
707 4651 792 4699 est
833 4656 931 4712 per
969 4641 1287 4696 munditiam
1316 4638 1439 4695 ﬁdei
1462 4678 1477 4705 ,
1505 4646 1564 4695 et
1603 4637 1710 4692 alta
1737 4652 1834 4708 per
1870 4637 2039 4692 virtu-

453 4746 566 4792 tum
594 4736 842 4807 gloriam.

524 4853 690 4908 chs.
715 4849 800 4904 16.
825 4879 894 4888 -
915 4848 1104 4917 Surge,
1120 4843 1330 4916 Aquilo,
1349 4852 1398 4898 et
1414 4843 1547 4907 veni,
1573 4841 1784 4906 Auster,
1802 4848 1850 4893 et
1873 4839 2040 4909 per/1a

452 4947 662 5000 hortum
688 4959 880 4998 meum.
915 4941 971 4995 ln
995 4938 1257 5008 Aquilone
1279 4939 1504 4992 adversa
1529 4933 1738 4997 mundi,
1761 4931 1817 4986 in
1839 4930 2040 4986 Austro

453 5035 820 5091 blandimenta
845 5032 1214 5102 designantur,
1250 5028 1374 5098 quia
1399 5027 1614 5099 gemina
1644 5023 2041 5096 expugnatione

453 5128 716 5197 probatur
771 5122 1032 5178 Ecclesia.
1072 5118 1239 5191 Surge
1260 5158 1276 5185 ,
1327 5115 1690 5190 permittentis
1732 5129 1836 5169 vox
1865 5153 1881 5178 ,
1931 5128 2039 5168 non

457 5217 775 5290 imperantis
803 5223 906 5271 est.
941 5214 1010 5268 Et
1048 5213 1216 5283 ﬂuant
1253 5217 1494 5266 aromata
1527 5206 1692 5261 illius.
1718 5206 1777 5261 ld
1804 5216 1907 5271 est,
1930 5204 2041 5260 vir-

379 5313 384 5316 ’
456 5317 634 5364 tutum
661 5305 968 5363 constantia
1006 5303 1174 5358 miros
1199 5301 1394 5357 odores
1421 5298 1713 5369 dispergat.
1757 5295 1939 5351 Veniat
1966 5295 2043 5348 di-

459 5397 619 5452 lectus
650 5413 793 5452 meus
824 5396 880 5450 in
906 5396 1113 5449 hortum
1146 5408 1321 5447 suum.
1354 5389 1544 5446 Veniat
1566 5387 1828 5443 Dominus
1853 5389 1907 5441 in
1933 5385 2037 5441 Ec-

458 5488 679 5544 clesiam
706 5503 858 5542 suam
881 5527 895 5552 ,
929 5501 995 5541 ac
1020 5498 1138 5538 eam
1170 5483 1284 5553 ipse
1309 5489 1594 5540 conservet
1616 5480 1814 5551 ubique
1855 5477 2042 5533 imma-

461 5578 714 5645 culatam,
745 5586 803 5633 et
840 5577 964 5633 ﬁdei
993 5574 1147 5646 fruge
1179 5572 1432 5629 fecundet
1455 5570 1613 5647 [Cod.
1654 5569 1771 5626 Vat.
1796 5611 1812 5635 ,
1857 5567 2041 5624 fecun-

463 5669 632 5744 dam].
661 5669 728 5725 Et
755 5666 989 5724 comedat
1031 5666 1262 5737 fructum
1286 5679 1561 5736 pomorum
1597 5677 1834 5718 suorum.
1865 5659 1944 5732 .Et
1972 5657 2038 5713 li-

2147 521 2269 561 rum
2300 522 2540 565 suorum.

2670 599 2828 676 401
2859 605 3086 665 CAPUT
3132 609 3186 667 v.

2215 687 2380 744 Vnus.
2394 689 2420 743 i
2434 731 2447 744 .
2461 721 2532 732 —
2543 688 2671 747 Veni
2690 696 2745 748 in
2763 696 2974 750 hortum
2989 715 3178 762 meum,
3194 716 3346 756 soror
3359 717 3496 769 mea,
3512 719 3725 774 sponsa.

2145 774 2300 844 Veni,
2327 781 2522 852 inquit,
2563 785 2858 856 saepissime
2887 787 2942 842 in
2971 789 3268 846 Ecclesium
3298 808 3474 848 meam
3509 813 3521 848 :
3550 805 3606 850 et
3635 812 3728 852 ve-

2143 869 2233 924 nio
2260 880 2322 925 ut
2369 874 2658 945 corrigam,
2686 878 2956 948 adjuvem,
2987 881 3325 940 conﬁrmem.
3355 884 3554 942 Messui
3583 905 3728 960 myr-

2144 960 2294 1014 rham
2342 979 2512 1017 meam
2558 983 2673 1020 cum
2727 970 3052 1026 aromatibus
3093 973 3242 1028 meis.
3293 971 3399 1029 Per
3445 979 3727 1048 myrrham

2143 1050 2327 1119 passio
2355 1051 2441 1106 vel
2469 1053 2838 1122 mortiﬁcatio,
2867 1067 2965 1126 per
2989 1069 3236 1115 aromata
3263 1076 3453 1120 omnes
3498 1066 3729 1123 virtutes

2141 1143 2534 1213 exprimuntur.
2551 1144 2992 1218 Metitmyrrham
3011 1164 3134 1206 cum
3150 1155 3728 1227 aromatibus,quando

2140 1241 2411 1304 martyres
2423 1249 2546 1291 cum
2566 1240 2779 1295 caeteris
2803 1241 2989 1298 electis
3003 1243 3072 1298 ad
3089 1245 3459 1300 maturitatem
3479 1245 3729 1316 praemio-

2139 1337 2261 1379 rum
2275 1325 2538 1395 perducit.
2555 1327 2769 1385 Comedi
2782 1331 2958 1401 favum
2977 1350 3093 1389 cum
3121 1334 3272 1390 melle
3287 1352 3420 1401 meo,
3438 1336 3542 1390 bibi
3554 1337 3729 1392 vinum

2141 1429 2314 1468 meum
2337 1433 2454 1470 cum
2485 1417 2620 1474 lacte
2662 1436 2797 1476 meo.
2824 1422 2883 1477 In
2922 1422 3046 1480 favo
3083 1434 3138 1481 et
3163 1427 3290 1483 vino
3317 1428 3756 1498 praedicatores,

2142 1501 2197 1556 in
2226 1503 2384 1560 melle
2413 1515 2468 1561 et
2497 1506 2636 1564 lacte
2659 1511 2934 1567 auditores
2961 1509 3364 1587 intelliguntur;
3392 1527 3450 1573 et
3471 1526 3730 1590 utrosque

2141 1590 2388 1649 internus
2421 1593 2592 1652 iudex
2642 1602 2904 1671 approbat
2937 1611 2991 1658 et
3038 1609 3374 1660 remun‘crat.
3431 1606 3722 1676 Comedite,

2141 1682 2319 1748 amici,
2341 1683 2496 1740 bibite
2521 1697 2569 1741 et
2589 1688 2942 1757 inebriamini,
2969 1693 3284 1748 charissimi.
3312 1695 3498 1761 Amici,
3526 1696 3729 1753 facien-

2061 1753 2112 1816 Β
2141 1773 2209 1827 do
2252 1789 2374 1844 quae
2421 1778 2704 1848 praecipio;
2737 1753 3056 1849 charissimi,
3088 1799 3176 1840 me
3205 1787 3414 1858 integra
3460 1753 3728 1843 cbaritate

2139 1869 2530 1939 amplectendo.
2562 1872 2827 1941 Obsecro,
2856 1875 2932 1930 ita
2982 1875 3142 1932 factis
3183 1887 3518 1948 sanctorum,
3569 1882 3726 1952 quasi

2137 1960 2311 2031 epulis
2329 1964 2639 2034 prrecipuis,
2659 1967 2962 2035 prazcordia
2985 1978 3166 2024 vestra
3192 1971 3417 2041 replete.

2207 2049 2374 2105 Vsus.
2399 2051 2541 2105 2.-
2561 2053 2676 2124 Ego
2703 2055 2927 2111 dormio.
2946 2057 3187 2113 Donante
3200 2059 3370 2130 gratia
3388 2059 3507 2127 Dei,
3521 2059 3575 2116 in
3591 2077 3728 2133 pace

2136 2142 2420 2210 praesentis
2444 2143 2570 2198 vitae
2587 2141 3014 2218 [Al.,Ecclesizc]
3030 2163 3152 2202 eum
3171 2149 3307 2204 colo.
3341 2149 3411 2203 Et
3432 2166 3524 2205 cor
3551 2168 3727 2207 meum
3757 2181 3762 2186 -

2136 2228 2336 2300 uigilat.
2363 2229 2481 2298 Quo
2509 2233 2854 2303 tranquillius
2882 2236 2950 2292 ab
2973 2236 3281 2293 incursibus
3302 2240 3546 2308 externis
3565 2255 3723 2306 vaco,

2137 2333 2203 2376 eo
2233 2321 2395 2378 altius
2439 2323 2669 2380 internis
2693 2325 2898 2382 visibus
2920 2327 3078 2383 video
3108 2326 3264 2400 [Cod.
3296 2326 3442 2396 Vat.,
3467 2345 3532 2386 eo
3563 2331 3727 2387 altius

2137 2414 2282 2471 intus
2301 2412 2504 2486 video],
2535 2430 2700 2486 quam
2749 2417 2924 2473 bonus
2943 2425 3029 2473 est
3056 2418 3218 2474 Deus.
3253 2417 3372 2480 Vox
3407 2419 3583 2474 dilecti
3621 2423 3726 2474 mei

2136 2502 2414 2572 pulsantis.
2448 2503 2636 2558 Pulsat
2679 2505 2878 2560 ostium
2913 2507 3118 2571 cordis,
3168 2521 3292 2561 cum
3335 2506 3595 2564 Dominus
3623 2525 3723 2563 nos

2139 2590 2208 2646 ad
2250 2591 2556 2662 profectum
2602 2593 2864 2650 virtutum
2910 2595 3132 2649 excitat.
3183 2595 3341 2665 Aperi
3390 2597 3542 2663 mihi,
3573 2611 3727 2652 soror

2137 2697 2275 2747 mea,
2311 2684 2483 2738 amica
2512 2699 2651 2747 mea,
2685 2682 2928 2738 columba
2962 2699 3098 2750 mea,
3128 2685 3470 2739 immaculata
3500 2703 3636 2742 mea.
3667 2686 3726 2742 id

2138 2780 2244 2837 est,
2275 2773 2451 2844 pande
2479 2789 2573 2829 eor
2599 2773 2752 2828 mihi.
2781 2773 2949 2830 Soror
2972 2791 3110 2840 mea,
3143 2775 3271 2846 quia
3311 2777 3552 2832 coheres
3577 2791 3720 2831 mea.
3771 2828 3778 2834 .

2138 2865 2324 2919 Amica
2360 2881 2496 2931 mea,
2528 2864 2657 2935 quia
2701 2879 3026 2922 arcanorum
3055 2881 3301 2923 meorum
3352 2865 3507 2940 [Cod.
3575 2867 3718 2933 Vat.,

2141 2953 2358 3008 areanis
2384 2954 2543 3026 meis]
2574 2956 2812 3011 conscia.
2850 2955 3105 3012 Columba
3148 2973 3286 3024 mea,
3318 2959 3445 3028 quia
3496 2960 3718 3030 spiritus

2139 3045 2246 3100 mei
2266 3045 2408 3101 dono
2433 3044 2716 3101 illustrata.
2746 3046 3099 3103 Immaculata
3118 3064 3254 3116 mea,
3283 3051 3410 3121 quia
3429 3050 3543 3107 sola
3568 3067 3726 3122 aspe-

2140 3143 2228 3189 ctu
2249 3150 2372 3190 meo
2393 3135 2572 3206 digna.
2607 3136 2747 3202 Quia
2785 3147 2940 3208 caput
2963 3149 3136 3192 meum
3156 3137 3366 3209 plenum
3390 3149 3467 3195 est
3513 3157 3632 3195 rore
3675 3150 3725 3195 et
3759 3138 3768 3147 ’

2138 3226 2369 3280 cincinni
2417 3228 2521 3281 mei
2567 3228 2729 3297 guttis
2776 3228 3026 3281 noctium.
3076 3227 3254 3298 Caput
3297 3227 3503 3284 Christi
3546 3227 3721 3295 Deus;

2138 3316 2372 3372 cincinni
2409 3325 2537 3372 sunt
2559 3316 2799 3374 ﬁdelium
2827 3316 3193 3374 collectiones.
3239 3317 3297 3373 In
3327 3331 3452 3374 rore
3475 3327 3533 3375 et
3559 3310 3734 3392 guttis

2137 3411 2399 3476 noctium,
2431 3409 2634 3482 frigens
2654 3411 2896 3467 charitas
2921 3412 2977 3467 in
2999 3412 3182 3469 multis
3210 3414 3532 3479 ostenditur,
3555 3429 3723 3484 quam

2138 3500 2194 3554 in
2221 3499 2392 3556 Deum
2417 3509 2474 3557 et
2516 3501 2822 3573 proximum
2859 3503 3062 3560 habere
3101 3503 3421 3559 debuerunt.
3453 3503 3578 3558 ideo
3624 3519 3728 3562 ne-

2139 3593 2378 3646 cessario
2405 3592 2608 3647 excitat
2642 3593 2904 3648 Dominus
2943 3591 3129 3648 ﬁdeles
3159 3608 3404 3664 quosque
3431 3593 3499 3648 ad
3529 3595 3726 3664 pradi-

2140 3683 2369 3737 cationis
2414 3682 2650 3736 studium
2681 3681 2815 3752 [Al.,
2863 3681 3145 3755 cilicium].
3174 3682 3295 3751 Cui,
3330 3687 3625 3756 provocata
3656 3687 3723 3740 ad

2139 3773 2380 3830 laborem
2405 3773 2654 3836 docendi,
2686 3773 2976 3843 reapondet
3002 3773 3245 3830 Ecclesia
3277 3793 3292 3830 :

2211 3864 2376 3918 Vnus.
2400 3864 2453 3918 5.
2475 3892 2546 3902 —
2574 3861 2877 3932 Επερωὶαυὶ
2903 3883 2985 3920 me
3004 3868 3204 3932 tunica,
3229 3868 3488 3939 quomodo
3529 3868 3728 3923 induar
3759 3890 3769 3900 -

2138 3953 2273 4009 illa?
2293 3954 2372 4010 Ac
2398 3955 2444 4012 si
2466 3961 2652 4026 aperte
2676 3955 2843 4022 dicat,
2860 3957 3075 4012 deserui
3096 3961 3309 4029 negotia
3331 3961 3617 4016 saecularia
3644 3963 3724 4015 tui

2140 4059 2326 4112 causa,
2348 4046 2618 4118 quomodo
2643 4053 2886 4116 repetam
2908 4045 3032 4100 illa?
3063 4045 3191 4102 Lavi
3215 4048 3371 4117 pedes
3397 4065 3560 4114 meos,
3589 4053 3728 4120 quo?
3762 4069 3770 4078 ’

2139 4135 2296 4190 modo
2337 4135 2621 4207 inquinabo
2664 4135 2826 4190 illos!
2851 4134 2971 4191 1am
3021 4143 3245 4192 secreta!
3293 4138 3725 4206 compunctionis
3765 4147 3770 4151 '

2138 4220 2352 4279 ﬂetibus
2377 4223 2523 4279 ablui
2550 4225 2906 4296 cogitationes
2932 4232 3203 4292 terrenas,
3231 4225 3502 4296 quomodo
3535 4226 3728 4280 mundi
3766 4231 3770 4234 '

2141 4312 2272 4387 [Αι.,
2303 4315 2613 4387 immundis]
2638 4316 2889 4372 sordibus
2911 4316 3110 4372 iterum
3142 4315 3385 4387 polluar?
3415 4313 3541 4386 quia
3583 4329 3729 4384 praea-

2137 4404 2424 4462 dicationis
2447 4404 2684 4462 ofﬁcium
2709 4406 2826 4462 sine
2845 4407 3196 4476 occupatione
3225 4407 3360 4480 [Al.,
3376 4413 3729 4478 prmocCupa-

2142 4495 2307 4567 tione]
2337 4496 2582 4551 παύει-ἰ
2612 4497 2702 4551 vix
2731 4511 2854 4552 esse
2878 4504 3078 4566 potest.

2215 4586 2375 4641 Vitas.
2399 4586 2453 4640 4.
2483 4617 2554 4627 —
2600 4587 2835 4647 Dilectus
2859 4604 3010 4646 meus
3035 4589 3178 4644 misit
3203 4605 3420 4645 mnum
3444 4606 3597 4645 suam
3632 4606 3726 4658 per
3768 4637 3770 4639 ,

2140 4675 2398 4744 foramen.
2432 4675 2647 4733 Manum
2677 4679 2874 4750 quippe
2917 4694 3072 4736 suam
3099 4681 3328 4743 dilectus
3354 4697 3454 4754 per
3477 4687 3724 4739 mramen

2140 4764 2308 4831 misit,
2352 4781 2478 4821 cum
2521 4783 2619 4824 nos
2646 4769 2906 4826 Dominus
2947 4770 3159 4827 occulta
3189 4771 3532 4829 invisibiliter
3568 4788 3751 4830 com--

2140 4857 2432 4926 punctione
2471 4857 2540 4913 ad
2583 4874 2718 4930 opus
2756 4861 3019 4916 virtutum
3041 4861 3311 4928 accendit,
3362 4862 3625 4932 nobisque
3666 4863 3724 4922 in

2143 4951 2462 5007 memoriam
2492 4961 2713 5008 revocat
2740 4953 3010 5024 quomodo
3039 4960 3096 5009 et
3132 4960 3334 5024 quanta
3362 4952 3430 5008 de
3453 4953 3572 5008 sinu
3619 4953 3725 5009 Pa-

2141 5044 2242 5099 tris
2285 5044 2618 5102 descendens
2645 5063 2743 5118 pro
2796 5048 2952 5104 nobis
2989 5055 3138 5103 esset
3176 5062 3390 5118 passus.
3440 5046 3509 5101 Et
3548 5058 3724 5103 center

2142 5148 2288 5202 meus
2315 5135 2584 5191 intremuit
2605 5137 2673 5190 ad
2698 5147 2895 5192 tactum
2921 5139 3057 5208 ejus.
3091 5137 3218 5193 Hmc
3248 5137 3492 5193 recolens
3535 5137 3724 5195 intima
3769 5177 3774 5182 -

2142 5224 2472 5278 conscientia
2498 5240 2714 5294 sponsa,
2745 5233 2857 5281 tota
2908 5226 3238 5296 expavescit,
3266 5225 3540 5297 pigritiam
3566 5228 3722 5295 quic~

2143 5314 2214 5368 tis
2241 5329 2522 5383 accusans,
2550 5317 2620 5372 ad
2644 5316 2882 5373 laborem
2909 5319 3310 5390 praedicationis
3329 5318 3615 5376 festinans.

2216 5404 2379 5458 Vsus.
2404 5403 2457 5458 5.
2489 5436 2560 5446 ——
2601 5405 2824 5462 Surrexi
2851 5448 2865 5474 ,
2891 5417 2947 5462 ut
2978 5409 3235 5480 aperirem
3275 5409 3466 5466 dilecto
3494 5426 3629 5467 meo.
3666 5411 3726 5468 Id

2139 5503 2246 5561 est,
2266 5494 2490 5551 verbum
2525 5493 2737 5552 Domini
2765 5497 3079 5569 praedicare.
3111 5498 3305 5556 Manus
3328 5517 3456 5558 metu
3492 5500 3723 5558 distilla-

2141 5600 2323 5647 verunt
2344 5591 2646 5660 myrrham;
2676 5591 2826 5662 digiti
2873 5591 2974 5645 mei
3019 5591 3160 5661 pleni
3195 5594 3412 5665 myrrha
3438 5591 3721 5668 [probatis-

2144 5691 2320 5766 sima].
2353 5690 2411 5746 ln
2456 5685 2702 5742 manibus
2747 5684 2893 5741 enim
2937 5693 3122 5761 opera,
3148 5687 3203 5742 in
3254 5686 3436 5760 digitis
3465 5678 3719 5739 discretio
