4020 6188
1045 229 1129 284 'B.
1169 229 1232 284 Γ.
1271 221 1496 283 ALBlNl
1538 225 1666 283 SEU
1707 223 1984 282 ALCUlNl
2022 223 2308 283 OPERUH
2344 222 2524 282 PARS
2557 221 2622 280 ιι.

3403 222 3514 286 656

239 341 583 412 designatur;
613 340 670 397 in
692 342 914 414 myrrha
940 341 1270 397 continentia
1297 348 1353 398 et
1375 343 1820 414 passiones;qu:e
1847 343 1895 401 Δ
1921 345 2042 408 pter
2089 337 2488 408 despectionem
2539 334 2679 407 apud
2722 337 2991 394 homines.
3049 334 3148 395 Vel
3169 377 3184 405 ,
3237 335 3394 398 elata
3446 342 3519 398 ob

237 440 371 488 tunc
396 429 774 502 probatissima
791 439 894 496 ost,
921 444 1045 485 cum
1066 431 1404 488 solummodo
1432 448 1534 504 pro
1550 433 1819 489 charitate

238 521 336 578 Dei
383 531 438 578 et
487 523 739 592 proximi,
772 519 854 575 vel
899 522 1229 578 continentia
1275 521 1402 596 [ﬁt],
1434 523 1518 578 vel
1542 522 1820 594 passiones

242 612 398 670 fiunt.

293 726 472 782 Vens.
496 724 548 780 6.
578 757 648 768 -
683 726 956 782 Pessulum
985 729 1105 782 ostii
1139 729 1240 782 mei
1263 729 1446 799 aperui
1468 727 1657 783 dilecto
1682 745 1817 782 meo.

242 817 524 873 Pcssulum
555 833 753 886 sponso
777 818 973 888 aperit,
1015 819 1105 888 qui
1148 820 1408 888 templum
1458 820 1541 875 sui
1583 821 1821 890 pectoris

240 908 421 965 divina
466 905 844 981 [inspiratione
888 910 1206 964 adveniente
1257 909 1466 979 pandit,
1517 910 1571 965 id
1626 919 1707 967 cst
1745 910 1817 984 at],

241 999 550 1055 visitatione
592 1008 648 1055 et
677 1001 1068 1057 inhabitatione
1112 1002 1333 1070 dignum
1382 1001 1590 1057 fecerit.
1619 1003 1686 1056 At
1733 1001 1822 1057 ille

236 1088 581 1145 inclinaverat
618 1101 772 1162 atque
799 1093 1100 1146 transierat.
1133 1090 1268 1158 Quia
1311 1091 1442 1146 nulli
1489 1092 1542 1146 in
1580 1092 1683 1146 hac
1711 1092 1820 1146 vita

235 1179 397 1252 plena
437 1180 573 1235 visio
614 1181 734 1247 Dei,
776 1183 916 1236 sicut
966 1181 1023 1235 in
1070 1181 1272 1248 futura,
1316 1183 1662 1249 conceditur,
1701 1183 1821 1238 ideo

239 1269 476 1324 transire
499 1270 696 1325 dicitur
721 1270 968 1334 dilectus,
999 1271 1054 1326 id
1077 1279 1179 1336 est,
1212 1271 1266 1325 in
1299 1269 1537 1326 futurum
1558 1287 1624 1328 se
1641 1272 1824 1328 viden-

236 1359 366 1415 dum
405 1367 460 1414 et
495 1357 883 1430 perimendum
924 1359 1136 1429 plenius
1163 1360 1418 1416 ostendit.
1464 1362 1655 1416 Anima
1704 1379 1821 1416 mea

237 1447 521 1520 liquefacta
549 1458 645 1514 est,
674 1457 734 1504 ut
765 1448 968 1504 locutus
993 1460 1088 1504 est.
1118 1449 1329 1518 Quanto
1351 1452 1591 1518 suavius,
1622 1453 1820 1524 inquit,

236 1554 426 1595 vocem
461 1548 626 1610 atque
666 1539 923 1594 viciniam
961 1541 1140 1597 dilecti
1172 1543 1276 1598 mei
1315 1543 1516 1614 accepi,
1551 1553 1698 1600 tanto
1731 1560 1822 1600 su-

237 1629 477 1698 blimius,
503 1632 764 1703 quidquid
793 1633 848 1688 in
880 1648 967 1688 me
1007 1642 1126 1689 erat
1151 1633 1427 1705 frigidum,
1452 1638 1716 1692 charitate
1743 1638 1820 1693 in-

1920 427 2204 482 victoriam
2229 444 2243 492 ;
2288 428 2459 498 nigra:
2484 427 2552 483 ob
2580 441 2887 498 pressuras.

1989 519 2155 574 Vens.
2184 518 2270 574 12.
2297 549 2368 560 -—-
2393 518 2546 574 Oculi
2573 519 2847 590 ejus‘sicut
2871 519 3125 575 columba:
3145 538 3303 593 super
3324 525 3519 586 vividos

1919 623 2198 679 aquarum,
2247 608 2418 664 sancti
2467 608 2716 664 doctores
2764 617 2908 675 sunt,
2950 623 3048 678 per
3081 625 3219 680 quos
3267 612 3512 671 Ecclesia

1920 702 2067 758 videt
2109 719 2230 774 qua:
2279 713 2427 760 recta
2475 711 2630 771 sunt;
2672 705 2765 774 qui
2814 706 2952 760 bene
2980 705 3263 775 columbae,
3291 721 3517 783 propter

1921 793 2284 850 innocentiam
2316 793 2471 866 [Cod.
2522 793 2639 850 Vat.
2674 812 2778 850 om.
2804 795 3195 872 innocentiam]
3227 809 3281 855 et
3309 801 3515 874 simpli-

1920 887 2171 955 citatem;
2222 897 2278 942 et
2308 886 2496 943 rivulis
2516 902 2780 959 aquarum
2821 898 3045 960 propter
3069 890 3403 949 charismata
3432 895 3511 949 di-

1919 977 2045 1032 vina
2093 986 2495 1048 comparantur.
2547 975 2679 1042 Qua:
2707 975 2842 1032 lacte
2878 987 3000 1032 sunt
3029 977 3172 1045 lotae,
3213 991 3260 1036 et
3286 982 3513 1038 resident

1911 1068 2073 1138 juxta
2105 1069 2304 1139 ﬂuenta
2351 1067 2672 1140 plenissima.
2728 1067 2894 1124 Lacte
2943 1067 3084 1124 lotas
3125 1070 3276 1136 dicit,
3313 1073 3366 1127 id
3408 1082 3510 1139 est,

1920 1157 2094 1227 gratia
2114 1157 2424 1213 dulcissima
2452 1157 2758 1213 mandatas.
2787 1157 2853 1212 Et
2877 1159 3286 1230 residentjuxta
3312 1161 3513 1219 ﬂuenta

1919 1247 2250 1319 plenissima,
2301 1249 2355 1304 id
2397 1257 2500 1316 est,
2551 1250 2793 1305 omnium
2835 1251 3097 1306 donorum
3146 1253 3510 1321 spiritualium

1921 1339 2329 1394 abundantiam.
2357 1337 2540 1394 Potest
2572 1339 2625 1394 in
2651 1339 2838 1396 rivulis
2865 1342 3063 1395 veteris
3090 1341 3225 1412 legis
3243 1343 3507 1408 eruditio;

1921 1435 1976 1482 et
2011 1428 2078 1484 'in
2123 1427 2340 1484 liuentis
2383 1428 2711 1499 plenissimis
2756 1429 3018 1498 perfectio
3051 1433 3374 1504 evangelicae
3418 1433 3514 1489 do-

1921 1517 2110 1573 ctrina:
2133 1517 2427 1588 designari,
2455 1519 2578 1588 quia
2608 1519 2992 1588 praedicatores
3013 1520 3079 1574 de
3108 1521 3377 1577 thesauris
3403 1522 3516 1578 suis

1921 1607 2206 1678 proferunt
2229 1615 2412 1662 vetera
2440 1616 2495 1662 et
2520 1623 2659 1663 nova
2691 1607 2908 1680 (Matth.
2932 1625 3052 1676 xm,
3080 1609 3193 1682 52).

235 1719 404 1777 caluit
447 1697 540 1792 [et—
575 1697 924 1791 liquefactum
974 1732 1058 1778 est
1086 1697 1252 1793 (Cod:
1292 1697 1422 1780 Vat;
1458 1736 1513 1781 et
1561 1729 1820 1798 quidquid
1851 1703 1940 1798 Β,
1994 1699 2156 1798 vus}
2194 1699 2302 1798 Ψζ
2332 1729 2405 1739 “’”
2451 1697 2610 1798 ᾷθηω
2641 1699 2784 1798 uti“?
2811 1702 2946 1756 sicut
2971 1701 3511 1798 ‘f"°_"‘_‘i'°f"‘i‘.“""

235 1809 783 1884 rigidum'liquefuit)
835 1811 877 1884 ].
934 1813 1164 1878 ρατηείυὶ
1214 1825 1262 1870 et
1298 1833 1401 1871 non
1437 1819 1606 1872 inveni
1634 1817 1818 1886 illum;

220 1903 417 1959 vocavi
449 1913 500 1958 et
531 1921 634 1958 non
676 1905 941 1975 respondit
973 1907 1121 1960 mihi.
1163 1906 1300 1974 Quia
1337 1910 1537 1966 donum
1564 1927 1823 1983 compun-

220 1995 435 2049 etionis
458 2003 514 2052 et
529 1994 829 2050 dulcedinis
846 1997 1050 2052 intima:
1071 2014 1178 2052 non
1195 2001 1250 2053 in
1275 2001 1500 2056 arbitrio
1523 2011 1608 2058 est
1632 2004 1820 2059 volen-

240 2086 334 2151 tis,
357 2085 471 2140 sed‘
490 2086 544 2140 in
579 2085 926 2142 miseratione
953 2089 1162 2156 dantis;
1199 2091 1320 2147 ideo
1349 2107 1456 2147 non
1484 2107 1699 2165 semper
1725 2095 1823 2150 ha-

235 2177 368 2231 bent
397 2177 527 2232 illu'd
574 2179 886 2246 mquaiiter,
914 2181 1041 2248 quia
1064 2197 1171 2236 non
1215 2184 1291 2238 ita
1313 2199 1373 2238 se
1399 2183 1558 2239 oll‘ert
1582 2187 1724 2242 Deus
1767 2189 1822 2243 in

238 2267 431 2324 exsilio
479 2266 878 2336 laborantibus,
913 2272 1182 2340 quomodo
1205 2274 1490 2344 .in,patria
1545 2280 1820 2349 regnanti-

237 2357 360 2412 bus.

312 2451 474 2510 Vsus.
525 2455 578 2510 7.
605 2488 676 2498 —
728 2458 1048 2515 Invenerunt
1072 2478 1154 2517 me
1199 2463 1460 2530 custodes,
1486 2465 1578 2535 qui
1606 2467 1826 2522 circuie-

239 2554 363 2598 runt
409 2545 699 2613 civitatem,
751 2561 1121 2620 percusserunt
1171 2570 1272 2617 me,
1327 2564 1375 2608 et
1418 2556 1824 2614 vulneraverunt

239 2652 340 2702 me,
365 2635 596 2692 tulerunt
626 2639 846 2709 pallium
892 2659 1062 2696 meum
1103 2646 1232 2698 mihi
1255 2647 1494 2702 custodes
1531 2665 1823 2704 murorum.

239 2725 507 2784 Custodes
529 2729 789 2796 civitatis,
833 2733 886 2786 id
917 2741 999 2788 est
1027 2734 1304 2801 Ecclesiae,
1329 2738 1502 2793 sancti
1532 2737 1702 2810 [sunt]
1732 2742 1828 2796 do—

237 2825 440 2882 ctores,
485 2819 577 2888 qui
626 2818 812 2875 sedula
862 2822 1244 2889 praedicatione
1286 2826 1624 2881 circumeunt
1663 2828 1827 2900 402

238 2907 406 2962 corda
432 2908 788 2979 singulorum,
820 2918 874 2963 et
903 2911 1122 2980 spiculis
1150 2913 1353 2968 amoris
1379 2915 1616 2971 caelestis
1641 2918 1829 2972 vulne-

225 3006 381 3063 rant,
411 3007 467 3053 et
491 3007 551 3053 ut
577 3001 749 3070 magis
770 3000 1014 3066 ardeant,
1040 3001 1494 3075 inﬂammescunt,
1519 3018 1574 3064 et
1603 3017 1827 3066 vetustte

236 3088 666 3145 conversationis
693 3097 903 3158 tegmen
933 3091 1013 3147 eis
1037 3093 1382 3152 subtrahunt.

305 3203 468 3258 Vens.
497 3202 552 3256 8.
584 3231 654 3240 —
681 3201 886 3271 Adjuro
910 3220 1016 3270 eos,
1043 3205 1172 3275 ﬁlice
1197 3207 1519 3274 Jerusalem,
1542 3212 1588 3264 si
1616 3212 1825 3267 invene—

231 3293 350 3347 ritis
376 3290 626 3346 dilectum
656 3309 831 3348 meum
863 3293 1018 3366 [Cod.
1057 3299 1174 3352 Vat.
1206 3314 1315 3354 om.
1344 3301 1564 3372 meum],
1601 3312 1656 3356 ut
1686 3321 1823 3357 nun-

232 3381 372 3436 tietis
397 3381 448 3435 ei
473 3381 613 3453 quod
636 3380 791 3454 [Cod.
820 3384 940 3439 Vat.
969 3385 1116 3456 quia]
1141 3403 1319 3441 amore
1351 3387 1593 3458 langueo.
1634 3390 1826 3446 Merito

231 3473 451 3543 languet
479 3487 698 3543 sponsa,
723 3488 845 3528 cum
869 3472 1049 3544 gladio
1077 3476 1227 3531 verbi
1255 3476 1349 3531 Dei
1373 3493 1628 3547 percussa
1656 3488 1826 3534 terre-

237 3578 368 3618 num
393 3563 546 3618 exuit
573 3564 866 3631 amictum;
897 3573 952 3621 et
977 3565 1115 3622 tilias
1141 3564 1462 3633 Jerusalem,
1500 3569 1554 3624 id
1583 3579 1685 3637 est,
1714 3572 1825 3627 Deo

237 3652 431 3725 dignas
455 3651 669 3723 adjurat
698 3657 926 3720 animas,
958 3665 1017 3712 ut
1053 3658 1135 3712 sui
1168 3660 1371 3728 amoris
1399 3662 1824 3732 magnitudinem

235 3745 305 3800 ad
333 3743 504 3798 Deum
526 3745 788 3812 referant,
813 3756 868 3801 et
893 3762 993 3816 pro
1020 3748 1138 3817 ejus
1165 3750 1393 3807 videnda
1432 3752 1601 3824 gloria
1631 3770 1822 3825 super-

234 3849 368 3888 num
393 3833 496 3889 sibi
530 3844 759 3904 poscant
800 3837 1084 3892 auxilium.

301 3943 467 4000 Vsus.
496 3945 551 4000 9.
598 3975 666 3986 -
707 3945 894 4012 Qualis
923 3957 999 4003 est
1043 3949 1263 4006 dilectus
1295 3961 1418 4008 tuus
1456 3971 1522 4009 ex
1556 3956 1765 4022 dilecto,
1794 3977 1824 4014 ο

229 4033 586 4106 pulcherrima
613 4037 893 4092 mulierum
913 4080 926 4103 ,
953 4042 1125 4111 qualis
1147 4051 1224 4096 est
1249 4043 1471 4100 dilectus
1496 4055 1615 4101 tuus
1641 4065 1704 4102 ex
1736 4050 1823 4103 di-

229 4123 384 4190 lecto,
407 4123 533 4195 quia
559 4125 636 4179 sic
662 4126 924 4197 adjurasti
947 4144 1041 4204 nos
1059 4131 1083 4183 .9
1102 4129 1339 4187 Obsecro
1370 4142 1443 4199 te,
1472 4137 1599 4204 quia
1624 4139 1703 4192 sic
1731 4140 1825 4194 ad-

223 4215 422 4284 jurasti
466 4231 573 4281 me,
625 4226 682 4271 ut
708 4231 913 4282 amore,
941 4232 1050 4286 quo
1077 4227 1130 4274 te
1156 4220 1506 4292 languescere
1539 4227 1694 4291 dicis,
1739 4244 1823 4281 me

229 4321 445 4378 quoque
473 4321 574 4378 per
597 4308 824 4363 verbum
857 4310 1266 4378 praedicationis
1293 4312 1461 4369 facias
1495 4315 1779 4372 ardescere
1805 4335 1818 4382 ;

1917 1788 1977 1843 In
2026 1790 2176 1860 genis
2214 1788 2509 1845 Salvatoris
2538 1791 2708 1845 nostri
2737 1789 2852 1860 ejus
2876 1792 3135 1848 modestia
3167 1790 3324 1864 [Cod.
3365 1791 3509 1853 Vat..

1919 1879 2165 1935 modesta
2207 1879 2404 1952 pietas]
2457 1881 2617 1934 simul
2666 1887 2721 1935 et
2755 1883 3019 1936 severitas
3066 1883 3407 1952 exprimitur.
3449 1884 3509 1938 ln

1921 1968 2117 2024 areolis
2141 1975 2443 2024 aromatum
2467 1969 2716 2036 virtutes,
2739 1977 2794 2026 et
2814 1970 3058 2037 dulcedo,
3084 1979 3138 2026 et
3163 1971 3304 2027 fama
3325 1971 3507 2043 gloria:

1921 2057 2040 2126 ejus
2063 2059 2433 2128 designantur.
2483 2057 2711 2116 Comitaz
2733 2078 2774 2114 .a
2799 2061 3158 2132 pigmentariis
3182 2079 3200 2117 :
3239 2062 3380 2118 labia
3401 2065 3520 2135 ejus

1921 2147 2038 2202 lilia
2098 2147 2414 2203 distillantia
2473 2150 2744 2219 myrrham
2807 2153 3054 2223 primam.
3125 2153 3407 2224 Prophetis
3459 2163 3518 2209 et

1922 2235 2220 2304 apostolis;
2268 2235 2324 2290 hi
2349 2233 2547 2290 futurae
2576 2234 2733 2308 [Cod.
2774 2235 2918 2302 ναι,
2947 2238 3150 2311 futura]
3183 2241 3512 2296 incarnatio-

1923 2327 2008 2381 nis
2053 2325 2169 2394 ejus
2211 2341 2441 2393 arcana;
2490 2328 2569 2382 illi
2615 2327 2758 2384 facta
2804 2339 3109 2389 narrantes.
3157 2332 3324 2387 Labia
3369 2333 3518 2390 illius

1925 2417 2088 2471 verba
2141 2424 2268 2471 sunt
2315 2416 2576 2472 doctrina:
2630 2416 2774 2487 ejus;
2825 2419 2978 2485 lilia,
3032 2421 3154 2490 quia
3193 2422 3513 2478 charitatem

1925 2507 2162 2563 cmlestis
2191 2509 2340 2577 regni
2379 2509 2732 2578 promittunt;
2781 2510 3095 2566 distillantia
3115 2513 3382 2583 myrrham
3399 2514 3514 2584 pri--

1926 2615 2088 2662 mam,
2121 2597 2249 2667 quia
2280 2612 2378 2666 per
2409 2607 2777 2668 contemptum
2805 2599 3138 2670 voluptatum
3165 2603 3513 2672 .prtesentium

1928 2689 1996 2743 ad
2025 2688 2167 2743 hanc
2188 2688 2618 2758 perveniendum
2641 2704 2760 2744 esse
2780 2691 3098 2759 praedicant.

1997 2782 2162 2836 Vsus.
2199 2780 2282 2835 14.
2313 2812 2385 2821 —
2407 2780 2598 2836 Manus
2629 2781 2771 2836 illius
2791 2782 3060 2837 tornatiles
3087 2800 3278 2838 aurem.
3306 2783 3512 2850 Manus,

1931 2871 1984 2926 id
2010 2881 2093 2928 est
2121 2889 2311 2944 opera;
2365 2873 2490 2943 quia
2520 2889 2647 2944 quae
2680 2875 2862 2929 verbis
2889 2875 3112 2941 docuit,
3140 2874 3298 2931 factis
3329 2877 3516 2946 imple-

1930 2966 2026 3020 vit.
2062 2964 2374 3030 Tornatiles,
2418 2966 2544 3036 quia
2589 2967 2645 3020 in
2672 2981 2730 3022 se
2769 2982 2983 3022 omnem
3015 2967 3256 3038 regulam
3293 2967 3516 3037 iustitiae

1849 3051 1902 3118 ο
1933 3063 2136 3122 tenent,
2168 3064 2228 3111 ut
2254 3056 2454 3112 dicitur
2496 3074 2508 3110 :
2547 3057 2759 3128 Oportet
2789 3073 2870 3111 me
2900 3073 3100 3112 omnem
3121 3059 3389 3127 justitiam
3415 3059 3514 3112 im-

1926 3147 2066 3220 plere
2105 3147 2320 3220 (Matth.
2363 3164 2437 3213 tv,
2491 3147 2598 3218 15).
2648 3145 2786 3202 Sunt
2825 3155 2878 3200 et
2923 3163 3116 3203 manus
3144 3163 3348 3213 aureae,
3386 3148 3511 3218 quia

1926 3240 2108 3294 omnia
2131 3256 2250 3310 qua:
2280 3241 2332 3295 in
2360 3240 2579 3296 homine
2605 3240 2790 3309 gessit,
2821 3239 3118 3294 divinitatis
3143 3240 3313 3311 gloria
3341 3237 3515 3308 perfe-

1927 3332 2020 3385 cit.
2069 3329 2250 3386 Plentc
2294 3331 2608 3402 hyacinthis.
2643 3330 2774 3397 Quae
2802 3331 2869 3386 ad
2899 3346 3048 3399 spem
3078 3346 3180 3386 nos
3215 3332 3514 3387 cmlestium

1926 3431 2088 3490 atque
2109 3435 2350 3475 amorem
2365 3424 2637 3488 excitant;
2661 3422 2785 3490 quia
2813 3421 3136 3492 hyacinthus
3179 3419 3334 3492 [Cod.
3370 3418 3514 3484 ναι..

1927 3511 1982 3565 in
2011 3510 2302 3582 hyacintis]
2353 3513 2488 3566 aerii
2534 3512 2732 3567 coloris
2779 3527 2992 3582 gemma
3026 3520 3128 3566 est.
3193 3509 3377 3565 Venter
3399 3511 3512 3576 eius

1926 3599 2184 3654 eburneus
2214 3600 2489 3655 distinctus
2515 3601 3017 3672 sapphyris.Venter
3043 3615 3173 3672 ergo
3199 3601 3374 3656 dilecti
3397 3598 3507 3653 fra-

1925 3689 2186 3759 gilitatem
2229 3691 2585 3747 humanitatis
2613 3691 2730 3760 ejus
2779 3692 3052 3760 designat;
3103 3691 3236 3747 ebur
3265 3691 3511 3746 decorem

1925 3781 2220 3846 castitatis;
2259 3781 2560 3853 sapphyrus
2601 3781 2987 3836 sublimitatem
3010 3781 3313 3837 caelestium
3345 3780 3513 3833 virtu-

1936 3881 2074 3928 tum.
2108 3872 2400 3927 Distinctus
2437 3873 2734 3944 sapphyris,
2763 3888 2886 3942 quia
2927 3873 3126 3944 partim
3151 3874 3384 3927 humana
3411 3870 3521 3926 fra-

1926 3964 2107 4035 gilitas
2135 3965 2335 4030 esurie,
2367 3965 2682 4030 tentatione,
2721 3963 3058 4035 fatigatione,
3090 3973 3292 4028 morte;
3324 3963 3521 4035 partim

1926 4055 2107 4110 divina
2137 4055 2422 4120 celsitudo,
2466 4055 2762 4121 miraculis,
2814 4057 3207 4112 resurrectione
3245 4064 3300 4112 et
3335 4069 3522 4110 ascen-

1927 4144 2097 4198 sionis
2126 4145 2296 4215 gloria
2323 4145 2662 4217 intelligitur.

1999 4235 2163 4290 Vens.
2214 4236 2296 4291 l5.
2344 4265 2417 4277 ——
2469 4234 2641 4291 Crura
2699 4238 2841 4293 illius
2887 4239 3143 4294 columna:
3194 4252 3523 4300 marmorea,

1927 4327 2161 4384 Crurum
2185 4329 2443 4386 vocabulo
2470 4331 2664 4386 itinera
2697 4331 2830 4404 [Al.,
2855 4331 3107 4404 munera]
3130 4330 3526 4387 incarnationis

227 4403 284 4450 et
311 4396 446 4452 mihi
479 4398 740 4452 ostendas
774 4397 950 4468 qualis
980 4400 1051 4454 sit
1089 4399 1316 4458 dilectus
1346 4412 1468 4460 tuus
1495 4420 1561 4460 ex
1585 4422 1648 4462 ea
1672 4418 1829 4478 parte
1854 4412 1906 4472 Ι)
1933 4418 2134 4476 Christi
2164 4420 2526 4485 insinuantur,
2569 4396 2999 4491 (τηατόοιίιιιηιῑς
3045 4396 3367 4477 πίπτωσι-θὶς
3397 4435 3526 4492 pro-

228 4501 335 4556 qua
358 4489 533 4558 possit
573 4487 744 4560 diligi,
792 4504 900 4544 non
937 4489 1146 4552 timeri,
1181 4493 1305 4561 quia
1343 4494 1572 4566 perfecta
1601 4498 1827 4553 charitas

229 4575 376 4645 foras
402 4577 563 4631 mittit
590 4577 831 4632 timorem
861 4577 917 4648 (I
953 4577 1113 4633 Joan.
1143 4596 1217 4646 IV,
1251 4583 1358 4652 l8).

299 4693 462 4749 Vens.
497 4691 584 4746 l0.
639 4724 710 4732 —
764 4692 1000 4749 Dilectus
1037 4713 1183 4754 meus
1211 4699 1470 4753 candidus
1497 4710 1545 4754 et
1577 4701 1827 4757 rubicun-

229 4785 350 4852 dus,
378 4785 569 4840 electus
591 4801 657 4840 ea:
689 4785 938 4840 millibus.
965 4784 1259 4854 Candidus,
1288 4791 1416 4859 quia
1442 4791 1557 4846 sine
1573 4801 1825 4859 peccato;

229 4879 564 4941 rubicundus
589 4881 854 4952 sanguine
883 4881 1182 4950 passionis;
1221 4883 1425 4938 electus
1455 4899 1522 4939 ex
1563 4884 1821 4950 millibus,

229 4969 359 5040 quia
386 4970 535 5027 solus
558 4971 824 5026 mediator
849 4969 942 5024 Dei
967 4979 1024 5025 et
1049 4971 1348 5026 hominum.

300 5063 465 5119 Vens.
498 5064 585 5118 ll.
618 5095 688 5104 —
715 5063 884 5135 Caput
935 5063 1050 5133 ejus
1097 5079 1286 5117 aurum
1344 5066 1616 5135 optimum.
1657 5063 1830 5135 Caput

228 5151 430 5208 ChriSti
476 5154 640 5219 Deus,
687 5155 779 5223 qui
838 5154 987 5209 solus
1030 5155 1202 5210 bonus
1250 5162 1307 5210 et
1357 5157 1612 5225 optimus.
1654 5155 1830 5213 Coma:

229 5241 344 5313 ejus
369 5243 503 5296 sicut
527 5243 680 5298 elata:
705 5243 1019 5314 palmarum,
1061 5245 1224 5314 nigra:
1243 5245 1396 5315 quasi
1418 5262 1620 5300 corvus.
1649 5246 1831 5304 Coma:

229 5339 462 5391 catervae
501 5341 627 5388 sunt
660 5343 971 5389 sanctorum
994 5377 1009 5402 ,
1065 5349 1187 5404 quae
1224 5334 1334 5390 Deo
1381 5334 1523 5391 fideli
1569 5335 1831 5392 famulatu

230 5423 531 5481 adhaerent.
563 5425 731 5481 Elaue
760 5427 974 5496 palmae,
1020 5435 1243 5498 propter
1266 5429 1617 5485 eminentiam
1672 5429 1828 5504 [Cod.

243 5511 363 5570 Vat.
408 5528 515 5569 om.
563 5515 938 5590 eminentiam]
996 5518 1139 5587 apud
1186 5517 1380 5575 Deum.
1435 5519 1652 5593 Nigrae,
1711 5537 1831 5592 pro-

303 5643 329 5673 ι
361 5625 530 5691 Ducis
553 5627 809 5687 conclusa
837 5631 1166 5689 omittuntur
1192 5630 1244 5686 in
1275 5631 1395 5688 cod.
1425 5632 1547 5690 Vat.

1925 4521 2048 4582 pter
2084 4511 2393 4567 ﬁrmitatem
2429 4521 2484 4568 et
2525 4513 2908 4570 rectitudinem
2944 4523 3348 4584 comparantur.
3395 4512 3526 4578 Qua

1928 4603 2164 4673 fundata:
2211 4615 2333 4658 sunt
2383 4621 2540 4675 super
2605 4606 2752 4661 bases
2800 4623 3010 4661 aureas.
3080 4605 3218 4673 Quia
3266 4603 3528 4675 quidquid

1925 4708 2024 4762 per
2051 4707 2174 4746 eum
2202 4691 2288 4746 vel
2317 4693 2384 4748 de
2409 4708 2475 4747 eo
2504 4702 2714 4764 gestum
2757 4703 2861 4760 est,
2888 4695 3070 4750 omnia
3095 4695 3292 4750 divinm
3327 4694 3526 4766 prmvi-

1927 4784 2098 4839 sionis
2144 4781 2300 4856 [Cod.
2357 4781 2519 4851 Vat.,
2574 4787 2933 4856 provisionis;
2983 4787 3081 4853 al.,
3125 4781 3526 4858 promissionis]

1930 4875 2157 4930 consilio
2189 4884 2314 4930 ante
2341 4884 2584 4945 tempora
2613 4877 2891 4932 saecularia
2920 4878 3181 4947 disposita
3207 4885 3354 4932 sunt.
3397 4874 3528 4945 Spe-

1930 4965 2033 5018 cies
2077 4966 2215 5037 ejus,
2247 4974 2302 5019 ut
2344 4963 2565 5032 Libani;
2605 4967 2823 5033 electus,
2869 4978 2926 5021 ut
2975 4966 3135 5024 cedri.
3181 4967 3254 5023 Ut
3295 4967 3532 5022 Libanus

1933 5055 2254 5112 celsitudine
2279 5064 2334 5110 et
2357 5059 2538 5127 gratia
2568 5060 2824 5114 arborum
2861 5060 2997 5114 alios
3030 5068 3243 5115 montes
3263 5099 3280 5125 ,
3316 5061 3396 5114 sic
3428 5057 3532 5112 Do-

1934 5145 2114 5201 minus
2138 5144 2386 5200 Christus
2409 5163 2598 5202 omnes
2624 5157 2842 5202 sanctos
2872 5149 3186 5203 meritorum
3214 5148 3532 5204 celsitudine

1933 5244 1989 5290 et
2032 5235 2201 5305 gratia
2244 5236 2503 5290 virtutum
2536 5237 2831 5293 antecellit.
2867 5237 3085 5295 Electus
3109 5246 3163 5293 ut
3188 5236 3540 5298 oedri.Sicut.

1933 5327 2066 5381 alias
2088 5327 2311 5382 arbores
2347 5342 2467 5397 qua:
2497 5329 2548 5381 in
2584 5328 2790 5384 Libano
2814 5338 3134 5392 nascuntur.
3167 5339 3387 5398 superat
3417 5329 3504 5400 dig

1933 5418 2102 5473 nitate
2151 5433 2266 5484 sua,
2316 5419 2387 5472 ita
2437 5416 2686 5476 Christus
2709 5435 2902 5477 omnes
2946 5422 3039 5493 qui
3082 5421 3137 5476 in
3184 5420 3425 5477 Ecclesia
3464 5427 3532 5475 ad

1934 5507 2100 5564 vitam
2127 5515 2443 5576 nascuntur,
2473 5523 2570 5566 sua
2597 5511 2935 5569 transcendit
2966 5509 3159 5584 gloria.

2480 5731 2536 5742 ..ι-,ο
