4020 6188
537 411 644 470 657

1357 411 1766 470 EXEGETICA‘.
1798 442 1868 453 —
1900 410 2363 469 COMPENDI’UM'
2383 414 2452 470 ΙΝ
2487 414 2689 474 CANT.
2728 419 2927 476 CANT.

3673 421 3775 477 658

604 528 767 585 Vens.
801 526 886 582 i6.
925 555 995 567 —
1016 524 1210 582 Guttur
1229 525 1374 582 illius
1395 529 1775 584 suavissimum.
1813 527 1869 583 in
1892 531 2177 599 gutture‘A
2201 529 2389 597 petitio
2421 529 2695 588 ﬁrmitatis
2722 542 2805 589 est
2849 533 3126 590 indicium.
3163 535 3219 589 in
3250 535 3456 607 capillis
3488 536 3690 606 populi,
3719 539 3775 590 in

531 622 746 677 interna
793 618 1018 675 dulcedo
1042 619 1330 674 verborum
1359 619 1502 674 illius
1545 627 1893 682 memoratur,
1937 634 2098 688 quam

530 713 622 782 qui
649 710 812 780 sapit,
853 725 959 764 non
1006 709 1192 765 esurit.
1239 708 1310 763 Et
1355 718 1495 763 totus
1543 708 1920 763 desiderabilis.
1962 707 2101 774 Quid

528 800 756 871 amplius
773 799 933 872 503
958 798 1195 868 quaeris?
1231 797 1400 854 Totus
1440 796 1810 854 desiderabilis
1843 805 1944 862 est,
1973 797 2098 865 quia

529 896 672 944 totus
699 887 840 943 Deus
863 895 916 941 et
944 895 1088 942 totus
1110 887 1290 950 homo,
1325 886 1381 940 in
1408 898 1567 955 quem
1598 883 1902 938 desiderant
1929 892 1982 937 et
2005 897 2100 938 an-

529 977 631 1048 geli
676 979 1003 1048 prospicere.
1062 977 1204 1032 Deus
1231 977 1284 1030 in
1309 975 1587 1044 majestate
1613 975 1820 1040 Patris;
1858 975 2017 1030 homo
2043 974 2098 1028 in

525 1067 832 1138 virginitate
872 1068 1088 1132 matris;
1133 1066 1188 1121 in
1215 1064 1305 1121 illo
1332 1063 1575 1129 Creator,
1602 1065 1656 1118 in
1695 1065 1798 1119 hac
1828 1063 2095 1117 Salvator.

528 1157 670 1212 Talis
694 1166 769 1212 est
795 1157 1013 1212 dilectus
1037 1173 1201 1221 meus,
1223 1165 1269 1209 et
1295 1155 1418 1209 talis
1447 1165 1521 1210 est
1550 1154 1750 1221 amicus
1776 1170 1940 1216 meus,
1969 1151 2097 1221 ﬁlia:

523 1245 835 1302 Jerusalem.
882 1247 1091 1313 Quanto
1133 1245 1378 1300 devotius
1429 1245 1657 1315 quisque
1693 1243 1869 1311 diligit
1905 1241 2094 1306 Deum,

524 1347 674 1396 tanto
702 1339 1016 1394 familiarius
1041 1339 1202 1394 habet
1225 1338 1457 1393 amicum
1486 1339 1685 1403 Deum;
1728 1345 1782 1393 et
1814 1336 1974 1392 talem
1997 1350 2095 1390 ne-

523 1444 673 1486 cesse
720 1428 846 1502 [est]
894 1437 954 1484 ut
1003 1428 1270 1505 intelligas
1305 1435 1460 1494 ’eum,
1512 1428 1557 1484 si
1601 1428 1683 1482 vis
1723 1441 1848 1482 eum
1896 1424 2096 1481 habere

522 1520 777 1576 amicum.

1120 1611 1353 1669 CAPUT
1389 1609 1476 1667 Vl.

587 1702 750 1758 Vens.
779 1701 830 1755 l.
864 1731 935 1742 —-
957 1700 1072 1767 Quo
1094 1703 1218 1756 abiit
1250 1701 1471 1756 dilectus
1492 1709 1632 1763 tuus,
1681 1716 1732 1753 ο-
1750 1694 2098 1767 pulcherrima

515 1792 828 1846 mulierum!
849 1791 954 1847 Pro
977 1792 1171 1848 decore
1189 1793 1332 1847 enim
1360 1791 1617 1847 caminis
1635 1788 1790 1862 (Cod.
1815 1785 1960 1852 Vat.,
1983 1800 2100 1840 caro

2199 617 2452 676 dentibus
2476 622 2753 689 doctores,
2798 624 2851 678 in
2878 623 3120 695 gemellis
3149 624 3345 682 fetibus
3371 626 3475 681 duo
3502 636 3770 698 praecepta

2179 711 2486 767 ‘charitatis
2509 712 2904 784 intelliguntur.

2269 798 2431 854 Vsus.
2458 800 2510 853 7.
2541 832 2612 840 —
2642 800 2788 856 Sicut
2817 813 2993 858 cortex
3014 805 3139 858 mali
3163 805 3339 876 punici
3362 821 3505 875 gena:
3527 814 3631 860 tua:
3656 804 3774 861 abso

2197 903 2296 957 que
2345 888 2511 943 oculis
2555 892 2678 945 tuis.
2724 892 2885 947 (lenae
2930 902 3128 948 sanctae
3172 894 3424 949 Ecclesiae
3466 893 3774 964 spirituales

2197 984 2322 1031 sunt
2346 976 2554 1044 Patres,
2582 981 2670 1050 qui
2695 982 2981 1036 virtutibus
3001 991 3124 1036 sunt
3144 984 3434 1050 mirabiles,
3461 994 3514 1040 ct
3535 985 3774 1040 moribus

2195 1069 2532 1123 venerabiles
2557 1109 2571 1134 ,
2625 1071 2756 1124 etin
2786 1069 2983 1125 Christi
3009 1087 3167 1127 cruce
3193 1073 3410 1142 gloriari
3445 1091 3551 1129 non
3580 1075 3771 1130 erube—

2195 1163 2426 1212 scentes.
2485 1157 2554 1212 Et
2580 1159 2696 1212 haec
2727 1173 2919 1229 magna
2945 1169 3070 1214 sunt
3093 1162 3248 1217 valde
3276 1177 3395 1230 quae
3426 1163 3676 1216 videntur
3717 1163 3768 1216 in

2195 1259 2280 1310 ea,
2303 1246 2398 1301 sed
2431 1247 2600 1303 multo
2627 1249 2831 1320 majora
2857 1264 2974 1319 quae
2995 1265 3101 1306 non
3122 1252 3371 1307 videntur
3384 1260 3438 1306 et
3456 1253 3509 1306 in
3525 1250 3766 1310 futurum

2196 1345 2561 1392 reservantur.

2271 1424 2430 1480 Vens.
2482 1427 2536 1482 8.
2561 1456 2632 1467 —
2659 1425 2943 1499 Sexaginta
2994 1439 3115 1485 sunt
3156 1433 3396 1502 regincr,‘
3426 1441 3473 1486 et
3509 1433 3767 1501 octoginta

2195 1515 2513 1581 concubine,
2567 1527 2615 1570 et
2667 1517 3172 1575 adolescentularum
3228 1539 3330 1576 non
3375 1531 3449 1576 est
3490 1538 3755 1576 numerus.

2197 1603 2595 1674 Reginae-sunt,
2625 1623 2744 1677 quas
2773 1623 2957 1665 amore
2984 1611 3164 1680 sponsi
3207 1620 3262 1666 et
3290 1612 3523 1667 caelestis
3560 1613 3764 1682 praemii

2197 1692 2392 1748 intuitu
2412 1709 2510 1764 per
2545 1697 2980 1765 praedicationem
3001 1699 3244 1754 veritatis
3277 1708 3329 1754 et
3360 1700 3511 1764 ﬁdei,
3542 1709 3595 1755 et
3622 1700 3765 1753 sacri

2197 1781 2539 1851 baptismatis
2559 1783 2778 1851 fontem,
2807 1787 3041 1842 sobolem
3055 1796 3259 1844 aeterno
3274 1789 3403 1859 Regi
3423 1787 3762 1859 [spiritalem]

514 1880 620 1954 nis]
651 1882 929 1937 variantur
949 1897 1193 1952 persona:
1219 1882 1578 1952 loquentium;
1608 1853 1702 1935 sed
1728 1887 1908 1932 tamen
1934 1875 2089 1931 Chri-
2119 1853 2167 1915 Β
2191 1881 2470 1941 generant.
2512 1874 2836 1931 Concubinae
2878 1886 3022 1943 sunt,
3067 1895 3186 1949 quae
3223 1853 3527 1935 carnalibus
3567 1853 3765 1933 solum;

513 1973 585 2031 sti
612 1972 926 2038 Ecclesiam,
950 1989 1070 2042 qua:
1099 1989 1307 2043 sponsa:
1342 1974 1600 2029 vocabulo
1622 1971 1962 2041 exprimitur,
1994 1969 2088 2023 de-

514 2063 747 2134 signant.
768 2062 1132 2117 Pulcherrima
1145 2063 1442 2118 mulierum.
1461 2063 1703 2118 Pulchrm
1721 2069 1848 2116 sunt
1867 2059 2088 2130 singula:

510 2159 819 2208 sanctorum
861 2152 1115 2208 Ecclesiae
1135 2193 1151 2217 ,
1207 2152 1302 2207 sed
1352 2152 1716 2221 pulcherrima
1765 2149 2089 2206 universitas

510 2241 676 2296 totius
708 2249 906 2296 sanctae
943 2241 1197 2297 Ecclesiae
1221 2256 1319 2312 per
1341 2248 1514 2295 totum
1537 2241 1745 2296 orbem.
1779 2239 1896 2305 Quo
1925 2238 2088 2293 decli-

509 2331 649 2386 navit
688 2330 909 2385 dilectus
938 2341 1080 2396 tuus,
1104 2339 1152 2386 et
1181 2347 1473 2401 quaeremus
1491 2347 1628 2386 eum.
1666 2330 1767 2398 Qui
1799 2329 2086 2400 aliquando

509 2419 565 2475 in
583 2429 727 2475 terra
749 2421 1012 2488 corporali
1031 2421 1210 2490 specie
1228 2428 1475 2476 versatus
1495 2430 1598 2487 est,
1623 2421 1711 2476 die
1729 2435 1837 2490 quo
1851 2419 2086 2476 declina-

511 2509 580 2564 rit
599 2510 707 2575 ille,
730 2519 789 2564 ut
817 2510 964 2564 illum
993 2525 1285 2581 sequamur
1307 2509 1438 2583 [Αι.,
1461 2510 1784 2582 quaeramus]
1815 2519 2011 2566 tecum.

575 2598 738 2653 Vsus.
763 2599 817 2652 2.
834 2628 906 2640 —
924 2598 1156 2654 Dilectus
1178 2616 1321 2655 meus
1343 2599 1606 2671 descendit
1629 2602 1683 2654 in
1703 2601 1910 2654 hortum
1930 2615 2082 2653 suum

505 2685 574 2741 ad
618 2686 848 2742 areolam
881 2690 1152 2743 aromatis.
1183 2688 1347 2756 Quasi
1370 2689 1613 2754 dixisset,
1657 2690 1785 2744 illuc
1809 2689 2079 2754 ascendit,

504 2779 648 2836 unde
669 2779 963 2836 descendit.
991 2781 1049 2835 In
1070 2782 1308 2847 hortum,
1335 2782 1387 2835 id
1406 2789 1488 2836 est
1509 2782 1560 2835 in
1583 2781 1878 2836 Ecclesiam
1901 2795 2079 2846 suam,

503 2877 565 2923 nt
587 2885 708 2926 eam
733 2869 882 2925 fonte
917 2870 1105 2940 gratia:
1133 2887 1266 2936 suas,
1312 2873 1468 2941 quasi
1513 2871 1751 2926 areolam
1779 2878 2080 2925 aromatum

504 2960 777 3030 irrigaret,
805 2969 864 3015 ut
890 2961 1148 3016 virtutum
1177 2960 1398 3016 ﬂoribus
1425 2962 1766 3032 germinaret.
1799 2961 1867 3016 Ut
1893 2977 2082 3031 pasca-

506 3059 593 3104 tur
617 3050 673 3104 in
691 3049 878 3117 hortis,
903 3058 952 3104 et
979 3048 1093 3104 lilia
1120 3049 1348 3121 colligat.
1379 3050 1626 3106 Pascitur
1658 3051 1713 3105 in
1738 3050 1931 3115 hortis,
1954 3050 2080 3104 dum

504 3139 608 3244 piis
637 3148 944 3244 sanctorum
975 3139 1267 3244 laboribus.
1279 3140 1610 3244 delectatur;
1639 3149 1689 3244 et
1723 3140 1892 3194 lilium
1923 3139 2075 3244 colli-
2101 3181 2150 3244 C

506 3233 601 3304 git,
628 3233 754 3288 dum
780 3233 847 3288 ad
877 3233 1174 3305 perfectum
1203 3231 1356 3305 [ϐοά.
1393 3231 1533 3299 Vat.,
1559 3232 1942 3305 perfectorum]
1964 3247 2074 3287 mc-

503 3325 732 3380 ritorum
769 3325 1055 3381 candorem
1097 3324 1469 3395 pervenientes
1498 3324 1567 3379 ad
1616 3324 1878 3381 caelestia
1907 3337 2073 3396 regna

508 3413 772 3482 perducit.

573 3501 734 3558 Vens.
759 3505 889 3558 5.—
899 3503 1013 3574 Ego
1056 3502 1485 3569 dilecto.meo,-el
1510 3503 1732 3559 dilectus
1753 3520 1897 3559 meus
1922 3505 2069 3570 mihi,

500 3594 590 3664 qui
616 3595 850 3665 pascitur
872 3595 1010 3648 inter
1042 3593 1175 3648 lilia.
1204 3595 1318 3664 Ego
1340 3593 1534 3650 dilecto
1563 3610 1685 3650 meo
1710 3595 1888 3651 locum
1917 3597 2074 3652 habi-

500 3684 718 3738 tationis
744 3698 990 3753 prcparo
1026 3683 1081 3737 in
1109 3699 1224 3749 me;
1265 3684 1465 3753 etipse
1501 3685 1633 3739 mihi
1677 3686 1820 3754 apud
1845 3701 1932 3750 se,
1981 3687 2074 3756 qui

499 3786 712 3843 semper
734 3774 879 3828 inter
897 3782 1084 3828 sancta
1104 3772 1375 3828 .desideria
1401 3774 1661 3830 mentium
1681 3785 1950 3830 castarum
1979 3789 2077 3844 pa-

498 3863 686 3918 scitur.
718 3862 989 3918 Hactenus
1014 3870 1214 3918 sancta:
1251 3861 1506 3918 Ecclesiae
1527 3879 1630 3918 vox
1660 3872 1772 3929 est,
1807 3865 2075 3919 laudantis

497 3967 561 4008 ac
595 3952 882 4022 quaerentis
907 3967 1193 4022 sponsum;
1225 3967 1368 4007 nunc
1404 3952 1534 4022 quid
1565 3953 1825 4022 quaesitus
1852 3967 2072 4024 respon-

501 4041 654 4109 deat,
677 4041 1025 4098 subinfertur.

569 4132 732 4187 Vens.
755 4131 810 4186 4.
829 4162 901 4172 —
925 4131 1161 4188 Pulchra
1182 4149 1258 4198 es,
1289 4131 1504 4206 [amica]
1533 4149 1648 4188 mea
1663 4173 1679 4199 ,
1705 4133 1878 4188 suavis
1909 4141 1958 4186 et
1981 4129 2076 4186 de-

502 4237 624 4275 cora
655 4221 787 4275 sicut
813 4221 1130 4278 Jerusalem.
1177 4222 1375 4279 Sancta
1408 4223 1649 4278 Ecclesia
1677 4223 1859 4277 suavis
1887 4230 1943 4277 et
1981 4221 2075 4277 de-

505 4323 630 4364 cora
662 4317 721 4365 ut
742 4311 1036 4369 Jerusalem
1063 4313 1279 4378 dicitur,
1307 4313 1432 4382 quia
1459 4312 1577 4381 ejus
1600 4303 1725 4368 vitae
1746 4313 2071 4368 desiderium

501 4399 694 4456 visioni
726 4401 839 4472 jam
879 4404 1030 4474 pacis
1075 4405 1278 4458 intima:
1319 4403 1666 4458 assimilatur.
1714 4401 1982 4457 Terribilis
2014 4410 2072 4456 ut

500 4499 788 4545 castrorum
818 4493 955 4548 acies
978 4493 1238 4547 ordinata.
1265 4491 1322 4547 ld
1344 4500 1443 4556 est,
1469 4493 1732 4547 charitate
1755 4491 1903 4545 unita
1935 4489 2068 4562 [Al.,
2096 4523 2148 4584 υ

493 4580 705 4654 juncta]
731 4589 787 4637 et
809 4592 1103 4652 compacta,
1127 4589 1187 4637 ut
1209 4583 1387 4637 nullus
1414 4582 1564 4638 locus
1584 4581 1726 4638 hosti
1750 4595 1847 4650 per
1871 4580 2072 4634 malum

501 4673 787 4729 discordia:
811 4675 1118 4744 aperiatur,
1137 4675 1265 4743 quia
1293 4673 1628 4730 solummodo
1662 4673 1718 4727 in
1742 4671 1952 4727 unitate
1978 4685 2073 4742 pa-

502 4763 596 4818 cis.
613 4764 880 4820 terribiles
903 4780 1086 4819 sumus
1103 4765 1275 4818 hosti-

530 4916 535 4921 ,
575 4855 735 4910 Vsus.
751 4855 1080 4910 5..-—-Averte
1097 4853 1411 4909 oculostuos
1433 4871 1467 4908 a
1483 4869 1581 4918 me,
1597 4853 1722 4923 quia
1737 4853 1836 4922 ipsi
1857 4869 1937 4907 me
1957 4868 2072 4907 atto.-

503 4945 616 5001 lare
637 4948 889 5018 fecerunt.
920 4947 977 5003 ld
991 4955 1095 5013 est,
1112 4947 1296 5002 oculos
1320 4947 1518 5002 mentis
1535 4955 1660 5001 tuae.
1688 4946 1808 5002 Noli
1829 4960 2072 5014 quaerere

503 5037 572 5092 in.
594 5046 712 5094 tute
735 5039 1186 5108 peregrinationis
1232 5039 1428 5093 itinere
1461 5037 1699 5108 perfecte
1741 5053 1828 5092 me
1869 5053 2070 5108 cogno-

503 5141 683 5192 scere,
725 5129 868 5197 quod
889 5127 1006 5184 ﬁeri
1035 5143 1143 5183 non
1169 5134 1370 5197 potest;
1401 5127 1524 5195 quia
1562 5139 1670 5194 quo
1702 5125 1958 5180 intentius
1985 5141 2076 5182 me

501 5229 794 5287 agnoscere
820 5218 1033 5286 quaeris,
1056 5231 1121 5271 eo
1147 5217 1346 5272 certius
1367 5229 1454 5270 me
1479 5213 2070 5282 incomprehensibilem

501 5321 624 5362 esse
655 5306 950 5377 intelliges;
977 5316 1032 5361 et
1051 5321 1158 5362 non
1183 5321 1392 5376 quaeras
1419 5305 1476 5360 in
1497 5305 1582 5359 via
1604 5303 1902 5373 praemium,
1928 5307 2084 5374 quod:

501 5398 600 5454 tibi
628 5401 683 5454 in
705 5400 880 5470 patria
902 5405 1227 5454 reservatur.
1261 5395 1453 5467 Capilli
1478 5397 1554 5450 tui
1576 5395 1712 5450 sicut
1734 5409 1860 5465 grex
1885 5410 2086 5466 capra--

501 5505 640 5555 rum,
661 5506 780 5561 quia
797 5495 1154 5562 apparuerunt
1178 5489 1242 5541 de
1261 5485 1487 5544 Galaad.

2190 1963 2350 2017 modo
2381 1963 2533 2035 [Cod.
2576 1963 2718 2032 Vat.,
2763 1981 2884 2037 qua:
2918 1968 3122 2022 carnali
3153 1969 3489 2024 solummodo
3528 1983 3766 2023 commo-

2189 2049 2282 2123 do]
2319 2051 2593 2108 Christum
2626 2055 2969 2124 praedicando
2994 2058 3077 2112 vel
3102 2059 3421 2128 baptizando
3451 2059 3663 2114 docent.
3699 2057 3768 2111 Et

2188 2141 2311 2198 ideo
2339 2143 2444 2199 illze
2467 2144 2798 2215 perfectione
2835 2149 3033 2203 senarii
3068 2149 3302 2214 numeri,
3328 2163 3426 2218 per
3451 2147 3765 2218 decalogum

2190 2233 2322 2307 [Al.,
2353 2238 2660 2312 denarium]
2696 2240 3098 2310 multiplicatae;
3143 2241 3227 2296 hae
3260 2241 3524 2296 octonarii
3563 2240 3764 2309 imper-

2187 2324 2419 2383 fectione
2467 2345 2574 2385 non
2615 2330 2920 2387 sinceriter
2941 2331 3254 2403 decalogum
3305 2338 3584 2386 servantes
3625 2332 3768 2386 desi-

2184 2425 2437 2486 gnantur.
2476 2418 2901 2475 Adolescentulte
2940 2429 3067 2476 sunt
3116 2421 3308 2475 animae
3353 2437 3524 2491 nuper
3566 2419 3766 2475 Christi

2184 2510 2360 2579 gratia
2381 2519 2604 2577 renatae,
2629 2527 2854 2582 quarum
2879 2528 3110 2578 summa,
3130 2521 3352 2583 propter
3367 2512 3761 2568 multitudinem

2187 2597 2341 2670 [Cod.
2381 2599 2532 2667 Vat.,
2575 2616 2688 2671 prae
2714 2600 3078 2673 multitudine]
3104 2602 3300 2656 civium
3331 2602 3633 2657 caelestium
3670 2617 3762 2656 uu-

2185 2703 2392 2743 merum
2414 2691 2768 2745 transcendit.

2252 2775 2416 2849 404
2431 2778 2594 2834 Vens.
2619 2778 2672 2834 9.
2700 2809 2773 2820 —
2793 2778 2913 2834 Una
2933 2797 2990 2835 es
3009 2779 3173 2853 -[Cod.
3196 2783 3342 2848 Vat,
3374 2781 3496 2855 est],
3522 2782 3761 2837 columba

2182 2883 2318 2932 mea,
2345 2868 2576 2939 perfecta
2595 2885 2729 2923 mea.
2756 2869 2955 2925 Sancta
2977 2871 3227 2926 videlicet
3241 2880 3296 2926 et
3321 2871 3644 2928 universalis
3661 2887 3760 2942 per

2183 2963 2354 3011 totum
2376 2960 2562 3013 orbem
2576 2958 2834 3014 Ecclesia.
2860 2956 2978 3014 Una
2997 2969 3072 3014 est
3092 2961 3251 3014 matri
3261 2975 3408 3028 mete,
3429 2959 3592 3015 electa
3613 2959 3760 3033 geni-

2181 3048 2301 3101 trici
2323 3047 2476 3120 [Cod.
2499 3049 2646 3115 Vah,
2669 3051 2921 3104 matris...
2956 3051 3248 3124 genitricis]
3270 3069 3400 3108 suae.
3431 3052 3490 3108 ld
3514 3060 3615 3119 est,
3644 3067 3760 3109 cae-

2181 3136 2301 3193 lesti
2325 3137 2644 3205 Jerusalem,
2667 3155 2788 3211 quae
2803 3147 2886 3196 est
2908 3149 3082 3196 mater
3103 3142 3344 3196 omnium
3365 3150 3627 3208 nostrum,
3649 3159 3754 3197 un-

2179 3228 2246 3285 de
2271 3230 2340 3285 ad
2364 3245 2462 3285 nos
2483 3232 2657 3302 gratia
2678 3232 2850 3286 sancti
2873 3231 3107 3301 Spiritus
3127 3231 3427 3298 descendit,
3450 3246 3550 3301 per
3583 3247 3744 3301 quam

2176 3321 2511 3378 renascimur
2536 3323 2672 3378 Deo.
2717 3321 2964 3378 Viderunt
2987 3339 3102 3378 eam
3127 3323 3255 3393 ﬁlice
3285 3324 3416 3379 Sion
3444 3332 3492 3377 et
3516 3322 3751 3378 beatissi-

2173 3430 2315 3469 mam
2326 3413 2739 3486 prtedicaoerunt
2753 3431 2772 3470 :
2791 3415 2983 3486 regina:I
3004 3424 3053 3469 et
3071 3415 3374 3469 concubina:
3399 3413 3744 3469 laudauerunt

2173 3520 2310 3559 eam.
2341 3503 2485 3571 Quas
2511 3505 2662 3575 prius
2681 3504 2817 3560 dixit
2841 3504 3288 3569 adolescentulas,
3323 3518 3466 3558 nunc
3484 3501 3625 3558 ﬁlias
3652 3517 3748 3556 no.

2174 3593 2370 3648 minat.
2403 3593 2624 3664 Reginae
2664 3603 2719 3648 et
2755 3592 3069 3647 concubinae
3093 3593 3236 3648 idem
3282 3600 3410 3647 sunt
3448 3607 3570 3660 qua:
3585 3599 3761 3658 ante,,

2173 3698 2292 3752 quae
2318 3696 2507 3737 omnes
2538 3680 2858 3736 catholicam
2885 3679 3106 3734 laudant
3129 3680 3462 3736 Ecclesiam.

2243 3771 2405 3825 νεεδ.
2438 3769 2524 3824 10.
2549 3799 2623 3810 —
2650 3767 2782 3834 Qua:
2821 3777 2896 3823 est
2938 3770 3038 3823 ista
3061 3785 3178 3840 qua:
3215 3771 3552 3842 progreditur
3587 3773 3756 3840 quasi

2173 3876 2367 3914 aurora
2397 3860 2750 3930 consurgens?
2783 3859 3133 3929 Progreditur
3155 3861 3398 3917 Ecclesia
3415 3862 3582 3932 quasi
3592 3877 3749 3915 auro-

2173 3964 2256 4014 ra,
2277 3948 2403 4017 quia
2419 3947 2532 4018 jam
2553 3947 2667 4002 veri
2688 3947 2906 4002 luminis
2928 3947 2982 4002 in
3015 3964 3077 4004 ea
3101 3950 3180 4003 sol
3199 3958 3371 4016 ortus,
3403 3951 3602 4006 mundo
3623 3959 3746 4020 post

2174 4037 2422 4092 tenebras
2449 4036 2622 4107 longae
2651 4037 2970 4107 ignorantiae
3000 4044 3352 4091 monstratur.
3402 4038 3638 4092 Pulchra
3684 4049 3740 4092 ut

2171 4127 2333 4194 luna;
2361 4129 2485 4199 quia
2507 4130 2621 4185 sole
2635 4129 2856 4198 iustitiae
2883 4130 3147 4185 illustrata
3173 4138 3384 4184 noctem
3409 4131 3592 4186 mundi
3620 4131 3740 4185 illu-

2171 4221 2360 4275 minat.
2402 4219 2608 4294 [Electa
2637 4231 2691 4275 ut
2711 4220 2835 4294 sol],
2861 4221 2985 4291 quia
3022 4221 3308 4292 imaginem
3337 4221 3420 4276 sui
3448 4221 3744 4278 conditoris

2171 4312 2226 4368 in
2250 4314 2396 4368 omni
2415 4311 2644 4381 iustitia,
2674 4315 2959 4369 sanctitate
2981 4320 3036 4368 et
3055 4313 3254 4384 pietate
3283 4310 3610 4384 [ϐοῶ-ναι..
3647 4327 3740 4368 ve-

2170 4404 2355 4476 ritate]
2379 4412 2577 4474 portat.
2609 4404 2876 4460 Terribilis
2904 4413 2962 4459 ut
2991 4412 3290 4458 castrorum
3311 4405 3448 4458 acies
3470 4403 3733 4458 ordinata.

2173 4493 2454 4549 Terribilis
2497 4493 2638 4548 aeris
2676 4492 2829 4565 [Cod.
2869 4491 3011 4558 Vat.,
3056 4490 3252 4565 aereis]
3286 4491 3657 4562 potestatibus.
3683 4492 3769 4547 in,

2174 4583 2380 4642 unitate
2405 4583 2708 4648 charitatis,
2736 4582 2859 4639 ﬁdei
2886 4590 2942 4639 et
2960 4584 3096 4654 spei.

2242 4675 2406 4730 Vens.
2449 4674 2536 4750 il.
2556 4673 2902 4728 —Descendi
2931 4674 3000 4730 ad
3039 4675 3246 4730 hortum
3270 4691 3484 4744 nucum,
3504 4677 3756 4732 ‘ut-uidew

2171 4779 2278 4818 rem
2307 4780 2462 4835 poma
2482 4762 2749 4818 convallis.
2773 4763 2971 4819 Hortus
2995 4765 3191 4819 etenim
3219 4781 3414 4820 nucum
3439 4772 3522 4820 est
3541 4762 3737 4818 Eccle-

2171 4854 2250 4907 sia
2270 4853 2557 4923 praesentis
2583 4853 2762 4908 stecnli
2813 4851 2966 4926 [ϐοά.
3001 4853 3144 4920 ναι,
3182 4856 3421 4910 Ecclesia
3454 4852 3734 4924 praesens],

2169 4944 2261 4998 ubi
2281 4953 2496 5000 nostras
2519 4944 2878 5000 conscientias
2897 4945 3214 5000 alterutrum
3237 4945 3454 4999 minime
3472 4945 3732 5009 videmus,

2169 5035 2264 5089 sed
2287 5034 2454 5090 fracta
2479 5050 2578 5106 per
2610 5035 2961 5091 tentationem
2991 5043 3126 5092 testa
3155 5036 3416 5104 corporis,
3456 5036 3735 5104 apparebit

2169 5125 2394 5180 interna:
2418 5125 2713 5181 dulcedinis
2733 5135 2939 5196 gustus.
2962 5127 3128 5181 Poma
3147 5125 3402 5181 convallis
3421 5127 3627 5179 fructus
3649 5134 3732 5180 est

2169 5213 2507 5269 humilitatis.
2556 5215 2838 5270 Descendit
2861 5222 3043 5270 sancta
3086 5214 3324 5270 Ecclesia
3363 5229 3462 5284 per
3484 5215 3733 5270 doctores

2169 5309 2403 5367 sanctos,
2426 5301 2517 5370 qui
2536 5301 2824 5372 proficiunt
2844 5303 2912 5358 ad
2936 5303 3146 5359 fructus
3164 5303 3356 5369 bonos,
3380 5303 3537 5373 quive
3557 5304 3732 5358 adhuc

2169 5393 2405 5463 indigent
2441 5393 2697 5449 doctrina:
2746 5394 3077 5464 irrigatione.
3115 5393 3183 5449 Ut
3216 5396 3517 5467 inspicerem
3545 5397 3592 5451 si
3623 5397 3728 5466 ﬂow

2169 5483 2354 5538 ruisset
2392 5484 2557 5538 vinea.
2597 5481 2917 5551 [aspicerem
2947 5484 2992 5538 si
3029 5485 3286 5540 virtutum
3313 5486 3487 5541 studia
3519 5484 3733 5542 ﬂoruis-

571 5583 738 5639 Vsns.
756 5582 1092 5639 6.—Dentes
1108 5581 1185 5635 tui
1209 5581 1338 5634 sicut
1357 5597 1531 5652 greges
1546 5580 1737 5644 ouium,
1753 5594 1870 5650 quae
1890 5593 2088 5633 ascen.»
2165 5579 2304 5631 sent.
2333 5571 2404 5626 Et
2441 5571 2812 5642 geminassent
2839 5571 2979 5627 mala
3003 5575 3211 5644 punica.
3249 5575 3306 5630 Si
3342 5575 3435 5647 qui
3455 5575 3522 5632 ad
3548 5590 3730 5632 exem-

501 5673 687 5728 derunt
714 5673 780 5729 de
800 5674 1030 5739 lauacro,
1051 5687 1228 5727 omnes
1241 5670 1465 5742 gemellis
1487 5671 1672 5756 fetibus
1693 5679 1740 5726 et
1753 5669 1944 5726 sterilis
1966 5685 2068 5724 non
2164 5665 2309 5756 pium
2360 5661 2650 5756 Dominicte
2695 5661 2976 5732 passionis.
3007 5665 3290 5736 praeparati
3338 5673 3520 5724 essent
3571 5677 3726 5719 suum

501 5773 578 5819 est
609 5765 665 5820 in
707 5765 802 5821 eis.
832 5765 899 5823 lli
935 5761 1184 5823 versiculi
1213 5761 1361 5833 prius
1394 5751 1618 5831 expositi
1649 5768 1801 5827 sunt,
1851 5761 1945 5818 sed
1985 5775 2068 5819 re-
2163 5755 2386 5814 fundere
2411 5751 2741 5822 sanguinem.
