3996 6194
1085 337 1146 395 Β.
1190 335 1252 394 F.
1294 332 1520 390 ALBINI
1555 331 1685 394 εει]
1723 329 2003 388 ALCUINI
2037 326 2324 392 OPERUM
2355 325 2538 384 PARS
2572 325 2636 381 Il.

3409 322 3512 388 660

322 462 488 530 Vens.
526 459 616 517 l2.
643 489 713 499 ——
754 457 983 520 Nescwi,
1028 456 1207 509 anima
1247 470 1361 511 mea
1390 451 1714 510 conturbavit
1748 465 1830 510 me
1856 450 1907 509 Α
1932 454 2155 520 propter
2173 444 2586 524 providentiam,
2605 441 2745 498 sicut
2765 438 2964 497 collum
2979 446 3197 511 propter
3216 446 3516 506 nutrimen-

251 561 461 624 propter
505 550 786 623 quadrigas
831 544 1147 604 Aminadab.
1202 543 1416 606 Nescivi
1463 545 1601 602 dona
1645 543 1834 616 gratiae

254 643 550 712 spiritualis
585 641 639 695 in
668 648 721 694 te
761 653 904 704 esse,
932 651 1161 709 Sponsa,
1205 635 1301 692 sed
1328 636 1508 690 anima
1545 649 1666 691 mea
1707 648 1834 696 oon-

255 733 492 794 turbavit
529 747 616 797 me
651 738 872 801 propter
897 727 1351 786 introductionem
1378 723 1533 797 [Cod.
1572 723 1691 778 Vat.
1711 764 1726 792 ,
1755 724 1836 778 in-

255 819 586 892 ductionem]
619 819 754 876 Novi
789 819 1154 887 Testamenti,
1187 825 1243 872 et
1268 815 1590 888 evangelicae
1617 814 1836 885 quadri-

202 964 208 986 ι
257 927 356 983 gae,
387 927 490 983 qua
536 909 691 986 [ϐοά.
732 909 876 973 ναι..
911 908 1062 982 quia]
1091 909 1392 964 Aminadab
1428 908 1542 979 (qui
1572 907 1837 981 interpre—

259 1010 406 1057 tatur
427 1043 442 1069 ,
485 1001 666 1074 populi
699 1003 802 1056 mei
830 998 1168 1071 spontaneus)
1198 999 1250 1055 id
1293 1007 1394 1066 est,
1435 997 1702 1062 Christus,
1741 1012 1838 1068 per

202 1091 210 1127 ³
259 1101 432 1150 ιοιυω
479 1095 697 1152 vehitur
743 1093 1046 1158 mundum;
1096 1092 1182 1147 cui
1231 1091 1476 1149 Ecclesia
1513 1089 1838 1150 consolando

257 1200 386 1241 mox
411 1186 718 1258 respondet.

331 1277 499 1333 Vsus.
545 1279 631 1333 15.
663 1308 732 1317 -
758 1277 1061 1338 Revertere,
1093 1284 1371 1338 reuertere,
1410 1271 1722 1336 Sunamitis,
1761 1285 1842 1324 re-

260 1379 471 1433 uertere,
500 1376 771 1432 revertere,
805 1376 861 1422 ut
891 1365 1190 1421 intueamur
1214 1374 1282 1418 te.
1313 1362 1435 1419 Noli
1461 1364 1672 1417 turbata
1697 1374 1838 1426 esse,

261 1459 357 1514 sed
403 1465 680 1516 revertere
707 1456 775 1510 ad
821 1455 1152 1525 agnitionem
1198 1455 1276 1509 tui
1307 1453 1685 1522 Redemptoris
1707 1492 1723 1518 ,
1748 1453 1844 1522 qui

264 1549 363 1608 tibi
387 1549 548 1606 toties
575 1547 630 1604 in
652 1547 931 1618 prophetis
954 1556 1010 1602 et
1036 1546 1152 1618 lege
1185 1546 1485 1617 promissus
1513 1553 1614 1600 est.
1641 1545 1845 1599 Rever-

267 1649 380 1694 tere
398 1639 636 1709 puritate
665 1637 813 1703 lldei,
832 1652 1054 1709 operum
1074 1635 1425 1708 perfectione.
1449 1635 1494 1691 Ο
1524 1633 1843 1700 Sunamitis,

266 1731 321 1786 id
346 1739 451 1798 est,
497 1730 730 1801 captiva,
755 1727 868 1798 jam
904 1729 1118 1784 vinculo
1143 1726 1476 1783 inﬁdelitatis
1500 1727 1714 1796 penitus
1751 1726 1846 1782 ab-

1937 549 2071 596 tum.
2102 539 2172 596 Et
2190 548 2338 595 recte
2359 537 2581 608 piscium
2603 542 3008 608 comparantur,
3049 533 3173 605 quia
3199 530 3402 594 ﬂuenta
3424 533 3517 600 dp-

1934 627 2126 685 etrina:
2152 627 2267 683 suis
2289 625 2626 682 auditoribus
2652 625 2896 694 praebere
2917 637 3024 678 non
3045 630 3281 679 cessant.
3309 620 3518 678 Eseban

1934 720 2208 791 cingulum
2229 718 2479 774 maeroris
2505 717 2916 786 interpretatur,
2941 715 3065 784 quia
3083 715 3254 770 sancti
3267 730 3367 786 pro
3381 730 3518 774 vana

1934 812 2122 869 laetitia
2141 811 2324 868 carnis
2348 810 2559 881 cingulo
2595 807 2934 864 abstinentia:
2961 807 3422 877 constringuntur.
3454 806 3522 869 Et

1935 905 2074 961 bene
2102 905 2158 959 in
2186 902 2358 976 portis
2379 902 2502 958 ﬁliae
2526 899 2906 964 multitudinis,
2933 898 3003 953 ob
3025 897 3408 958 abundantiam
3427 911 3524 967 po-

1935 995 2184 1065 pulorum
2211 989 2647 1053 concurrentium
2689 1004 2787 1060 per
2828 998 3040 1058 portam
3067 987 3192 1046 ﬁdei
3229 987 3288 1047 in
3337 986 3525 1044 Eccle-

1937 1085 2098 1142 siam.
2160 1083 2342 1140 Nasus
2385 1091 2505 1137 tuus
2528 1081 2664 1136 sicut
2693 1081 2854 1138 turris
2880 1079 3089 1136 Libani.
3121 1079 3258 1140 Item
3297 1079 3355 1138 in
3393 1092 3528 1138 naso

1939 1177 2090 1231 verbi
2141 1174 2237 1232 Dei
2284 1174 2703 1244 dispensatores,
2751 1185 2916 1231 causa
2973 1169 3336 1235 discretionis,
3381 1167 3532 1227 desi-

1941 1277 2192 1338 gnantur.
2236 1264 2445 1330 Turris,
2476 1263 2603 1334 quia
2629 1261 3112 1318 eminentissimum
3139 1259 3318 1316 locum
3342 1264 3532 1318 tenent

1942 1357 1998 1411 in
2024 1355 2284 1411 Ecclesia.
2329 1353 2459 1420 Qua:
2484 1352 2707 1423 respicit.
2728 1360 2911 1405 contra
2949 1349 3290 1414 Damascum.
3319 1348 3380 1403 Id
3419 1357 3527 1414 est,

1945 1447 2320 1518 sanguinarios
2347 1453 2403 1499 et
2448 1444 2677 1513 impios;
2722 1442 2848 1511 quia
2900 1441 3195 1496 Damascus
3221 1439 3529 1509 sanguinem

1945 1539 2122 1593 bibens
2146 1538 2552 1606 interpretatur.
2583 1533 2863 1604 Signiﬁcat
2910 1531 3158 1587 carnales
3187 1539 3244 1586 et
3262 1527 3532 1591 crudeles,

1945 1638 2136 1686 contra
2165 1642 2300 1698 quos
2326 1625 2498 1682 sancti
2543 1625 2792 1680 doctores
2818 1623 2872 1676 in
2925 1630 3074 1678 turre
3100 1619 3310 1685 Libani,
3340 1618 3395 1674 id
3425 1626 3534 1683 est,

1947 1721 2204 1782 ﬁrmitate
2226 1717 2499 1783 Ecclesiae,
2527 1729 2740 1785 semper
2767 1712 3008 1783 vigilant.

268 1835 393 1875 raso
423 1800 623 1892 [Verba
672 1820 885 1890 penitus
924 1820 1120 1890 abraso
1165 1817 1361 1874 omissa
1394 1817 1450 1871 in
1478 1814 1610 1871 Cod.
1667 1815 1846 1888 Vat.],
1878 1814 1927 1875 Β
2026 1811 2188 1868 Vnus.
2216 1809 2358 1865 5.—-
2378 1805 2547 1878 Caput
2570 1815 2718 1859 tuum
2742 1813 2800 1858 ut
2830 1800 3124 1866 Carmelus,
3167 1809 3216 1855 et
3262 1815 3413 1854 coma
3437 1815 3534 1858 ca-

267 1920 541 1970 revertere
568 1913 636 1967 ad
667 1918 813 1967 tuum
839 1910 1275 1982 Redemptorem,
1307 1917 1368 1968 ut
1393 1908 1640 1970 salvet'ls.

855 2001 1084 2058 CAPUT
1142 2001 1252 2058 VII.

340 2094 504 2150 Vens.
534 2095 584 2148 i.
607 2124 679 2134 —
714 2092 855 2158 Quid
889 2092 1084 2161 uidebis
1111 2092 1166 2146 in
1194 2089 1486 2157 Sunamite,
1528 2090 1628 2144 nisi
1666 2090 1850 2144 choros

269 2187 607 2244 castrorum?
640 2186 720 2241 'I'u
750 2186 899 2242 doles
926 2184 1268 2257 Synagogam
1291 2184 1641 2248 obduratam;
1684 2195 1850 2252 prope

270 2287 356 2334 est
389 2287 604 2351 tempus
622 2292 730 2349 quo
747 2278 942 2333 choros
966 2276 1285 2342 bellantium
1311 2273 1570 2332 adversus
1591 2273 1852 2344 malignos

269 2369 496 2441 spiritus
516 2409 532 2436 ,
570 2377 626 2425 et
659 2367 994 2436 laudantium
1023 2365 1192 2422 Deum
1219 2365 1427 2422 videbis
1453 2365 1508 2420 in
1549 2379 1635 2421 ea.
1681 2363 1854 2430 Quam

271 2459 479 2532 pulchri
500 2470 620 2515 sunt
634 2477 842 2532 gressus
862 2459 940 2514 tui
955 2459 1012 2513 in
1032 2456 1420 2522 calceamentis,
1439 2455 1555 2527 [ilia
1572 2456 1854 2528 principis!

275 2552 430 2610 Nunc
465 2551 653 2624 Iaudes
678 2550 934 2614 Ecclesia
973 2548 1042 2605 ab
1068 2549 1187 2619 ipso
1212 2546 1421 2617 Sponso
1460 2546 1850 2617 proferuntur:

274 2650 332 2699 et
353 2643 530 2713 primo
545 2655 771 2712 operum
799 2639 1127 2705 constantia,
1158 2647 1214 2694 et
1241 2637 1587 2702 mortiﬁcatio
1611 2637 1857 2708 volupta-

1947 1903 2068 1974 pitis
2098 1903 2174 1956 tui
2203 1898 2382 1973 [sicut]
2418 1914 2653 1970 purpura
2670 1896 2802 1968 regis
2829 1896 3002 1950 uincta
3037 1892 3328 1950 canalibus.
3353 1893 3410 1947 In
3438 1907 3539 1950 ca-

1947 1996 2061 2066 pite
2086 2009 2239 2052 mens
2262 1992 2605 2063 designatur;
2635 1990 2690 2044 in
2719 1988 2892 2044 comis
2917 1986 3300 2057 cogitationes;
3325 1993 3382 2040 et
3396 1985 3540 2042 sicut

1951 2083 2129 2153 capite
2157 2083 2425 2146 membra,
2449 2081 2522 2135 ita
2549 2087 2731 2134 mente
2776 2077 3131 2147 cogitationes
3170 2084 3454 2145 reguntur,
3477 2082 3542 2132 ut

1951 2177 2007 2231 in
2035 2173 2281 2230 Carmelo
2311 2171 2424 2241 (qui
2469 2171 2854 2239 interpretatur
2893 2165 3212 2222 conscientia
3261 2164 3542 2219 circumci-

1950 2265 2112 2328 sionis
2139 2262 2414 2336 [conclusa
2434 2259 2790 2321 scmicirculis
2809 2257 3003 2315 omissa
3025 2257 3080 2313 in
3100 2253 3230 2310 ϐοά.
3266 2253 3363 2309 Vat
3396 2253 3458 2326 ]).
3479 2253 3547 2310 Id

1951 2363 2054 2421 est,
2081 2353 2414 2416 sublimibus,
2445 2358 2499 2406 et
2525 2349 2804 2420 passione,
2859 2362 2982 2418 quae
3023 2347 3238 2404 nomine
3287 2360 3547 2416 purpurae

1953 2446 2272 2518 exprimitur
2291 2485 2307 2510 ,
2331 2450 2636 2505 versentur.
2689 2439 2914 2496 Canales
2940 2437 3236 2512 praecordia
3263 2445 3391 2492 sunt
3417 2451 3546 2491 san-

1955 2543 2184 2600 etortln,
2207 2533 2262 2588 in
2288 2531 2484 2602 quibus
2524 2529 2815 2599 alligantur
2843 2526 2976 2582 tales
3018 2525 3396 2597 cogitationes.

2026 2627 2191 2682 Vsus.
2226 2624 2280 2680 6.
2305 2652 2376 2664 -——
2400 2620 2571 2688 Quam
2590 2617 2810 2690 pulchra
2841 2635 2894 2676 es
2923 2626 2972 2672 et
3001 2633 3159 2688 quam
3187 2616 3400 2678 decora,
3419 2613 3546 2668 chas-

276 2693 712 2796 illisillis;
721 2693 783 2788 i1.
806 2693 1089 2801 ὲὲιῖείιιω
1113 2693 1357 2786 simam
1394 2730 1674 2801 principis,
1699 2693 1759 2786 iii
1775 2739 1860 2788 est
1959 2719 2168 2776 rissima
2206 2715 2262 2770 in
2305 2713 2528 2770 deliciis.
2577 2709 2805 2767 Pulchra
2853 2707 2958 2764 ﬁde
3002 2716 3270 2801 etopere
3324 2706 3540 2801 decora.
3613 2693 3618 2698 '

279 2823 505 2890 Christi,
553 2824 623 2880 ob
647 2824 880 2894 gratiam
911 2822 1257 2893 baptismatis
1295 2830 1351 2880 et
1381 2821 1718 2878 nobilitatem
1751 2821 1860 2876 vir~

1958 2807 2288 2868 Charissima
2329 2805 2386 2861 in
2435 2802 2663 2868 deliciis,
2715 2801 2768 2856 id
2808 2808 2912 2868 est,
2959 2798 3332 2871 spiritualibus
3376 2797 3546 2852 virtu-

281 2923 458 2971 tutum
474 2915 738 2972 nominat.
755 2915 1030 2970 Iunctum:
1045 2912 1334 2983 fantium!“t
1360 2921 1571 2970 tuorum
1593 2913 1728 2969 sicut
1750 2929 1863 2969 ino-
1960 2900 2126 2958 ﬁlms-

279 3003 430 3071 nilia,
450 3021 568 3076 qua
592 3004 852 3075 fabricata
873 3010 994 3058 sunt
1127 3019 1340 3062 manum
1359 3003 1598 3072 artiﬁcis.
1622 3003 1864 3058 Duorum
2033 2993 2197 3047 Vens.
2229 2991 2282 3043 7.
2306 3018 2378 3058 -τ
2400 2987 2621 3044 Statura
2660 2994 2753 3042 tua
2795 2983 3090 3040 assimilata
3132 2990 3209 3036 est
3242 2979 3452 3076 palma.
3487 2977 3550 3033 Id

278 3069 568 3149 concordia
592 3069 934 3162 populorum
961 3069 1227 3161 spirituali
1265 3091 1415 3162 prole
1458 3069 1865 3148 iecundantium
1963 3092 2066 3150 εει,
2095 3081 2362 3138 rectitudo
2380 3077 2715 3150 operationis
2743 3077 2900 3131 bona:
2933 3087 3144 3144 semper
3172 3072 3240 3126 ad
3264 3069 3545 3162 victuriam

285 3184 340 3238 in
367 3157 632 3254 iunctura
664 3157 926 3238 feminum
957 3157 1298 3252 designatur;
1327 3198 1448 3253 qua:
1471 3183 1612 3240 sicut
1639 3182 1863 3239 monilia
1883 3167 1932 3230 ο
1963 3174 2155 3232 tendit.
2181 3171 2248 3226 Et
2269 3171 2428 3228 ubera
2449 3178 2541 3223 tua
2565 3168 2747 3223 botris.
2774 3165 3041 3223 Uberibus
3067 3165 3315 3219 doctores
3359 3157 3546 3214 Eccle-

281 3272 546 3334 fabricata
575 3280 700 3328 sunt
719 3287 882 3326 manu
910 3272 1159 3338 artiﬁcis,
1189 3273 1245 3328 id
1269 3281 1375 3338 est,
1415 3272 1674 3330 ineffabili
1701 3273 1866 3343 largis
1965 3271 2060 3325 site
2081 3273 2303 3336 propter
2341 3262 2427 3320 lac
2458 3261 2648 3333 prima:
2684 3257 3003 3315 eruditionis
3042 3259 3448 3343 compamniuf;

283 3372 396 3432 tate
427 3361 734 3420 Conditoris
770 3363 943 3420 nostri
985 3335 1200 3426 ﬁrmata
1227 3380 1242 3416 :
1273 3362 1330 3416 in
1361 3335 1679 3420 monilibus
1723 3335 1866 3420 bona
1963 3335 2134 3419 botris
2173 3335 2457 3429 aequantur
2487 3360 2706 3424 propter
2731 3353 2991 3423 mysteria
3023 3345 3348 3402 dulcissima:
3385 3335 3546 3412 [ϐοά.

283 3468 448 3525 opera
477 3453 875 3525 exprimuntur.
1979 3453 2121 3518 παι,
2156 3445 2490 3518 dulcissima]
2513 3445 2851 3500 aeternitatis.

356 3543 519 3600 Vens.
546 3523 586 3599 Ξ
609 3573 680 3584 -
709 3539 1002 3598 Umbilicus
1034 3551 1158 3600 tuus
1196 3551 1370 3596 crater
1394 3543 1686 3607 tornatilis,
1732 3557 1867 3597 nun-

2035 3542 2200 3597 Vzns.
2227 3540 2281 3595 8.
2306 3569 2378 3579 —
2395 3535 2546 3602 Dixi,
2568 3535 2848 3590 ascendam
2872 3534 2927 3587 in
2944 3533 3143 3604 palma,
3167 3523 3552 3600 apprehendant

283 3648 440 3702 quam
470 3631 708 3702 indigens
741 3628 964 3703 poculis.
997 3629 1318 3696 Umbilicus,
1365 3629 1420 3684 id
1446 3638 1560 3696 est,
1604 3629 1871 3702 fragilitas
1967 3634 2171 3704 fructus
2189 3629 2328 3700 ejus,
2349 3637 2398 3683 et
2424 3635 2578 3681 erunt
2604 3625 2766 3681 ubera
2786 3633 2879 3678 tua
2900 3623 3033 3676 sicut
3056 3620 3190 3675 botri
3210 3618 3392 3673 vincte.
3416 3614 3556 3704 Apte

287 3724 618 3780 inﬁrmitatis
661 3702 862 3779 nostrai
891 3733 1083 3781 contra
1125 3723 1288 3781 ﬁdem
1333 3720 1507 3796 [Cod.
1568 3721 1710 3789 Vat.,
1758 3742 1865 3780 om.
1966 3702 2184 3793 quidem
2199 3735 2331 3775 crux
2353 3717 2550 3772 victrix
2569 3714 2725 3788 [ϐοά.
2761 3708 3369 3777 Vat.,victoriosissima
3395 3702 3554 3774 crux]

287 3815 442 3870 verba
468 3828 484 3868 :
517 3823 705 3868 contra
732 3812 937 3886 ﬁdem].
978 3811 1169 3870 Crater
1196 3812 1258 3870 ﬁt
1280 3814 1568 3881 tornatilis,
1593 3831 1716 3871 cum
1741 3831 1870 3871 con-
1968 3812 2159 3885 palmai
2183 3817 2550 3880 comparatur,
2581 3808 2637 3861 in
2663 3820 2826 3876 quam
2853 3803 3104 3860 Christus
3131 3798 3431 3856 ascendens
3458 3810 3556 3865 ap-

286 3904 514 3960 scientia
541 3903 904 3969 mortalitatis,
928 3911 1090 3974 atque
1108 3905 1440 3962 inﬁrmitatis
1465 3914 1664 3965 nostra:
1685 3909 1872 3968 adme-
1968 3901 2252 3978 prehendit
2275 3900 2483 3960 fructus
2505 3898 2640 3969 ejus,
2667 3896 2726 3951 id
2761 3904 2867 3960 est,
2896 3895 3036 3949 dona
3060 3905 3182 3961 quae
3223 3888 3451 3978 largitus
3473 3891 3557 3939 est

292 3997 391 4056 niti
425 3997 652 4054 calicem
671 3996 820 4054 verbi
841 3973 1094 4054 salutaris
1119 3997 1385 4068 proximis
1412 4007 1660 4068 prompta
1689 4009 1873 4055 mente
1969 3973 2172 4050 sanctae
2201 3989 2472 4052 Ecclesize,
2503 4001 2623 4057 quae
2649 4000 2717 4039 ex
2739 3984 2831 4039 illo
2860 3990 3103 4052 tempore
3149 3979 3338 4034 botros
3382 3973 3556 4068 vinea:

291 4089 581 4158 propinare
605 4086 917 4157 satagimus.
955 4063 1143 4142 Venter
1168 4097 1290 4142 tuus
1309 4063 1445 4142 sicut
1465 4063 1678 4144 acervus
1709 4091 1872 4146 tritici
1971 4081 2312 4156 germinavit,
2363 4078 2420 4133 id
2459 4085 2561 4143 est,
2617 4083 2836 4130 sanctos
2887 4073 3155 4135 doctores,
3207 4068 3299 4138 qui
3350 4063 3560 4158 maiore

293 4151 518 4234 uallatus
555 4177 702 4234 liliis.
726 4151 972 4234 iicervus
1006 4177 1172 4237 tritici
1196 4177 1426 4233 vallatus
1450 4179 1580 4234 liliis
1605 4188 1709 4245 est,
1746 4196 1872 4236 cum
1972 4151 2198 4229 scientia
2217 4177 2274 4224 et
2293 4167 2482 4240 gratia,
2510 4172 2633 4237 post
2658 4178 2875 4220 crucem
2895 4169 2949 4216 et
2968 4157 3419 4214 resurrectionem
3439 4151 3562 4209 Sal-

293 4269 627 4334 abundantia
652 4268 780 4325 boni
806 4267 986 4339 operis
1013 4266 1126 4327 sola
1149 4282 1245 4338 spe
1267 4277 1542 4338 perpetuae
1567 4269 1702 4326 lucis
1723 4269 1875 4325 colli-
1974 4264 2198 4328 vatoris,
2222 4260 2586 4316 abundabant.
2619 4256 2689 4310 Et
2710 4255 2841 4311 odor
2862 4253 2970 4308 oris
2998 4252 3075 4307 tui
3105 4250 3262 4322 [ϐοά.
3317 4245 3462 4312 Vat.,
3503 4253 3563 4300 et

291 4362 457 4431 gitur.
507 4361 568 4418 In
601 4369 814 4428 ventre,
846 4361 1138 4428 memoria;
1176 4361 1230 4416 in
1252 4360 1458 4426 tritico,
1498 4360 1875 4432 multiplicatio
1976 4355 2173 4412 odores
2193 4349 2294 4422 tui]
2334 4350 2471 4404 sicut
2496 4345 2775 4400 malorum.

293 4424 424 4518 ῖκιιὶὶ
458 4454 680 4524 operis;
723 4454 779 4509 in
799 4424 949 4520 liliis,
975 4424 1198 4510 castitas
1229 4452 1343 4522 spei
1367 4424 1712 4523 exprimitur.
1740 4453 1873 4508 Item
1903 4519 1940 4524 __
2047 4444 2211 4499 Vsus.
2248 4441 2302 4497 9.
2325 4469 2398 4480 -—
2420 4437 2614 4494 Guttur
2657 4445 2806 4490 tuum
2839 4433 2972 4488 sicut
3004 4427 3461 4524 vinumoptiinum

295 4513 582 4612 εειίιὲίιίξο,
612 4513 801 4616 ρέηίκ
832 4553 887 4599 ει
991 4553 1202 4601 παθη
1228 4513 1408 4614 ρξηυε,
1435 4513 1527 4615 Qui
1548 4545 1878 4616 pauperibus
1903 4519 1952 4578 Ι)
1976 4533 2285 4608 potandum.
2334 4529 2391 4584 In
2421 4535 2640 4599 gutture
2689 4539 2793 4616 vox
2845 4519 3156 4616 praesentis-
3179 4513 3568 4616 doctrinm“!!!

297 4637 480 4704 dam",
505 4603 846 4708 “bimuli?-
1228 4603 1248 4614 -
1395 4603 1405 4611 ’
1456 4603 1471 4615 ’
1548 4603 1566 4614 ⁸
1655 4603 1674 4616 ⁸
1977 4603 2144 4682 odore
2187 4622 2331 4678 fama
2377 4617 2618 4675 absentis
2655 4615 3010 4682 designatur:
3045 4618 3100 4666 et
3141 4609 3262 4664 ideo
3312 4605 3439 4660 vino

361 4697 526 4788 Vsus.
635 4726 840 4782 ——Duo
869 4725 1030 4782 ubera
1049 4736 1142 4782 tua
1162 4728 1296 4782 sicut
1317 4727 1422 4782 duo
1449 4726 1654 4781 hinnuli
1673 4726 1878 4796 gemelli
1981 4726 2201 4793 propter
2243 4713 2595 4786 fragrantiam
2623 4711 2904 4773 virtutum,
2953 4706 3070 4761 haec
3089 4703 3248 4796 malis
3273 4701 3343 4756 ob
3381 4697 3564 4796 suavi-

298 4785 517 4890 capreai.
549 4818 625 4874 De
653 4819 759 4874 hoc
778 4832 938 4874 versu
965 4816 1214 4888 superius
1235 4817 1436 4873 dictum
1459 4824 1562 4872 est.
1604 4785 1722 4870 Duc
1748 4815 1878 4869 ube-
1980 4785 2146 4865 tatem
2199 4785 2437 4861 absentis
2487 4802 2645 4856 famae
2689 4803 3055 4890 comparatur.
3095 4791 3325 4862 Dignum
3369 4785 3565 4890 dilecto

300 4876 373 4970 ra.
389 4912 635 4970 doctores
665 4918 796 4966 sunt
837 4876 1120 4980 υιιυὶιιείίυε
1158 4909 1339 4980 populi
1368 4926 1383 4975 ;
1430 4908 1638 4964 hinnuli
1665 4905 1877 4977 gemelli
1980 4916 2113 4955 meo.
2131 4897 2330 4967 Rapuit
2355 4895 2499 4949 enim
2525 4905 2723 4962 sponsa
2747 4889 2976 4980 verbum
3001 4900 3069 4940 ex
3211 4879 3415 4980 εροιιξξν
3433 4876 3565 4980 (ἰοί-³

300 5002 406 5058 duo
435 5009 753 5058 testamenta
781 5010 909 5056 sunt
935 4971 1571 5055 invicem-concordantia
1598 4998 1648 5049 ι».
1669 4971 1693 4977 ⁷
1984 4991 2074 5046 ille
2092 4991 2218 5046 vino
2243 4987 2446 5057 optimo
2469 5000 2597 5042 eam.
2619 4979 2953 5052 comparavit
2971 4985 3026 5032 et
3045 4974 3304 5044 subjecit;
3326 4971 3563 5040 Dignum

371 5090 532 5164 ωδ
572 5092 738 5148 Vsus.
767 5091 822 5145 4.
852 5121 922 5130 -
942 5089 1148 5144 Collum
1197 5100 1344 5143 tuum
1371 5089 1507 5143 sicut
1536 5088 1698 5142 turris
1727 5088 1882 5143 ebur-
1982 5082 2168 5136 dilecto
2216 5095 2350 5144 meo,
2387 5077 2439 5132 id
2461 5084 2562 5140 est,
2589 5069 3068 5164 tanta-sublimitas
3105 5072 3190 5120 est
3237 5057 3565 5164 evangelicae

305 5149 585 5254 "303d.
623 5180 768 5248 Vat.,
795 5179 1090 5252 eburneae].
1122 5179 1179 5234 In
1207 5178 1345 5234 collo
1373 5178 1501 5233 item
1527 5177 1775 5234 doctores
1792 5179 1884 5233 de-
1982 5168 2398 5244 prwlicationis,
2430 5174 2492 5220 ut
2533 5165 2664 5254 ipse,
2693 5161 2918 5254 dilectus
2956 5155 3183 5254 primus,
3209 5165 3307 5222 per
3334 5149 3486 5254 hanc,
3505 5149 3567 5198 in

307 5278 504 5345 signati
545 5287 688 5341 sunt,
729 5278 818 5348 qui
875 5276 1010 5332 turri
1037 5276 1286 5330 eburneae
1310 5288 1410 5343 pro
1437 5271 1689 5327 ﬁrmitate
1724 5270 1879 5344 [ϐοά.

316 5365 463 5434 Vat.,
511 5378 730 5440 propter
785 5366 1117 5440 ﬁrmitatem]
1144 5375 1200 5421 et
1225 5365 1620 5438 pulchritudine
1666 5378 1883 5433 compa-

305 5464 517 5521 rantur,
547 5459 670 5526 quia
691 5457 893 5514 civitati
919 5455 1012 5512 Dei
1043 5465 1096 5511 et
1135 5457 1300 5510 robur
1326 5459 1583 5524 praestant
1607 5460 1662 5506 et
1697 5452 1880 5508 decus.

311 5547 464 5604 Oculi
490 5548 565 5601 tui
593 5549 723 5601 sicut
749 5549 960 5617 piscinas
984 5549 1039 5601 in
1077 5545 1331 5609 Hesebon,
1361 5560 1479 5615 quia
1501 5549 1622 5598 sunt
1651 5542 1706 5595 in
1733 5548 1884 5610 porta

311 5644 436 5714 filia
461 5639 826 5696 multitudinis.
855 5640 986 5698 Item
1012 5637 1152 5695 oculi
1180 5634 1434 5693 Ecclesia
1475 5633 1724 5693 doctores
1759 5636 1886 5688 sunt

381 5772 408 5800 ⁸
440 5759 620 5830 Vulg,
652 5757 925 5829 femorum.

1983 5235 2146 5319 carne
2172 5273 2456 5330 apparens,
2505 5253 2706 5310 mundo
2751 5252 2854 5305 iter
2895 5248 3112 5304 sceleste
3142 5240 3430 5314 aperuerit.
3455 5235 3560 5290 Lit-

1984 5354 2182 5423 biisque
2205 5341 2256 5406 et
2281 5347 2520 5408 dentibus
2547 5342 2690 5396 illius
2713 5337 3105 5394 ruminandum.
3133 5334 3190 5389 Id
3215 5339 3320 5397 est,
3350 5334 3564 5423 aposto:

1983 5444 2050 5498 lis
2078 5410 2628 5512 praedicatoribuqu
2657 5429 2890 5486 maxime
2920 5425 3074 5500 [ϐοά.
3111 5423 3256 5484 ναι..
3286 5410 3568 5486 maximis}

1983 5516 2132 5587 dedit
2154 5529 2223 5584 ad
2248 5524 2634 5582 meditandum.

2053 5623 2218 5679 Vens.
2249 5619 2335 5674 10.
2363 5649 2434 5662 -—
2458 5615 2596 5690 [Ego
2617 5615 2804 5671 dilecto
2835 5630 2970 5680 meo,
3014 5619 3072 5668 et
3109 5623 3220 5665 non
3269 5601 3448 5668 alteri,
3473 5595 3570 5654 cui.

1851 5743 1877 5785 ι’
1895 5738 2023 5796 Cod.
2041 5730 2191 5805 νει,
2216 5753 2233 5786 ι
2256 5733 2464 5792 hinnuli
2484 5729 2691 5802 gemelli
2713 5735 2931 5801 propter
2957 5739 3120 5782 unam
3147 5716 3508 5779 concordiam.
3526 5723 3554 5765 I
