4020 6188
374 520 436 571 ut
462 533 544 570 me
564 517 829 572 conversio
847 517 982 589 ejus.
1011 519 1094 576 Me
1116 523 1283 578 solam
1315 526 1505 596 diligit,
1534 535 1588 582 et
1610 527 1846 598 adjuvat,
1875 548 1943 588 ne

371 606 612 665 t‘eﬁciam
643 607 698 662 in
727 607 833 663 via.

444 696 600 753 Vnus.
641 696 729 764 ﬂ,
770 697 950 753 12.—
975 697 1128 769 Veni,
1170 705 1353 760 dilecte
1382 709 1474 774 mi,
1517 709 1846 781 egrediantur
1885 714 1942 768 in

366 806 570 860 egrum,
623 807 1002 847 commoremur
1047 795 1104 851 in
1151 797 1304 854 uillis.
1353 799 1512 856 Mane
1552 818 1827 873 surgamus
1871 806 1940 860 ad

359 880 557 946 vineas,
581 880 846 937 videamus
868 884 914 938 si
934 885 1116 955 ﬂoruit
1135 890 1304 953 uinea,
1325 892 1371 944 si
1400 891 1599 961 fructus
1618 897 1938 967 parturiunt,

355 969 405 1022 si
453 971 747 1039 ﬂoruerunt
796 971 940 1028 mala
980 977 1192 1045 punica.
1233 978 1368 1045 Quia
1415 982 1722 1039 nullatenus
1750 996 1939 1043 sancta

358 1056 626 1125 Ecclesia,
654 1060 738 1114 vel
774 1059 841 1114 ad
885 1061 1024 1118 bene
1050 1068 1380 1135 operandum
1406 1072 1728 1139 egrediendo
1753 1089 1940 1144 proce-

357 1147 508 1214 dere,
552 1149 636 1205 vel
678 1151 741 1206 in
783 1153 1042 1210 exercitio
1070 1159 1229 1214 bonae-
1253 1162 1579 1229 Operationis
1602 1165 1939 1233 persistendo

354 1243 701 1307 commorari,
734 1243 818 1297 vel
848 1245 1044 1300 saltem.
1083 1249 1152 1303 ad
1189 1253 1524 1322 propositum
1568 1255 1704 1310 bene
1747 1257 1938 1326 agendi

354 1349 661 1406 assurgere,
695 1337 778 1391 vel
803 1339 1014 1394 animos
1063 1342 1368 1398 auditorum
1407 1361 1647 1413 suorum,
1680 1358 1938 1418 quantum

349 1423 705 1492 profecerim,
729 1426 1035 1483 discernere
1063 1428 1273 1496 sufﬁcit,
1295 1434 1398 1489 nisi
1427 1435 1520 1491 Dei
1547 1437 1719 1507 gratia
1735 1437 1933 1521 adiuta,

352 1514 445 1582 qui
486 1513 622 1568 dixit
650 1531 664 1568 :
691 1514 829 1570 Ecce
869 1534 962 1588 ego
997 1520 1258 1576 vobiscum
1289 1541 1404 1578 sum
1448 1527 1687 1582 omnibus
1733 1513 1958 1593 diebus,

350 1620 514 1674 usque
540 1605 608 1658 ad
640 1608 1137 1663 consummationem
1165 1611 1345 1665 scrculi
1369 1613 1582 1684 (Matth.
1609 1631 1800 1680 χχι-ιιι,
1821 1616 1956 1689 20)..

349 1696 482 1752 Item
510 1698 566 1750 in
592 1713 722 1769 agro
759 1698 1072 1766 Christiani,
1121 1704 1176 1757 in
1222 1705 1361 1760 villis
1407 1710 1622 1779 pagani,
1673 1711 1725 1765 in
1769 1713 1937 1767 vineis

348 1786 621 1854 Ecclesiae,
649 1789 702 1842 in
732 1789 958 1845 ﬂoribus
999 1790 1150 1858 ﬁdes,
1190 1793 1243 1848 in
1289 1794 1568 1852 fructibus-
1595 1799 1840 1866 virtutes,
1873 1801 1926 1854 in
1961 1785 2006 1848 Β

343 1877 502 1933 malis
529 1879 741 1949 punicis
767 1881 1081 1950 martyrium
1105 1882 1435 1952 designatur.
1462 1885 1519 1940 ln
1544 1887 1628 1942 his
1649 1889 1792 1943 enim
1817 1890 1928 1944 siu-

343 1966 482 2035 gulis
508 1983 713 2038 sponsa
733 1969 911 2025 dilecti
941 1971 1022 2024 sui
1051 1974 1392 2040 prmsentiam
1422 1978 1634 2045 quaerit.
1683 1979 1765 2032 Ibi
1789 1980 1924 2034 dabo

342 2056 435 2109 tibi
486 2056 645 2110 ubera
702 2073 838 2111 mea.
892 2058 947 2112 ιτ]
991 2065 1093 2124 cst,
1143 2061 1487 2128 parvulorum
1535 2081 1777 2121 meorum
1817 2082 1924 2137 pae-

340 2144 598 2215 dagogos,
650 2145 776 2216 quia
819 2145 873 2200 in
927 2147 1010 2202 his
1058 2148 1639 2220 omnibusproliciunt
1675 2153 1928 2210 doctores

340 2236 534 2290 sancti.

412 2330 578 2384 Vens.
611 2330 695 2385 l5.
718 2362 788 2370 —
810 2330 1183 2406 Mandragoraa
1205 2340 1461 2397 dederunt
1487 2340 1698 2394 odorem
1722 2344 1775 2394 in
1797 2359 1922 2412 por-

340 2422 405 2473 tis
433 2421 642 2474 nostris.
675 2420 1050 2492 Mandragora,
1103 2436 1323 2496 propter
1350 2428 1662 2485 multimoda
1689 2432 1922 2487 medica-

339 2511 545 2566 minum
591 2528 811 2582 genera,
870 2524 1178 2570 sanctorum
1221 2519 1511 2575 virtutibus
1556 2532 1916 2591 comparatur.

336 2601 514 2659 Porta:
555 2605 808 2660 Ecclesiae
852 2605 1016 2678 406
1042 2610 1290 2665 doctores
1335 2620 1460 2665 sunt
1505 2615 1697 2667 sancti.
1732 2613 1788 2669 ln
1819 2617 1920 2669 hus-

332 2695 568 2765 jusmodi
609 2698 780 2766 portis
807 2699 1178 2770 mandragorae
1209 2701 1340 2755 dant
1366 2702 1606 2767 odorem,
1655 2720 1776 2760 cum
1804 2707 1916 2776 spi-

339 2786 562 2841 rituales
586 2787 786 2858 quique
832 2802 898 2842 ex
947 2805 1005 2843 se
1048 2790 1306 2845 virtutum
1334 2791 1533 2848 famam
1573 2793 1728 2866 [Cod.
1768 2795 1915 2864 Vat.,

334 2873 592 2949 palmam]
623 2877 780 2948 longe
809 2879 1018 2949 lateque
1073 2890 1348 2952 spargunt.
1384 2881 1573 2937 Omnia
1602 2902 1756 2955 poma
1786 2904 1916 2944 nova

335 2978 381 3019 et
409 2959 599 3034 retera,
621 2969 806 3024 dilecte
832 2973 925 3036 mi,
957 2975 1152 3028 servavi
1178 2974 1290 3028 tibi.
1327 2975 1490 3031 Poma
1541 2993 1679 3032 nova
1727 2987 1782 3034 et
1826 2995 1916 3035 ve-

334 3065 471 3123 tera,
521 3069 787 3131 prtecepta
833 3064 945 3119 sive
994 3064 1257 3134 promissa
1285 3075 1408 3122 sunt
1455 3068 1578 3124 novi
1619 3078 1672 3123 et
1715 3071 1913 3125 veteris

337 3152 664 3220 testamenti,
693 3171 812 3225 qua:
845 3156 1025 3212 omnia
1053 3157 1121 3212 ad
1165 3158 1282 3230 ejus
1321 3155 1555 3231 gratiam
1601 3159 1768 3215 refert
1810 3159 1913 3217 Ec-
1937 3140 1983 3201 θ

335 3241 529 3298 clesia-

921 3339 1149 3397 CAPUT
1203 3341 1336 3398 VIII.

408 3427 573 3482 Vens.
608 3428 657 3482 1.
680 3461 748 3468 -
769 3429 899 3496 Quis
928 3433 1054 3485 mihi
1076 3433 1161 3486 det
1189 3442 1238 3487 te
1264 3433 1480 3503 fratrem
1506 3451 1702 3501 meum,
1727 3453 1914 3506 sugeno

330 3528 438 3571 tem
471 3517 628 3573 ubera
650 3521 830 3575 matris
856 3538 1002 3576 mete.
1026 3522 1361 3579 Voxismest
1386 3525 1724 3595 antiquorum
1741 3523 1912 3597 justo-

330 3625 473 3672 rum,
495 3612 792 3679 optantium
821 3613 1109 3671 adventum
1132 3614 1336 3672 Christi
1359 3616 1412 3671 in
1431 3632 1612 3673 carne.
1634 3617 1912 3688 Sit-gentem

330 3700 493 3755 ubera
533 3704 900 3770 matrismeae,
951 3705 1006 3759 id
1032 3713 1132 3770 est,
1165 3707 1218 3760 in
1243 3722 1510 3778 synagoga
1541 3709 1690 3763 nasci
1717 3723 1781 3763 ac
1813 3724 1912 3762 nu-

333 3792 475 3856 triri,
503 3791 660 3862 juxta
690 3794 940 3850 humanm
989 3797 1313 3853 conditionis
1350 3808 1620 3853 naturam.
1663 3799 1741 3853 Ut
1773 3800 1914 3854 inve-

331 3884 476 3937 niam
496 3892 546 3938 te
587 3884 738 3954 foris.
766 3886 913 3941 Intus
942 3895 1062 3942 erat
1089 3888 1336 3955 dilectus,
1384 3890 1513 3944 dum
1553 3889 1606 3945 in
1649 3890 1912 3960 principio

329 3981 450 4027 erat
497 3975 765 4042 Verbum;
797 3976 946 4041 foris,
982 3978 1109 4033 dum
1155 3979 1391 4034 Verbum
1419 3979 1774 4036 carot‘actum
1802 3989 1907 4035 est.

329 4062 401 4116 Et
447 4064 720 4120 deosculer
757 4077 824 4122 te.
859 4067 917 4123 ld
953 4076 1058 4133 est,
1091 4068 1236 4125 facie
1273 4069 1343 4125 ad
1369 4069 1562 4130 faciem
1597 4071 1826 4136 videam,
1855 4079 1933 4127 et-

326 4167 426 4207 ore
457 4155 526 4208 ad
547 4169 608 4208 os
635 4155 842 4224 loquar.
861 4155 941 4211 Et
951 4157 1072 4227 jam
1091 4174 1172 4212 me
1201 4175 1350 4213 nemo
1373 4160 1642 4231 despiciat.
1665 4160 1804 4216 Ante
1819 4161 1932 4216 δάε--

325 4250 553 4295 ventum
580 4242 778 4300 Christi
832 4246 974 4301 intra
1011 4248 1290 4319 angustias
1332 4247 1529 4305 Judaaze
1571 4259 1779 4306 tantum
1810 4251 1920 4307 fuit.

325 4332 608 4402 Ecclesia;
636 4345 756 4405 ppst
773 4339 1169 4407 ascensionem,
1201 4340 1258 4397 in
1285 4349 1398 4398 toto
1442 4343 1642 4398 mundo
1691 4343 1912 4399 inlata-ta

327 4423 434 4478 fuit
453 4433 509 4480 et
536 4429 896 4485 venerabilis..

1187 323 1594 384 EXEGETICA.
1634 357 1703 368 -—
1735 329 2185 390 COMPENDIUM
2220 335 2289 391 IN
2328 337 2527 396 CANT.
2569 341 2772 402 CANT.

377 432 539 484 iitam
587 441 774 483 curam
819 428 1092 487 servitutis
1124 441 1180 487 et
1221 435 1522 494 dilectionis
1551 439 1842 515 impendo].
1869 442 1936 497 Et
1965 447 2012 506 Α
2111 447 2272 504 Vens.
2309 450 2629 510 5.-ιωυα
2667 458 2781 527 ejus

2821 461 2915 515 sub
2955 467 3124 536 capite
3151 483 3284 534 meo,
3315 479 3362 524 et
3406 470 3619 528 dextera

2226 539 2608 610 amplexabitur
2648 563 2748 601 me.
2796 549 2952 606 Laeva
2994 552 3381 614 incarnationis
3419 560 3620 620 Christi

2041 627 2180 682 dona
2228 629 2499 701 designat;
2550 643 2604 689 et
2648 637 2869 695 dextera
2916 640 3096 700 futura
3146 657 3457 706 sanctorum
3495 668 3621 712 eum

2040 715 2257 774 Christo
2283 724 2476 792 gaudia
2500 727 2772 795 exprimit.

2042 535 2184 592 illius

2110 827 2272 924 ῩξῑιιεΓ
2315 831 2372 896 4,
2422 832 2790 908 5.—Adjuro
2837 858 2954 909 eos,
3002 846 3130 914 ﬁlia:
3181 850 3512 924 Jerusalem,
3555 871 3605 916 nt

2037 919 2316 1016 suscitetis,
2361 939 2522 994 neque
2568 928 2812 997 evigilare
2855 933 3065 1002 faciatis
3113 938 3422 1016 [dilectam],
3457 919 3603 1008 ἄλυπα

2037 1007 2152 1077 ipsa
2201 1008 2338 1063 velit.
2392 1011 2523 1077 Qua:
2559 1025 2633 1068 est
2683 1018 2806 1082 ista,
2858 1037 2976 1088 quae
3020 1007 3253 1082 ascendit
3296 1031 3361 1085 de
3379 1007 3614 1100 ddeserto.

2037 1098 2239 1190 deliciis
2262 1103 2513 1173 aﬂuens?
2545 1106 2656 1161 Vox
2707 1106 3006 1184 Synagogte
3048 1117 3320 1186 mirantis,
3351 1098 3619 1190 quomodo

2038 1189 2276 1245 Ecclesia
2307 1193 2373 1246 de
2394 1193 2613 1252 deserto
2637 1201 2953 1268 gentilitatis
2977 1205 3030 1259 in
3075 1211 3256 1277 sponsi
3301 1189 3480 1269 subito
3505 1230 3616 1271 am-

2037 1279 2229 1349 plexus
2246 1285 2594 1340 ascendisset.
2626 1289 2840 1346 Deliciis
2866 1295 3100 1365 aﬁluens,
3147 1300 3200 1354 id
3247 1309 3349 1368 est,
3375 1305 3615 1362 omnium

2038 1371 2298 1426 donorum
2319 1375 2738 1442 pulchritudine.
2770 1380 2964 1438 Iuniam
2989 1403 3144 1456 super
3173 1390 3417 1445 dilectum
3438 1411 3611 1450 suum.

2038 1458 2227 1516 Omnia
2254 1478 2374 1532 quae
2411 1464 2598 1534 habet,
2641 1473 2708 1525 ad
2750 1475 2978 1542 gratiam
3003 1478 3206 1546 dilecti,
3243 1483 3319 1537 illi
3343 1485 3444 1540 soli
3474 1487 3610 1543 innin

2037 1553 2217 1618 tendo,
2243 1555 2501 1613 referens.
2527 1559 2636 1616 Sub
2658 1563 2843 1618 arbore
2865 1568 3003 1622 malo
3018 1574 3262 1629 suscitavi
3281 1583 3348 1630 te.
3367 1577 3611 1648 Respon—

2038 1641 2115 1696 dit
2141 1658 2239 1712 pro
2266 1661 2463 1716 sponsa
2494 1649 2788 1725 Synagogze
2828 1656 2942 1726 ipse
2992 1676 3239 1732 sponsus.
3287 1665 3397 1722 Sub
3429 1641 3616 1726 arbore

2038 1733 2177 1787 malo
2197 1737 2416 1791 excitavi
2449 1749 2516 1805 te,
2542 1740 2594 1795 id
2629 1751 2731 1809 est,
2760 1745 2860 1800 sub
2887 1749 3081 1806 arbore
3102 1755 3279 1810 crucis
3298 1770 3329 1810 a
3355 1767 3615 1828 perpetua

2032 1832 2208 1880 morte
2239 1830 2484 1884 revocavi
2509 1828 2665 1902 [Cod.
2717 1833 2856 1901 Van,
2897 1843 3176 1914 renovavi]
3220 1851 3292 1912 te,
3317 1854 3375 1902 ut
3400 1857 3612 1919 aposto-

2028 1912 2110 1967 los
2137 1922 2193 1968 et
2213 1924 2440 1973 cancros
2463 1920 2664 1977 electos
2683 1939 2751 1978 ex
2776 1924 2981 1982 Jndma.
3013 1928 3096 1984 Ibi
3126 1912 3369 2006 corrupta
3390 1912 3468 1991 est
3491 1955 3610 1992 ma-

2026 2013 2107 2058 ter
2124 2015 2250 2072 tua;
2278 2008 2347 2061 ibi
2369 2010 2560 2066 violata
2589 2024 2664 2068 est
2685 2018 2909 2085 genitria:
2935 2023 3134 2078 tua..ld
3159 2035 3262 2091 est,
3287 2027 3459 2098 major
3483 2046 3611 2100 pars

2024 2093 2196 2163 plebis
2221 2095 2496 2153 Christum
2526 2106 2794 2174 negando,
2821 2116 2876 2162 et
2907 2109 3210 2168 Barabbam
3233 2093 3504 2187 eligendo,
3535 2123 3604 2177 ad

2023 2200 2243 2242 crucem
2269 2192 2554 2260 reprobata
2576 2205 2688 2249 est-

2098 2299 2260 2355 Vens.
2303 2299 2354 2355 6.
2368 2331 2439 2341 —-
2454 2303 2602 2359 Pone
2619 2321 2720 2372 me,
2740 2320 2794 2362 ut
2813 2312 3142 2382 signaculum
3158 2335 3313 2390 super
3330 2337 3421 2376 cor
3437 2332 3606 2393 tuum,

2023 2399 2082 2442 ut
2106 2390 2433 2460 signaculum
2452 2411 2608 2464 super
2631 2397 2899 2456 brachium
2921 2413 3088 2460 tuum.
3116 2406 3458 2480 Signaculum
3481 2390 3606 2472 bra;

2024 2477 2148 2532 chio
2169 2480 2254 2534 vel
2283 2482 2450 2553 digito
2475 2486 2546 2541 ob
2571 2493 2887 2548 memoriam
2915 2477 3201 2565 cujuslibet
3244 2508 3321 2560 rei
3352 2507 3600 2579 ligamns.

2021 2565 2127 2622 Per
2153 2584 2248 2624 cor
2272 2574 2549 2643 cogitatio,
2585 2586 2637 2631 et
2678 2594 2776 2647 per
2812 2583 3094 2640 brachium
3137 2565 3453 2662 designatur
3477 2565 3604 2667 ope-

2022 2659 2180 2714 ratio.
2208 2658 2267 2715 Si
2288 2677 2375 2718 me
2401 2664 2538 2720 velis
2563 2666 2763 2722 habere
2791 2685 3068 2739 sponsum,
3099 2677 3243 2732 intus
3261 2658 3342 2734 sit
3363 2658 3604 2742 charitas

2019 2748 2076 2802 in
2098 2749 2202 2806 [ide
2229 2767 2339 2806 non
2365 2752 2516 2820 ﬁcta,
2540 2764 2596 2810 et
2619 2755 2755 2812 foris
2771 2762 3012 2829 operatio
3040 2763 3249 2820 devota.
3283 2767 3421 2834 Quia
3449 2772 3600 2841 fortis

2018 2852 2074 2896 ut
2094 2860 2232 2898 mors
2258 2844 2486 2912 dilectio,
2515 2849 2650 2904 dura
2672 2852 2805 2906 sicut
2831 2853 3066 2923 infernus
3105 2857 3390 2914 (emutatio.
3419 2861 3608 2920 Fortis

2017 2942 2100 2990 est
2128 2951 2300 3006 usque
2325 2940 2392 2994 ad
2421 2949 2646 2998 mortem
2674 2960 2793 3001 mea
2815 2946 3104 3004 dilectioin
3130 2958 3200 3018 te,
3226 2969 3259 3007 ο
3281 2951 3593 3028 Synagogal

2016 3025 2110 3080 sed
2137 3033 2228 3080 tua
2248 3029 2518 3085 aemulatio
2544 3033 2680 3086 dura
2708 3033 2761 3088 in
2786 3049 2872 3090 me
2894 3035 3011 3101 fuit,
3037 3039 3175 3095 sicut
3202 3025 3461 3100 infernus.
3488 3025 3595 3102 Sed

2015 3126 2164 3172 verte
2183 3119 2574 3178 aemulationem
2592 3123 2645 3178 iu
2664 3125 3022 3192 dilectionem,
3043 3129 3222 3185 cteris
3239 3132 3372 3187 mihi
3396 3149 3594 3203 sponsa

2013 3213 2254 3260 otsoror
2305 3215 2363 3261 et
2411 3209 2602 3265 amica.
2645 3209 2938 3284 Lampadas
2975 3217 3092 3287 ejus
3137 3217 3407 3291 lampades
3456 3224 3594 3294 ignis

2013 3304 2166 3366 atque
2204 3298 2559 3366 ﬂammarum.
2608 3302 2922 3360 Dilectionis
2968 3307 3244 3378 lampades
3277 3312 3443 3367 corda
3470 3322 3605 3369 sunt

2013 3385 2268 3440 ﬁdelium.
2302 3387 2473 3459 Ignis,
2513 3401 2735 3463 propter
2785 3393 3054 3452 fervorem
3099 3399 3310 3464 cordis;
3351 3402 3595 3465 ﬂamma-

2015 3493 2153 3543 ηιηι,
2182 3487 2402 3550 propter
2425 3483 2756 3552 operationis
2789 3483 2968 3557 [Cod..
2997 3484 3140 3554 ναι,
3163 3488 3451 3562 orationis]
3479 3489 3595 3546 etiis

2012 3583 2264 3625 castam...

2085 3678 2246 3732 Vens.
2281 3679 2335 3732 7.
2352 3709 2422 3719 -—
2439 3682 2600 3750 Aqu
2625 3679 2803 3735 multa
2830 3698 2934 3736 non
2961 3693 3239 3754 potuerunt
3263 3688 3592 3762 exstinguere

2012 3772 2341 3838 clmritatcm,
2365 3790 2456 3827 nec
2477 3776 2698 3843 ﬂumina
2742 3778 2957 3836 obruent
2987 3781 3156 3840 illam.
3187 3784 3372 3858 Aquas
3394 3789 3593 3848 multas

2013 3868 2066 3915 et
2092 3861 2331 3927 numina,
2366 3866 2719 3921 tentationum
2761 3869 2893 3924 dicit
2941 3873 3212 3943 incursus,
3255 3895 3376 3948 qua:
3405 3882 3593 3938 visibi-

2011 3948 2136 4002 liter
2164 3949 2248 4003 vel
2277 3951 2616 4009 invisibiliter
2639 3956 2850 4014 animas
2868 3955 3106 4016 ﬁdelium
3146 3966 3460 4037 impugnare
3482 3987 3589 4028 non

2012 4037 2288 4105 desinunt,
2313 4041 2511 4110 quibus
2543 4044 2784 4102 cbaritas
2808 4063 2914 4104 non
2941 4051 3106 4106 cedit.
3132 4051 3193 4108 Si
3213 4055 3413 4111 dederit
3437 4059 3592 4116 homo

2011 4146 2214 4185 omnem
2252 4133 2604 4190 substantiam.
2638 4139 2824 4194 domus
2862 4158 2973 4196 sua:
3007 4159 3102 4213 pro
3143 4144 3399 4201 charitate
3427 4147 3600 4219 [Cod..

2013 4221 2162 4288 Vat.,
2189 4223 2511 4298 dilectione],
2543 4229 2695 4298 quasi
2742 4229 2874 4285 nihil
2917 4232 3163 4303 despiciet
3208 4249 3347 4289 eum.
3394 4234 3612 4297 Sanctlx

2011 4327 2142 4368 vero
2163 4315 2329 4370 totius
2349 4317 2531 4372 mundi
2545 4320 2911 4376 substantiam
2933 4337 3032 4392 pro
3059 4323 3361 4380 dilectionis
3381 4329 3590 4398 magni-

2014 4403 2202 4458 tudine
2250 4405 2638 4474 relinquentes,
2689 4409 2792 4464 nisi
2841 4409 3005 4466 etiam
3054 4426 3112 4467 se
3141 4412 3284 4484 ipsos
3312 4412 3620 4483 abjiciant,.

407 4516 567 4571 Vens.
627 4517 680 4574 2.
703 4550 774 4558 -
793 4520 1203 4593 Apprehendam.
1235 4532 1304 4578 te.
1351 4523 1604 4594 Prompta
1656 4541 1720 4580 ac
1768 4525 1909 4580 fideli
1935 4489 1986 4550 ι)
2012 4493 2146 4549 nihil
2167 4492 2455 4563 pmﬁcmm
2474 4508 2552 4551 ⁸η

325 4602 613 4662 devotione
635 4608 936 4664 venientem
963 4611 1246 4678 excipiam.
1287 4611 1358 4666 Et
1389 4612 1578 4670 ducam
1620 4623 1669 4668 te
1697 4615 1768 4666 ad
1811 4614 1909 4668 do.-

325 4713 472 4752 mum
517 4702 704 4755 matris
729 4718 875 4756 mete.
908 4702 1132 4757 Peracta
1180 4705 1360 4760 carnis
1403 4706 1797 4774 dispensatione
1824 4723 1911 4764 re—

327 4787 601 4854 deuntem,
633 4791 769 4846 laetis
789 4791 982 4848 ducam
1027 4793 1340 4848 luminibus.
1363 4796 1416 4848 in
1449 4796 1664 4850 domum
1695 4796 1905 4864 matris,

328 4877 419 4933 ubi
450 4880 688 4936 caelestis
714 4881 1015 4938 Ierusalem
1041 4891 1217 4938 mater
1245 4890 1329 4936 est
1357 4891 1558 4938 nostra.
1590 4883 1673 4937 Ibi
1705 4901 1784 4938 me
1807 4885 1905 4938 do-

327 4969 484 5024 cebis.
512 4971 702 5028 Facies
723 4989 808 5028 me
835 4975 1042 5043 potiora
1087 4989 1306 5044 sperare
1337 4975 1496 5040 dona,
1521 4991 1681 5044 quam
1709 4976 1764 5030 in
1793 4977 1908 5046 lege

326 5061 658 5118 habuissem.
702 5063 769 5117 Et
794 5065 928 5120 dabo
953 5063 1045 5119 tibi
1074 5063 1319 5136 poculum
1353 5081 1418 5119 ea:
1446 5065 1563 5118 vino
1594 5067 1821 5120 condito.
1853 5067 1909 5122 ld

325 5161 428 5216 est,
480 5151 776 5208 ferventem
827 5170 1088 5221 amorem,
1119 5155 1286 5210 variis
1322 5157 1583 5211 virtutum
1621 5156 1910 5226 pigmentis

326 5255 598 5302 ornatum.
629 5247 700 5300 Et
739 5257 966 5302 mustum
1008 5247 1161 5320 [Cod.
1209 5246 1354 5312 Vat.,
1383 5245 1620 5318 mistum]
1649 5245 1910 5300 malorum

325 5346 671 5407 granatorum
709 5351 964 5390 meorum.
1012 5334 1070 5388 ld
1115 5343 1216 5400 est,
1264 5335 1557 5404 gloriosum
1598 5340 1907 5389 sanctorum

328 5435 631 5496 martyrum
673 5425 1026 5494 triumphum,
1073 5424 1178 5494 qui.
1212 5423 1606 5482 ferventissima
1646 5424 1910 5480 charitate

328 5528 427 5590 per
467 5515 676 5578 ferrum
718 5514 1069 5586 ﬂammasque
1109 5515 1176 5570 ad
1222 5523 1275 5570 te
1322 5517 1554 5573 transire
1596 5533 1704 5576 non
1754 5516 1908 5572 dubi-

330 5611 468 5668 tant.

2085 4603 2248 4658 Vens.
2288 4605 2427 4658 8.'——
2447 4603 2611 4659 S’oror
2631 4617 2809 4660 nostra
2831 4624 3014 4678 parva,
3038 4619 3088 4665 et
3111 4613 3270 4666 ubera
3283 4628 3386 4668 non
3413 4613 3621 4683 habet;.

2011 4693 2137 4767 quid
2162 4693 2413 4763 faciemus
2434 4697 2601 4748 sorori
2631 4707 2821 4752 nostrae
2842 4700 2897 4752 in
2919 4700 3024 4766 die,
3044 4703 3252 4772 quando
3277 4702 3596 4778 alloquenda.

2012 4787 2130 4841 est?
2158 4786 2337 4840 Prima
2378 4788 2649 4843 nascentis
2676 4788 2930 4846 Ecclesia:
2954 4791 3022 4846 de
3059 4793 3308 4861 gentibus
3345 4801 3594 4862 tempora

2014 4877 2281 4948 signiﬁcat
2310 4866 2464 4949 [Cod.
2504 4875 2628 4932 Vat.’
2652 4888 2698 4933 et
2729 4879 2825 4945 al.,
2853 4880 3138 4952 designat],
3165 4883 3379 4951 quando
3411 4882 3596 4938 adhuc

2010 4975 2065 5022 et
2094 4982 2260 5037 parva
2308 4966 2409 5022 fuit
2453 4977 2796 5034 numero,-_et
2843 4970 3020 5026 minus
3059 4971 3251 5027 idonea
3291 4971 3593 5041 praedicare

2011 5061 2234 5114 verbum
2269 5060 2431 5132 m7
2457 5064 2611 5131 quasi
2656 5063 2899 5134 Sponsus
2926 5066 3222 5136 Synagoga:
3267 5066 3495 5122 dixisset
3523 5065 3624 5120 do-

2010 5164 2071 5205 ea
2101 5169 2114 5203 :
2147 5151 2285 5216 Quid
2310 5154 2562 5222 faciemus
2582 5157 2750 5209 sorori
2776 5165 2964 5211 nostra!
2989 5159 3045 5210 in
3072 5158 3179 5222 die,
3215 5156 3424 5226 quando
3452 5151 3592 5210 allo;

2009 5241 2213 5310 quenda
2231 5251 2304 5293 est
2323 5243 2348 5294 ?
2368 5260 2431 5298 ac
2459 5246 2504 5298 si
2532 5254 2716 5314 aperte
2741 5247 2905 5312 dicat,
2928 5262 3091 5316 parva
3118 5249 3334 5319 quidem
3361 5262 3614 5304 numero

2010 5339 2092 5384 est
2112 5330 2346 5386 Ecclesia
2369 5334 2627 5402 gentium,
2659 5343 2714 5389 et
2735 5336 2961 5391 necdum
2990 5336 3098 5410 [AL
3132 5337 3240 5392 add
3302 5336 3405 5410 ad]
3435 5337 3595 5394 verbi

2011 5423 2328 5493 mysterium
2357 5423 2510 5496 [Cod.
2550 5423 2689 5492 ναι,
2716 5427 3096 5502 ministerium]
3133 5429 3319 5485 subire
3350 5426 3577 5494 sumcit;

2011 5513 2138 5582 quid
2167 5527 2296 5584 ergo
2326 5513 2424 5568 tibi
2444 5513 2674 5580 videtur,
2699 5531 2732 5571 ο
2759 5513 3061 5588 Synagoga,
3088 5519 3153 5572 de
3179 5530 3368 5572 sorore
3389 5515 3586 5573 facien-

2011 5607 2135 5662 dum
2166 5613 2374 5672 nostra,
2397 5606 2610 5678 quando
2639 5607 2955 5678 alloquenda
2979 5616 3083 5675 est,
3114 5607 3166 5663 id
3187 5617 3296 5676 est,
3313 5621 3413 5682 per
3433 5606 3614 5678 verbi

404 5738 428 5764 ι
455 5723 588 5784 Cod.
621 5726 745 5784 Vat.
773 5741 785 5782 :
821 5740 841 5780 t
871 5722 1057 5788 Sancti
1087 5735 1211 5781 vero
1253 5721 1417 5778 totius
1445 5719 1799 5784 substantiam
1827 5731 1925 5791 pro
1957 5717 2255 5808 dilectionis
2283 5717 2648 5790 magnitudine
2677 5716 2830 5788 quaSi
2855 5717 2986 5776 nihil
3005 5719 3387 5799 despiciebant.
3419 5739 3460 5774 ι.
