4020 6188
1288 368 1348 422 s.
1387 366 1450 422 ιν.
1490 363 1717 422 unum
1755 366 1885 444 seu
1926 364 2203 434 ALCUtNt
2238 366 2522 433 orsum:
2559 370 2741 427 PARS
2776 368 2839 431 ιι.

3641 373 3747 431 664

478 504 838 565 “ﬂammam
889 502 1130 559 ducenda
1183 502 1238 565 in
1289 502 1483 559 ηάθωτ
1512 502 1809 581 synagoga,
1853 506 2055 562 tacenti
2080 486 2130 545 Α
2158 486 2338 581 omnia
2393 484 2625 569 reliquit.
2668 484 2925 554 Argentei
2972 499 3071 557 pro
3114 486 3260 544 omni
3318 487 3548 560 pecunia
3608 490 3750 545 acci.

478 601 593 672 ipse
621 598 882 667 Sponsus,
917 593 1047 665 quid
1070 594 1189 651 ﬁeri
1219 596 1434 662 debeat,
1458 595 1737 667 respondit
1775 613 1788 649 :

549 688 714 744 Vens.
765 688 906 744 9.-
933 686 995 743 Si
1043 701 1226 740 murus
1269 692 1367 750 est,
1407 684 1727 754 aediﬁcemus
1761 700 1918 755 super
1943 700 2061 739 eum

475 777 869 849 propugnacula
896 786 1161 849 argentea.
1186 776 1263 832 Ac
1288 778 1334 832 si
1359 777 1578 843 diceret,
1599 778 1645 831 si
1671 776 1879 846 aliquos
1898 776 2062 831 habet

474 873 533 923 in
558 883 617 925 se
638 867 807 924 fortes
828 870 883 924 in
905 869 1031 935 ﬁde,
1055 870 1137 924 vel
1160 868 1334 924 claros
1357 868 1595 940 ingenio,
1618 868 1703 923 vel
1727 867 2060 939 philosophia

476 959 787 1023 instructos,
822 960 1080 1015 addemus
1110 959 1215 1014 illis
1249 959 1652 1029 propugnacula
1690 965 1965 1028 argentea,
2007 956 2061 1010 id

475 1059 578 1115 est,
599 1049 876 1105 scientiam
894 1050 1197 1105 divinarum
1223 1048 1646 1119 Scripturarum,
1672 1057 1733 1103 ut
1762 1063 1826 1103 eo
1850 1046 2060 1102 facilius

476 1141 685 1210 possint
707 1142 870 1195 tutari
896 1140 1138 1197 inﬁrmos
1163 1150 1325 1211 atque
1353 1140 1616 1196 indoctos.
1655 1139 1716 1194 Si
1745 1141 1934 1193 ostium
1960 1147 2057 1204 est,

476 1232 868 1303 compingamus
893 1230 1027 1286 illud
1056 1229 1248 1285 tabulis
1269 1230 1514 1284 cedriuis.
1551 1228 1608 1283 Si
1635 1229 1742 1282 sint
1765 1226 2057 1296 simplices,

476 1332 660 1377 tamen
708 1322 933 1377 docendi
986 1321 1164 1376 studio
1212 1319 1505 1385 inhiantes,
1555 1331 1919 1388 proponamus
1955 1316 2060 1370 illis

476 1411 720 1481 priorum
750 1410 995 1480 exempla
1020 1409 1312 1480 justorum,
1343 1425 1451 1480 quo
1486 1410 1687 1465 certius
1712 1418 1767 1462 et
1789 1408 2060 1463 elIicacius

474 1501 702 1557 docendi
731 1517 868 1573 Opus
892 1502 1118 1571 implere
1139 1503 1366 1572 possint.
1397 1501 1578 1563 Cedri,
1595 1501 1821 1555 virtutes
1844 1510 2059 1555 sancto-

472 1607 615 1658 rum,
645 1600 699 1647 et
734 1593 931 1648 tabulas
962 1580 1298 1649 latitudinem
1328 1592 1610 1649 charitatis
1640 1591 1943 1659 designant.
1976 1590 2058 1645 Ad

473 1681 593 1739 bare
615 1683 733 1755 ipsa
764 1685 1051 1756 respondet
1072 1684 1332 1739 Ecclesia.

550 1774 712 1835 Vens.
748 1775 1047 1847 l0.-—Ego
1076 1792 1280 1832 murus.
1322 1775 1433 1846 Ego
1483 1775 1548 1829 de
1594 1774 1731 1828 vivis
1776 1780 2053 1844 compacta

472 1878 591 1918 sum
619 1863 905 1933 lapidibus,
941 1871 997 1917 et
1022 1863 1230 1932 glutino
1255 1863 1541 1918 charitatis
1566 1862 1823 1928 adunata,
1871 1871 1926 1917 et
1961 1877 2054 1917 su—

464 1967 572 2022 per
592 1951 999 2009 fundamentum
1026 1953 1301 2008 immobile
1328 1952 1612 2008 aediﬁcata.
1647 1952 1716 2006 Et
1757 1953 1916 2007 ubera
1942 1969 2057 2007 mea

469 2044 606 2098 sicut
628 2044 812 2109 umis,
840 2060 905 2098 ea:
931 2060 1033 2116 quo
1059 2044 1201 2114 facta
1221 2060 1336 2097 sum
1358 2059 1534 2097 coram
1560 2058 1638 2106 eo,
1663 2043 1716 2097 id
1742 2053 1846 2108 est,
1871 2042 2060 2098 docto-

470 2147 561 2189 res
591 2133 797 2192 habens
837 2133 1164 2192 fortissimos
1206 2148 1305 2189 ceu
1353 2132 1538 2198 turris,
1576 2132 1668 2201 qui
1706 2140 1761 2186 et
1804 2133 2057 2201 parvulos

469 2223 683 2278 nutrire
706 2223 887 2278 sciunt
910 2232 966 2278 et
989 2223 1172 2279 omnia
1195 2221 1413 2292 maligni
1439 2220 1618 2291 jacula
1666 2221 1955 2290 expellere.
1989 2221 2057 2275 Et

471 2313 575 2370 hoc
601 2313 735 2369 mihi
765 2314 960 2370 accidit
1004 2328 1072 2369 ex
1119 2328 1185 2370 eo
1236 2320 1496 2382 tempore,
1548 2326 1659 2382 quo
1688 2311 1936 2368 Christus
1969 2329 2057 2369 me

470 2403 864 2469 reconciliavit,
895 2402 975 2475 [et
1000 2418 1188 2473 pacem
1219 2417 1317 2471 per
1343 2416 1466 2456 eum
1515 2400 1736 2473 reperi].
1765 2400 1931 2466 Quasi
1956 2419 2053 2469 pa-

470 2511 582 2551 cem
603 2495 879 2566 reperiens.
909 2493 1044 2561 Quia
1066 2495 1177 2564 ipse
1196 2502 1278 2550 est
1306 2508 1410 2565 pax
1438 2507 1582 2554 vera.
1602 2491 1804 2548 faciens
1830 2502 2056 2561 utraque

472 2601 659 2647 unum.

541 2676 704 2736 Vnus.
746 2678 916 2732 11.-
940 2677 1102 2734 Vinea
1128 2678 1227 2750 fuit
1263 2679 1482 2750 paci/ica
1519 2681 1573 2733 in
1619 2696 1703 2745 ea,
1751 2696 1868 2751 qua:
1903 2681 2053 2735 habet

2160 574 2401 642 piantur.

2232 665 2396 721 Vens.
2436 665 2522 720 l2.
2542 696 2613 706 —
2644 666 2805 721 Vinea
2830 684 2943 721 mea
2981 683 3158 722 coram
3186 684 3268 722 me
3289 679 3383 722 est.
3410 669 3479 723 Et
3504 668 3625 727 hmo
3644 686 3749 728 vox

2161 754 2356 824 Sponsi
2386 763 2488 812 est.
2520 757 2722 813 Verum
2748 757 2849 812 etsi
2879 764 2932 812 te
2959 755 3080 812 aliis
3108 757 3484 813 commendem
3507 760 3747 816 custodi-

2159 846 2280 910 Lus,
2310 852 2491 900 tamen
2518 853 2572 899 te
2602 860 2819 915 semper
2862 844 2917 899 in
2965 860 3085 899 mea
3125 844 3297 901 habeo
3324 847 3635 916 prtesentia,
3666 849 3748 903 vi-

2161 936 2293 991 dens
2319 944 2373 990 et
2398 950 2752 992 remunerans
2780 935 2981 991 laboris
3008 936 3087 990 tui
3128 935 3468 992 devotionem
3495 938 3550 993 in
3575 939 3746 994 omni-

2158 1026 2279 1084 bus.
2301 1025 2446 1081 Mille
2469 1028 2546 1082 tui
2565 1026 2793 1097 paciﬁci.
2821 1025 2962 1081 Mille
2988 1027 3084 1092 tui,
3110 1027 3450 1094 subauditur,
3474 1030 3743 1102 argentei;

2158 1116 2311 1186 quasi
2339 1116 2585 1183 dixisset,
2611 1117 2704 1186 qui
2731 1131 2828 1186 pro
2854 1132 3039 1171 amore
3085 1131 3205 1172 meo
3225 1126 3418 1173 cuncta
3441 1134 3539 1174 sua
3570 1120 3747 1177 dimit—

2158 1216 2299 1273 tunt,
2331 1207 2385 1261 in
2428 1220 2563 1277 pace
2603 1207 2807 1263 habent
2853 1216 3148 1273 reservata,
3190 1207 3503 1279 signiﬁcans
3539 1211 3746 1281 simpli-

2157 1299 2334 1354 ciores
2364 1299 2419 1353 in
2468 1299 2730 1365 Ecclesia,
2762 1301 2853 1368 qui
2892 1315 3109 1355 omnem
3166 1301 3527 1356 substantiam
3568 1319 3745 1370 suam,

2158 1389 2461 1445 millenario
2507 1404 2734 1446 numero
2778 1391 3137 1461 designatam,
3190 1407 3289 1462 pro
3344 1393 3610 1450 charitate
3652 1396 3746 1450 Dei

2157 1483 2427 1536 amittunt.
2460 1481 2529 1536 Et
2567 1481 2776 1536 ducenti
2803 1483 2904 1545 his,
2928 1483 3017 1552 qui
3046 1483 3347 1536 custodiunt
3369 1484 3574 1553 fructus
3606 1488 3743 1556 ejus.

2155 1571 2213 1626 ld
2242 1580 2346 1637 est,
2377 1571 2619 1642 argentei
2639 1570 2743 1636 bis,
2771 1571 2862 1641 qui
2894 1571 3205 1625 custodiunt
3248 1570 3456 1628 fructus
3481 1574 3630 1644 ejus;
3653 1576 3744 1644 qui

2158 1672 2283 1718 sunt
2311 1664 2561 1718 doctores
2587 1663 2781 1727 sancti,
2812 1663 2905 1732 qui
2929 1663 3108 1717 omnia
3140 1663 3325 1719 mundi
3367 1664 3665 1731 dimittunt,
3691 1678 3747 1724 et

2159 1760 2212 1813 in
2234 1758 2401 1812 verbo
2423 1756 2822 1827 prredicationis
2862 1755 3110 1811 laborare
3140 1773 3246 1810 non
3279 1766 3512 1811 cessant.
3547 1757 3612 1812 Hi
3637 1760 3736 1813 du-

2157 1852 2282 1923 plici
2314 1850 2766 1919 remuneratione,
2794 1866 2914 1921 quae
2943 1850 3258 1906 ducentario
3284 1851 3619 1921 designatur,
3653 1853 3746 1908 do-

2159 1952 2362 1999 nantur
2385 1943 2524 2013 apud
2547 1958 2654 1998 me.

2228 2036 2392 2091 Vsus.
2432 2035 2516 2089 15.
2538 2066 2607 2074 -
2633 2033 2739 2101 Qui
2781 2035 2986 2089 habitas
3015 2036 3071 2089 in
3108 2035 3295 2100 hortis,
3347 2052 3501 2090 amm
3538 2039 3747 2091 auscul-

2156 2136 2287 2181 tant.
2321 2126 2457 2194 Quia
2487 2126 2684 2183 locutio
2712 2134 2897 2182 nostra
2929 2127 3162 2182 ﬁnienda
3211 2135 3314 2193 est,
3364 2128 3469 2184 hoc
3497 2128 3743 2185 ultimum

2155 2217 2274 2272 vale
2302 2232 2333 2271 a
2359 2230 2446 2271 me
2472 2217 2672 2271 audito.
2726 2215 2950 2287 Semper
2995 2216 3201 2271 habitat
3252 2213 3421 2288 [Cod.
3475 2215 3619 2281 Vat.,
3651 2219 3747 2272 ha-

2155 2309 2288 2381 bita]
2315 2310 2369 2365 in
2402 2311 2575 2365 hortis
2603 2311 2887 2375 virtutum,
2918 2319 2973 2363 et
3017 2310 3153 2364 scito
3192 2311 3335 2380 quod
3363 2311 3547 2378 amici,
3582 2312 3635 2367 id
3660 2322 3739 2368 est

2157 2399 2384 2472 angelici
2411 2401 2633 2476 spiritus
2660 2409 2716 2455 et
2740 2400 2934 2455 anima:
2959 2408 3289 2465 sanctorum,
3310 2416 3527 2472 semper
3552 2411 3603 2457 te
3623 2420 3744 2460 con-

2156 2494 2396 2549 siderant
2430 2502 2484 2547 et
2525 2501 2619 2547 tuo
2669 2493 2906 2564 gaudent
2954 2491 3219 2563 profectu.
3280 2491 3394 2547 Fac
3441 2510 3522 2547 me
3565 2495 3747 2550 audire

2156 2600 2327 2639 vocem
2352 2593 2516 2638 tuam.
2543 2584 2601 2638 ld
2628 2591 2729 2647 est,
2766 2598 2869 2637 vox
2922 2583 3340 2655 praedicationis,
3367 2591 3630 2653 quantum
3656 2598 3744 2638 va-

2155 2677 2256 2743 les,
2298 2692 2513 2747 semper
2560 2675 2810 2730 audiatur
2853 2690 2883 2728 a
2943 2690 3047 2730 mc.
3106 2674 3187 2734 Ad
3239 2676 3355 2733 haec
3403 2691 3600 2751 sponsa
3633 2689 3742 2733 res-

466 2764 704 2837 populus.
737 2767 928 2833 Vinea,
946 2767 1000 2824 id
1018 2777 1120 2832 est,
1138 2769 1405 2824 catholica
1430 2769 1672 2825 Ecclesia
1694 2768 1872 2825 fructu
1890 2772 2056 2825 abun-

468 2855 604 2910 dans
632 2853 780 2921 ﬁdei,
831 2856 935 2912 fuit
977 2857 1223 2928 paciﬁco,
1276 2858 1331 2914 id
1377 2866 1462 2913 est
1484 2857 1723 2923 Christo,
1757 2859 1850 2928 qui
1871 2859 2052 2914 omnia

2154 2770 2340 2841 pendit
2377 2787 2389 2823 :

2227 2860 2391 2916 Vens.
2438 2858 2524 2912 l4.
2544 2889 2614 2898 —
2635 2856 2804 2930 Fuge,
2829 2857 3013 2912 dilecte
3035 2856 3123 2922 mi,
3153 2868 3201 2912 et
3230 2859 3526 2913 assimilare
3545 2876 3745 2932 capreae

466 2942 776 3017 paciﬁcavit
801 2946 858 3001 in
888 2947 1041 3003 etnlis
1069 2954 1123 3003 et
1148 2947 1205 3001 in
1234 2945 1394 3003 terris
1419 2947 1476 3002 in
1504 2962 1565 3003 ea
1612 2949 2048 3019 congregatione,
2152 2949 2474 3021 [tinnulaque
2497 2966 2763 3004 cervorum
2789 2966 2945 3020 super
2988 2959 3187 3003 montes
3230 2959 3545 3004 aromatum.
3588 2949 3665 3006 Ac
3697 2950 3743 3006 si

465 3050 588 3108 quae
640 3035 839 3095 multos
886 3037 1114 3107 populos
1158 3037 1396 3106 possedit
1448 3052 1514 3092 ex
1542 3044 1655 3092 toto
1680 3037 1828 3100 orbe,
1862 3051 1970 3092 non
1997 3036 2052 3091 in
2152 3046 2338 3108 aperte
2359 3038 2502 3094 dicat
2526 3038 2781 3107 quoniam
2804 3039 2858 3092 in
2886 3052 3052 3093 carne
3090 3052 3356 3108 apparens
3387 3052 3650 3110 pnecepta
3678 3057 3743 3097 ac

465 3126 656 3186 ludam
677 3128 871 3188 solum.
907 3128 1148 3185 Tradidit
1183 3148 1299 3186 eam
1339 3132 1663 3198 custodibus,
1694 3130 1969 3202 prophetis
1996 3139 2052 3186 et
2075 3172 2120 3202 ρ
2153 3130 2291 3186 dona
2319 3131 2443 3185 vita:
2469 3129 2602 3184 mihi
2631 3129 2817 3195 tulisti,
2839 3145 2982 3185 nunc
3011 3129 3098 3184 his
3124 3130 3358 3199 peractis
3388 3139 3659 3187 revertere
3687 3132 3740 3187 in

468 3215 749 3285 apostolis,
791 3217 885 3275 vel
934 3219 1195 3291 angelicis.
1229 3221 1598 3293 dignitatibus.
1650 3220 1746 3275 Vir
1773 3222 1927 3290 aﬂ'ert
1953 3239 2048 3293 pro
2076 3215 2121 3235 "
2153 3222 2331 3276 sinum
2357 3221 2537 3276 Patris
2563 3218 2616 3292 [ο
2644 3222 2717 3274 mi
2752 3218 2957 3285 dilecte,
2994 3218 3291 3274 assimitare
3319 3237 3519 3291 caprea
3546 3221 3740 3275 hinnu-

467 3306 644 3375 fructu
679 3307 796 3377 ejus
839 3308 983 3365 mille
1022 3320 1309 3381 argenteos.
1358 3311 1416 3366 ld
1438 3320 1542 3376 est,
1567 3325 1667 3381 pro
1695 3311 2050 3367 retributione
2154 3312 2305 3383 taque
2328 3326 2592 3367 cervorum
2613 3328 2758 3383 super
2794 3320 2993 3366 montes
3028 3311 3461 3384 aromatum],Et
3480 3313 3582 3367 hoc
3605 3312 3743 3367 mihi

465 3401 668 3450 atterna
693 3393 854 3464 huius
893 3396 1084 3465 vineae,
1121 3397 1278 3454 aﬁ‘ert
1307 3399 1452 3457 mille
1497 3408 1815 3468 argenteos;
1855 3399 1911 3455 id
1942 3408 2046 3466 est,
2154 3402 2225 3457 sit
2253 3401 2527 3468 solatium,
2554 3401 2695 3471 quod
2720 3416 2845 3456 cum
2889 3402 3143 3457 continua
3172 3398 3383 3458 visione
3412 3418 3516 3457 non
3543 3416 3739 3472 queam

464 3500 566 3556 pro
592 3488 945 3560 aeqnisitione
966 3490 1117 3559 regni
1143 3490 1400 3556 ccelestis,
1416 3491 1508 3561 qui
1523 3498 1609 3546 est
1628 3490 1837 3546 fructus
1856 3490 2044 3555 vineae,
2156 3490 2313 3565 [ϐοά.
2348 3491 2494 3557 Vat.,
2526 3490 2759 3564 nequeo]
2791 3499 2843 3545 te
2870 3506 3112 3557 cernere,
3152 3491 3345 3546 saltem
3375 3491 3569 3547 crebra
3615 3489 3739 3544 visi-

466 3588 686 3647 cuncta,
714 3596 835 3659 quae
863 3584 1050 3640 mundi
1078 3593 1223 3650 sunt,
1246 3585 1487 3654 reliquit.
1513 3583 1843 3639 Millenarius
1862 3597 2051 3639 nume-
2151 3582 2360 3638 tatione
2380 3595 2469 3639 me
2496 3580 2766 3636 consolari
2790 3580 3001 3651 dignari
3030 3580 3163 3636 velis
3190 3578 3341 3652 [ϐοά.
3391 3578 3528 3644 Vat.,
3558 3579 3738 3634 saltim

465 3685 561 3729 rus
602 3685 703 3742 pro
749 3672 1080 3743 perfectione
1123 3675 1361 3751 ponitur,
1392 3674 1445 3731 id
1473 3685 1556 3731 est
1586 3672 1701 3738 [Fu
1730 3672 1920 3747 illius],
1958 3675 2049 3744 qui
2152 3673 2342 3729 crebra
2373 3671 2582 3726 visione
2603 3685 2692 3726 me
2720 3670 2989 3729 consolari
3021 3667 3332 3740 memento].

468 3832 3725 3863 mw“

1501 3943 1669 4018 ωε
1698 3935 2086 4000 EPISTOLA
2130 3933 2240 3995 AD
2282 3934 2665 3997 DAPHNIN.

582 4075 681 4147 De
711 4075 828 4143 illo.
876 4076 1141 4145 Cantica
1176 4081 1567 4143 canticorum
1613 4080 1754 4144 loco
1795 4100 1809 4139 :
1864 4099 1888 4128 ι
1926 4078 2267 4158 Sexaginta
2311 4087 2457 4142 sunt
2511 4079 2738 4159 regina
2785 4087 2840 4141 et
2889 4081 3211 4160 octoginta
3261 4080 3621 4144 concubina

1867 4177 2062 4254 (Cant.
2111 4193 2195 4247 νι,
2249 4176 2336 4258 τι).

1933 4302 2232 4317 m

2144 4360 2341 4416 stolam
2370 4369 2594 4417 censent
2619 4363 2910 4432 scriptores
2934 4360 3073 4416 Hist.
3117 4362 3221 4416 litt.
3264 4363 3548 4431 Francke,
3599 4369 3727 4419 tom.

2148 4429 2234 4487 IV.
2264 4446 2388 4487 nan.
2415 4431 2539 4487 305.
2570 4447 2625 4486 η.
2657 4431 2711 4485 6.

2698 4470 2935 4574 .Daphini
2951 4501 3161 4574 omnia
3196 4502 3353 4558 nobis
3394 4504 3593 4574 ignota,
3626 4501 3730 4574 nisi

2146 4569 2288 4639 quod
2315 4567 2525 4640 Alcuini
2555 4567 2717 4625 fuerit
2739 4567 3050 4640 discipulus,
3080 4571 3165 4626 cui
3192 4587 3347 4626 suum
3386 4567 3626 4628 dolorem
3665 4573 3730 4626 de

2148 4653 2403 4762 perversa
2439 4639 2651 4695 vivendi
2682 4639 2909 4705 ratione,
2937 4641 3021 4696 cui
3051 4641 3189 4696 alter
3209 4642 3527 4712 discipulus,
3558 4642 3731 4698 Cucu-

2170 4725 2233 4762 ns
2276 4709 2513 4762 nomine.
2568 4724 2628 4762 se
2668 4711 2904 4762 dederat.
2951 4710 3292 4762 siuniﬁcavit.
3344 4728 3505 4762 (mem
3533 4712 3731 4762 nlanuit

2170 4725 2233 4764 ns
2276 4711 2513 4772 nomine,
2568 4724 2628 4764 se
2668 4711 2904 4770 dederat,
2951 4711 3292 4781 signiﬁcavit,
3349 4711 3505 4769 ’nem
3533 4712 3652 4781 plan
3692 4712 3731 4766 it

2170 4778 2404 4836 iugulari
2431 4779 2692 4836 carmine.
2715 4794 2813 4834 suo
2833 4795 3049 4836 auooue
3075 4781 3190 4836 loco
3234 4798 3301 4835 ex
3344 4728 3624 4836 inalcctis

893 4382 1208 4441 MONITUM
1241 4382 1400 4438 PDE
1410 4384 1594 4440 VIUM.

529 4534 856 4589 Praesentem
883 4530 1187 4600 epistolam,
1216 4547 1311 4588 seu
1333 4533 1935 4589 commentatiunrulam
1963 4534 2040 4590 ci-

460 4602 652 4672 tatiex
678 4600 1068 4672 Canticis‘loci,
1101 4603 1276 4672 primo
1300 4602 1573 4658 Canisium
1618 4612 1747 4658 tom.
1781 4604 1845 4659 Vl
1884 4605 2036 4661 Lect.

458 4670 672 4748 Antiq.,
695 4685 821 4743 pag.
834 4668 1136 4748 flgiti-568,:
1158 4688 1270 4748 _s_eu_
1301 4681 1432 4727 tom.
1475 4672 1539 4748 _ll_
1576 4674 1706 4748 edit.
1730 4743 1741 4748 _
1762 4673 2034 4748 Basnagii,

456 4739 805 4823 partit,
831 4739 956 4823 ὕδρᾳ..
973 4754 1041 4796 ex
1066 4741 1387 4823 bibliotheca
1409 4742 1743 4823 celeberrimi
1764 4739 2038 4823 monas'teQ

457 4795 526 4902 in
550 4809 608 4892 β.
633 4795 793 4902 Galli,
808 4795 1038 4902 edidisse
1058 4795 1886 4902 credam;illustramenta
1897 4795 2034 4872 ‘p‘sg.

457 4880 694 4953 sevinus,
723 4866 854 4953 tom.
876 4880 896 4935 Ι
920 4866 1174 4951 Apparat.
1196 4866 1390 4953 Sacri:
1412 4898 1531 4952 pag.
1556 4882 1646 4946 55,
1675 4866 2037 4953 antiquiorem
2147 4866 2266 4953 mali

454 4948 763 5014 editionem,
792 4948 988 5011 factum
1008 4948 1152 5009 anno
1185 4951 1336 5016 l568,
1365 4948 1469 5009 una
1484 4948 1616 5006 'cum
1647 4948 2037 5012 commentario

455 5019 512 5089 in
551 5019 819 5086 Psalmes,
850 5029 1149 5076 recenseat.
1201 5017 1280 5075 Cl.
1328 5022 1692 5089 Quercetanus
1740 5023 2027 5080 editionem

455 5088 659 5147 Canisii
687 5097 904 5146 secutus
923 5097 1025 5153 est,
1054 5090 1309 5159 illamque
1335 5092 1476 5146 inter
1521 5090 1694 5157 Opera
1723 5091 1782 5146 Β.
1817 5093 1892 5146 Fl.
1944 5096 2033 5149 Al-

418 5214 428 5235 ,
453 5160 598 5215 enini
626 5161 897 5235 recensuit
919 5174 1043 5235 pag.
1075 5160 1199 5216 506.
1231 5160 1403 5227 Quam
1449 5160 1738 5235 editionem
1769 5180 1867 5219 nos
1896 5182 2031 5235 quo-

418 5214 428 5226 ,
453 5176 598 5215 enim
626 5176 897 5219 recensuit
919 5176 1043 5284 pag.
1075 5176 1199 5216 ouo.
1231 5176 1403 5227 uuam
1449 5176 1738 5217 centonem
1769 5180 1867 5219 nos
1896 5182 2031 5235 quo-

414 5230 559 5312 ique
580 5231 876 5312 sequimur,
909 5230 991 5312 col
1015 5239 1157 5312 utam
1186 5246 1315 5312 eum
1329 5231 1505 5312 geteri
1555 5232 1738 5312 codice
1784 5250 1887 5289 ms.
1924 5236 2034 5312 _Sa-

453 5296 795 5371 lisburgensi,
820 5300 962 5356 unde
984 5302 1246 5371 quasdam
1267 5300 1574 5357 differentes
1594 5302 1851 5359 lectiones
1874 5307 2036 5361 adno-

454 5368 707 5442 tavimus.
750 5368 1090 5442 Juvenisfrm'
1130 5370 1310 5441 fallor,
1338 5372 1415 5442 ait
1457 5371 1749 5442 Basnagius
1776 5374 1879 5428 loc.
1917 5377 2037 5439 cit.,

451 5446 564 5513 erat
606 5438 797 5513 adhuc,
831 5454 987 5513 eum“
1007 5438 1150 5513 hanc
1180 5441 1452 5513 epistolam
1484 5438 1701 5513 scripiit
1747 5438 2035 5505 Alcuinus:

450 5505 638 5586 quippe
659 5508 798 5586 inter
823 5507 1115 5586 familiares
1140 5505 1353 5567 latitare
1373 5505 1634 5586 cupiebai,
1653 5512 1923 5569 doctorum
1934 5515 2027 5583 ju-

453 5573 596 5651 dicia
624 5577 993 5651 reformidans,
1015 5595 1108 5651 uec
1135 5596 1316 5635 eorum
1337 5573 1634 5651 conispccfui
1665 5597 1781 5636 sese
1802 5573 2032 5651 praesen-

456 5649 570 5699 tare
591 5646 841 5701 audebat.
872 5646 1031 5703 Parvi
1054 5662 1267 5719 quoque
1308 5646 1565 5705 momenti
1609 5665 1729 5707 esse
1754 5646 1892 5706 hanc
1918 5653 2029 5721 epi-

2269 4778 2410 4850 nlari
2425 4779 2692 4850 carmine,
2715 4794 2813 4834 suo
2833 4778 3049 4850 quoque
3075 4781 3190 4836 loco
3234 4798 3301 4835 ex
3347 4778 3624 4838 Analcetis
3646 4778 3726 4839 Cl.

2271 4848 2436 4903 illonii
2458 4849 2778 4903 exhibendo.

2217 4941 2574 4996 Dilectissimo
2604 4939 2713 4998 ﬁlio
2739 4956 2858 4998 meo
2879 4942 3109 5014 Daphini
3130 4942 3282 5015 [.ιι.ς.,
3302 4944 3559 5017 Daphni],
3585 4943 3728 4999 Albi-

2141 5049 2244 5088 nus
2273 5033 2433 5086 Pater
2462 5032 2708 5088 salutem.

2208 5120 2343 5187 Quia
2371 5121 2578 5191 pridem
2607 5121 2675 5175 de
2699 5137 3048 5177 numerorum
3071 5124 3281 5178 ratione
3307 5139 3517 5179 mecum
3549 5123 3727 5195 egisti,

2139 5213 2478 5285 interrogans
2506 5214 2775 5282 quomodo
2806 5214 2859 5268 in
2886 5215 3337 5271 excellentissimo
3371 5217 3597 5272 Cantico
3630 5215 3727 5270 Sa-

2139 5302 2367 5357 lomonis
2389 5303 2771 5371 sexagenarius
2798 5318 3055 5359 numerus
3090 5305 3291 5374 reginis
3317 5306 3651 5370 conveniret,
3671 5311 3727 5358 et

2137 5391 2516 5463 octogenarlus
2545 5392 2879 5457 concubinis,
2934 5402 2989 5449 et
3032 5410 3130 5450 cur
3172 5396 3584 5451 adolescentulo
3610 5395 3725 5451 sine

2142 5494 2366 5535 numero
2389 5487 2569 5535 essent
2598 5498 2610 5532 :
2639 5479 2805 5553 igitur
2830 5491 2885 5539 et
2910 5485 2956 5540 si
2988 5487 3228 5541 noverim
3258 5494 3307 5541 te
3329 5486 3543 5557 plenam
3563 5485 3717 5563 [Ms.,

2131 5569 2448 5642 ple-nariam]
2478 5569 2638 5645 hujus
2664 5574 2926 5632 rationem
2952 5576 3007 5631 in
3028 5585 3338 5634 sanctorum
3362 5578 3585 5634 Patrum
3610 5588 3716 5634 tra-

2131 5659 2364 5715 ctatibus
2394 5659 2608 5734 legisse,
2646 5670 2825 5721 tamen
2847 5681 2916 5722 ne
2939 5674 3086 5723 tuam
3106 5668 3425 5726 contristent
3453 5668 3714 5731 sollicitus

525 5764 550 5796 ⁸
580 5757 639 5817 in
668 5756 799 5818 Cod.
827 5773 930 5817 ms.
961 5759 1155 5819 Salisb.
1201 5765 1387 5823 titulus
1413 5785 1424 5820 :
1457 5768 1533 5823 De
1569 5769 1905 5839 sexagenario
1933 5788 2147 5830 numero
2170 5776 2484 5847 reginarum,
2515 5788 2563 5834 et
2585 5782 2912 5855 octogenario
2933 5783 3364 5843 concubinarum.
