4020 6188
321 351 426 411 665

966 357 1374 416 EXEGETICA.
1399 360 1821 418 ~COM51ENT.
1862 366 1864 417 ξ

1968 364 2283 424 ECCLESIA
2294 371 2487 427 STEN.
2529 373 2777 430 PRAEFA
2786 378 2916 434 T10.

3462 391 3564 446 666

312 470 537 569 (ﬁnem,-
566 468 742 523 dicam
787 470 931 569 quod
958 486 1091 526 meze
1135 471 1348 569 videtur
1399 475 1682 546 imperitiae
1727 490 1884 546 posse
1914 481 1959 536 Δ
1986 476 2169 534 decem
2194 484 2445 565 usquead
2467 494 2700 540 centum.
2726 487 2905 543 Tertia
2926 505 2954 544 a
2979 495 3286 551 centenario
3308 513 3475 569 usque
3496 503 3564 559 ad

309 560 625 662 cpnvenire,
647 558 875 662 etquod
899 568 1104 662 tantum
1126 563 1786 662 interfamiliar-esaures
1811 565 1889 619 la-
1986 569 2362 626 millcnarium.
2406 558 2473 627 Et
2511 576 2753 632 eamdem
2797 579 3036 649 regulam
3079 558 3425 652 perfectionis
3459 588 3565 662 [vel

307 648 473 708 mare
490 650 674 717 Velim,
697 651 934 720 quiame
958 652 1168 723 publice
1216 650 1370 726 [Ms.,
1400 654 1635 727 publico]
1659 669 1883 725 magno—

311 755 432 795 rum
452 740 732 796 doctorum
753 740 957 809 judicio
982 750 1306 811 praesentare
1332 754 1437 797 non
1461 745 1651 798 audeo.

378 831 634 903 Legimus
654 835 799 887 enim
825 834 881 887 in
906 849 1253 889 numerorum
1279 836 1627 891 subtilissima
1652 838 1882 904 ratione,

306 923 442 979 alios
460 939 718 980 numeros
740 940 861 980 esse
882 941 1063 995 pares,
1089 927 1222 982 alios
1244 929 1513 997 impares;
1559 936 1613 983 et
1638 929 1765 983 item
1788 943 1883 998 pa-

304 1011 449 1068 rium
479 1028 823 1069 numerorum
846 1014 981 1070 alios
1003 1030 1124 1070 esse
1150 1016 1440 1086 perfectos,
1467 1019 1603 1073 alios
1634 1033 1754 1074 esse
1781 1019 1883 1072 im-

300 1105 614 1175 perfectos:
644 1105 775 1160 item
816 1114 872 1161 et
898 1107 1335 1176 imperfectorum
1377 1110 1512 1164 alios
1551 1125 1671 1164 esse
1695 1125 1883 1181 snper-

300 1195 461 1260 ﬂuos,
486 1196 622 1251 alios
645 1197 886 1268 exiguos.
935 1196 1100 1252 Pares
1146 1206 1326 1252 autem
1372 1200 1581 1254 numeri
1612 1210 1754 1266 sunt,
1786 1202 1878 1271 qui

300 1285 358 1339 in
389 1285 496 1341 duo
514 1286 739 1356 aequalia
780 1287 944 1342 dividi
994 1295 1220 1356 possunt
1254 1307 1266 1342 :
1297 1296 1357 1342 ut
1387 1298 1506 1343 octo
1532 1290 1584 1343 in
1620 1290 1703 1344 his
1747 1306 1880 1360 qua-

299 1383 445 1440 tuor,
469 1383 524 1429 et
551 1384 781 1445 quatuor
804 1376 859 1431 in
888 1377 971 1431 bis
996 1378 1121 1431 duo.
1147 1377 1385 1447 Impares
1408 1388 1551 1444 sunt,
1580 1380 1671 1447 qui
1694 1380 1747 1433 in
1773 1381 1878 1434 dl‘O

296 1466 529 1534 aequalia
569 1466 734 1521 dividi
766 1481 871 1521 non
896 1475 1141 1536 possunt,
1180 1475 1241 1520 ut
1277 1476 1479 1538 septem
1528 1469 1610 1523 vel
1651 1484 1872 1534 novem;

294 1570 436 1625 quos
464 1555 507 1610 si
537 1554 766 1621 dividas,
788 1557 1178 1625 duas-mquales
1205 1557 1258 1611 in
1280 1558 1358 1612 eis
1386 1556 1610 1630 [partes]
1634 1559 1875 1614 invenire

291 1661 401 1701 non
426 1647 626 1715 poteris
657 1661 672 1700 :
704 1647 834 1700 item
882 1646 1118 1716 ipsorum
1167 1648 1377 1717 parium
1409 1658 1756 1703 numerorum
1782 1649 1873 1703 alii

290 1744 420 1791 sunt
446 1735 693 1806 perfecti,
722 1737 812 1791 alii
835 1736 1156 1806 imperfecti.
1190 1737 1467 1794 Perfectus
1495 1755 1750 1795 numerus
1789 1751 1872 1797 est

1984 659 2446 737 imperfectionis],
2471 682 2589 736 qua:
2613 666 2757 738 [Leg.
2777 671 2959 743 quam]
2984 674 3155 743 prima
3173 678 3352 733 unitas
3371 679 3427 734 in
3453 659 3566 737 suis

1985 752 2223 806 numeris
2250 770 2348 823 pro
2379 754 2531 825 [δίδη
2565 757 2686 829 sub]
2721 759 2941 816 denario
2970 774 3181 830 servat,
3232 771 3476 825 eamdem
3510 781 3565 827 et

1983 842 2268 895 secundam
2316 843 2369 897 in
2407 846 2519 899 suis
2564 846 2799 903 denariis
2849 852 2947 906 sub
2992 859 3300 913 centenario
3348 875 3565 918 scrvare

1982 945 2202 986 necesse
2230 943 2331 988 est.
2356 935 2488 988 Nam
2519 937 2656 991 sicut
2681 941 2928 995 senarius
2952 958 3207 1000 numerus
3232 948 3284 1001 in
3308 950 3419 1004 suis
3436 968 3563 1020 par-

1982 1023 2125 1079 tibus
2148 1039 2245 1092 per
2268 1025 2527 1081 unitatem
2551 1029 2759 1096 positus
2787 1028 2937 1100 [ills.,
2960 1033 3170 1106 positis]
3194 1035 3464 1104 perfectus
3483 1047 3566 1094 est

1982 1113 2035 1167 in
2063 1116 2260 1184 seipso,
2294 1118 2367 1170 ita
2400 1127 2455 1171 et
2501 1120 2888 1190 sexagenarius
2928 1124 3174 1192 partibus
3219 1126 3330 1179 suis
3375 1129 3565 1197 positis

1978 1219 2075 1274 per
2101 1205 2381 1259 denarium
2411 1205 2683 1276 perfectus
2710 1224 2831 1264 esse
2862 1211 3123 1276 noscitur,
3158 1213 3232 1269 ita
3258 1222 3318 1267 ut
3353 1216 3566 1283 semper

1979 1295 2033 1349 in
2061 1297 2411 1366 sexagenario
2441 1298 2698 1353 denarius
2736 1299 2910 1355 locum
2958 1303 3200 1357 obtineat
3243 1305 3464 1360 unitatis
3508 1306 3564 1361 in

1977 1385 2209 1449 senario,
2240 1394 2297 1440 et
2325 1387 2396 1439 sit
2417 1386 2561 1442 illius
2586 1388 2776 1443 divisio
2799 1407 2896 1460 per
2916 1400 3097 1460 partes
3118 1409 3243 1449 suas
3267 1394 3560 1462 ejusmodi:

1976 1473 2237 1529 medietas
2260 1478 2597 1547 sexagenarii
2623 1489 2704 1533 est
2736 1480 3084 1545 tricenarius,
3121 1484 3261 1539 sicut
3294 1485 3565 1544 ternarias

1975 1565 2206 1630 senarii;
2237 1573 2292 1621 et
2316 1573 2399 1621 est
2426 1568 2584 1621 tertia
2615 1584 2741 1638 pars
2767 1569 3072 1626 vicenarius
3090 1613 3104 1637 ,
3150 1574 3291 1627 sicut
3319 1575 3563 1631 binarius

1975 1655 2028 1708 in
2058 1657 2306 1721 senario;
2339 1666 2393 1711 et
2419 1657 2671 1713 denarius
2700 1659 2753 1713 in
2783 1675 2847 1714 eo
2876 1660 3051 1716 locum
3082 1670 3263 1719 teneat
3297 1666 3557 1731 unitatis;

1973 1761 2094 1815 quae
2123 1762 2333 1802 summa
2362 1748 2407 1802 si
2435 1747 2704 1818 colligitur
2741 1751 2988 1805 eumdem
3035 1753 3222 1821 implet
3266 1769 3559 1825 sexagena-

293 1827 391 1897 qui
413 1828 658 1898 partibus
701 1828 813 1883 suis
840 1828 1109 1898 impletur,
1152 1844 1253 1884 nec
1287 1831 1637 1886 diminutione
1663 1830 1867 1902 frangi-
1900 1833 1945 1893 Β
1974 1836 2131 1889 rium.
2175 1837 2371 1892 Decem
2415 1837 2616 1907 itaque,
2666 1846 2721 1894 et
2764 1840 2982 1910 viginti,
3015 1851 3070 1896 et
3117 1843 3356 1912 triginta,
3400 1862 3557 1913 sexa—

288 1928 404 1986 tur,
454 1934 555 1973 nec
600 1918 1042 1989 multiplicatione
1094 1920 1325 1989 partium
1361 1923 1778 1990 superabundat,
1809 1932 1868 1977 ut

285 2011 537 2065 senarius
573 2025 849 2065 numerus.
905 2011 1077 2066 Habet
1123 2011 1266 2067 enim
1314 2013 1559 2068 senarius
1610 2029 1868 2069 numerus

285 2100 570 2155 dimidiam
598 2101 681 2156 sui
703 2108 910 2171 partem
943 2112 1075 2167 tres,
1108 2111 1163 2155 et
1190 2103 1404 2157 tertiam
1433 2104 1559 2169 duo,
1583 2111 1638 2158 et
1659 2112 1865 2159 sextam

283 2207 470 2253 unam.
494 2192 588 2262 qui
613 2192 773 2247 simul
792 2192 964 2262 juncti
1007 2193 1255 2248 eumdem
1285 2194 1510 2263 implent
1548 2197 1862 2262 senarium;

285 2297 413 2336 nam
434 2297 621 2348 unum,
651 2282 776 2349 duo,
804 2291 939 2350 tres,
965 2283 1170 2339 faciunt
1199 2283 1340 2358 [sex]
1368 2286 1458 2355 qui
1488 2286 1731 2356 partibus
1753 2288 1866 2342 suis

284 2373 561 2443 impletur.
586 2371 696 2428 Nec
721 2374 1075 2430 diminutione
1102 2373 1386 2445 frangitur,
1416 2391 1513 2431 nec
1540 2376 1864 2431 abundantia

283 2464 674 2532 supererescit;
701 2464 905 2519 idcirco
924 2464 1348 2534 perfectissimus
1368 2465 1611 2531 Creator,
1631 2468 1720 2536 qui
1746 2469 1866 2522 uni-

281 2567 441 2608 versa
490 2553 645 2608 valde
692 2554 831 2621 bona
875 2555 1102 2621 creavit,
1157 2556 1209 2610 in
1246 2572 1311 2611 eo
1337 2572 1561 2612 numero
1588 2558 1864 2628 originalis

284 2645 473 2700 mundi
520 2654 798 2701 creaturas
847 2648 1100 2710 condidit,
1135 2656 1194 2703 ut
1230 2648 1557 2715 ostenderet,
1601 2650 1862 2705 omniain

280 2746 380 2789 suo
404 2749 602 2806 genere
627 2751 746 2792 esse
767 2735 1026 2807 perfecta,
1053 2753 1172 2806 quae
1195 2738 1452 2794 condidit.

350 2826 481 2879 Item
507 2826 822 2881 octonarius
843 2825 1039 2897 [Edit.,
1080 2828 1479 2900 octogenarius]
1508 2845 1784 2896 numerus,
1816 2830 1862 2885 si

278 2930 406 2970 eum
434 2915 488 2969 in
516 2925 703 2985 partes
727 2930 757 2969 a
780 2930 840 2971 se
866 2916 982 2985 ipso
1011 2917 1317 2972 nominatas
1340 2918 1570 2985 dividas,
1597 2922 1776 2975 minor
1804 2936 1863 2975 se

275 3005 396 3076 ipso
425 3006 542 3077 ipse
571 3007 861 3073 invenitur,
888 3007 1049 3063 habet
1068 3008 1213 3062 enim
1247 2996 1521 3063 dimidiam
1550 3012 1632 3065 sui
1653 3020 1862 3082 partem

278 3104 528 3164 quatuor,
559 3105 616 3150 et
642 3106 889 3166 quartam
935 3098 1088 3162 duas,
1130 3107 1186 3152 et
1229 3108 1474 3154 octavam
1503 3117 1663 3156 unam
1694 3121 1706 3155 :
1742 3119 1862 3173 quae

280 3185 440 3240 simul
482 3187 643 3242 ducta
683 3188 1021 3242 octonarium
1070 3203 1179 3243 non
1226 3189 1468 3259 implent,
1499 3191 1591 3245 sed
1616 3168 1861 3260 septena-
1886 3168 1932 3228 δ

280 3275 452 3343 rium;
493 3293 681 3342 unum,
712 3279 819 3333 duo
842 3286 899 3333 et
934 3288 1163 3349 quatuor
1201 3289 1405 3349 septem
1448 3282 1707 3348 cilicium,
1752 3299 1859 3339 non

276 3377 402 3424 octo
430 3387 445 3421 :
476 3377 531 3423 et
549 3368 709 3440 409
731 3371 933 3426 idcirco
953 3372 1186 3426 secunda
1209 3368 1367 3441 hujus
1394 3374 1608 3442 generis
1624 3372 1742 3445 [F.,
1762 3375 1862 3429 liu-

274 3462 421 3517 mani
438 3461 673 3536 generis]
697 3465 848 3533 origo
873 3464 940 3519 ab
964 3464 1240 3520 octonario
1254 3480 1476 3521 (numero
1493 3481 1736 3522 crescere
1758 3482 1861 3524 co:-

274 3555 368 3626 pit.
387 3555 647 3612 Videlicet
659 3565 781 3612 octo
794 3554 1001 3611 animas
1018 3557 1070 3611 in
1086 3572 1210 3613 arca
1225 3572 1345 3613 esse
1360 3557 1605 3628 legimus,
1619 3576 1648 3613 a
1665 3558 1861 3629 quibus

279 3644 441 3701 totius
460 3645 682 3701 humani
705 3647 918 3717 generis
947 3646 1231 3705 multitudo
1267 3648 1568 3719 pullulavit,
1590 3657 1651 3705 ut
1678 3657 1859 3704 osten-

275 3731 518 3802 deretur,
547 3738 783 3792 secunda
804 3738 958 3807 origo
979 3752 1098 3793 esse
1145 3739 1529 3809 imperfectior,
1559 3757 1723 3812 quam
1746 3743 1858 3811 pri-

275 3843 383 3893 ma,
438 3844 558 3898 quze
602 3829 817 3885 senario
864 3845 1089 3884 numero
1126 3839 1308 3886 creata
1351 3841 1452 3886 est.
1508 3832 1633 3888 Inde
1667 3841 1721 3888 et
1750 3833 1856 3888 Re-

274 3918 522 3989 demptor
571 3931 755 3976 noster
810 3929 864 3976 et
908 3919 1208 3990 Reparator
1246 3922 1434 3992 prima:
1482 3922 1849 3994 perfectionis,

274 4011 411 4066 sicut
434 4011 606 4068 Adam
626 4020 776 4069 sexta
800 4012 887 4068 die
913 4029 979 4068 ex
1004 4014 1213 4083 virgine
1243 4021 1383 4068 terra
1412 4022 1626 4069 creatus
1652 4023 1755 4081 est,
1779 4015 1854 4071 ita

273 4104 362 4159 ille
388 4113 546 4159 sexta
572 4114 732 4161 atate
771 4120 839 4160 ex
886 4106 1092 4177 virgine
1143 4098 1309 4160 Maria
1354 4106 1529 4162 factus
1557 4115 1641 4162 est
1668 4109 1850 4174 homo,

274 4204 333 4252 ut
357 4195 563 4251 senarii
586 4198 792 4251 numeri
830 4197 1217 4267 perfectionem
1262 4212 1360 4253 suo
1410 4198 1617 4254 dicaret
1656 4200 1855 4254 adven-

275 4295 362 4353 tu,
425 4302 592 4358 quam
645 4288 699 4343 in
762 4288 918 4358 primi
983 4288 1215 4344 hominis
1279 4290 1604 4345 monstravit
1660 4291 1854 4346 condi~

276 4379 440 4433 tione.

338 4466 470 4522 Item
519 4469 948 4539 progressionem
986 4486 1331 4524 numerorum
1379 4470 1654 4534 articulis,
1694 4470 1849 4539 quasi

273 4559 587 4630 quihusdam
620 4560 935 4624 unitatibus,
962 4560 1031 4614 ad
1056 4561 1265 4616 infinita
1293 4577 1538 4616 crescere
1563 4577 1660 4630 per
1690 4577 1849 4630 quas-

272 4646 393 4705 dam
421 4649 599 4705 finitas
630 4649 829 4706 formas
860 4652 1122 4707 videmus.
1149 4652 1285 4705 Nam
1327 4653 1498 4721 prima
1543 4650 1849 4720 progressio

272 4751 614 4794 numerorum
649 4749 734 4796 est
775 4741 842 4795 ab
879 4758 987 4797 uno
1016 4757 1184 4811 usque
1213 4740 1281 4795 ad
1309 4742 1513 4796 decem.
1545 4741 1789 4794 Secunda
1817 4756 1847 4793 a

1971 1927 2117 1998 ginta
2140 1937 2284 1993 sunt,
2315 1930 2455 1984 sicut
2477 1938 2531 1983 et
2558 1938 2690 1995 tres,
2719 1939 2774 1985 ct
2797 1932 2924 1998 duo,
2955 1941 3012 1988 et
3039 1950 3224 1999 unum,
3255 1950 3369 1989 sex.

2039 2020 2251 2075 Poteris
2277 2028 2334 2075 et
2358 2036 2454 2090 per
2483 2028 2535 2075 te
2564 2022 2766 2090 ipsum,
2808 2021 2961 2090 juxta
3001 2025 3245 2079 eamdem
3289 2027 3552 2096 regulam,

1968 2110 2297 2180 octOgenarii
2313 2109 2591 2178 explorare
2615 2111 3046 2167 diminutionem.
3062 2112 3197 2167 Nam
3218 2116 3553 2184 octogenarii

1968 2199 2428 2269 quadragenarius
2455 2201 2715 2255 medietas
2736 2208 2838 2266 est,
2870 2209 2927 2256 et
2948 2203 3140 2272 viginti
3176 2214 3367 2271 quarta
3395 2217 3520 2272 pars
3540 2245 3555 2268 ,

1967 2298 2023 2345 et
2073 2290 2325 2345 denarius
2374 2298 2600 2346 octava:
2630 2306 2751 2360 quae
2797 2291 2958 2345 simul
3001 2292 3160 2347 ducta
3214 2294 3553 2363 septuaginta

1967 2382 2172 2437 faciunt
2211 2398 2318 2438 non
2355 2383 2657 2454 octoginta,
2687 2399 2811 2437 nam
2842 2384 3049 2449 decem,
3082 2386 3294 2456 viginti,
3321 2388 3557 2456 quadra-

1966 2470 2134 2541 ginta,
2171 2471 2510 2541 septuaginta
2539 2480 2666 2525 sunt
2689 2469 2842 2542 [Ms.,
2871 2471 3118 2544 faciunt].

2038 2559 2327 2631 Sexaginta
2359 2574 2484 2614 vero
2509 2560 2707 2630 regina:
2741 2566 2797 2614 et
2829 2560 3099 2629 octoginta
3130 2561 3445 2617 concubina:
3472 2578 3557 2617 re-

1965 2658 2145 2705 ctores
2174 2658 2300 2705 sunt
2326 2659 2523 2705 sanctae
2548 2650 2821 2704 Ecclesiae.
2856 2649 2964 2703 Sed
2989 2650 3079 2703 alii
3105 2666 3171 2704 ex
3210 2651 3314 2705 illis
3336 2665 3557 2722 propter

1966 2738 2134 2794 solam
2155 2739 2353 2793 Christi
2377 2739 2695 2794 eharitatem
2717 2738 2940 2803 docent;
2966 2738 3073 2800 alii,
3094 2748 3303 2793 terrena
3322 2754 3551 2807 sequen-

1966 2839 2048 2885 tes
2069 2831 2368 2895 commoda,
2396 2830 2646 2886 laborant
2675 2829 2729 2883 in
2758 2829 3020 2893 Ecclesia,
3051 2845 3156 2883 non
3185 2829 3420 2884 cmlestis
3451 2845 3553 2899 pa-

1967 2922 2083 2975 triai
2124 2921 2306 2976 labore
2354 2920 2502 2993 [δίδη
2548 2919 2786 2993 ardore],
2833 2921 2927 2975 sed
2954 2921 3153 2976 terreni
3194 2919 3328 2974 lucri
3376 2922 3551 2989 gratia

1965 3013 2228 3068 desudant
2261 3013 2316 3066 in
2343 3013 2603 3067 docendo.
2633 3011 2698 3066 Hi
2729 3028 2827 3067 sua
2854 3012 2907 3066 in
2933 3010 3264 3081 perfectione
3295 3008 3410 3080 [F.,
3449 3010 3546 3063 im-

1965 3103 2314 3176 pcrfcctione]
2362 3104 2705 3175 octogenario
2751 3119 2974 3158 numero
3023 3110 3444 3172 comparantur:
3472 3102 3550 3157 illi

1963 3195 2200 3265 perfecta
2222 3195 2552 3250 beatitudine
2579 3193 2929 3264 sexagenario
2957 3191 3325 3260 designantur,
3370 3198 3428 3244 ut
3464 3205 3551 3243 re-

1963 3287 2211 3359 ginarum
2250 3286 2468 3340 nomine
2511 3285 2658 3356 digni
2705 3284 3026 3348 efﬁciantur,
3052 3283 3176 3352 quia
3212 3282 3549 3351 spiritualent

1960 3375 2200 3432 sobolem
2242 3382 2466 3445 prepter
2518 3388 2760 3428 amorem
2815 3373 3152 3437 solummodo
3206 3371 3398 3441 Sponsi
3423 3410 3437 3433 ,
3496 3378 3553 3422 et

1959 3465 2382 3535 multiplicandis
2430 3464 2555 3519 filiis
2606 3464 2660 3518 in
2709 3463 2984 3519 caelestem
3032 3463 3286 3530 patriam,
3337 3459 3550 3513 felicem

1956 3556 2163 3629 prolem
2183 3554 2527 3624 baptizando,
2543 3567 2638 3608 seu
2666 3551 3009 3620 praedicando
3030 3562 3289 3617 generare
3316 3562 3424 3606 non
3453 3547 3545 3600 de-

1957 3651 2174 3706 sistunt.
2210 3647 2290 3701 llli
2314 3660 2441 3701 vero
2472 3643 2894 3698 concubinarum
2939 3639 3156 3693 nomine
3192 3638 3541 3702 denotamur,

1954 3741 2081 3810 quia
2107 3737 2287 3793 saeculi
2318 3734 2630 3797 ambitione,
2655 3730 2740 3786 vel
2766 3729 3077 3801 temporalis
3103 3729 3325 3784 honoris
3344 3728 3543 3804 gratia,

1952 3824 2295 3897 praedicando
2323 3837 2418 3876 seu
2444 3819 2767 3890 baptizando
2794 3819 3003 3874 nobiles
3039 3819 3257 3889 quidem
3283 3826 3547 3889 generant
3575 3850 3578 3853 λ

1952 3931 2095 3987 sirpe
2138 3914 2306 3978 filios,
2355 3911 2452 3967 sed
2494 3910 2571 3965 illi
2600 3907 2861 3978 ignobiles
2901 3908 2956 3961 in
2986 3906 3291 3976 semetipsis
3323 3921 3538 3975 perma-

1952 4017 2100 4066 nent.
2128 4005 2367 4073 Quorum
2396 3999 2802 4058 contubernium
2827 4037 2843 4061 ,
2887 3995 2961 4050 [ili
2992 3994 3307 4050 charissime
3328 4032 3343 4057 ,
3390 3993 3540 4064 fuge,

1951 4104 2197 4166 obsecro,
2224 4104 2281 4151 et
2307 4096 2353 4153 si
2379 4104 2430 4151 te
2456 4091 2883 4163 quandocunque
2909 4086 3005 4142 Dei
3030 4082 3397 4139 misericordia
3435 4082 3535 4137 do-

1952 4202 2157 4250 ctorem
2186 4190 2436 4260 dignetur
2462 4183 2700 4248 efﬁcere,
2729 4189 2785 4236 tu
2808 4194 2909 4252 pro
2938 4176 3057 4247 ejus
3085 4189 3270 4231 amore
3295 4173 3542 4228 laborare

1952 4302 2061 4341 non
2097 4298 2300 4346 cesses,
2321 4280 2414 4350 qui
2444 4293 2542 4349 pro
2567 4285 2657 4332 tua
2684 4275 2860 4332 salute
2883 4273 3198 4342 sanguinem
3230 4281 3385 4322 suum
3413 4265 3541 4319 fun-

1952 4376 2082 4432 dere
2115 4390 2220 4430 non
2254 4370 2536 4434 dubitavit,
2566 4377 2627 4423 ut
2652 4367 2749 4421 tibi
2777 4366 2884 4421 sint
2910 4364 3106 4419 mercis
3131 4360 3284 4432 μὴ..
3309 4358 3381 4412 sit
3400 4373 3541 4411 mer-

1954 4471 2067 4543 ces]
2095 4487 2203 4526 non
2242 4468 2496 4538 periturae
2541 4462 2742 4519 divitia:
2767 4501 2782 4526 ,
2831 4459 2927 4515 sed
2967 4464 3224 4528 perpetua
3272 4450 3440 4543 gloria
3486 4448 3539 4543 in

1954 4538 2159 4620 coal—esti
2198 4558 2435 4614 thalamo
2483 4553 2694 4609 Domini
2745 4547 2964 4623 [nostri]
3011 4545 3139 4601 Jesu
3183 4541 3420 4603 Christi,
3452 4538 3540 4592 cui

1954 4656 2071 4709 laus
2102 4661 2155 4709 et
2181 4650 2353 4720 gloria
2379 4648 2434 4702 in
2456 4657 2644 4701 omnes
2668 4640 3020 4697 aiternitates.
3049 4636 3238 4689 Amen.

288 4851 3515 4904 Μ

971 5029 1137 5104 510
1174 5009 2020 5130 OPUSCULUM
2079 4999 2813 5137 QUARTUM.

270 5388 283 5439 I
692 5452 1007 5511 MONITUM
1058 5447 1412 5504 PREVIUM.

341 5542 584 5621 Prtesens
604 5545 1031 5621 commentarius
1049 5538 1280 5621 publicis
1300 5539 1657 5621 txpispri‘mo,
1682 5548 1847 5621 quan-

270 5602 595 5683 iniiinii},
615 5602 822 5744 prodiit
840 5602 1205 5737 Argentérati,
1229 5602 1418 5688 velint
1446 5602 1499 5660 in
1523 5603 1657 5659 Bibl.
1692 5602 1848 5657 Baln-

270 5693 452 5744 ziana.
474 5698 605 5744 tom.
654 5689 693 5744 l.
723 5703 846 5744 nan.
878 5687 910 5740 6
949 5686 1004 5744 5,
1026 5677 1261 5744 notatur)
1289 5675 1513 5744 Basileae
1531 5673 1669 5744 apud
1689 5670 1846 5727 Joan-

270 5670 605 5760 {diu};
622 5670 846 5760 il,
878 5670 1261 5760 ϐσξρ-ῃοιριύξ)
1531 5670 1822 5760 apnddoan

271 5743 393 5818 Lini
422 5743 743 5829 Debeliuni;
761 5743 902 5813 anno
937 5743 1089 5819 I331,
1121 5743 1281 5808 in—85.
1309 5745 1434 5804 inde
1455 5743 1533 5803 Cl.
1559 5743 1849 5812 Querccta-

731 5219 1625 5345 COMMENTARIA
1702 5210 2089 5339 SUPER
2141 5197 3053 5290 ECGLESIASTEN.

1951 5473 2053 5513 nus
2075 5454 2222 5509 illum
2246 5450 2297 5503 in
2318 5459 2468 5503 suam
2492 5442 2861 5513 collectionem
2877 5423 3529 5513 transcripsit;Editiotlis

1950 5493 2222 5596 ἕίῖιῖεἰέτῖτὶῖ
2246 5493 2700 5596 ’ἓᾷίῖἒίὲηέῖῖἀε
2713 5493 3530 5596 ’³ρ.ιξρέ.ἒείεί,¹ίὶίξίὶξέῗὲἳιξξηῖῒ

2123 5570 2500 5659 compiiatorcs
2527 5570 3497 5659 magna;.Bibliothecteecclesiastica
3515 5609 3529 5631 ,

1954 5645 2075 5736 ᾦἶῶ
2087 5645 2281 5717 tamen
2309 5645 2650 5736 abpmnibus
2661 5649 2790 5736 aliis
2799 5645 3043 5736 eruditis
3051 5645 3362 5736 ignoraui:

2022 5705 2427 5792 Ediiiiiiiém'cii
2441 5705 2769 5793 ﬁdei-cctam
2793 5705 3116 5774 contulimus
3135 5723 3258 5769 cum
3277 5705 3390 5765 cod.
3427 5719 3525 5759 ms.
