3996 6194
420 348 518 408 CC?
1262 347 1323 401 Β.
1353 347 1417 401 F.
1447 344 1682 400 ALBI'NI‘
1715 340 1848 398 SEU
1881 333 2165 392 ALCUIM
2197 333 2494 392 OPERUM‘
2523 334 2705 391 PARS
2739 333 2799 396 ﬁ.
3591 333 3721 388 668

424 465 762 522 bibliotheca
787 469 1005 533 nostra,
1036 459 1348 516 monasterii
1372 458 1579 533 scilicet
1598 455 1770 533 sancti
1791 453 2001 533 Emme-
2029 449 2075 505 Δ
2102 445 2318 517 genium
2340 485 2355 511 ,
2394 460 2462 500 ne
2503 445 2673 501 nimio
2693 458 2879 500 amore
2917 442 3184 500 studeatis
3229 444 3473 510 caducis,
3501 453 3563 500 et
3582 445 3721 500 cito

425 533 689 611 ramiami;
723 532 889 611 putus
933 532 1097 611 etiarn
1147 546 1249 611 9pc
1289 528 1569 611 portatam
1613 525 2004 611 θιξίιὶοξιριιξηξτξ
2107 537 2436 593 transitoriis
2463 537 2675 593 inhiare
2705 535 2927 599 divitiis,
2960 549 3083 606 quae
3118 534 3387 593 citissime
3408 533 3571 606 tam
3600 549 3719 590 vo-

425 591 2007 694 iliftE'EPﬁl‘ZY‘i,‘E‘PFP9‘11‘3‘11iﬂ9_d‘3?932'3}fi13!-“illi
2106 628 2284 685 mnes
2308 627 2568 684 recedam
2594 624 2822 692 umbrae,
2851 634 2908 681 et
2937 632 3024 691 ut,
3050 624 3251 694 aqua
3278 624 3515 694 supersit
3534 627 3591 683 in
3614 624 3741 683 eis-

424 662 738 730 deﬁcientes
764 673 1031 727 lectiones
1050 662 1428 728 adnotavimus
1445 711 1462 734 ,
1484 681 1781 741 versusque
1816 665 1869 741 in
1900 662 2007 741 line
2596 662 2822 741 “_'_'-"_’.':’

424 718 1025 812 ἔῦᾖῶέέῖἀίἔέἷὶιῖἑὶξῗ
1034 718 1670 812 natanataﬁnge;
1684 718 1779 791 ne
1822 732 2010 812 t_i_tul_us

2135 723 2429 778 leeessario'
2457 722 2582 778 vita:
2624 727 2820 777 vestrae
2843 718 3002 812 411
3036 719 3307 812 stipendio
3325 758 3342 785 ,
3367 722 3741 791 pauperibus.

425 802 823 885 pl'tBﬁXllSAeS'l:
855 812 1050 883 Incipit
1093 812 1366 883 Expositio
1409 809 1583 864 Albini
1624 823 1785 885 super
1821 802 2004 885 Eccle:
2110 829 2335 885 erogare
2368 812 2632 869 audeatis
2658 830 2670 866 ε
2701 812 2852 882 quia,
2893 819 2955 866 ut
2984 811 3129 866 idem
3157 808 3417 868 Salomon
3453 813 3526 868 ait
3549 831 3563 867 ε
3590 812 3720 869 ηε..

426 883 733 977 ξίξεεεηέὲ
760 877 2012 977 9513saevaesaeuae?sinapis:
2110 905 2337 977 άειηριίο
2364 906 2556 961 anim
2586 905 2713 970 υίνί,
2734 903 2962 976 irer
2987 903 3183 959 αευίιεω
3211 903 3535 975 ejus-(Prom
3568 922 3718 973 xm.

962 948 1123 1024 quem
1152 948 1420 1008 derectum
1450 948 1590 1005 ίιιτη
1752 948 1870 1002 ιοεο
1916 960 2013 1000 οο-
2110 948 3743 1068 aiataiat.'.',:.;.;;s;;;.;.;;".;.;:;afama;

425 1023 686 1080 tabimus.
902 1013 913 1021 ’
978 1013 999 1024 ⁸

2135 1013 2188 1068 ι).
2220 1013 2419 1051 δθειυω
2445 1013 2628 1052 mente
2654 1013 2708 1067 ΙΙ)

2110 1097 2460 1158 praeceptum,
2473 1103 2581 1158 quo
2602 1103 2701 1144 nos
2714 1087 2993 1143 admonuit
3015 1087 3520 1161 cmlestibusmagis
3539 1105 3717 1158 quam

2115 1178 2346 1232 terrenis
2374 1178 2587 1232 inhiare
2609 1177 2899 1241 thesauris,
2914 1176 3101 1232 dicens
3128 1196 3141 1231 :
3169 1177 3540 1232 Thsswrizate
3559 1178 3719 1233 nobis

2113 1267 2385 1322 thesauros
2411 1268 2466 1321 in
2493 1267 2645 1333 calo,
2669 1267 2760 1322 ubi
2795 1283 2958 1337 neque
2992 1284 3199 1337 azrugo,
3230 1284 3393 1339 neque
3432 1270 3574 1322 tinea
3606 1269 3719 1323 de-

2114 1358 2352 1422 molitur,
2380 1368 2428 1412 et
2451 1359 2538 1412 ubi
2565 1358 2707 1428 fures
2733 1374 2838 1413 non
2867 1357 3144 1427 e/I'odiunt,
3181 1374 3272 1412 nec
3294 1358 3581 1427 furantur;
3608 1360 3720 1414 ubi

2115 1449 2254 1503 enim
2268 1456 2344 1502 est
2368 1449 2645 1503 thesaurus
2669 1457 2810 1513 tuus,
2833 1447 2905 1501 ibi
2927 1456 3001 1502 est
3023 1456 3071 1501 et
3096 1464 3189 1501 cor
3212 1457 3358 1502 tuum
3374 1447 3593 1518 (Hatth.
3618 1465 3715 1514 vr,

2113 1538 2227 1611 20).
2256 1538 2698 1608 Hune-siquidem
2731 1538 2928 1593 librum
2956 1539 3326 1608 supradictum
3361 1554 3574 1610 semper
3600 1556 3719 1610 pro

430 1660 693 1717 cularium
722 1659 1058 1729 negotiorum
1103 1658 1358 1713 evolastis
1401 1671 1592 1719 auras,
1640 1654 1840 1709 mentis
1880 1668 2016 1708 meae

2135 1630 2375 1700 nagistro
2390 1630 2636 1686 habeatis
2660 1630 2715 1684 in
2735 1630 3007 1694 manibus,
3025 1637 3087 1684 ut
3110 1630 3331 1684 discatis
3358 1637 3571 1686 terrena
3596 1646 3723 1687 non

430 1754 733 1811 sollicitudo
760 1762 1018 1819 vestram,
1047 1753 1298 1808 omnibus
1334 1767 1470 1852 pene
1496 1751 1665 1852 horis,
1701 1749 2015 1852 occupatio—
2052 1795 2090 1852 Β
2118 1722 2747 1852 ῗὲἒὶἱδξξηθῗὶῗῗὶ
3068 1721 3453 1852 Ἓξὶυὶδίἶιὲξηῖ

430 1861 557 1901 nem
585 1846 839 1899 comitata
860 1852 964 1908 est,
993 1851 1187 1913 optans
1211 1812 1532 1909 vos-divina
1564 1842 1799 1897 donante
1820 1840 2012 1912 gratia,

2135 1815 2344 1871 .audem
2363 1830 2472 1869 non
2496 1829 2747 1885 quaerere
2772 1821 3067 1878 terrenam,
3094 1814 3189 1869 sed
3215 1813 3453 1883 a-judiee
3468 1812 3724 1882 Christo,

431 1932 486 1987 in
518 1934 783 1988 cbaritate
808 1904 1067 2003 perfecta,
1101 1904 1412 1988 sanctarum
1431 1931 1603 1985 titulis
1627 1904 1888 1985 virtutuvm
1912 1904 2021 1985 Deo

2135 1906 2447 1963 miserorum
2470 1906 2836 1971 consolatore,
2857 1904 3144 1960 amabilem
3168 1905 3365 1961 audire
3384 1907 3735 1962 sententiam

1035 1110 1424 1170 PREFATlO.

501 1208 874 1265 Dilectissimis
899 1209 955 1263 in
975 1207 1193 1264 Christo
1219 1206 1360 1267 filiis,
1394 1203 1544 1259 Onize
1567 1201 1856 1263 sacerdoti,
1876 1199 2014 1253 Can—

428 1300 557 1357 dido
586 1303 927 1371 presbytero,
957 1307 1014 1354 et
1042 1298 1363 1352 Nathanaeli
1394 1295 1547 1367 [Ms.,
1572 1293 1877 1365 Nathaheli]
1901 1293 2015 1347 dia-

428 1407 591 1457 cono,
610 1390 837 1447 Albinus
865 1397 1139 1461 perpetuae
1159 1386 1541 1459 prosperitatis
1566 1386 1618 1439 in
1646 1384 1874 1441 Domino
1903 1382 2014 1438 Deo

432 1480 680 1537 salutem.

498 1567 790 1638 Postquam
820 1568 887 1624 de
914 1576 1155 1637 patemte
1179 1566 1399 1637 pietatis
1429 1565 1557 1620 nido
1578 1564 1630 1618 in
1652 1564 1895 1634 publicas
1917 1577 2017 1618 saa-

430 2022 667 2093 placerc,
685 2023 1034 2093 honestisque
1043 2024 1226 2078 vivere
1241 2024 1484 2078 moribus
1494 2034 1675 2077 coram
1691 2021 2019 2084 hominibus,

430 2121 490 2168 et
507 2114 651 2183 quod
667 2114 930 2169 didicistis
960 2115 1060 2169 sub
1081 2114 1183 2168 alis
1206 2122 1447 2184 paternae
1466 2111 1806 2175 eruditionis,
1823 2110 2022 2165 nobili-

430 2201 538 2259 bus
560 2203 848 2258 ostendere
874 2203 1134 2258 moribus.
1163 2201 1276 2258 Nec
1301 2202 1462 2257 velim
1506 2201 1783 2272 sapientia:
1828 2201 2020 2264 decus,

432 2293 579 2363 quod
598 2292 810 2348 habetis
835 2293 888 2347 in
913 2294 1097 2360 corde,
1141 2293 1325 2349 δωρειιὶ
1354 2292 1636 2347 obscurari
1670 2292 2021 2357 vanitatibus,

433 2389 579 2444 inter
630 2404 768 2458 quas
810 2389 1000 2459 religio
1045 2397 1238 2442 vestrae
1301 2387 1731 2441 conversationis
1781 2385 2024 2456 fulgeat,

435 2478 592 2546 quasi
626 2477 848 2532 claritas
872 2477 1011 2533 lucis
1041 2478 1095 2532 in
1124 2476 1387 2532 tenebris.
1422 2474 1747 2530 Mementote
1773 2490 1871 2530 vos
1897 2474 2028 2530 alie-

433 2585 533 2639 na,
554 2571 892 2645 disponam,
946 2588 1053 2627 non
1103 2572 1323 2641 propria
1368 2569 1675 2641 possidere;
1728 2570 1796 2625 de
1832 2572 2028 2640 quibus

382 2664 395 2668 ’
416 2648 557 2736 ipsa
584 2665 799 2721 Veritas
822 2663 898 2718 ait
928 2680 941 2717 :
975 2661 1037 2717 Si
1059 2663 1115 2715 in
1141 2660 1312 2715 alieno
1334 2660 1516 2729 ﬁdeles
1540 2677 1641 2716 non
1668 2661 1862 2731 fuistis,
1888 2661 2028 2731 quod

438 2766 663 2812 oestrum
694 2766 791 2822 est,
825 2756 941 2826 quis
965 2754 1111 2808 dabit
1154 2753 1295 2808 vobis
1320 2751 1471 2826 (Luc.
1501 2769 1625 2819 xvi,
1659 2752 1786 2824 12)?
1826 2750 2031 2807 Alienas

438 2855 567 2902 sunt
593 2861 624 2900 a
649 2847 806 2901 nobis
835 2844 997 2914 hujus
1023 2843 1205 2900 saeculi
1252 2842 1566 2909 facultates,
1613 2844 1667 2899 id
1707 2851 1791 2898 est
1812 2885 1827 2909 ,
1874 2850 2029 2898 extra

438 2942 681 2991 nostram
706 2937 825 2990 sitae
850 2944 1123 2989 naturam.
1157 2933 1308 2988 Nihil
1338 2936 1474 2989 enim
1518 2934 1793 2989 intulimus
1812 2937 1869 2988 in
1891 2936 2030 2989 hunc

439 3025 725 3089 mundum,
770 3025 914 3078 haud
956 3024 1179 3079 dubium
1206 3026 1331 3097 quia
1352 3043 1444 3079 nec
1470 3026 1680 3097 auferre
1699 3024 1825 3096 quid
1846 3042 2033 3096 passu-

441 3129 561 3167 mue
583 3112 637 3185 (1
664 3113 798 3167 Tim.
831 3129 909 3181 vr,
939 3114 1014 3186 7).
1045 3114 1243 3171 Nostra
1284 3125 1463 3171 autem
1493 3118 1764 3187 possessio
1799 3132 2024 3188 regnum
2054 3132 2106 3195 ε

439 3203 721 3270 caelorum,
754 3213 938 3260 nostra
969 3206 1078 3261 vita
1103 3206 1352 3262 Christus
1371 3215 1473 3273 est,
1504 3214 1703 3262 nostrae
1740 3221 1869 3275 opes
1903 3216 2032 3261 sunt

440 3291 803 3362 spiritualium
845 3308 1073 3364 operum
1102 3293 1310 3350 fructus
1333 3313 1346 3349 :
1371 3310 1506 3364 quas
1538 3311 1869 3367 congregare
1895 3311 2026 3365 vos,

440 3382 539 3440 lilii
568 3384 900 3451 charissimi,
927 3386 1073 3441 omni
1099 3387 1396 3441 intentione
1421 3387 1679 3441 exhortor
1705 3405 1716 3439 :
1746 3402 1847 3442 nec
1872 3387 1926 3441 in
1947 3387 2031 3442 in-

441 3480 593 3531 certo
645 3475 957 3530 divitiarum
1000 3490 1238 3545 sperare,
1279 3489 1400 3546 quae
1441 3483 1536 3530 aut
1580 3478 1834 3530 deserunt
1858 3478 2034 3546 possi-

442 3571 678 3636 dentem,
707 3578 800 3626 aut
821 3587 851 3625 a
875 3570 1187 3641 possidente
1210 3570 1552 3625 deseruntur.
1574 3569 1633 3625 ln
1657 3586 1810 3641 quas,
1834 3573 2037 3629 mentis

444 3672 645 3720 nostrae
673 3665 1024 3720 intentionem
1051 3664 1287 3734 Spiritus
1324 3673 1543 3721 sanctus
1576 3681 1675 3737 per
1708 3665 2031 3738 Prophetam

445 3754 688 3810 anhelari
719 3754 872 3827 [Hs.,
917 3755 1193 3828 anhelare]
1238 3757 1543 3826 prohibuit,
1573 3757 1759 3812 dicens
1784 3777 1798 3811 :
1829 3756 2037 3812 Divitior

446 3841 494 3897 si
519 3841 753 3913 aﬂuant,
786 3842 944 3897 nolite
964 3858 1055 3896 cor
1078 3859 1336 3915 apponere
1357 3842 1581 3918 (Psalm.
1609 3862 1720 3912 ιιι,
1754 3844 1864 3918 li).
1893 3846 2041 3913 Qua-

449 3947 570 3987 rum
599 3932 774 4001 copia,
804 3938 887 3988 est
915 3932 1142 3990 aliorum
1174 3935 1372 4005 inopia.
1401 3936 1477 3992 De
1503 3937 1697 4007 quibus
1728 3936 1826 4011 [et]
1854 3937 2038 3993 Domi-

449 4037 553 4078 nus
579 4023 633 4078 in
662 4023 953 4096 Evangelio
988 4026 1064 4081 ait
1089 4045 1102 4081 :
1130 4025 1319 4083 Facite
1363 4029 1503 4084 vobis
1531 4031 1728 4084 amicos
1773 4030 1838 4085 de
1864 4040 2035 4085 'mam-

452 4131 609 4169 mona
637 4117 925 4187 iniquitatis
952 4115 1104 4189 (Luc.
1133 4134 1249 4184 xw,
1278 4118 1354 4191 9).
1387 4119 1593 4176 Idcirco
1623 4122 1835 4191 iniquas
1860 4122 2036 4177 nomi-

455 4207 603 4260 navit
627 4205 786 4275 hujus
812 4207 992 4262 szeculi
1019 4208 1236 4265 divitias
1263 4208 1409 4282 (quia
1438 4228 1739 4266 mammona
1768 4211 1906 4283 Syra
1953 4221 2038 4269 est

453 4296 655 4368 lingua,
683 4305 738 4353 et
766 4297 956 4354 Latine
981 4299 1183 4354 divitia:
1210 4300 1312 4356 dici
1341 4301 1623 4372 possunt).
1664 4302 1790 4372 quia
1837 4304 2038 4361 divitiae

454 4396 550 4441 aut
571 4400 670 4458 per
696 4387 1035 4458 iniquitatem
1079 4399 1499 4461 congregantur,
1549 4392 1633 4447 vel
1666 4392 1850 4463 inique
1893 4409 2033 4465 pan-

2123 1999 2265 2055 inter
2290 2013 2385 2054 eos
2410 1999 2607 2067 quibus
2634 1999 2876 2053 dicturus
2896 1997 3035 2052 erit:
3064 1994 3277 2063 Venite,
3308 1998 3564 2053 benedicti
3604 1997 3726 2053 Po-

2123 2090 2218 2144 tris
2245 2091 2365 2152 mei,
2396 2091 2643 2160 percipite
2673 2106 2909 2159 regnum,
2935 2090 3076 2161 quod
3100 2090 3243 2147 vobis
3278 2099 3526 2162 parum
3546 2101 3625 2149 est
3647 2091 3741 2148 οδ-

2124 2182 2323 2252 origine
2343 2182 2528 2236 mundi
2558 2181 2773 2254 (Matth.
2802 2198 2931 2249 xxv,
2958 2181 3071 2254 54).

2194 2294 2223 2324 ι
2253 2281 2499 2337 Flumina
2528 2281 2619 2352 qui
2649 2289 2857 2337 metuat
2883 2282 3093 2338 modica
3119 2283 3333 2340 sulcare
3362 2282 3553 2341 eat-ina

2266 2371 2526 2440 Grandia,
2553 2389 2621 2429 ne
2648 2382 2857 2445 mergat
2882 2375 3133 2430 turbidus
3151 2375 3356 2431 Auster
3374 2391 3540 2432 eam:

2195 2467 2302 2522 Iste
2329 2479 2428 2522 suo
2451 2465 2690 2537 placidas
2713 2464 2893 2521 lembo
2911 2466 3230 2537 pernaviget
3256 2466 3431 2522 undas

2268 2556 2563 2614 Currentes
2590 2558 2733 2612 inter
2762 2555 2950 2612 florida
2975 2566 3133 2628 prata
3161 2558 3269 2627 pie.

2198 2645 2291 2701 Sic
2314 2646 2406 2717 qui
2436 2660 2752 2717 magnorum
2779 2660 2971 2700 sensus
2995 2646 3196 2701 rimare
3219 2645 3516 2717 profundos

2270 2735 2563 2789 Doctorum
2586 2734 2775 2789 timeat
2805 2733 3040 2803 pectoris
3066 2733 3301 2802 ingenio,

2198 2823 2394 2879 Nostra
2413 2823 2557 2895 legat
2579 2822 2709 2878 felix
2737 2823 2919 2878 animo
2945 2831 3250 2879 commenta
3278 2840 3506 2891 sereno,

2271 2915 2349 2970 De
2370 2915 2521 2984 gazis
2543 2922 2785 2969 veterum
2821 2927 2942 2983 quae
2973 2913 3095 2969 tulit
3122 2930 3255 2969 unca
3280 2929 3494 2970 manus.

2206 3006 2310 3062 Vos
2322 3005 2501 3060 vivete
2513 3004 2610 3077 (sic
2622 3003 2745 3077 ms.)
2762 3005 2874 3060 Deo
2894 3018 3126 3075 semper,
3140 3019 3264 3058 nam
3273 3003 3613 3062 viveremus-5
3629 3011 3745 3063 est.

2273 3096 2413 3151 Huic
2436 3097 2666 3162 mundo;
2690 3111 2819 3151 vera
2842 3103 2932 3151 est
2954 3096 3140 3150 vivere
3166 3096 3276 3150 vita
3297 3095 3429 3151 Deo.

2203 3187 2331 3251 Vos,
2356 3202 2504 3257 rogo,
2539 3186 3034 3243 conservet-felices
3059 3187 3233 3257 gratia
3253 3184 3479 3253 Christi,

2272 3275 2318 3334 Ο
2342 3276 2526 3333 dulces
2553 3279 2686 3344 nati,
2715 3285 2902 3334 sancta
2930 3277 3123 3332 salutis
3145 3290 3249 3349 ope
3267 3277 3321 3332 δ.

2639 3384 2869 3441 CAPUT
2904 3384 3197 3442 PRIMUM.

2203 3476 2368 3531 Vens.
2402 3476 2454 3529 1.
2476 3505 2548 3516 --
2576 3473 2746 3529 Verba
2770 3474 3104 3530 Ecclesiastis
3122 3475 3222 3539 filii
3245 3475 3419 3531 David
3441 3476 3575 3548 regis
3594 3474 3721 3533 Hio-

2134 3567 2381 3622 rusalem.
2410 3578 2434 3607 α
2461 3567 2657 3623 Tribus
2680 3568 2992 3623 nominibus
3008 3578 3262 3624 vocatum
3284 3569 3451 3625 fuisse
3479 3569 3722 3627 Salom

2135 3673 2257 3712 nem
2299 3656 3053 3728 Scripturtemanifestissime
3084 3658 3281 3714 docent
3312 3678 3325 3714 :
3357 3659 3720 3727 Salomonem,

2136 3746 2190 3803 id
2225 3756 2335 3815 est,
2377 3747 2696 3819 pacificum;
2747 3756 2802 3803 et
2839 3748 3009 3804 Ydlda
3041 3747 3170 3821 [31³.
3200 3749 3394 3823 Edida]
3415 3791 3431 3816 ,
3456 3750 3562 3805 hoc
3600 3760 3715 3811 est.

2137 3840 2390 3897 dilectum
2419 3840 2659 3905 Domini;
2690 3847 2744 3894 et
2764 3842 2905 3910 quod
2946 3856 3092 3896 nunc
3133 3841 3332 3896 dicitur
3358 3840 3580 3897 Coeleth
3600 3881 3619 3906 ,
3666 3841 3723 3896 id

2135 3938 2238 3995 est,
2266 3930 2646 3986 Ecclesiasten.
2679 3930 3030 3987 Ecclesiastes
3050 3940 3230 3986 autem
3251 3930 3554 4001 appellatur
3571 3929 3722 3986 Gra-

2137 4038 2202 4077 eo
2231 4038 2501 4090 sermone,
2531 4024 2675 4093 quod
2702 4032 2923 4089 emtum,
2951 4024 3005 4079 id
3028 4031 3113 4079 est
3132 4023 3432 4080 Ecclesiam
3450 4064 3466 4090 ,
3499 4039 3721 4096 congre-

2138 4123 2254 4186 get;
2284 4129 2445 4184 quem
2471 4131 2570 4171 nos
2614 4115 2886 4187 appellare
2933 4131 3231 4187 possumus.
3254 4116 3719 4181 concionetorem,

2138 4206 2231 4277 qui
2260 4205 2503 4276 loquitur
2528 4206 2597 4261 ad
2620 4207 2870 4276 populum
2890 4248 2904 4269 ,
2934 4214 2991 4261 ct
3019 4221 3198 4262 sermo
3228 4205 3344 4275 ejus
3371 4222 3479 4261 non
3518 4205 3724 4276 specia-

2138 4298 2265 4354 liter
2285 4298 2353 4354 ad
2375 4314 2566 4364 unum,
2588 4297 2679 4354 sed
2706 4298 2774 4353 ad
2798 4298 3081 4353 universos
3101 4297 3431 4369 generaliter
3449 4297 3718 4366 dirigitur.

2138 4390 2311 4446 Porro
2333 4390 2620 4461 pacificus,
2667 4398 2722 4445 et
2762 4389 2993 4445 dilectus
3020 4388 3263 4454 Domini,
3295 4390 3365 4445 ab
3400 4403 3466 4444 eo
3486 4386 3631 4457 quod
3661 4386 3725 4443 in

454 4478 677 4550 paribus
721 4479 1134 4536 subtrahuntur.
1158 4481 1236 4536 De
1268 4497 1497 4552 quarum
1529 4494 1668 4538 vana
1697 4485 2038 4555 possessione
2064 4477 2118 4542 D
2144 4498 2309 4554 regno
2337 4480 2454 4551 ejus
2490 4498 2594 4552 pax
2638 4479 2838 4546 fuerit,
2885 4489 2940 4535 et
2983 4497 3109 4537 eum
3152 4480 3413 4536 Dominus
3454 4478 3727 4545 dilexerit,

455 4572 511 4627 in
537 4571 695 4641 hujus
722 4573 905 4630 saeculi
932 4574 1137 4631 deliciis
1158 4590 1294 4646 pene
1319 4577 1753 4647 sapientissimus
1777 4577 2035 4634 Salomon

452 4669 625 4716 totum
654 4665 955 4735 composuit
978 4665 1195 4729 librum,
1221 4668 1309 4722 cui
1336 4669 1524 4724 titulus
1548 4677 1630 4724 est
1656 4670 2034 4737 Ecclesiastes,

453 4750 639 4809 dicens
662 4753 716 4808 in
745 4755 922 4825 capite
948 4755 1070 4811 libri
1097 4774 1110 4810 :
1148 4754 1366 4813 Vanitas
1398 4760 1685 4813 vanitatum
1711 4800 1725 4824 ,
1755 4759 1889 4814 dixit
1928 4760 2038 4815 Ec-

454 4839 748 4911 ciesiastes,
781 4853 833 4900 et
877 4848 1055 4902 omnia
1078 4849 1301 4903 vanitas.
1332 4847 1392 4903 Si
1425 4850 1606 4903 omnia
1642 4850 1885 4913 vanitas,
1915 4866 2036 4919 qua:

456 4933 661 4990 utilitas
703 4942 788 4990 est
822 4937 1037 4992 divitias
1082 4939 1319 4994 retinere
1363 4939 1626 4995 caducas?
1664 4938 1722 4991 ln
1767 4953 1927 5008 quem
1970 4940 2037 4995 li-

456 5025 637 5092 brum,
666 5041 734 5082 ex
756 5036 1067 5083 sanctorum
1093 5030 1371 5100 opusculis
1392 5029 1614 5095 Patrum
1635 5070 1650 5095 ,
1690 5045 1761 5085 ac
1801 5032 2038 5089 unanima

461 5115 528 5171 de
551 5117 695 5171 beati
723 5116 1036 5189 Hieronymi
1065 5122 1473 5185 commentario,
1496 5135 1724 5190 parvum
1754 5124 2034 5192 composui

459 5202 793 5261 Breviarium
817 5247 833 5273 ,
856 5207 1024 5269 vestri
1054 5224 1216 5265 causa
1235 5250 1251 5274 ,
1275 5210 1368 5267 filii
1397 5211 1705 5269 citatissimi
1723 5253 1738 5279 ,
1767 5221 2036 5283 quatenus

459 5300 683 5364 paterna
706 5295 1065 5353 sollicitudine
1092 5300 1437 5356 admonerem
1470 5308 1709 5356 vestrum
1738 5302 1920 5357 nobile
1947 5303 2034 5357 in-

528 5414 560 5444 ι
595 5403 711 5461 Hoc
734 5421 973 5481 carmen,
1002 5410 1245 5481 exceptis
1268 5418 1502 5481 quatuor
1533 5412 1738 5468 ultimis
1765 5413 2028 5480 versibus,

460 5485 531 5551 ex
561 5475 925 5551 vetustissimo
952 5495 1054 5551 ms.
1085 5475 1690 5551 codice'depromptum
1716 5523 1731 5547 ,
1783 5498 1939 5538 suum
1976 5475 2033 5538 in

457 5537 635 5609 locum
681 5546 1073 5604 restituendum
1114 5537 1401 5608 indicavit.
1424 5548 1504 5608 Cl.
1542 5537 1845 5608 Frobenius
1894 5553 2034 5609 inter

459 5606 717 5665 Addenda
746 5613 814 5666 ad
842 5629 998 5670 suam
1025 5606 1338 5675 editionem.

532 5675 561 5716 δ
578 5675 673 5758 Ad
700 5678 805 5732 hoc
829 5695 1045 5758 carmen
1088 5685 1225 5743 forte
1262 5687 1535 5758 pertinent
1575 5703 1764 5747 versus
1805 5691 1858 5746 in
1909 5694 2029 5750 cod.

460 5743 686 5834 praefato
710 5755 997 5818 sequentes
1016 5763 1061 5829 :f

2140 4576 2440 4646 appellatus
2463 4583 2565 4631 est.
2585 4574 2720 4629 Nam
2746 4582 2802 4628 et
2823 4574 3064 4645 psalmus
3088 4572 3538 4644 quadragesimus
3561 4587 3727 4644 quar-

2139 4675 2249 4733 tus,
2267 4675 2321 4722 et
2349 4666 2777 4738 septuagesimus
2793 4666 3022 4736 primus,
3047 4664 3229 4721 dilecti
3249 4674 3303 4719 et
3326 4664 3538 4735 pacifici
3569 4663 3749 4719 titulo

2138 4766 2522 4828 prmnotantur.
2553 4756 2655 4824 Qui
2686 4758 2901 4812 tametsi
2944 4757 3013 4812 ad
3054 4756 3397 4828 prophetiam
3438 4755 3639 4812 Christi
3670 4762 3728 4811 et

2139 4848 2395 4903 Ecclesia:
2438 4848 2791 4917 pertinentes,
2824 4845 3137 4901 felicitatem
3165 4854 3221 4900 et
3246 4846 3392 4901 vires
3418 4844 3749 4901 Salomonis

2137 4938 2418 5001 excedant,
2451 4944 2629 4992 tamen
2656 4935 2949 4992 secundum
2981 4934 3265 4991 historiam
3288 4949 3453 5004 super
3477 4931 3725 4989 $310010.-

2136 5044 2206 5086 ne
2233 5028 2524 5101 conscripti
2548 5036 2692 5084 sunt.
2717 5027 2771 5085 Is
2799 5027 2980 5097 itaque
2992 5023 3148 5096 juxta
3168 5040 3454 5080 numerum
3481 5025 3720 5080 vocabu-

2136 5122 2310 5179 lorum
2357 5137 2576 5178 suorum
2603 5162 2617 5186 ,
2666 5120 2770 5174 tria
2822 5118 3098 5174 volumina
3141 5117 3309 5173 edidit
3341 5135 3353 5171 :
3389 5115 3741 5180 Proverbia,~

2137 5215 2518 5278 Ecclesiasten,
2547 5212 2770 5270 Cantica
2792 5211 3151 5267 canticorum.
3177 5207 3236 5265 In
3260 5207 3574 5264 Proverbiis
3593 5222 3725 5277 par-

2135 5308 2316 5363 vulum
2346 5306 2565 5372 docens,
2593 5313 2646 5360 et
2680 5304 2837 5375 quasi
2868 5304 2934 5360 de
2962 5302 3159 5359 ofﬁciis
3178 5300 3539 5374 praesentibus
3569 5298 3729 5372 [Hie-

2204 5418 2448 5477 Pontilici
2476 5433 2672 5477 magno
2692 5418 2837 5474 hunc
2851 5416 3058 5472 Amoni
3084 5414 3291 5472 reddite
3312 5414 3512 5469 librum

2280 5489 2351 5547 Ut
2379 5487 2541 5558 legat,
2564 5485 2761 5544 Albino
2792 5502 3025 5557 moxque
3048 5485 3275 5558 remittit
3298 5499 3443 5539 eum.

2203 5558 2314 5616 Pax
2338 5552 2459 5623 tibi,
2478 5552 2608 5625 vita,
2638 5558 2784 5614 salus
2804 5552 3018 5626 semper
3040 5557 3128 5620 sit,
3154 5562 3338 5626 sancte
3366 5552 3656 5626 sacerdos,

2274 5622 2450 5700 Atque
2475 5622 2684 5700 memor
2709 5629 2880 5684 nostri
2906 5622 3021 5696 jam
3046 5627 3162 5684 sine
3190 5623 3295 5681 ﬁne
3327 5622 3467 5679 vale.

2208 5710 2229 5743 ο
2262 5699 2340 5759 Ex
2368 5699 2559 5757 Sancto
2582 5699 2932 5771 Hieronymo.
