4020 6188
99 405 213 463 669

967 398 1380 462 EXEGETICA.
1420 429 1490 439 —
1526 399 1881 460 COMMENT.
1922 402 1991 456 ΙΝ
2023 403 2550 464 ECCLESIASTEN.

3284 413 3388 467 670

97 533 246 580 rem,
270 526 373 584 per
391 508 714 582 sententias]
741 507 1017 574 erudiens,
1045 509 1188 564 unde
1209 507 1276 568 ad
1305 508 1476 564 ﬁlium
1508 509 1702 565 crebro
1728 511 1783 572 Δ
1807 521 2058 568 cantatur
2073 514 2128 568 in
2142 514 2384 585 psalmo:
2412 516 2480 571 In
2497 533 2700 573 omnem
2722 529 2918 575 terram
2941 523 3096 576 exivit
3119 540 3279 579 sonus
3297 542 3390 580 eo-

97 619 289 662 sermo
340 600 625 673 repetitur.
653 599 715 654 In
742 598 1069 654 Ecclesiaste
1089 613 1242 665 vero,
1270 606 1494 654 matura:
1522 599 1701 660 virum

95 695 290 756 matis
318 692 628 756 instituens,
655 703 726 744 ne
749 688 1044 759 quidquam
1067 689 1123 744 in
1147 690 1332 744 mundi
1367 690 1528 746 rebus
1549 698 1704 759 putet

95 803 228 843 esse
256 792 576 856 perpetuum
595 823 610 847 ,
641 781 737 838 sed
765 782 966 837 caduca
993 790 1049 837 et
1074 782 1258 837 brevia
1293 783 1544 838 universa
1583 797 1703 852 qua:

96 879 406 938 cernimus.
438 876 523 932 Ad
553 884 853 930 extremum
888 872 1002 940 jam
1027 883 1462 930 consummatum
1489 875 1699 940 virum,

100 979 165 1024 et
195 969 407 1024 calcato
434 965 633 1021 smeulo
659 972 1054 1032 praeparatum,
1102 964 1155 1018 in
1194 963 1416 1020 Cantico
1462 965 1701 1020 cantico-

103 1075 251 1123 rum,
281 1056 466 1128 sponsi
488 1055 668 1124 jungit
696 1053 1053 1123 amplexibus.
1083 1054 1199 1109 Nisi
1234 1055 1378 1108 enim
1421 1055 1572 1125 prius
1614 1069 1704 1108 re-

102 1147 416 1218 linquamus
460 1145 591 1200 vitia
614 1185 628 1209 ,
678 1152 733 1198 et
775 1145 989 1214 pompis
1035 1143 1186 1215 [Ms.,
1241 1145 1472 1215 pompae]
1520 1145 1702 1200 steculi

103 1236 482 1292 renuntiantes
507 1233 789 1302 expeditos
813 1247 912 1286 nos
936 1232 1006 1286 ad
1028 1232 1316 1287 adventum
1343 1233 1543 1288 Christi
1566 1249 1702 1302 prai-

102 1324 516 1396 paraverimus,
565 1339 674 1379 non
718 1338 1006 1392 possumus
1052 1323 1272 1378 dicere:
1301 1323 1578 1378 Osculetur
1620 1341 1702 1379 me

103 1415 288 1471 osculo
311 1417 419 1470 oris
438 1417 520 1470 sui
545 1414 722 1486 (Cant.
747 1431 788 1478 ι,
817 1414 892 1485 1).
915 1414 1068 1469 Haud
1087 1415 1273 1482 procul
1301 1417 1368 1471 ab
1389 1415 1492 1470 hoc
1513 1415 1701 1470 ordine

102 1507 502 1571 doctrinarum,
532 1514 588 1560 et
615 1505 923 1575 philosophi
948 1513 1244 1560 sectatores
1265 1521 1392 1560 suos
1411 1507 1698 1572 erudiunt,

101 1605 164 1652 ut
198 1597 436 1666 primum
467 1595 701 1650 ethicam
735 1596 982 1659 doceant,
1011 1595 1206 1650 deinde
1229 1596 1505 1665 physicam
1533 1596 1702 1650 inter-

99 1695 404 1760 pretentur,
430 1694 486 1740 et
511 1701 676 1756 quem
703 1687 758 1741 in
781 1687 867 1742 his
886 1685 1182 1755 profecisse
1208 1687 1599 1755 perspexerint,
1631 1688 1699 1741 ad

99 1779 467 1850 theologicam
494 1793 666 1848 usque
693 1781 1010 1847 perducant.
1053 1778 1164 1833 Nec
1202 1793 1310 1832 non
1353 1786 1407 1832 et
1435 1780 1540 1832 hoc
1578 1778 1699 1832 dili-

1804 621 1940 670 rum,
1954 616 2000 660 et
2017 607 2072 660 in
2083 607 2212 676 ﬁnes
2227 609 2367 662 orbis
2382 617 2537 664 terra:
2549 611 2700 665 verba
2715 612 2924 668 illorum
2943 613 3116 687 (Psal.
3135 632 3291 681 xvui,
3309 617 3387 691 5).

1802 692 1938 749 Male
1963 695 2129 764 igitur
2153 697 2371 765 quidam
2401 698 2710 767 opinantur,
2756 717 2856 756 nos
2896 717 2962 756 ex
2993 704 3098 759 hoc
3140 706 3277 760 libro
3323 707 3390 762 ad

1801 785 2127 855 voluptatem
2157 795 2212 840 et
2240 787 2511 844 luxuriam
2536 793 2837 858 provocari,
2877 809 3001 848 cum
3045 811 3077 850 e
3115 799 3391 857 contrario

1802 877 1982 930 omnia
2012 892 2132 945 quae
2157 880 2430 934 cernimus
2454 881 2507 934 in
2531 882 2732 936 mundo
2761 899 2899 938 vana
2921 899 3042 940 esse
3071 887 3388 954 doceantur,

1801 978 1902 1018 nec
1930 964 2126 1020 debere
2146 982 2244 1021 nos
2265 981 2328 1020 ea
2353 968 2595 1023 studiose
2618 978 2871 1039 appetere
2891 988 3030 1040 quae,
3055 975 3182 1028 dum
3205 985 3392 1032 tenen-

1801 1063 1911 1119 tur,
1936 1055 2207 1110 intereant
2232 1067 2280 1110 α.

1873 1146 2118 1201 Tradunt
2144 1147 2354 1202 Hebraei
2381 1149 2525 1204 hunc
2557 1150 2751 1205 librum
2771 1192 2784 1217 ,
2817 1167 2979 1221 quem
3008 1155 3168 1210 modo
3190 1157 3242 1209 in
3272 1171 3392 1209 ma-

1800 1240 1960 1294 nibus
1997 1239 2280 1305 habemus,
2311 1241 2618 1298 Salomonis
2647 1259 2768 1299 esse
2813 1247 3190 1314 paenitentiam
3232 1264 3394 1318 agen-

1803 1331 1873 1385 tis
1898 1345 1912 1384 :
1939 1331 2029 1400 qui
2058 1332 2186 1400 quia
2217 1333 2271 1386 in
2299 1333 2563 1402 sapientia
2613 1336 2924 1406 divitiisque
2971 1339 3208 1394 conﬁsus
3234 1379 3250 1404 ,
3295 1355 3395 1408 per

1799 1420 2055 1476 mulieres
2078 1422 2363 1477 offenderit
2392 1423 2580 1487 Deum,
2610 1440 2754 1480 nunc
2779 1441 2964 1481 secum
2994 1437 3238 1497 reputat,
3269 1446 3390 1484 om-

1800 1512 1891 1566 nia
1934 1528 2072 1567 vana
2116 1529 2237 1568 esse
2279 1513 2438 1582 hujus
2479 1515 2663 1576 saeculi
2709 1517 3123 1584 delectamento,
3168 1535 3286 1589 quae
3322 1521 3391 1576 ad

1800 1600 2046 1656 ultimam
2075 1602 2350 1658 miseriam
2377 1605 2666 1660 devolvunt
2695 1622 2790 1662 eos
2833 1609 2924 1677 qui
2969 1609 3025 1664 in
3063 1613 3143 1665 eis
3185 1621 3392 1680 ponunt

1800 1705 1949 1760 spem
1975 1706 2148 1746 suam.
2179 1691 2288 1748 Sed
2317 1701 2372 1748 et
2397 1695 2588 1750 beatus
2610 1695 2909 1766 Gregorius
2945 1700 3134 1755 doctor
3168 1702 3394 1757 mirabi-

1799 1781 1888 1846 lis,
1932 1790 1988 1837 et
2036 1799 2205 1839 sacrm
2255 1783 2550 1854 Scriptura:
2593 1787 2959 1844 lucidissimus
2990 1795 3283 1862 expositor,
3334 1794 3391 1848 in

97 1876 320 1945 gentius
344 1875 728 1930 attendendum
745 1914 760 1938 ,
789 1875 933 1943 quod
962 1889 1060 1943 per
1083 1881 1193 1929 tres
1217 1872 1384 1927 libros
1426 1873 1693 1938 auctoris,
1725 1855 1772 1914 Β
1802 1876 1996 1943 quarto
2023 1876 2364 1947 Dialogorum
2395 1878 2532 1934 libro
2561 1878 2698 1952 (cap.
2723 1881 2804 1953 4),
2831 1855 3102 1951 quomodo
3126 1885 3227 1939 iste
3251 1855 3394 1942 liber

98 1968 349 2022 diversus
361 1974 446 2020 est
458 1965 664 2020 titulus.
677 1965 734 2020 In
752 1965 1055 2020 Proverbiis
1064 1964 1208 2019 enim
1221 1964 1511 2018 adnotatur
1527 1982 1538 2017 :
1565 1964 1695 2018 Pro-

98 2058 274 2112 verbio
297 2055 599 2112 Salomonis
610 2055 710 2125 ﬁlii
732 2056 902 2110 David
926 2057 1066 2126 regis
1091 2056 1274 2111 Israel.
1295 2054 1350 2110 In
1374 2055 1699 2111 Ecclesiaste

100 2165 230 2206 vero
254 2167 268 2202 :
307 2147 474 2203 Verba
505 2148 838 2203 Ecclesiastis
857 2147 956 2217 ﬁlii
982 2148 1149 2202 David
1173 2149 1308 2218 regis
1339 2146 1693 2201 Hierusalem.

99 2240 446 2310 Superﬁuum
474 2241 670 2310 quippe
695 2248 779 2296 est
806 2241 914 2306 hic,
939 2239 1276 2311 Israel,quod
1307 2240 1445 2295 male
1471 2241 1526 2294 in
1543 2239 1693 2296 Grie-

98 2333 178 2388 cis
205 2339 264 2387 et
290 2331 500 2385 Latinis
529 2332 808 2386 codicibus
848 2331 1141 2385 invenitur.
1175 2331 1232 2384 In
1273 2329 1496 2384 Cantico
1526 2329 1698 2385 canti-

99 2436 310 2486 corum,
345 2433 447 2475 nec
476 2419 619 2475 ﬁlius
658 2421 862 2487 David,
893 2435 994 2475 nec
1019 2436 1113 2476 rex
1143 2420 1330 2486 Israel,
1359 2421 1475 2476 sive
1501 2421 1694 2476 Hieru-

98 2511 266 2566 salem
295 2511 682 2581 praascribitur,
697 2512 792 2566 sed
808 2519 1046 2566 tantum:
1072 2512 1349 2566 Canticum
1373 2513 1695 2565 canticorum

100 2600 426 2656 Salomonis.
453 2599 606 2655 Sicut
632 2601 777 2656 enim
796 2601 1114 2668 Proverbia,
1143 2611 1198 2658 et
1221 2603 1373 2658 rudis
1407 2603 1693 2668 institutio,

95 2692 166 2746 ad
189 2691 477 2747 duodecim
511 2691 706 2756 tribus,
740 2700 796 2748 et
820 2693 888 2748 ad
918 2701 1090 2747 totum
1116 2693 1392 2762 pertinent
1413 2692 1612 2758 Israel;
1640 2700 1696 2747 et

94 2780 374 2851 quomodo
403 2789 746 2852 contemptus
790 2782 1012 2848 mundi,
1054 2799 1163 2839 non
1208 2783 1312 2838 nisi
1340 2783 1696 2852 metropolitis

94 2875 388 2941 convenit,
431 2876 536 2930 hoc
561 2882 645 2929 est
664 2915 678 2940 ,
720 2873 1120 2930 habitatoribus
1143 2875 1511 2941 Hierusalem;
1540 2877 1615 2930 ita
1643 2885 1697 2932 et

92 2966 386 3022 Canticum
407 2967 742 3021 canticorum
765 2967 832 3021 ad
853 2982 946 3022 eos
963 2967 1181 3037 proprie
1195 2967 1327 3022 facit
1342 2969 1692 3036 mentionem,

94 3055 191 3125 qui
247 3061 458 3108 tantum
506 3070 739 3124 superna
787 3056 1116 3111 desiderant.
1159 3056 1244 3111 Ad
1280 3057 1601 3127 incipientes
1641 3065 1698 3112 et

92 3145 474 3218 proﬁcientes,
503 3155 558 3201 et
596 3157 826 3216 paterna
875 3147 1140 3217 dignitas,
1189 3156 1244 3203 et
1289 3150 1442 3220 regni
1489 3151 1692 3220 proprii

1802 1966 2059 2037 legendus
2087 1968 2158 2022 sit
2179 1968 2263 2023 vel
2294 1970 2706 2041 intelligendus,
2755 1975 2963 2044 optime
2999 1976 3277 2044 exposuit,
3327 1976 3398 2032 de

1799 2057 2017 2112 nomine
2042 2058 2202 2127 hujus
2230 2060 2374 2125 libri,
2405 2062 2483 2116 sic
2513 2062 2698 2118 dicens
2725 2082 2736 2116 :
2775 2083 2791 2114 ι
2827 2065 3182 2122 Ecclesiastes
3212 2075 3393 2123 autem

1797 2149 2015 2217 proprie
2041 2150 2395 2205 concionator
2424 2152 2623 2206 dicitur
2650 2171 2663 2206 :
2690 2153 2744 2206 in
2777 2155 3038 2209 concione
3080 2171 3210 2210 vero
3229 2198 3244 2222 ,
3273 2171 3395 2210 sen-

1798 2237 1967 2290 tentia
1992 2239 2280 2306 promitur,
2307 2255 2404 2309 per
2428 2255 2588 2309 quam
2624 2242 2967 2298 tumultuosa:
2998 2246 3169 2300 turhze
3199 2246 3395 2302 seditio

1798 2327 2209 2395 comprimatur,
2242 2339 2299 2384 et
2341 2345 2465 2385 cum
2499 2331 2653 2385 multi
2703 2331 2920 2387 diversa
2970 2335 3251 2400 sentiant,
3293 2351 3394 2405 per

1796 2418 2166 2474 concionantis
2208 2422 2474 2477 rationem
2519 2424 2587 2478 ad
2632 2441 2797 2479 unam
2844 2428 3168 2482 sententiam
3196 2430 3394 2499 perdu-

1797 2514 2013 2560 cuntur.
2037 2506 2136 2562 Hic
2171 2509 2339 2576 igitur
2371 2511 2506 2566 liber
2540 2513 2744 2568 idcirco
2774 2513 3137 2571 Concionator
3165 2519 3385 2586 dicitur,

1795 2595 1923 2663 quia
1953 2595 2206 2653 Salomon
2237 2599 2291 2652 in
2321 2615 2386 2655 eo
2411 2603 2566 2670 quasi
2597 2604 2976 2660 tumultuantis
3011 2609 3182 2662 turbae
3211 2625 3392 2664 susce-

1794 2687 1876 2756 pit
1898 2702 2139 2754 sensum,
2173 2697 2234 2743 ut
2268 2705 2332 2745 ea
2358 2706 2456 2760 per
2483 2693 2888 2763 inquisitionem
2939 2698 3081 2752 dicat
3110 2715 3230 2768 quae
3271 2700 3388 2755 for-

1796 2785 1941 2834 tasse
1968 2794 2066 2849 per
2094 2781 2442 2836 tentationem
2486 2784 2735 2855 imperita
2775 2802 2931 2842 mens
2976 2790 3194 2844 sentiat.
3245 2791 3379 2849 Nam

1796 2878 1930 2939 quot
1957 2872 2256 2928 sententias
2283 2888 2383 2944 per
2423 2875 2830 2945 inquisitionem
2873 2889 3084 2945 movet,
3119 2883 3274 2950 quasi
3310 2891 3390 2939 tot

1796 2961 1852 3014 in
1874 2977 1934 3016 se
1953 2977 2211 3031 personas
2232 2965 2566 3022 diversorum
2608 2970 2852 3039 suscipit.
2891 2970 2998 3026 Sed
3041 2975 3392 3030 concionator

1794 3065 1985 3118 verax,
2013 3053 2158 3108 velut
2187 3063 2408 3111 extensa
2436 3073 2619 3125 manu,
2650 3062 2891 3116 omnium
2925 3064 3185 3119 tumultus
3211 3067 3385 3131 sedat,
3421 3090 3430 3095 -

1795 3157 1996 3212 eosque
2025 3145 2092 3198 ad
2115 3161 2276 3199 unam
2299 3149 2618 3204 sententiam
2649 3161 2889 3216 revocat,
2919 3169 3042 3207 cum
3065 3154 3119 3208 in
3146 3152 3387 3223 ejusdem

135 3199 185 3201 ,_
513 3199 554 3201 _-
597 3199 825 3216 Γημῄ
883 3199 1140 3217 sum”,
1195 3199 1240 3203 --
1491 3199 1692 3220 ,-_,-__
1908 3199 1926 3212 ,
2650 3199 2889 3216 --.η-η
2923 3199 3119 3208 ν-......
3148 3199 3387 3223 Ἵππη.

94 3199 299 3294 ἶῐιετίιο
345 3237 620 3306 judicatur
672 3237 829 3310 [Ms.,
875 3238 1175 3304 indicatur;
1220 3238 1316 3305 aL,
1362 3239 1690 3314 vindicatur]
1717 3199 1764 3260 Ο
1795 3232 1920 3288 libri
1948 3235 2183 3292 termino
2213 3237 2290 3291 ait
2318 3256 2330 3291 :
2364 3238 2556 3295 Finem
2577 3240 2825 3313 loquendi
2855 3261 3031 3299 omnes
3059 3247 3258 3314 pariter
3289 3265 3390 3301 au-

96 3329 418 3386 auctoritas.
449 3329 530 3384 Ad
557 3329 824 3400 perfectos
870 3345 1021 3396 vero,
1073 3331 1164 3386 ubi
1209 3346 1316 3386 non
1345 3331 1540 3386 timore
1569 3347 1692 3387 eru-

94 3419 248 3475 ditur
277 3418 588 3488 discipulus,
620 3422 713 3474 sed
763 3434 977 3485 amore,
1023 3420 1307 3490 proprium
1358 3435 1552 3476 nomen
1583 3421 1693 3476 suf-

97 3509 234 3576 ﬁcit,
265 3518 322 3565 et
349 3510 572 3579 aequalis
599 3512 849 3582 magister
881 3519 994 3578 est,
1029 3519 1082 3568 et
1129 3513 1302 3568 nescit
1347 3529 1406 3570 se
1450 3529 1571 3571 esse
1600 3531 1689 3572 re-

100 3616 337 3743 geZiQ
374 3672 500 3728 Haec
549 3673 767 3727 interim
802 3671 956 3742 juxta
994 3673 1254 3730 litteram.
1280 3674 1550 3732 Caeterum
1592 3692 1695 3748 per

104 3763 514 3834 intelligentiam
547 3764 876 3833 spiritalem,
919 3767 1181 3834 paciﬁcus
1219 3777 1276 3822 et
1317 3769 1549 3824 dilectus
1593 3771 1692 3825 Dei

103 3853 304 3917 Patris,
334 3861 390 3907 et
416 3854 771 3909 Ecclesiastes
797 3855 1241 3914 nosterChristus
1261 3866 1367 3924 est,
1391 3860 1483 3929 qui
1513 3861 1692 3917 medio

102 3943 312 4012 pariete
339 3944 625 4009 destructo,
659 3952 714 3999 et
741 3944 1051 4002 inimicitias
1084 3949 1139 4002 in
1184 3964 1347 4005 carne
1391 3965 1691 4017 evacuans,

105 4030 234 4087 fecit
253 4040 484 4102 utraque
515 4049 705 4098 unum,
731 4035 916 4090 (licens
943 4054 955 4089 :
990 4036 1185 4091 Pacem
1221 4056 1391 4094 meam
1421 4040 1488 4094 do
1515 4041 1656 4096 vobis
1675 4083 1690 4107 ,

103 4138 282 4190 pacem
304 4123 537 4194 relinquo
556 4126 696 4180 vobis
719 4127 900 4197 (Joan.
936 4145 1046 4194 xw,
1071 4130 1184 4203 27).
1215 4131 1290 4186 De
1311 4147 1418 4201 quo
1445 4132 1607 4188 Pater
1625 4134 1694 4188 ad

105 4213 400 4282 discipulos
422 4226 443 4264 ι
469 4213 570 4267 Hic
592 4225 685 4279 est,
711 4217 904 4286 inquit,
939 4217 1113 4273 Filius
1142 4237 1288 4275 meus
1331 4221 1552 4276 dilectus
1577 4263 1592 4285 ,
1637 4223 1693 4276 in

103 4320 205 4373 quo
230 4304 360 4356 mihi
404 4304 530 4357 bene
573 4305 888 4376 complacui,
921 4310 1060 4364 hunc
1100 4311 1277 4366 audite
1304 4311 1515 4384 (Matth.
1558 4329 1690 4378 xvn,

105 4394 181 4464 5),
209 4395 303 4462 qui
332 4401 418 4450 est
442 4403 605 4463 caput
630 4395 903 4454 Ecclesiae.
941 4401 1009 4455 Et
1051 4417 1393 4472 nequaquam
1422 4405 1489 4459 ad
1527 4419 1690 4475 syna-

107 4498 299 4553 gogam
326 4482 662 4549 .Iudteorum,
693 4489 786 4542 sed
814 4490 881 4544 ad
909 4492 1149 4561 gentium
1183 4494 1580 4550 multitudinem
1610 4495 1692 4551 lo-

108 4588 302 4641 quens,
329 4575 468 4629 vivis
490 4575 755 4646 lapidibus
797 4587 1117 4647 exstructas;
1155 4599 1262 4638 non
1290 4585 1433 4641 illius
1479 4586 1544 4641 de
1590 4603 1695 4656 qua

109 4664 224 4732 ipse
245 4663 322 4718 ait
352 4681 365 4716 :
402 4663 757 4732 Hierusalem,
794 4668 1125 4726 Hierusalem
1140 4673 1160 4727 .'
1181 4691 1317 4750 (qua:
1350 4675 1542 4728 occidis
1570 4693 1695 4746 pro-

106 4754 311 4823 phetas,
335 4765 383 4809 et
409 4773 522 4811 ecce
539 4757 1057 4830 relinqueturdomus
1071 4775 1237 4819 vestra
1259 4765 1463 4820 deserta
1479 4767 1692 4838 (Matth.

107 4861 269 4911 χχιιι,
299 4847 388 4911 57,
417 4849 528 4920 58),
561 4851 656 4905 sed
683 4852 824 4909 illius
855 4869 952 4923 per
982 4872 1143 4925 quam
1165 4857 1340 4926 jurari
1376 4866 1541 4923 vetat,
1572 4861 1695 4929 quia

107 4934 178 4987 sit
200 4935 394 4990 civitas
420 4939 599 5008 magni
627 4941 788 5009 regis.
813 4941 912 4998 Hic
939 4953 1022 4999 est
1050 4945 1194 5001 ﬁlius
1217 4946 1411 5011 David,
1437 4946 1504 5000 ad
1535 4964 1696 5019 quem

112 5022 238 5077 (τπεὶ
284 5023 339 5078 in
386 5024 677 5096 Evangelio
705 5031 1052 5088 clamabant:
1088 5033 1339 5090 Miserere
1387 5037 1571 5103 nostri,
1618 5037 1698 5107 ﬁli

85 5089 282 5173 [David
313 5089 661 5183 (Μαιιιιδχν,
702 5117 828 5190 22);
861 5128 911 5175 et
953 5124 1128 5179 omnis
1162 5089 1326 5180 turba
1344 5089 1702 5190 consonabat,

105 5208 160 5253 et
178 5216 288 5254 una
309 5216 442 5258 voce
468 5207 856 5274 respondebat:
877 5209 1129 5268 Hosanna
1154 5213 1265 5283 ﬁlio
1283 5215 1453 5270 David
1479 5215 1695 5287 (Matth.

106 5303 222 5352 xxi,
249 5288 328 5356 9).
358 5289 599 5361 Denique
632 5309 739 5349 non
777 5297 845 5351 ad
875 5313 997 5353 eum
1026 5299 1085 5354 ﬁt
1111 5304 1338 5358 verbum
1379 5303 1473 5359 Dei
1501 5345 1516 5369 ,
1561 5303 1701 5358 sicut

104 5378 175 5432 ad
206 5377 544 5435 Hieremiam
571 5390 626 5437 et
653 5385 722 5439 ad
747 5394 975 5443 caeteros
999 5392 1317 5459 prophetas;
1346 5394 1439 5450 sed
1471 5395 1596 5464 quia
1620 5394 1698 5450 di-

106 5482 203 5525 ves
225 5479 333 5536 est,
365 5480 423 5527 et
449 5488 542 5528 rex
571 5483 784 5546 potens,
817 5476 931 5547 ipse
955 5488 1039 5534 est
1066 5480 1112 5534 si
1128 5482 1345 5550 quidem
1371 5485 1618 5550 verbum,
1645 5490 1701 5539 et

105 5559 378 5628 sapientia
412 5573 730 5636 caeteraeque
753 5567 1003 5624 virtutes.
1032 5569 1209 5624 Verba
1237 5570 1475 5640 loquitur
1502 5572 1569 5629 ad
1599 5574 1700 5631 Ec-

104 5652 292 5710 clesia:
333 5657 506 5731 viros,
546 5662 710 5716 verba
755 5663 996 5720 insinuat
1046 5666 1300 5736 apostolis
1328 5708 1343 5734 ,
1395 5669 1461 5725 de
1507 5671 1702 5740 quibus

181 5820 206 5846 α
240 5807 531 5880 Hucusquc
563 5828 629 5867 ex
661 5827 847 5874 sancto
877 5815 1219 5892 Hieronymo.

1795 3321 2004 3376 diamus
2029 3343 2047 3377 :
2073 3323 2359 3379 Dominum
2385 3329 2529 3394 time,
2551 3338 2600 3383 et
2622 3330 2876 3385 mandata
2897 3333 3012 3402 ejus
3035 3333 3271 3400 observa,
3293 3336 3392 3390 hoc

1793 3421 1868 3465 est
1893 3414 2030 3466 enim
2055 3416 2222 3470 omnis
2246 3417 2399 3472 homo
2422 3419 2619 3492 (Eccle.
2655 3437 2733 3488 χι,
2760 3421 2870 3496 15).
2905 3423 2962 3478 Si
2993 3426 3137 3479 enim
3165 3426 3218 3480 in
3246 3426 3386 3482 libro

1792 3503 1982 3558 eodem
2023 3519 2122 3573 per
2163 3507 2578 3566 collocutionem
2634 3511 2790 3584 [Ms.,
2830 3514 3178 3589 locutionem]
3231 3533 3387 3573 suam

1793 3593 2087 3649 multorum
2106 3612 2368 3665 personas
2390 3616 2497 3655 non
2524 3603 2822 3670 susciperet
2844 3603 2998 3673 [Ms.,
3028 3607 3387 3681 susceperat],

1794 3699 1894 3738 cur
1942 3686 2010 3740 ad
2049 3688 2374 3742 audiendum
2421 3690 2675 3760 loquendi
2723 3691 2887 3746 ﬁnem
2947 3710 3131 3749 secum
3182 3699 3388 3766 pariter

1793 3789 1982 3830 omnes
2025 3778 2384 3833 admonebat?
2430 3780 2566 3846 Quia
2616 3782 2782 3852 igitur
2820 3783 2876 3839 in
2915 3785 3020 3841 ﬁne
3049 3787 3174 3843 libri
3204 3789 3382 3846 dicit:

1797 3865 1989 3922 Omnes
2010 3871 2208 3938 pariter
2236 3871 2515 3926 audiamus
2536 3914 2550 3938 ,
2580 3874 2694 3942 ipse
2723 3875 2824 3930 sibi
2853 3879 3006 3934 testis
3031 3889 3114 3934 est
3139 3883 3264 3951 quia
3283 3924 3298 3949 ,
3331 3885 3387 3940 in

1795 3975 1854 4015 se
1884 3961 2178 4016 multorum
2207 3977 2467 4036 personas
2493 3966 2821 4036 suscipiens,
2868 3971 3023 4037 quasi
3060 3973 3208 4026 solus
3237 3974 3388 4029 locu-

1797 4056 1882 4104 tus
1908 4066 2014 4105 non
2042 4060 2165 4106 est:
2199 4054 2340 4108 unde
2364 4063 2419 4109 et
2449 4055 2555 4109 alia
2588 4068 2713 4112 sunt
2750 4074 2870 4128 quae
2908 4061 2964 4114 in
3009 4060 3149 4118 libro
3197 4065 3386 4121 eodem

1795 4159 1893 4213 per
1920 4145 2324 4215 inquisitionem
2356 4159 2666 4217 moventur,
2702 4159 2863 4222 atque
2890 4152 2992 4208 alia
3025 4169 3144 4224 qua:
3179 4151 3386 4225 perra-

1796 4237 1998 4292 tionem
2021 4239 2388 4308 satisfaciunt;
2420 4243 2524 4298 alia
2554 4260 2673 4314 quis
2701 4261 2766 4300 ex
2805 4248 2996 4302 tentati
3026 4249 3233 4319 profert
3273 4252 3388 4306 ani-

1797 4343 1908 4394 mo,
1933 4338 2093 4399 atque
2116 4333 2296 4387 adhuc
2319 4333 2480 4403 hujus
2505 4337 2690 4391 mundi
2713 4337 3164 4396 delectationibus
3188 4342 3389 4409 dediti;

1798 4419 1901 4473 alia
1931 4435 2080 4487 vero,
2120 4423 2172 4476 in
2197 4424 2393 4492 quibus
2421 4441 2484 4480 ea
2509 4442 2629 4496 qua:
2655 4429 2880 4484 rationis
2922 4441 3081 4497 sunt,
3121 4434 3384 4502 disserat,

1724 4547 1772 4607 υ
1798 4519 1960 4581 atque
1984 4514 2221 4569 animum
2243 4531 2272 4570 a
2303 4516 2659 4573 delectatione
2685 4531 3013 4590 compescat.
3045 4524 3123 4580 lbi
3155 4542 3392 4596 namque

1797 4606 1909 4660 ait:
1938 4606 2053 4660 Hoc
2093 4608 2267 4679 itaque
2302 4611 2430 4663 mihi
2467 4613 2636 4665 visum
2673 4623 2748 4667 est
2789 4614 2979 4670 bonum
3002 4657 3016 4681 ,
3051 4630 3109 4670 ut
3149 4619 3387 4674 comedat

1795 4697 1911 4767 quis
1933 4706 1979 4751 et
2010 4698 2167 4762 bibat,
2199 4708 2246 4751 et
2274 4699 2487 4768 fruatur
2513 4702 2696 4756 lwtitia
2729 4721 2794 4759 ea:
2827 4704 3004 4761 labore
3045 4726 3141 4762 suo
3185 4708 3384 4780 (Eccle.

1797 4804 1852 4852 v,
1879 4787 1990 4860 l7).
2021 4788 2086 4842 Et
2115 4789 2273 4860 longe
2303 4790 2530 4848 inferius
2555 4793 2850 4866 subjungit.
2882 4795 3073 4852 Metius
3094 4808 3169 4852 est
3206 4799 3282 4852 ire
3315 4801 3386 4854 ad

1797 4877 2012 4931 domum
2031 4877 2223 4945 luctus,
2247 4897 2407 4951 quam
2433 4883 2503 4936 ad
2529 4884 2744 4938 domum
2785 4888 3006 4941 convivii
3045 4887 3242 4960 (Eccle.
3285 4905 3382 4956 vn,

1797 4966 1872 5036 5).
1906 4965 1964 5020 Si
1992 4968 2137 5022 enim
2164 4970 2366 5025 bonum
2394 4981 2478 5026 est
2500 4975 2827 5030 manducare
2854 4984 2909 5032 et
2936 4977 3149 5042 bibere,
3193 4978 3387 5036 melius

1797 5055 1964 5112 fuisse
1983 5059 2268 5115 videbatur
2289 5063 2357 5117 ad
2381 5064 2598 5120 domum
2625 5068 2856 5122 convivii
2880 5085 3107 5142 pergere
3128 5087 3288 5142 quam
3316 5073 3387 5130 ad

1797 5149 2015 5202 domum
2044 5149 2242 5206 luctus.
2270 5152 2349 5206 Ex
2393 5169 2497 5224 qua
2547 5172 2606 5211 re
2654 5159 2960 5214 ostenditur
2997 5162 3122 5231 quia
3153 5162 3282 5217 illud
3317 5178 3384 5218 ex

1799 5237 2193 5292 inﬁrmantium
2222 5256 2454 5310 persona
2481 5246 2694 5312 intulit,
2725 5250 2827 5304 hoc
2871 5265 3001 5306 vero
3051 5266 3116 5306 ex
3157 5252 3389 5316 rationis

1799 5326 2111 5384 deﬁnitione
2145 5328 2420 5397 subjunxit
2456 5352 2468 5386 :
2510 5350 2634 5389 nam
2677 5338 2821 5407 ipsas
2863 5339 3111 5408 protinus
3157 5341 3390 5399 rationis

1799 5434 1991 5474 causas
2030 5420 2300 5487 edisserit,
2326 5429 2381 5477 et
2407 5424 2473 5478 de
2516 5425 2676 5481 domo
2696 5427 2875 5482 luctus
2909 5443 3030 5498 qua:
3072 5429 3144 5484 sit
3179 5430 3386 5488 utilias

1799 5510 2058 5576 ostendit,
2091 5512 2312 5568 dicens:
2344 5513 2412 5569 In
2439 5514 2531 5570 illa
2558 5517 2696 5572 enim
2720 5518 2843 5586 ﬁnis
2873 5528 3178 5576 cunctarum
3205 5520 3385 5576 admo-

1802 5610 1950 5655 netur
1991 5602 2280 5668 hominum,
2330 5614 2379 5659 et
2421 5607 2592 5662 vivens
2628 5608 2821 5679 cogitat
2860 5609 2987 5680 quid
3035 5610 3276 5680 futurum
3312 5611 3384 5670 sit

1804 5688 1999 5748 (Eccle.
2024 5707 2098 5760 xl,
2120 5691 2172 5761 9,
2205 5692 2312 5763 I0).
2340 5694 2571 5756 Rursum
2594 5697 2704 5754 illic
2720 5699 2981 5771 scriptum
3005 5708 3089 5759 est
3112 5718 3128 5757 :
3154 5699 3380 5768 Ltetare,
