4020 6188
639 419 738 474 671

1484 413 1543 470 Β.
1582 414 1642 468 F.
1684 414 1909 469 ALBI'NI
1949 413 2079 469 SEU
2117 409 2395 469 ALCUlNl
2432 410 2723 469 OPERUH
2759 408 2940 468 PARS
2971 408 3037 468 ll.

634 532 860 605 iuvenis,
888 531 942 583 in
969 528 1315 584 adolescentia
1351 536 1463 581 tua.
1493 527 1561 581 Et
1584 527 1748 597 paulo
1774 536 1896 596 post
1915 526 2198 581 subditur:
2229 528 2271 583 Α
2302 530 2356 577 et
2380 535 2594 591 semper
2642 523 2789 577 idem
2826 516 2911 577 est
2955 522 3107 590 quod
3142 528 3246 587 est,
3277 529 3335 576 et
3376 534 3483 577 non
3531 520 3705 577 aliud.
3736 521 3897 591 Quod

635 621 999 678 Adolescentia
1044 620 1181 674 enim
1218 629 1265 672 et
1303 618 1575 690 voluptas,
1604 634 1741 672 uana
1779 627 1920 672 sunt.
1950 616 2052 683 Qui
2077 616 2205 671 dum

637 712 742 768 hoc
767 713 1102 781 postmodum
1143 724 1338 763 vanum
1379 724 1499 764 esse
1544 708 1846 778 redarguit,
1876 706 2018 776 quod
2056 706 2207 775 prius

633 802 979 858 admonuisse
1005 800 1303 862 videbatur,
1333 799 1509 868 palam
1536 795 1689 869 [Ms.,
1717 794 1983 867 patenter]
2006 796 2206 849 indicat

635 893 761 963 quia
787 893 876 947 illa
904 891 1057 961 quasi
1084 906 1150 946 ex
1177 889 1442 945 desiderio
1480 886 1681 942 carnali
1728 887 1885 939 verba
1928 884 2088 956 413
2126 884 2207 937 ἰη-

636 983 780 1047 tulit,
811 983 925 1036 hzec
954 995 1081 1034 vero
1129 995 1193 1034 ex
1233 977 1423 1046 iudicii
1460 976 1689 1030 veritate
1732 973 2023 1042 subiunxit.
2054 971 2207 1027 Sicut

633 1086 764 1143 ergo
793 1071 1200 1131 delectationem
1226 1068 1378 1137 prius
1404 1065 1697 1121 carnalium
1718 1064 2043 1131 exprimens,
2063 1062 2208 1117 curis

634 1158 946 1230 postpositis
974 1157 1252 1212 denuntiat
1280 1154 1478 1209 bonum
1502 1168 1621 1207 esse
1662 1151 1989 1205 manducare
2029 1158 2084 1204 et
2120 1150 2208 1205 bi-

638 1250 767 1305 bere
792 1288 806 1312 ,
851 1246 995 1316 quod
1044 1254 1222 1298 tamen
1269 1242 1607 1312 postmodum
1654 1256 1720 1294 ex
1766 1238 1953 1309 iudicii
2003 1239 2210 1293 ratione

637 1333 1002 1405 reprehendit,
1029 1347 1151 1387 cum
1176 1345 1295 1385 esse
1323 1329 1514 1383 melius
1539 1327 1671 1383 dicit
1702 1327 1770 1381 ad
1800 1326 2013 1382 domum
2037 1326 2212 1382 luctus

637 1426 719 1480 ire
752 1439 913 1493 quam
937 1423 1003 1477 ad
1039 1423 1258 1476 domum
1284 1418 1517 1474 convivii
1546 1436 1559 1471 :
1589 1426 1643 1472 et
1665 1417 1804 1472 sicut
1825 1415 1994 1471 lirtari
2017 1414 2211 1470 debere

634 1515 884 1585 iuvenem
918 1516 972 1569 in
999 1513 1354 1569 adolescentia
1383 1527 1509 1575 sua,
1543 1511 1696 1580 quasi
1720 1525 1788 1565 ex
1831 1509 2213 1564 deliberatione

635 1606 953 1669 carnalium,
981 1602 1263 1675 proponit,
1289 1609 1346 1657 et
1373 1610 1552 1655 tamen
1585 1598 1927 1669 postmodum
1959 1612 2054 1666 per
2088 1595 2215 1651 deli-

639 1697 893 1751 nitionem
918 1693 1198 1749 sententiae
1218 1691 1636 1747 adolescentiam
1656 1697 1713 1744 et
1728 1688 2051 1759 voluptatem
2074 1701 2212 1741 vana

635 1801 758 1843 esse
784 1784 1075 1856 redarguit.
1108 1782 1364 1838 Similiter
1383 1789 1438 1836 et
1460 1781 1802 1836 concionator
1821 1780 1945 1844 iste,
1970 1779 2211 1833 diversas

2305 610 2450 666 enim
2494 610 2810 676 mutabitur,
2834 609 3228 681 quodammodo
3268 612 3559 677 evanescit,
3589 618 3647 667 et
3670 628 3787 669 non
3817 624 3899 670 est

2305 699 2449 768 quod
2469 707 2605 753 erat.
2629 698 2833 754 idcirco
2854 699 2923 754 ad
2941 700 3399 769 comparationem
3414 700 3697 757 Creatoris
3718 706 3897 760 omnis

2306 797 2556 845 creatura
2583 791 2794 845 vanitas
2819 791 2923 845 dici
2952 797 3146 861 potest,
3185 800 3241 846 et
3267 790 3523 861 quidquid
3566 792 3620 847 in
3646 794 3758 849 hoc
3784 795 3894 850 cir-

2306 877 2427 934 culo
2472 879 2801 944 continetur,
2828 893 2927 949 pro
2956 880 3123 935 nihilo
3167 880 3466 949 computari
3504 880 3558 934 in
3604 895 3896 951 compan-

2310 966 2458 1021 tione
2483 974 2701 1021 aeterna:
2723 966 3041 1035 maiestatis.

2381 1055 2548 1109 Vens.
2576 1056 2630 1109 5.
2656 1085 2730 1099 —-
2749 1054 2888 1120 Quid
2923 1064 3155 1125 superest
3197 1055 3429 1120 homini,
3455 1057 3511 1109 in
3538 1058 3684 1110 omni
3713 1055 3893 1114 labore

2306 1160 2421 1202 suo.
2448 1160 2552 1215 quo
2576 1142 2781 1198 laborat
2826 1144 2920 1199 sub
2957 1142 3102 1198 sole?
3127 1156 3153 1184 ι
3182 1143 3311 1198 Post
3339 1144 3645 1213 generalem
3674 1154 3890 1202 salen-

2309 1233 2438 1287 tiam
2463 1233 2530 1286 ad
2548 1247 2715 1287 vanos
2739 1233 3017 1287 hominum
3038 1232 3249 1288 labores
3271 1233 3537 1289 convertit
3557 1247 3880 1302 sermonem,

2311 1320 2402 1389 qui
2438 1319 2639 1375 frustra
2663 1321 2721 1375 in
2751 1321 2908 1376 istius
2929 1321 3109 1374 mundi
3136 1320 3318 1377 labore
3344 1320 3629 1387 desudant,
3657 1337 3880 1393 congre-

2311 1418 2499 1481 gantes
2523 1411 2736 1466 divitias
2761 1413 3047 1480 perituras,
3083 1412 3380 1467 ambientes
3404 1412 3664 1475 honores,
3696 1413 3883 1482 quibus

2312 1502 2487 1557 subito
2537 1501 3003 1565 dicitur:Stulte,
3052 1503 3155 1557 hac
3195 1510 3352 1557 nocte
3398 1502 3683 1567 morieris,
3735 1502 3881 1572 cuius

2311 1600 2471 1647 erunt
2495 1606 2613 1660 qua:
2631 1592 3004 1662 congregasti?

2369 1682 2533 1736 Vsus.
2547 1680 2953 1735 L—Generatio
2965 1682 3125 1747 vadit,
3139 1690 3187 1736 et
3201 1683 3463 1752 generatio
3473 1682 3628 1746 uenit,
3643 1692 3884 1737 terrae»

2311 1779 2417 1824 tem
2436 1770 2492 1823 in
2510 1768 2759 1825 surculum
2774 1778 2898 1825 stat.
2916 1770 3049 1826 Aliis
3064 1771 3435 1840 morientibus,
3451 1772 3848 1827 nascunturahi
3863 1789 3878 1835 ;

637 1876 1023 1946 cogitationum
1060 1872 1380 1927 tentationcs
1404 1885 1696 1940 exponens,
1719 1869 1826 1924 alio
1864 1870 1942 1922 ait
1973 1870 2029 1923 in
2065 1868 2209 1933 loco,
2239 1860 2285 1920 Β
2313 1867 2370 1914 ει
2409 1875 2545 1929 quos
2579 1860 2808 1926 Videras.
2834 1875 2942 1915 non
2987 1859 3168 1925 Vides;
3197 1860 3525 1929 incipiesque
3566 1860 3755 1916 videre
3795 1876 3882 1917 eos

637 1979 763 2019 cum
791 1963 960 2018 dicit:
990 1960 1137 2016 Unus
1175 1961 1413 2015 interitus
1449 1959 1567 2032 [est]
1604 1959 1828 2013 hominis
1870 1967 1918 2012 et
1954 1958 2217 2028 jumento-

641 2068 778 2117 rum,
805 2060 852 2105 et
887 2067 1036 2121 requa
1061 2049 1328 2119 utriusque
1350 2048 1615 2102 conditio:
1639 2046 1773 2100 sicut
1795 2046 2014 2100 moritur
2030 2046 2211 2109 homo,

638 2141 716 2196 sic
736 2151 785 2194 et
812 2140 905 2194 illa
931 2140 1226 2192 moriuntur
1250 2154 1268 2191 :
1293 2136 1535 2191 similiter
1559 2137 1761 2206 spirant
1785 2136 1980 2201 omnia,
2007 2144 2057 2189 et
2085 2135 2213 2189 nihil

638 2231 792 2286 habet
813 2233 968 2285 homo
981 2231 1233 2300 iumentis
1261 2228 1483 2299 amplius
1515 2228 1710 2299 (Eccle.
1740 2244 1824 2292 ιιι,
1863 2228 1969 2300 l0).
1997 2228 2098 2293 Qui
2131 2237 2212 2281 la-

642 2338 767 2378 men
792 2337 858 2376 ex
886 2320 1196 2376 deﬁnitione
1221 2321 1443 2375 rationis
1464 2336 1616 2375 suam
1641 2319 1981 2389 postmodum
2002 2328 2219 2374 senten-

648 2409 783 2464 tiam
810 2409 1056 2480 protulit,
1080 2409 1300 2465 dicens:
1336 2409 1474 2474 Quid
1503 2409 1653 2463 habet
1688 2407 1910 2479 amplius
1943 2409 2147 2478 sapiens
2182 2428 2215 2465 α

642 2498 841 2554 stulto?
863 2508 912 2553 et
936 2499 1061 2567 quid
1105 2499 1339 2569 pauper?
1375 2498 1497 2552 Nisi
1521 2510 1579 2553 ut
1620 2508 1798 2568 pergat
1840 2497 1966 2551 illuc
1984 2538 2000 2564 ,
2027 2497 2115 2552 ubi
2141 2510 2215 2553 est

642 2591 751 2644 vita
774 2587 968 2661 (Eccle.
1002 2604 1074 2654 vi,
1107 2588 1202 2659 8)?
1230 2587 1330 2655 Qui
1362 2589 1525 2659 igitur
1561 2588 1732 2643 dixit:
1771 2587 1918 2641 Nihil
1951 2588 2102 2642 habet
2128 2588 2219 2642 Ito-

645 2699 731 2736 mo
744 2681 997 2751 jumentis
1022 2680 1267 2750 amplius,
1295 2680 1409 2750 ipse
1440 2695 1658 2735 rursum
1683 2678 1925 2733 deﬁnivit
1950 2678 2093 2747 quod
2123 2679 2219 2733 ha-

643 2771 766 2827 beat
794 2770 994 2840 aliquid
1037 2772 1250 2840 sapiens
1284 2785 1390 2824 non
1423 2770 1596 2825 solum
1623 2769 1852 2837 amplius
1890 2766 2216 2836 ajumento,

645 2859 740 2915 sed
770 2861 932 2916 etiam
964 2861 1031 2915 ab
1052 2861 1267 2915 homine
1291 2860 1473 2924 stulto,
1499 2859 1746 2915 videlicet
1777 2866 1836 2914 ut
1868 2866 2056 2931 pergat
2092 2859 2220 2917 illuc

643 2951 735 3006 ubi
766 2959 846 3006 est
877 2948 1032 3023 [Hs.,
1062 2949 1188 3022 erit]
1222 2952 1351 3005 vita.
1380 2950 1585 3018 Quibus
1608 2952 1787 3007 verbis
1811 2950 2042 3020 primum
2078 2950 2218 3007 indi-

647 3048 736 3093 cat
763 3039 889 3109 quia
914 3039 1002 3093 hic
1030 3038 1305 3094 hominum
1330 3041 1437 3094 vita
1469 3057 1577 3097 non
1601 3048 1713 3106 est,
1739 3056 1898 3111 quam
1937 3054 2057 3096 esse
2092 3040 2218 3096 alibi

645 3137 893 3184 testatur.
941 3128 1111 3182 liabet
1136 3144 1265 3201 ergo
1303 3129 1464 3186 homo
1507 3128 1653 3202 [hoc]
1693 3130 1921 3199 amplius
1956 3127 2218 3198 iumentis

2315 1951 2407 2020 qui
2449 1959 2573 2008 ante
2601 1967 2706 2006 non
2735 1958 2911 2016 erant,
2939 1950 3036 2006 sed
3066 1951 3243 2005 subito
3271 1958 3583 2006 nascuntur.
3622 1950 3766 2017 Quid
3794 1967 3881 2006 va-

2313 2041 2436 2097 nius
2460 2041 2563 2096 hac
2588 2042 2843 2106 vanitate,
2873 2056 3035 2111 quam
3062 2048 3262 2095 terram
3297 2054 3687 2110 manere.-qum
3711 2041 3879 2098 homi-

2314 2146 2442 2186 num
2489 2146 2652 2186 causa
2700 2129 2838 2185 facta
2880 2137 2985 2196 est,
3010 2137 3065 2186 et
3092 2130 3266 2199 ipsum
3291 2129 3589 2194 hominem,
3609 2138 3772 2185 terrm
3793 2130 3885 2186 do-

2312 2219 2518 2274 minum
2542 2258 2557 2284 ,
2603 2218 2659 2272 in
2704 2218 2979 2289 pulverem
3033 2225 3254 2288 repente
3297 2216 3553 2273 dissolvi?
3601 2217 3885 2288 Signanter

2313 2311 2468 2375 dixit,
2483 2321 2625 2365 terra
2641 2312 2698 2364 in
2721 2309 2971 2365 arculum
2988 2318 3112 2375 stat,
3130 2325 3237 2364 non
3257 2309 3310 2364 in
3329 2309 3525 2364 saecula
3543 2309 3880 2375 smculorum,

2314 2403 2439 2471 quia
2482 2401 2675 2457 caelum
2703 2410 2758 2457 et
2788 2410 2930 2457 terra
2974 2401 3296 2467 transibunt,
3320 2407 3375 2455 et
3399 2414 3527 2456 ecce
3550 2397 3695 2455 facta
3727 2407 3881 2456 erunt

2314 2492 2494 2547 omnia
2516 2506 2675 2546 nova.

2386 2584 2551 2639 Vens.
2581 2580 2916 2637 5.-—0ritur
2933 2580 3035 2646 sol,
3058 2589 3106 2635 et
3134 2580 3345 2646 occidit,
3364 2588 3412 2634 et
3437 2579 3506 2634 ad
3534 2580 3707 2634 locum
3731 2595 3883 2635 suum

2317 2675 2602 2738 reuertitur,
2631 2683 2686 2727 ut
2731 2674 2917 2726 iterum
2965 2673 3195 2726 oriatur.
3214 2671 3332 2740 Ipse
3359 2671 3460 2737 sol,
3495 2671 3588 2740 qui
3613 2672 3686 2727 ad
3710 2671 3887 2728 lucem

2317 2761 2635 2818 mortalibus
2681 2762 2838 2817 datus
2866 2768 2981 2827 est,
3012 2769 3135 2816 ortu
3179 2776 3278 2815 suo
3316 2770 3373 2815 et
3416 2776 3611 2817 occasu
3648 2761 3891 2831 quotidie

2318 2850 2593 2906 interitum
2620 2850 2804 2905 mundi
2833 2849 3182 2916 demonstrat,
3210 2851 3304 2920 qui
3328 2865 3426 2921 per
3450 2850 3749 2922 incognitas
3773 2850 3890 2906 vias

2318 2941 2474 2996 nobis
2516 2941 2583 2995 ab
2611 2955 2806 2996 occasu
2864 2941 2931 2995 ad
2978 2948 3156 2995 ortum
3205 2941 3540 3012 regreditur,
3569 2940 3893 3012 expletoque

2315 3032 2492 3088 noctis
2516 3031 2736 3097 circulo,
2767 3031 2842 3088 de
2863 3031 3099 3087 thalamo
3142 3047 3240 3089 suo
3277 3047 3447 3088 novus
3478 3034 3737 3089 exoritur.
3776 3034 3893 3090 Hoc

2318 3129 2498 3178 autem
2544 3129 2713 3176 totum
2743 3119 2944 3176 idcirco
2995 3122 3144 3186 dicit,
3198 3129 3259 3176 ut
3285 3122 3473 3177 doceat
3502 3120 3892 3178 mutationibus

646 3223 792 3294 quod
818 3223 905 3277 illa
932 3230 1053 3293 post
1081 3233 1308 3279 mortem
1340 3239 1445 3278 non
1475 3224 1677 3288 vivunt,
1708 3223 1797 3279 hic
1820 3237 1949 3279 vero
1984 3230 2110 3277 tunc
2136 3222 2216 3276 vi-

2319 3218 2619 3280 tcmporum
2668 3216 2723 3264 et
2766 3218 2897 3266 ortu.
2932 3225 3233 3281 occasuque
3274 3211 3508 3267 siderum
3532 3253 3548 3279 ,
3590 3213 3891 3269 humanam

645 3325 774 3367 vere
803 3312 1041 3378 inchoat,
1065 3327 1187 3367 cum
1216 3328 1312 3382 per
1334 3321 1561 3367 mortem
1586 3311 1767 3369 carnis
1785 3312 1926 3368 hanc
1950 3311 2219 3367 visibilem

646 3400 813 3454 vitam
856 3410 1215 3454 consummat.
1257 3399 1358 3467 Qui
1404 3402 1565 3456 etiam
1598 3401 1752 3469 longe
1793 3400 2016 3457 inferius
2043 3401 2213 3458 dicit:

650 3486 1006 3556 Quodcunque
1029 3495 1193 3557 potest
1222 3503 1408 3541 manus
1435 3496 1525 3541 tua
1550 3487 1739 3556 facere,
1767 3488 2022 3542 instanter
2044 3504 2221 3557 opera-

647 3594 724 3644 re,
750 3579 874 3649 quia
899 3595 990 3633 nec
1019 3594 1166 3648 opus,
1194 3596 1285 3633 nec
1315 3580 1447 3634 ratio
1465 3620 1481 3644 ,
1511 3597 1602 3635 nec
1624 3580 1909 3651 sapientia,
1940 3597 2030 3636 nec
2046 3581 2217 3636 scien—

646 3667 724 3722 tia
745 3668 841 3722 erit
863 3667 1004 3739 apud
1025 3667 1240 3737 inferos,
1279 3684 1381 3738 quo
1416 3678 1471 3723 tu
1497 3676 1742 3740 praperas
1784 3667 1980 3742 (Eccle.
2007 3686 2080 3734 Ix,
2106 3669 2214 3742 10).

650 3755 931 3821 Quomodo
949 3772 1078 3826 ergo
1093 3772 1230 3811 unus
1253 3757 1503 3813 interitus
1529 3766 1611 3813 est
1634 3758 1868 3816 hominis
1891 3770 1945 3815 et
1964 3758 2215 3828 iumenti,

650 3854 706 3899 et
733 3861 885 3914 aequa
914 3847 1192 3917 utriusque
1211 3849 1484 3905 conditio?
1504 3859 1597 3904 aut
1615 3852 1881 3921 quomodo
1900 3853 2034 3908 nihil
2060 3854 2219 3909 habet

650 3935 812 3990 homo
833 3934 1091 4005 iumentis
1117 3939 1346 4008 amplius
1368 3981 1382 4005 ,
1413 3956 1533 3996 cum
1557 3940 1797 4009 iumenta
1832 3952 1954 4014 post
1989 3954 2216 4001 mortem

650 4027 829 4081 carnis
852 4042 961 4081 non
990 4026 1194 4093 vivunt,
1216 4027 1490 4084 hominum
1517 4045 1646 4086 vero
1672 4032 1915 4102 spiritus,
1936 4048 2034 4103 pro
2064 4034 2219 4089 malis

651 4115 764 4170 suis
791 4117 1057 4187 operibus,
1088 4124 1208 4187 post
1237 4125 1465 4173 mortem
1496 4120 1675 4175 carnis
1718 4121 1786 4176 ad
1823 4119 2024 4176 inferos
2054 4122 2221 4177 dedu-

650 4204 745 4269 cti,
773 4222 871 4261 nec
900 4206 952 4260 in
982 4206 1096 4275 ipsa
1118 4216 1288 4261 morte
1310 4208 1629 4264 moriuntur.
1652 4208 1759 4265 Sed
1780 4211 1834 4264 in
1861 4219 2086 4280 utraque
2107 4222 2217 4269 tam

650 4294 852 4365 dispari
895 4298 1158 4351 sententia
1197 4298 1589 4354 demonstratur
1612 4299 1735 4368 quia
1766 4300 2110 4357 concionator
2131 4317 2217 4357 ve-

652 4398 769 4448 rax,
791 4391 844 4439 et
869 4381 997 4440 illud
1019 4400 1084 4440 ex
1114 4387 1405 4442 tentatione
1427 4388 1625 4442 carnali
1649 4388 1845 4453 intulit,
1876 4396 1931 4443 et
1950 4390 2052 4446 hoc
2073 4398 2219 4461 post-

2315 3307 2529 3355 :etatem
2549 3299 2677 3365 labi,
2702 3307 2757 3355 et
2776 3298 2995 3355 interire
3021 3300 3148 3355 dum
3172 3300 3390 3355 nesciat.

2385 3388 2550 3462 414
2593 3389 2759 3445 Vsus.
2790 3388 2841 3444 6.
2863 3417 2938 3430 —-
2983 3387 3138 3444 Vadit
3165 3390 3239 3444 ad.
3265 3390 3533 3458 Austrum,
3561 3400 3608 3446 et
3636 3401 3791 3463 θυι-αι
3814 3393 3892 3449 ad

2316 3477 2643 3549 Aquilonem,
2671 3496 2863 3549 gyrans
2886 3479 3122 3551 gyrando
3152 3481 3289 3534 vadit
3313 3481 3528 3552 spiritus
3551 3498 3642 3552 per
3664 3481 3891 3537 circulos

2315 3583 2457 3621 suos.
2484 3566 2661 3638 Ipsum
2686 3568 2851 3623 solem
2879 3567 3124 3638 spiritum
3159 3569 3471 3633 nominavit,
3498 3570 3623 3638 quia
3661 3569 3887 3636 animet,

2317 3663 2373 3712 et
2396 3655 2641 3727 inspiret,
2666 3664 2722 3712 et
2761 3657 2996 3714 viviﬁcet
3040 3657 3235 3722 omnia,
3262 3657 3401 3712 sicut
3442 3658 3587 3713 veris
3623 3668 3887 3729 tempore,

2317 3745 2373 3800 in
2417 3761 2524 3816 quo
2563 3747 2883 3819 principium
2927 3749 3109 3804 mundi
3161 3747 3455 3803 aestimatur
3484 3760 3626 3811 esse,
3659 3748 3887 3821 singulis

2317 3834 2473 3889 annis
2515 3834 2759 3890 videmus
2784 3854 2796 3889 :
2819 3836 3034 3905 obliqua
3079 3834 3218 3889 enim
3255 3833 3395 3889 linea
3425 3844 3510 3891 est
3538 3836 3745 3892 zodiaci
3772 3837 3883 3892 cir-

2318 3923 2444 3990 culi,
2476 3931 2532 3977 et
2572 3939 2707 3980 zona
2749 3923 2901 3997 [Ms.,
2931 3924 3117 3981 circuli
3142 3922 3317 3996 zona],
3352 3937 3449 3993 per
3488 3940 3653 3994 quam
3691 3940 3884 3981 cursus

2318 4021 2401 4069 est
2425 4014 2571 4070 solis.
2604 4015 2727 4071 Ideo
2752 4015 2980 4071 brumali
3020 4023 3263 4085 tempore
3288 4016 3356 4070 ad
3379 4015 3653 4079 australis,
3677 4016 3886 4072 devexo

2317 4106 2533 4161 tramite
2567 4106 2740 4177 vergit
2783 4107 2882 4172 sol,
2910 4114 2966 4162 et
2990 4107 3185 4162 iterum
3213 4106 3398 4162 aestivo
3422 4106 3624 4162 circulo
3651 4122 3710 4162 se
3744 4108 3888 4164 tollit

2318 4195 2385 4250 ad
2409 4195 2670 4263 borealia,
2703 4212 2772 4253 ne
2796 4199 2843 4254 si
2869 4213 2976 4253 uno
2998 4198 3157 4254 modo
3185 4205 3453 4265 curreret,
3471 4198 3573 4253 alia
3595 4198 3761 4261 calor,
3777 4200 3885 4254 alia

2317 4286 2486 4357 frigus
2532 4296 2888 4343 consumeret.
2931 4287 3103 4344 Aliter
3134 4302 3261 4344 vero
3291 4306 3304 4343 :
3332 4287 3425 4344 Sol
3456 4287 3697 4344 Christus
3739 4287 3889 4344 Deus

2316 4376 2495 4431 omnia
2513 4376 2747 4433 viviﬁcat
2765 4386 2819 4432 et
2838 4377 3103 4432 illuminat
3124 4378 3383 4447 spiritalis
3400 4378 3580 4449 gratiae
3592 4376 3890 4445 splendore

648 4474 866 4530 modum
896 4489 961 4530 ex
989 4475 1213 4545 spiritali
1236 4477 1459 4531 veritate
1486 4478 1741 4533 deﬁnivit.
1781 4498 1800 4530 ι
1833 4478 1941 4534 Has
1974 4495 2101 4535 vero
2139 4481 2218 4535 di-
2245 4514 2293 4575 ο
2317 4475 2372 4524 ει
2396 4468 2614 4534 virtute.
2640 4468 2695 4522 in
2722 4468 2873 4537 cuius
2906 4468 3094 4539 pennis
3137 4470 3340 4523 sanitas
3363 4475 3439 4523 est
3463 4485 3476 4521 =
3502 4466 3591 4536 qui
3615 4467 3889 4575 “credenti

648 4579 836 4619 versas
874 4564 1122 4619 humanae
1159 4565 1352 4620 mentis
1401 4566 1679 4635 opiniones
1723 4566 2010 4637 diligenter
2058 4566 2216 4636 huius
2245 4556 2292 4575 ”
2318 4558 2373 4613 in
2413 4573 2535 4614 eum
2572 4558 2725 4631 [Ms..
2753 4559 2807 4615 in
2836 4560 2923 4617 eoi
2965 4561 3155 4628 oritur.
3182 4569 3238 4616 ει
3287 4558 3484 4615 inﬁde“
3528 4556 3753 4613 cuilibet
3795 4573 3891 4615 σθ’

648 4652 773 4708 libri
820 4652 989 4707 lector
1029 4653 1314 4723 intelligat,
1348 4652 1472 4722 quid
1502 4655 1587 4707 cui
1616 4656 1897 4709 conveniat
1942 4671 2210 4725 personae;

651 4748 706 4793 et
732 4749 918 4797 caveat
942 4756 1007 4794 ne
1035 4741 1087 4794 in
1118 4742 1334 4810 Epicuri
1361 4743 1604 4811 dogmata
1628 4745 1786 4798 cadat
1811 4759 1874 4797 ex
1906 4744 2064 4812 huius
2094 4745 2216 4800 libri

650 4830 898 4897 lectione,
929 4829 974 4885 si
1003 4831 1309 4899 diligentius
1336 4848 1439 4886 non
1470 4833 1716 4887 discutiat
1751 4834 1879 4903 quid
1927 4849 1993 4888 ex
2038 4834 2217 4903 cuius-

648 4935 755 4991 que
775 4936 1013 4990 personte
1045 4922 1339 4977 tentatione
1370 4921 1712 4976 concionator
1738 4924 1837 4975 iste
1864 4922 2075 4976 dixerit.

722 5010 883 5064 Vens.
913 5010 967 5064 2.
988 5040 1057 5049 -
1088 5009 1298 5065 Vanitas
1343 5012 1644 5074 vanitatum,
1676 5010 1807 5063 dixit
1848 5009 2208 5076 Ecclesiastes,

649 5100 850 5153 uanitas
870 5100 1238 5164 vanitatum,et
1260 5100 1433 5153 omnia
1464 5100 1680 5152 vanitas.
1713 5098 1768 5153 Si
1790 5098 1943 5168 iuxta
1974 5100 2212 5156 Psalmo-

649 5186 834 5257 graphi
845 5186 1186 5250 sententiam,
1204 5186 1377 5239 omnis
1391 5186 1550 5240 homo
1564 5186 1748 5240 vivens
1762 5188 1993 5254 vanitas,
2011 5201 2211 5258 quanto

650 5277 821 5348 magis
844 5275 1237 5331 irrationabiles
1258 5284 1517 5330 creatura:
1545 5284 1691 5331 recte
1716 5277 1964 5332 dicuntur
1987 5278 2209 5334 vanitati

648 5362 942 5433 subiacere,
987 5364 1127 5419 sicut
1154 5364 1439 5433 Apostolus
1477 5365 1587 5419 ait:
1623 5362 1853 5421 Vanitati
1890 5368 2023 5420 enim
2066 5384 2211 5423 crea-

649 5459 769 5505 tura
809 5451 1039 5515 subiecta
1082 5459 1158 5505 est
1203 5450 1380 5521 (Rom.
1427 5469 1541 5518 vni,
1587 5452 1713 5524 20)?
1752 5452 2019 5522 Quidquid
2065 5456 2208 5510 enim

652 5537 907 5594 mutabile
950 5544 1051 5603 est,
1074 5546 1129 5593 et
1159 5553 1267 5592 non
1294 5555 1412 5596 esse
1453 5543 1650 5610 poterit
1688 5542 1831 5612 quod
1870 5549 1970 5606 est,
1997 5544 2208 5599 vanitas

650 5629 904 5698 appellari
929 5638 1075 5685 recte
1098 5637 1307 5699 potest:
1334 5648 1458 5687 nam
1496 5632 1635 5689 Dens
1659 5631 1802 5688 solus
1839 5631 2207 5701 immutabilis,

721 5746 749 5779 ι
772 5736 851 5793 Ex
880 5746 1063 5796 sancto
1089 5739 1433 5812 Hieronymo,
1452 5749 1511 5796 ut
1531 5743 1784 5813 pleraque
1803 5741 2099 5811 sequentia.

2318 4648 2469 4702 cidit.

2388 4738 2551 4793 Vsus.
2585 4739 2725 4792 7.—-
2741 4738 2927 4795 Omnia
2950 4742 3169 4811 ﬂumina
3188 4741 3383 4795 intrant
3403 4741 3457 4793 in
3484 4755 3644 4803 mare,
3664 4747 3713 4793 et
3740 4755 3889 4793 mare

2319 4842 2421 4880 non
2466 4827 2745 4893 redundat,
2772 4829 2841 4883 ad
2879 4829 3049 4884 locum
3079 4830 3213 4883 unde
3241 4838 3427 4883 exeunt
3452 4829 3671 4898 ﬂumina
3715 4844 3892 4883 rever-

2317 4921 2521 4980 tuntur,
2549 4923 2604 4968 ut
2654 4916 2840 4970 iterum
2881 4918 3067 4987 ﬂuant.
3117 4918 3308 4972 Dicunt
3347 4916 3682 4988 philosophi,
3713 4931 3890 4986 aquas

2315 5003 2496 5058 dulces
2531 5019 2651 5073 quas
2698 5005 2752 5059 in
2794 5021 2942 5059 mare
2980 5004 3229 5071 inﬂuunt,
3258 5006 3345 5061 vel
3386 5005 3606 5061 ardente
3654 5005 3891 5076 desuper

2291 5090 2426 5159 _sole
2464 5093 2736 5158 consumi,
2765 5092 2849 5147 vel
2873 5093 3156 5164 salsuginis
3181 5096 3347 5149 maris
3375 5108 3493 5149 esse
3519 5093 3735 5163 pabula.
3778 5093 3890 5149 Sed

2317 5178 2415 5252 [et]
2438 5181 2790 5238 Ecclesiastes
2812 5190 3010 5243 noster.
3036 5184 3089 5239 id
3113 5193 3198 5240 est
3215 5184 3463 5240 Christus
3489 5185 3732 5253 ipsarum
3757 5200 3889 5240 con-

2315 5271 2457 5326 ditor
2493 5286 2774 5340 aquarum,
2798 5272 2935 5328 dicit
2974 5271 3124 5345 [Hs.,
3157 5274 3326 5346 ducit]
3366 5289 3461 5330 eas
3503 5290 3598 5345 per
3641 5274 3890 5331 occultas

2314 5367 2471 5414 terrm
2496 5374 2661 5414 venas
2686 5360 2755 5415 ad
2781 5361 2955 5430 capita
2978 5360 3207 5417 fontium
3228 5362 3458 5434 regredi,
3481 5373 3536 5418 et
3562 5363 3629 5418 de
3654 5362 3892 5421 matrice

2314 5445 2507 5516 abysso
2552 5446 2608 5500 in
2655 5463 2751 5502 sua
2791 5462 3003 5519 semper
3026 5449 3218 5505 bullire
3259 5451 3541 5522 principia.
3588 5450 3895 5507 Possumus

2313 5541 2514 5601 tamen,
2548 5536 2648 5592 sub
2689 5535 2966 5594 ﬂuminum
2994 5547 3048 5593 et
3093 5541 3260 5596 maris
3303 5540 3540 5605 nomine,
3565 5554 3665 5608 per
3710 5549 3893 5596 meta-

2314 5623 2536 5693 phoram
2572 5628 2816 5685 homines
2843 5628 2992 5701 [Ms.,
3021 5630 3312 5687 humanum
3339 5629 3527 5703 genus]
3562 5630 3891 5702 intelligere,
