4020 6188
121 189 238 245 673

996 197 1406 252 unusunus.
1445 225 1517 240 --
1560 203 1914 260 ιωιιιιςιητ.
1954 207 2022 261 1N
2058 208 2586 271 ECCLESIASTEN.

3295 228 3400 286 ΘΗ

119 301 219 373 qui
252 301 309 404 in
335 309 556 410 ternm,
581 303 727 360 unde
757 304 957 376 sumpti
983 314 1129 410 sunt,
1157 308 1404 373 redeunt,
1426 317 1710 381 postquam
1739 319 1786 378 Α
1817 315 1970 373 Hanc
2009 325 2396 392 occupationem
2423 329 2702 398 pessimam
2743 333 2884 390 dedit
2913 336 3054 394 Deus
3079 341 3206 410 ﬁliis
3232 344 3402 400 bomi~

118 393 178 448 in
206 392 388 462 primo
411 391 699 448 audierunt
715 402 997 464 peccatore
1024 413 1036 448 :
1069 395 1236 452 Terra
1257 414 1336 465 es,
1360 409 1414 455 et
1435 401 1489 454 in
1517 409 1717 458 terram

117 486 268 553 ibis;
300 500 404 542 nec
428 494 611 542 tamen
639 495 781 544 terra
825 489 1081 560 impletur
1107 492 1448 549 multitudine
1475 504 1716 552 mortuo-

120 591 247 630 ι’·υιιὶ
257 615 272 630 ο

191 664 364 718 Vsus.
399 665 453 720 8.
477 694 547 703 —
566 663 779 719 Cuncta:
803 682 884 720 res
912 665 1141 737 di/ﬁciles
1162 710 1177 736 ,
1208 687 1312 726 non
1352 683 1516 743 potest
1560 676 1714 732 homo

114 773 207 811 eas
246 755 510 827 explicare
553 773 809 811 sermone.
862 757 987 814 Non
1034 771 1308 818 saturatur
1351 767 1533 822 oculus
1577 772 1711 837 visu,

116 862 213 901 nec
250 847 402 901 auris
442 845 689 917 impletur
731 847 936 902 auditu.
977 848 1293 908 Nullatenus
1343 855 1486 910 valet
1533 873 1712 915 sermo

114 936 392 1008 explicare
423 952 616 993 causas
649 946 975 1010 naturasque
1016 957 1226 1011 rerum;
1258 961 1359 1002 nec
1395 949 1582 1005 oculus
1626 967 1712 1006 sa-

117 1027 314 1093 turari,
339 1035 396 1082 ut
417 1027 494 1082 rei
523 1028 694 1098 possit
713 1029 1028 1102 dignitatem
1052 1033 1250 1091 intueri
1281 1035 1429 1109 [Ms.,
1457 1056 1557 1096 nec
1581 1059 1711 1099 ocu-

117 1119 223 1186 lus,
249 1128 312 1174 ut
340 1119 419 1175 rei
457 1120 632 1191 poscit
659 1121 912 1193 dignitas,
941 1123 1195 1198 intueri);
1223 1143 1321 1183 nec
1351 1131 1521 1199 auris,
1553 1133 1707 1189 insti-

118 1219 306 1266 tuente
352 1212 595 1278 doctore,
622 1212 690 1268 ad
716 1229 979 1269 summam
1013 1231 1195 1272 rerum
1226 1218 1472 1276 notitiam
1517 1239 1708 1293 perve-

114 1302 253 1357 nire.
299 1300 436 1356 Nam
475 1302 634 1358 modo
669 1305 849 1358 omnia
893 1299 949 1360 iri
979 1307 1266 1377 aenigmate
1311 1321 1623 1378 cernuntur,
1651 1323 1706 1370 et

113 1408 181 1448 ex
201 1403 364 1464 parte
386 1394 774 1467 intelliguntur,
797 1396 967 1452 donec
990 1397 1231 1469 perfecta
1252 1401 1431 1456 veniat
1456 1403 1700 1472 scientia,

113 1501 233 1556 quae
261 1487 320 1541 in
349 1487 450 1542 hoc
475 1488 691 1542 mortali
715 1502 938 1558 corpore
968 1505 1087 1546 esse
1110 1506 1217 1547 non
1243 1495 1462 1564 poterit.
1498 1496 1701 1554 Tamen

113 1577 229 1634 hac
262 1579 531 1633 sententia
564 1579 795 1634 maxime
825 1587 1012 1634 contra
1047 1597 1140 1637 eos
1173 1583 1284 1655 agit
1321 1586 1433 1656 qui,
1472 1587 1587 1642 sine
1625 1589 1702 1644 la-

1820 425 1964 475 num,
1997 421 2052 465 ut
2080 413 2447 469 distendantur
2469 418 2524 472 in
2549 435 2632 473 ea.
2663 420 2821 477 Dedit
2862 440 3013 495 vero,
3045 429 3200 497 dixit,
3229 448 3293 489 eo
3320 435 3399 490 lo-

1817 500 2047 556 cutionis
2067 518 2262 572 genere
2286 521 2395 576 quo
2423 507 2712 578 Apostolus
2730 515 2798 568 ad
2824 516 3094 575 Romanos
3122 523 3196 576 ait
3223 542 3237 576 :
3264 525 3396 580 Tra-

1815 591 1948 645 didit
1991 609 2078 646 eos
2118 594 2256 649 Deus
2294 597 2350 650 in
2395 601 2672 668 reprobum
2717 621 2922 660 sensum
2951 609 3128 679 (Rom.
3159 629 3198 678 ι,
3230 614 3304 685 6).
3338 617 3396 670 id

1813 689 1917 747 est,
1948 687 2194 752 permisit
2239 701 2350 750 eos,
2401 699 2619 760 propter
2667 698 3021 763 prtecedentia
3065 713 3308 772 peccata,
3339 707 3393 760 in

1814 774 2101 842 reprobum
2141 777 2332 832 cadere
2371 793 2608 835 sensum.
2641 782 2927 855 Pmposuit
2957 805 3084 861 ergo
3124 794 3394 850 Ecclesia-

1811 871 1936 925 stes,
1967 866 2142 934 primo
2165 863 2328 937 415
2365 871 2608 925 omnium
2651 889 2746 929 cor
2780 891 2934 931 suum
2978 883 3044 934 ad
3075 884 3391 950 sapientiam

1810 955 2219 1024 requirendam,
2249 967 2304 1012 et
2343 960 2485 1015 ultra
2532 962 2735 1020 licitum
2767 983 2825 1023 se
2864 975 3179 1038 extendens,
3226 979 3392 1032 voluit

1808 1058 2001 1099 causas
2031 1045 2372 1116 rationesque
2413 1063 2754 1119 cognoscere,
2786 1071 2953 1124 quare
2981 1063 3187 1127 parvuli
3221 1066 3393 1119 corri-

1806 1144 2065 1205 perentur
2100 1151 2131 1190 a
2168 1137 2430 1204 dtemone,
2457 1156 2555 1195 cur
2601 1143 2880 1216 naufragia
2926 1149 3043 1217 pios
3092 1151 3390 1223 impiosque

1804 1225 2010 1294 pariter
2033 1227 2422 1282 absorberent:
2449 1239 2628 1284 utrum
2659 1233 2774 1288 haec
2800 1243 2854 1288 et
2882 1237 2967 1291 his
2996 1239 3190 1295 similia
3224 1257 3386 1297 causa

1807 1311 1960 1384 [Ms.,
1989 1313 2140 1387 casu]
2166 1316 2462 1383 evenirent,
2490 1334 2556 1373 an
2581 1318 2785 1388 judicio
2813 1325 2904 1379 Dei
2945 1335 3000 1381 et
3025 1331 3382 1398 providentia.

1806 1400 1863 1457 Si
1910 1419 2016 1458 non
2041 1403 2267 1474 judicio,
2300 1408 2390 1462 ubi
2420 1411 2756 1476 providentia
2786 1414 2880 1470 Dei
2905 1417 2968 1471 a?
3017 1418 3162 1486 Hcec,
3187 1421 3384 1492 inquit,

1802 1510 1960 1550 nosse
1985 1496 2315 1564 desiderans,
2344 1499 2583 1556 intellexi
2608 1503 2932 1573 superﬂuam
2956 1524 3163 1575 curam,
3195 1521 3247 1566 et
3277 1513 3384 1568 sol.

1801 1588 2133 1644 licitudinem
2169 1605 2266 1659 per
2293 1591 2503 1647 diversa
2551 1596 2904 1664 cruciantem,
2935 1616 2965 1653 a
2997 1601 3106 1656 Deo
3148 1604 3381 1661 homini-

113 1669 246 1722 bore
271 1676 328 1723 et
347 1668 584 1724 discendi
606 1669 803 1735 studio,
828 1679 1136 1725 sanctarum
1168 1670 1568 1744 Scripturarum
1597 1678 1696 1734 sibi
1730 1661 1775 1720 Β
1802 1682 1905 1738 bus
1931 1683 2138 1747 datam,
2169 1691 2231 1738 ut
2274 1685 2413 1740 scire
2443 1689 2659 1757 cupiant
2689 1691 2830 1758 quod
2869 1661 3006 1747 scire
3035 1709 3141 1748 non
3175 1695 3380 1752 licitum

110 1761 363 1814 notitiam
405 1761 746 1830 promittunt,
774 1762 1106 1820 aestimantes
1143 1779 1200 1820 se
1249 1767 1542 1840 sapientes,
1576 1785 1698 1826 cum

110 1863 236 1909 sunt
272 1855 606 1924 insipientes.

182 1947 351 2002 Vitas.
383 1947 434 2012 9,
472 1945 560 2001 10.
582 1975 654 1988 —
683 1946 824 2013 Quid
865 1957 939 2004 est
968 1951 1109 2021 quod
1151 1952 1293 2022 fuit?
1335 1955 1528 2025 ipsum,
1557 1957 1697 2026 quod

111 2038 349 2107 futurum
375 2046 472 2092 est.
507 2037 646 2104 Quid
675 2049 749 2093 est
781 2042 921 2111 quod
949 2042 1148 2112 factum
1188 2046 1306 2098 est?
1335 2048 1524 2117 ipsum,
1556 2049 1694 2120 quod

107 2127 411 2196 faciendum
435 2137 530 2182 est.
572 2128 721 2182 Nihil
745 2130 838 2184 sub
872 2129 980 2186 sole
1010 2148 1217 2200 novum,
1245 2151 1337 2189 nec
1376 2135 1509 2191 valet
1551 2139 1694 2208 quis-

109 2238 268 2291 quam
299 2222 492 2289 dicere,
531 2239 646 2278 ecce
692 2224 790 2278 hoc
824 2241 999 2280 recens
1033 2235 1127 2281 est.
1159 2227 1236 2283 De
1269 2231 1478 2285 naturis
1505 2232 1558 2285 in
1583 2232 1692 2300 pri-

110 2309 324 2364 mordio
339 2310 526 2364 mundi
541 2313 738 2367 creatis
758 2313 971 2368 videtur
989 2315 1183 2380 dicere,
1200 2324 1254 2371 et
1275 2317 1340 2372 de
1355 2320 1692 2376 successione

108 2415 318 2466 earum,
365 2402 634 2470 quomodo
678 2403 919 2471 veniunt,
967 2412 1020 2459 et
1067 2408 1337 2476 quomodo
1385 2417 1688 2466 transeunt.

106 2489 268 2544 Verbi
317 2490 526 2560 gratia:
554 2490 678 2546 dum
723 2493 884 2548 homo
927 2495 1193 2560 moritur,
1225 2496 1386 2550 homo
1428 2500 1685 2554 nascitur.

100 2579 306 2636 Eadem
335 2589 529 2635 natura
569 2579 668 2636 fuit
690 2583 991 2650 morientis,
1024 2599 1145 2652 quae
1173 2594 1227 2640 et
1257 2588 1531 2642 nascentis
1557 2589 1683 2642 erit.

99 2670 367 2726 Similiter
392 2673 457 2726 de
480 2673 684 2738 avibus,
709 2674 966 2744 piscibus,
993 2677 1332 2746 serpentibus
1360 2686 1414 2732 et
1437 2680 1688 2736 omnibus

97 2762 490 2828 animantibus,
521 2765 920 2837 intelligendum
947 2775 1046 2831 est,
1081 2784 1181 2825 nec
1207 2785 1314 2826 non
1343 2771 1397 2825 in
1422 2773 1606 2829 herbis
1631 2784 1686 2830 et

98 2855 392 2910 arboribus
437 2857 753 2927 ueterisque
803 2873 984 2912 rerum
1028 2861 1256 2925 naturis,
1303 2863 1437 2916 nihil
1487 2879 1684 2920 novum

99 2946 380 3002 invenitur
398 2949 539 3017 quod
565 2957 687 3004 ante
711 2965 818 3004 non
843 2958 983 3006 esset
1006 2966 1021 3004 :
1044 2952 1174 3006 nihil
1201 2954 1522 3025 periturum,
1539 2957 1682 3025 quod

1797 1780 1898 1828 est.
1947 1774 2013 1827 Et
2054 1775 2157 1829 hoc
2201 1783 2422 1846 propter
2466 1779 2869 1845 curiositatem,
2901 1783 2954 1835 in
2994 1799 3155 1852 quam
3185 1801 3243 1840 se
3282 1803 3378 1842 sua

1796 1871 1984 1933 sponte
2006 1864 2324 1934 iujecerunt,
2351 1867 2598 1936 permisit
2617 1884 2710 1923 eos
2733 1870 2875 1924 Deus
2896 1870 2972 1942 [in
3003 1873 3106 1946 eis]
3133 1875 3380 1933 laborare

1796 1953 2076 2008 eventibus
2102 1954 2226 2008 vitae
2251 1952 2428 2022 hujus,
2460 1955 2514 2009 in
2543 1957 2738 2025 quibus
2763 1959 2965 2014 nullam
2999 1963 3268 2019 rationem
3296 1966 3377 2020 in-

1793 2043 1978 2100 venire
2004 2044 2306 2099 valuerunt.

1863 2136 2029 2192 Vnus.
2061 2135 2233 2190 M.—
2268 2134 2383 2190 Vidi
2407 2154 2524 2209 quae
2547 2139 2680 2208 ﬁunt
2707 2150 2893 2196 cuncta
2921 2143 3015 2197 sub
3040 2144 3166 2212 sole,
3190 2154 3236 2200 et
3260 2164 3374 2202 ecce

1791 2229 2031 2283 uniuersa
2076 2230 2275 2282 vanitas
2298 2270 2312 2293 ,
2343 2239 2390 2283 et
2424 2232 2631 2302 aﬂlictio
2678 2235 2912 2303 spiritus.
2955 2237 3126 2292 Aliter
3156 2237 3245 2310 [In
3271 2257 3370 2295 ms.

1790 2317 1947 2372 aliter
1985 2317 2179 2391 omitt.]
2209 2329 2292 2374 est
2327 2336 2552 2376 sensus:
2577 2322 2925 2382 Consideravi
2971 2330 3220 2385 universa
3255 2347 3375 2402 quas

1791 2407 1846 2462 in
1871 2409 2069 2463 mundo
2096 2419 2240 2475 sunt,
2266 2419 2322 2465 et
2348 2412 2484 2467 nihil
2509 2413 2652 2468 aliud
2677 2415 3004 2486 deprehendi
3028 2435 3188 2490 quam
3217 2424 3370 2478 vani-

1790 2506 1954 2553 tatem
2000 2506 2054 2553 et
2105 2500 2379 2561 malitiam.
2411 2503 2463 2556 id
2489 2511 2572 2557 est
2615 2507 2863 2562 miserias
2907 2511 3149 2578 spiritus,
3175 2515 3373 2581 quibus

1789 2589 2000 2644 animus
2048 2589 2276 2644 diversis
2327 2590 2583 2662 fatigatur
2638 2597 3068 2664 cogitationibus.
3131 2601 3370 2658 Laborat

1790 2676 1942 2750 μη,
1969 2678 2142 2752 labor]
2170 2681 2383 2750 sapiens
2422 2698 2747 2755 cognoscere
2789 2687 2933 2756 quod
2975 2688 3224 2746 humanae
3258 2708 3367 2747 non

1787 2777 1871 2823 est
1899 2770 2081 2824 datum
2111 2773 2385 2841 sapientiae
2411 2775 2569 2829 scire.

1855 2860 2021 2915 Vens.
2053 2862 2138 2915 15.
2159 2849 2230 2902 -ὲ
2253 2863 2493 2918 Perversi
2535 2866 2741 2936 diﬁicile
2769 2880 3122 2940 corriguntur,
3153 2882 3202 2928 et
3225 2873 3362 2928 stulo

1785 2960 1958 3004 torum
1989 2952 2224 3020 inﬁnitus
2267 2963 2338 3008 est
2370 2971 2632 3009 numerus.
2665 2956 2985 3013 Sanctorum
3012 2963 3365 3019 numerabilis

96 3044 285 3104 postea
312 3053 420 3091 non
447 3037 540 3092 liat
571 3037 722 3110 [Hs.,
749 3039 883 3112 ﬁet].
914 3041 1035 3097 ldeo
1064 3042 1194 3096 dicit
1237 3041 1513 3114 Scriptura
1538 3065 1548 3100 :
1577 3047 1681 3104 Re-
1703 3033 1752 3094 C
1782 3050 1866 3097 est
1909 3044 2212 3110 multitudo,
2256 3045 2539 3100 stultorum
2587 3063 2714 3102 vero
2761 3053 3104 3122 congregatio
3143 3069 3248 3109 non
3280 3062 3365 3110 est

93 3129 303 3198 quievit
336 3129 478 3184 Deus
510 3131 595 3186 die
623 3131 851 3202 septimo
880 3134 947 3188 ab
971 3136 1224 3191 omnibus
1248 3139 1503 3206 Operihus
1544 3141 1677 3207 suis,

93 3219 146 3273 id
175 3227 281 3286 est,
305 3237 338 3276 a
367 3237 623 3277 novarum
653 3225 927 3280 creatione
954 3235 1268 3282 naturarum
1295 3232 1546 3297 cessavit,
1571 3249 1678 3288 non

92 3325 121 3362 a
150 3313 561 3382 gubernatione,
595 3314 660 3370 de
688 3329 792 3385 qua
821 3316 934 3386 ipsa
961 3318 1175 3372 Veritas
1203 3320 1279 3373 ait
1303 3335 1317 3373 :
1343 3319 1506 3376 Pater
1534 3340 1677 3379 meus

91 3418 254 3473 usque
273 3404 435 3458 modo
461 3415 717 3475 ope-ratur,
743 3417 792 3462 et
817 3426 908 3479 ego
940 3427 1142 3480 operor.
1183 3411 1334 3468 Unde
1354 3429 1416 3468 ex
1447 3416 1678 3485 primor-

90 3492 324 3548 dialibus
353 3503 718 3552 creaturarum
744 3498 1040 3555 seminibus
1063 3500 1228 3556 totius
1251 3504 1434 3558 steculi
1465 3513 1676 3575 tempus

91 3586 326 3640 naturali
355 3601 516 3642 cursu
540 3590 830 3661 peragitur.

158 3676 328 3730 Vens.
365 3677 450 3731 11.
481 3709 549 3718 —
579 3679 703 3733 lam
733 3681 871 3734 enim
898 3683 1160 3752 prmcessit
1203 3685 1260 3738 in
1303 3687 1528 3752 steculis,
1557 3706 1674 3760 qua:
1700 3757 1704 3760 ﬁ

89 3767 302 3835 fuerunt
331 3779 451 3823 ante
477 3787 591 3826 nos.
625 3770 748 3826 Non
780 3782 854 3828 est
892 3774 1128 3843 priorum
1153 3779 1428 3844 memoria,
1454 3780 1546 3833 sed
1579 3797 1673 3835 nec

87 3874 265 3912 eorum
299 3861 508 3930 quidem
549 3879 665 3932 qua:
706 3872 820 3934 post
865 3863 1049 3932 futura
1076 3874 1220 3931 sunt,
1255 3868 1352 3920 erit
1380 3870 1671 3924 recordatio

87 3950 230 4019 apud
255 3967 343 4004 eos
368 3952 457 4020 qui
484 3951 651 4022 futuri
679 3962 801 4007 sunt
821 3953 876 4007 in
898 3954 1194 4008 novissimo.
1228 3957 1378 4011 Sicut
1399 3957 1671 4026 prteterita

86 4055 206 4110 quae
239 4041 371 4096 olim
415 4042 658 4107 fuerunt,
693 4046 833 4115 apud
871 4060 970 4100 nos
1017 4047 1298 4102 abscondit
1345 4048 1561 4112 oblivio,
1592 4049 1672 4104 sic

87 4144 150 4184 ea
194 4145 317 4200 qua:
349 4145 494 4187 nunc
541 4134 819 4188 nobiscum
866 4135 1276 4205 praesentialiter
1308 4137 1461 4202 ﬁunt,
1492 4139 1547 4193 hi
1577 4138 1669 4208 qui

86 4223 232 4276 nasci
259 4223 480 4288 habent,
505 4225 645 4280 scire
666 4241 771 4280 non
796 4235 1062 4296 poterunt.
1083 4227 1216 4294 Quia
1239 4238 1430 4284 cuncta
1453 4231 1667 4285 silentio

82 4313 355 4381 peribunt,
380 4321 436 4368 et
460 4316 611 4384 quasi
629 4332 737 4371 non
761 4316 977 4381 fuerint,
1001 4319 1417 4385 abscondentur,
1444 4328 1500 4374 et
1519 4335 1663 4376 com-

1782 3150 2009 3190 numero
2037 3137 2216 3206 digna.
2247 3135 2382 3208 Tale.
2411 3138 2540 3206 quid
2565 3147 2619 3192 et
2649 3139 2930 3196 Psalmista
2969 3143 3046 3196 ait
3071 3158 3085 3196 :
3109 3143 3362 3200 Dinume-

1783 3227 1908 3280 rabo
1937 3244 2043 3293 eos,
2072 3228 2123 3282 id
2154 3235 2236 3283 est
2279 3238 2491 3284 sanctos
2510 3271 2524 3296 ,
2556 3249 2711 3302 super
2751 3249 2964 3286 arenam
2995 3237 3158 3289 maris
3186 3235 3361 3307 (Psal.

1778 3332 2042 3383 cxxxvm,
2071 3318 2180 3389 18),
2207 3319 2261 3373 id
2291 3328 2374 3373 est
2409 3320 2600 3376 stultos
2626 3323 2718 3392 qui
2744 3338 2924 3378 arenae
2953 3334 3355 3395 comparantur.

1781 3405 1931 3462 Sicut
1951 3408 2015 3462 ad
2037 3408 2307 3464 Abraham
2330 3410 2588 3464 Dominus
2608 3412 2741 3466 dixit
2765 3427 2779 3466 :
2804 3412 2871 3466 Et
2892 3415 2990 3467 erit
3013 3431 3187 3470 semen
3209 3425 3358 3470 tuum

1776 3496 1909 3550 sicut
1937 3496 2098 3551 stellae
2124 3497 2255 3563 coeli,
2285 3506 2332 3551 et
2356 3499 2490 3552 sicut
2516 3516 2676 3553 arena
2699 3503 2860 3554 maris
2891 3500 3043 3572 (Gen.
3073 3518 3207 3567 χχιι,
3241 3503 3352 3572 17).

1775 3584 1833 3638 In
1875 3586 2046 3640 stellis
2073 3587 2306 3658 intellige
2336 3596 2572 3652 sanctos,
2604 3590 2669 3643 de
2698 3591 2891 3658 quibus
2919 3589 3205 3645 Psalmista
3234 3593 3311 3646 ait
3335 3611 3350 3646 :

1777 3678 1881 3745 Qui
1921 3690 2158 3734 numerat
2200 3681 2586 3734 multitudinem
2615 3681 2904 3747 stellarum,
2937 3691 2986 3736 et
3009 3684 3248 3738 omnibus
3277 3687 3352 3741 eis

1774 3771 1986 3824 nomina
2034 3781 2179 3824 vocat
2225 3770 2450 3841 (Psalm.
2497 3787 2678 3835 cxu't,
2727 3769 2804 3842 4).
2850 3772 2906 3826 In
2944 3788 3130 3841 arena,
3169 3790 3356 3846 pecca-

1772 3870 1948 3928 tores,
1999 3863 2064 3917 dc
2107 3861 2302 3930 quibus
2347 3861 2544 3916 dicitur
2570 3880 2582 3914 :
2609 3861 2904 3916 Perdentnr
2946 3877 3243 3936 peccatores
3286 3869 3351 3923 de

1771 3964 1931 4007 terra.

1841 4043 2005 4097 Vens.
2041 4042 2127 4097 l6.
2153 4041 2307 4096 —In
2352 4041 2506 4096 corde
2551 4059 2662 4096 meo
2701 4040 2904 4096 locutus
2948 4058 3084 4108 sum,
3122 4043 3300 4098 dicens
3326 4060 3347 4098 :

1768 4150 1882 4188 ecce
1908 4149 2126 4203 magnus
2155 4133 2368 4202 e/fectus
2397 4149 2534 4198 sum,
2558 4141 2603 4186 et
2627 4133 2865 4202 pra’cessi
2889 4133 3146 4202 sapientia
3172 4149 3347 4188 omnes

1766 4225 1855 4293 qui
1884 4223 2094 4293 fuerunt
2123 4231 2242 4276 ante
2268 4239 2348 4276 me
2372 4223 2426 4276 in
2459 4222 2810 4288 Hierusalem,
2835 4231 2882 4276 et
2911 4239 3053 4278 mens
3082 4240 3196 4278 mea
3223 4239 3348 4278 con-

1766 4313 2016 4384 temptata
2041 4323 2114 4368 est
2142 4313 2305 4368 multa
2329 4315 2608 4385 sapienter,
2635 4325 2681 4368 et
2709 4314 2913 4368 didicit.
2933 4313 3183 4385 Legimus
3209 4321 3264 4370 et
3289 4314 3345 4368 in

82 4401 320 4469 plebitur
347 4405 436 4459 illa
457 4408 760 4462 sententia:
796 4405 1009 4462 Vanitas
1035 4410 1344 4475 vanitatum,
1374 4412 1548 4465 omnia
1574 4429 1663 4466 υα-
1690 4387 1740 4447 Ῐ)
1767 4407 1971 4477 Regum
1995 4406 2162 4471 libris,
2195 4406 2376 4460 multa:
2403 4407 2677 4474 sapientia:
2710 4405 2873 4459 fuisse
2899 4404 3264 4469 Salomonem.
3289 4412 3346 4460 et

83 4493 241 4548 nitas.
276 4492 524 4566 [Vanitas
581 4499 893 4572 uanitatum]
922 4501 1044 4569 quia
1076 4503 1256 4557 omnia
1289 4512 1587 4568 transeunt,
1611 4513 1668 4560 et

81 4597 233 4638 more
277 4583 494 4642 ﬂuentis
544 4603 698 4659 aqua:
741 4591 964 4656 vadunt,
997 4599 1052 4648 et
1098 4609 1202 4648 non
1245 4596 1516 4650 redibunt.
1564 4595 1662 4652 Cui

77 4677 361 4734 sententiae
387 4687 533 4736 totus
554 4683 787 4737 mundus
814 4684 966 4740 testis
995 4693 1098 4750 est,
1127 4695 1182 4740 et
1218 4689 1453 4742 maxime
1476 4689 1664 4744 buma-

74 4777 206 4819 num
233 4781 422 4838 genus.

73 4920 82 4938 ἶ
147 4855 318 4911 Vens.
347 4858 431 4914 12.
459 4892 530 4902 —-—
568 4862 682 4933 Ego
727 4863 1070 4921 Ecclesiastes
1114 4866 1195 4937 fui
1239 4883 1330 4922 rex
1375 4865 1575 4936 Israel,
1601 4870 1657 4923 in

72 4940 431 5002 Hierusalem.
463 4950 750 5023 Hucusque
777 4954 1022 5024 praefatio
1050 4957 1372 5028 generaliter
1411 4959 1478 5013 de
1500 4958 1658 5028 hujus

70 5036 250 5089 saeculi
298 5039 630 5098 vanitatibus
652 5044 909 5114 disputat.
951 5047 1086 5104 Hinc
1109 5049 1177 5103 ad
1201 5049 1546 5120 semetipsum
1572 5065 1657 5104 rc-

68 5125 161 5191 dit,
183 5135 241 5182 et
260 5129 390 5198 quis
413 5141 574 5196 esset,
598 5137 867 5202 ostendit;
895 5139 976 5194 vel
1000 5141 1269 5209 quomodo
1288 5141 1660 5212 experimento

65 5215 244 5269 omnia
275 5222 590 5287 cognoverit
610 5231 664 5278 et
684 5224 951 5282 docuerit.
975 5228 1096 5284 ideo
1118 5240 1509 5302 consequenter
1531 5232 1657 5287 sub—

57 5301 238 5370 iunxit
268 5326 285 5361 :
1309 5301 1313 5302 ν
1567 5372 1574 5375 ,

131 5393 308 5450 Vnus.
347 5398 435 5454 i3.
462 5430 538 5444 —
556 5402 624 5457 Et
648 5408 896 5476 proposui
923 5409 979 5462 in
1005 5410 1177 5464 animo
1203 5427 1315 5464 meo
1339 5428 1572 5482 quwrere
1606 5422 1655 5467 et

60 5480 378 5558 investigare
407 5492 671 5561 sapienter
696 5495 761 5551 de
805 5497 1044 5552 omnibus
1085 5513 1202 5562 qua:
1225 5480 1360 5567 [iant
1403 5500 1496 5554 sub
1524 5499 1652 5555 sole.

1765 4497 1870 4552 hoc
1896 4513 1926 4550 a
1953 4497 2064 4551 Deo
2088 4495 2320 4565 speciale
2340 4496 2536 4549 donum
2558 4510 2668 4562 prae
2695 4494 2906 4549 caeteris
2935 4495 3116 4549 saaculi
3141 4495 3342 4551 divitiis

1761 4589 1849 4643 vel
1887 4588 2184 4643 honoribus
2212 4585 2512 4656 postulasse
2545 4583 2666 4654 (III
2691 4583 2820 4654 Reg.
2851 4582 2954 4656 ιιι).
3001 4583 3180 4640 Mundi
3211 4601 3342 4658 ergo

1763 4677 1944 4734 cordis
1986 4676 2175 4733 oculus
2215 4674 2440 4728 multam
2470 4674 2789 4742 sapientiam
2815 4683 2872 4729 et
2902 4676 3182 4730 scientiam
3206 4691 3337 4733 con.

1763 4777 1964 4826 tuetur.
1988 4769 2111 4824 ideo
2136 4782 2242 4822 non
2263 4767 2358 4831 ait,
2377 4765 2600 4820 multam
2632 4765 2950 4835 sapientiam
2984 4775 3040 4821 et
3059 4760 3338 4823 scientiam

1758 4877 1877 4917 sum
1921 4861 2153 4926 locutus,
2182 4859 2276 4915 sed
2305 4857 2550 4931 [multam
2596 4858 2914 4928 sapientiam
2940 4867 2995 4914 et
3028 4857 3333 4932 scientiam]

1758 4952 1893 5006 vidit
1919 4968 2017 5008 cor
2043 4966 2220 5007 meum
2246 4965 2261 5004 :
2285 4965 2393 5006 non
2435 4950 2578 5005 enim
2623 4964 2910 5020 possumus
2948 4949 3125 5020 eloqui
3153 4951 3334 5007 omnia

1758 5059 1880 5115 quas
1924 5042 2407 5099 sentimus:latior
2446 5048 2530 5098 est
2566 5041 2711 5095 enim
2761 5040 2941 5095 cordis
2984 5040 3333 5113 intelligentia

1757 5151 1918 5206 quam
1946 5134 2057 5189 oris
2090 5132 2478 5202 interpretatio.

1829 5227 1994 5281 Vnus.
2026 5224 2111 5278 l7.
2131 5253 2203 5263 —-
2224 5222 2358 5276 Dedi
2378 5239 2580 5294 quoque
2600 5239 2690 5277 cor
2709 5238 2900 5288 meum,
2923 5230 2979 5275 ut
3005 5222 3188 5276 scirem
3207 5237 3336 5294 pru-

1760 5315 2012 5378 dentiam,
2039 5322 2192 5383 atque
2216 5311 2530 5377 doctrinam,
2557 5329 2859 5382 erroresque
2884 5321 2932 5366 et
2958 5311 3256 5380 stultitiam,
3282 5321 3333 5369 et

1759 5403 1944 5474 agnovi
1971 5402 2110 5474 quod
2138 5401 2190 5456 in
2217 5401 2298 5455 his
2324 5416 2525 5472 quoque
2546 5410 2674 5456 esset
2696 5399 2846 5459 labor
2871 5409 2920 5454 et
2942 5401 3148 5472 afflictio
3172 5402 3331 5474 spiri-

1759 5504 1862 5551 tus.
1893 5494 2176 5551 Contraria
2223 5492 2512 5550 contrariis
2554 5492 2943 5563 intelliguntur,
2987 5502 3042 5551 et
3071 5495 3334 5570 sapientia

123 5605 155 5639 ι
178 5595 336 5674 Lege
367 5616 437 5658 ex
466 5611 655 5663 sancto
683 5604 1011 5679 Hieronymo
1036 5606 1093 5663 in
1119 5607 1263 5664 hunc
1290 5608 1468 5666 locum
1494 5627 1506 5664 :
1531 5627 1550 5664 ι
1579 5611 1647 5668 Et
1670 5610 1717 5669 si
1738 5626 1887 5680 casu,
1915 5609 2006 5668 ubi
2028 5607 2402 5683 providentia?
2431 5607 2488 5665 Si
2507 5605 2733 5681 judicio,
2755 5609 2846 5667 ubi
2869 5609 3110 5682 )ustitia?
3127 5630 3147 5664 ο
