4020 6186
614 263 717 322 675

1437 269 1443 272 ··
1461 250 1526 307 Β.
1566 249 1628 306 Ρ.
1669 246 1896 305 ΑιΒῐΝι
1937 245 2071 306 SEU
2112 239 2386 307 ALCUlNl
2419 239 2714 306 OPEBUM
2745 241 2927 305 PARS
2961 244 3024 304 Π.

3793 248 3903 308 676

610 377 787 450 prima
827 379 912 429 est
955 368 1183 427 stultitia
1221 365 1480 423 caruisse.
1526 359 1771 420 Stultitia
1800 370 1978 418 autem
2009 376 2195 417 carere
2228 364 2272 424 Α
2299 363 2643 428 minantium;
2671 360 2877 433 possedi
2906 373 3082 416 servos
3111 365 3159 413 et
3183 357 3428 426 ancillas,
3453 361 3783 435 multamque
3823 366 3904 434 [ας

615 484 724 525 non
749 471 962 537 potest,
989 461 1094 516 nisi
1122 459 1216 530 qui
1259 456 1583 513 intellexerit
1611 471 1752 511 eam.
1788 454 1941 509 Unde
1963 460 2020 509 et
2042 453 2197 524 plura

614 564 739 614 sunt
767 556 821 609 in
864 553 1026 609 rebus
1054 549 1217 605 noxia
1261 554 1465 611 creata,
1494 552 1572 610 ut,
1601 545 1729 599 dum
1756 543 1991 598 vitamus
2016 556 2102 607 ea,
2131 539 2200 596 ad

609 645 931 716 sapientiam
960 639 1292 696 erudiamur.
1341 633 1588 705 Equalis
1611 648 1742 703 ergo
1785 632 1946 687 studii
1973 630 2074 685 fuit
2100 630 2200 685 Sa-

570 789 575 798 ,
610 735 810 792 lomoni
853 735 996 790 scire
1042 733 1382 801 sapientiam,
1433 741 1674 782 errorem
1703 733 1759 780 et
1791 724 2099 788 stultitiam,
2141 729 2202 777 ut

612 827 666 881 in
712 825 1026 896 appetendis
1055 823 1193 886 aliis,
1224 829 1280 874 et
1307 819 1426 873 aliis
1458 815 1814 879 declinandis,
1837 815 2084 870 veracius
2109 828 2198 868 sa-

608 917 810 988 pientia
833 916 1173 986 probaretur.
1203 913 1270 966 Et
1295 910 1488 980 agnovi
1519 907 1663 978 quod
1690 907 1745 961 in
1767 905 2075 976 huiusmodi
2104 917 2198 959 co-

613 1006 965 1078 gitationibus
1022 1001 1241 1058 aﬂlictio
1290 1000 1513 1070 spiritus
1541 1005 1596 1053 et
1638 995 1975 1066 perturbatio
2033 993 2201 1048 animi

615 1103 778 1150 esset.

686 1187 854 1242 Vens.
887 1185 973 1240 18.
996 1215 1067 1225 -—
1095 1182 1170 1237 Eo
1193 1185 1332 1252 quod
1361 1182 1412 1235 in
1450 1185 1616 1233 multa
1645 1184 1901 1248 sapientia
1945 1173 2110 1228 multa
2134 1169 2203 1229 sit

611 1279 944 1350 indignatio;
985 1287 1033 1330 et
1079 1276 1168 1346 qui
1213 1274 1361 1328 addit
1407 1273 1701 1335 scientiam,
1746 1269 1893 1324 addit
1943 1268 2196 1322 dolorem.

613 1370 826 1435 Quanto
881 1366 1055 1437 magis
1108 1365 1230 1433 quis
1284 1365 1599 1435 sapientiam
1654 1363 1814 1419 fuerit
1859 1369 2196 1424 consecutus,

615 1467 764 1513 tanto
792 1456 913 1528 plus
956 1455 1265 1526 indignatur
1309 1454 1590 1523 subiacere
1628 1453 1782 1526 [Ms.,
1826 1451 2112 1524 subjicere]
2143 1463 2202 1506 se

611 1549 780 1613 vitiis,
811 1557 864 1602 et
888 1545 1075 1616 procul
1107 1559 1226 1600 esse
1253 1559 1283 1598 a
1310 1545 1604 1599 virtutibus
1644 1559 1778 1613 quas
1815 1543 2044 1611 requirit
2071 1559 2083 1595 :
2107 1541 2203 1596 do-

612 1638 687 1692 let
712 1635 1094 1705 ignorantiam,
1125 1634 1252 1688 dum
1297 1634 1490 1702 quaerit
1533 1634 1834 1689 scientiam.
1864 1632 2116 1702 lntelligit
2144 1646 2203 1687 se

2298 454 2499 508 miliam
2528 453 2722 519 habui;
2753 461 2990 508 armenta
3015 468 3219 524 quoque
3242 460 3292 507 et
3329 469 3548 525 magnos
3571 454 3754 509 ovium
3787 472 3905 527 gre-

2297 565 2402 620 ges,
2427 546 2568 601 ultra
2606 563 2787 601 omnes
2827 546 2917 617 qui
2947 545 3158 615 fuerunt
3183 553 3305 598 ante
3333 560 3412 599 me
3437 545 3493 600 in
3516 544 3904 615 Hierusalem;

2299 638 2597 693 coacervavi
2639 637 2768 692 mihi
2806 645 3112 707 argentum,
3143 643 3192 689 et
3237 650 3448 702 aurum,
3477 645 3526 689 et
3569 635 3902 692 substantias

2299 747 2475 801 regum
2502 738 2550 783 et
2589 728 3014 800 provinciarum;
3044 725 3147 795 feci
3182 725 3311 780 mihi
3339 735 3602 790 cantores,
3624 736 3675 781 et
3719 738 3905 782 canta-

2298 823 2450 876 trices
2473 829 2520 874 et
2545 818 2760 873 delicias
2785 816 3020 888 filiorum
3043 815 3332 881 hominum,
3351 817 3571 886 scyphos
3594 827 3644 871 et
3662 817 3903 874 urceolos

2297 913 2353 966 in
2391 910 2678 965 ministerio
2709 908 2778 962 ad
2816 909 2939 962 vina
2967 907 3237 978 fundenda
3259 923 3278 960 :
3302 915 3350 960 et
3372 920 3745 978 supergressus
3789 927 3903 964 sum

2292 1001 2480 1072 apibus
2512 1015 2708 1066 omnes,
2749 998 2842 1069 qui
2885 997 3097 1069 fuerunt
3140 1005 3258 1051 ante
3306 1014 3387 1051 me
3433 997 3491 1051 in
3534 997 3898 1054 Hierusalem.

2301 1091 2570 1163 Sapientia
2600 1107 2802 1162 quoque
2827 1089 3174 1161 perseveravit
3200 1106 3422 1143 mecum.
3456 1089 3527 1144 Et
3562 1091 3746 1144 omnia
3786 1108 3901 1160 qua:

2299 1178 2726 1238 desideraverunt
2747 1181 2885 1236 oculi
2908 1181 3029 1246 mei,
3055 1197 3159 1235 non
3187 1182 3371 1252 negavi
3392 1181 3466 1234 eis
3484 1191 3502 1247 ς
3535 1198 3628 1235 nec
3655 1182 3898 1252 prohibui

2297 1291 2390 1328 cor
2414 1291 2606 1337 meum,
2628 1274 2756 1345 quin
2782 1273 2924 1327 omni
2949 1271 3210 1343 voluptate
3236 1272 3517 1342 frueretur,
3543 1281 3590 1326 et
3615 1272 3894 1326 oblectaret

2300 1383 2356 1421 se
2389 1365 2442 1419 in
2473 1366 2536 1420 iis
2567 1381 2685 1436 qua:
2722 1381 3177 1435 prteparaveram;
3207 1374 3254 1418 et
3281 1365 3416 1418 hanc
3447 1373 3595 1419 ratus
3625 1383 3749 1419 sum
3781 1382 3895 1436 par-

2302 1466 2403 1513 tem
2443 1456 2635 1523 meam,
2665 1457 2712 1535 si
2737 1463 2911 1511 uterer
2938 1456 3114 1511 labore
3143 1471 3275 1512 meo.
3305 1456 3536 1529 Cumque
3576 1475 3661 1512 me
3687 1474 3898 1512 conver-

2300 1547 2473 1605 tissem
2511 1550 2580 1603 ad
2620 1549 2861 1603 universa
2906 1566 3063 1620 opera
3102 1567 3220 1621 qua:
3262 1551 3489 1622 fecerant
3515 1565 3712 1605 Manus
3751 1569 3897 1616 metr,

2301 1648 2349 1694 et
2379 1640 2448 1693 ad
2470 1639 2674 1693 labores
2695 1638 2749 1692 in
2777 1637 2964 1710 quibus
2989 1638 3191 1709 frustra
3223 1641 3557 1706 sudaveram,
3583 1643 3695 1695 vidi
3716 1643 3770 1695 in
3799 1660 3900 1695 om-

613 1746 681 1785 ex
706 1739 859 1799 parte
883 1741 1195 1797 agnoscere,
1227 1734 1281 1780 et
1319 1727 1386 1780 ad
1413 1725 1631 1796 plenum
1662 1724 1992 1795 intelligendi
2022 1724 2201 1778 lumen
2232 1721 2280 1780 B
2311 1732 2460 1786 nibus
2481 1732 2783 1794 vanitatem,
2814 1739 2863 1784 et
2898 1730 3223 1801 aﬁlictionem
3249 1732 3432 1796 animi,
3462 1739 3509 1786 et
3539 1731 3676 1786 nihil
3703 1749 3900 1803 perma-

616 1834 797 1873 rerum
819 1817 1154 1872 occultarum
1177 1831 1236 1872 se
1260 1832 1366 1872 non
1395 1830 1552 1886 posse
1578 1816 1858 1886 pervenire
1882 1815 2049 1880 videt,
2080 1813 2202 1869 ideo

614 1908 764 1964 addit
792 1906 1052 1972 dolorem,
1079 1907 1170 1976 qui
1199 1907 1347 1962 addit
1370 1908 1674 1963 scientiam.

1246 1996 1474 2053 CAPUT
1513 1998 1578 2052 ll.

684 2096 852 2151 Vens.
883 2096 934 2150 l.
957 2123 1028 2133 —-
1049 2090 1174 2146 Dixi
1213 2089 1268 2142 in
1298 2088 1453 2141 corde
1478 2103 1633 2141 meo:
1663 2085 1867 2140 Vadam
1905 2093 1952 2139 et
1993 2078 2203 2156 aﬂluam

613 2178 836 2249 deliciis,
883 2193 932 2238 et
961 2183 1114 2252 fruar
1141 2179 1320 2242 bonis,
1348 2186 1396 2230 et
1422 2175 1525 2229 vidi
1564 2174 1704 2245 quod
1729 2175 1825 2228 hoc
1850 2189 2052 2244 quoque
2075 2179 2204 2226 esset

613 2273 838 2328 vanitas.
870 2270 971 2325 Hic
996 2266 1393 2324 concionatoris
1428 2263 1607 2328 modo,
1637 2262 1910 2319 communi
1937 2260 2204 2316 sententia

613 2361 760 2432 vulgi
788 2358 1044 2429 loquitur,
1072 2371 1234 2427 quam
1261 2363 1443 2408 tamen
1475 2367 1668 2407 vanam
1709 2350 1964 2405 ostendit.
2011 2349 2078 2402 Et
2121 2354 2207 2402 est

616 2467 808 2508 sensus
832 2465 848 2505 :
868 2449 1160 2517 Postquam
1188 2447 1242 2500 in
1272 2442 1615 2498 multitudine
1653 2439 1946 2510 sapientiae,
1977 2445 2033 2493 et
2060 2436 2208 2506 adje-

616 2545 796 2599 ctione
837 2540 1098 2604 scientite,
1129 2537 1367 2592 dolorem
1415 2542 1471 2589 et
1514 2534 1753 2588 laborem
1793 2547 1913 2587 esse
1955 2544 2203 2599 compren

614 2633 795 2697 bendi,
824 2637 880 2687 et
924 2629 1060 2685 nihil
1101 2629 1246 2683 aliud
1289 2627 1395 2682 nisi
1437 2641 1650 2681 cassum
1695 2624 1936 2678 laborem
1962 2629 2017 2676 et
2045 2621 2206 2676 inane

615 2732 907 2786 certamen,
936 2720 1186 2777 transtuli
1214 2734 1301 2775 me
1327 2719 1396 2772 ad
1420 2716 1662 2772 laetitiam
1682 2756 1696 2779 ,
1723 2723 1784 2769 ut
1812 2714 1939 2768 luxu
1972 2712 2203 2777 fruerer,

616 2823 672 2872 et
697 2829 1082 2886 congregarem
1125 2825 1273 2882 opes,
1305 2820 1360 2864 et
1401 2817 1463 2864 ut
1513 2807 1716 2863 divitiis
1763 2805 2116 2867 abundarem,
2148 2808 2205 2856 et

614 2905 884 2977 perituras
923 2903 1226 2972 voluptates
1265 2913 1514 2969 caperem
1543 2938 1556 2962 ,
1603 2903 1892 2966 antequam
1938 2904 2202 2949 morerer.

2305 1832 2430 1875 nere
2456 1818 2551 1874 sub
2576 1818 2702 1872 sole.
2733 1818 2975 1872 Transivi
2999 1818 3068 1872 ad
3089 1819 3540 1889 contemplandum
3561 1822 3896 1892 sapientiam,

2303 1928 2605 1982 erroresque
2643 1919 2691 1964 et
2733 1908 3030 1963 stultitiam.
3071 1907 3212 1974 Quid
3252 1919 3348 1974 est,
3376 1909 3611 1981 inquam,
3646 1910 3826 1974 homo,
3851 1919 3900 1962 ut

2303 2001 2452 2072 sequi
2485 1999 2647 2071 possit
2682 2015 2852 2069 regem
2878 1997 3130 2067 factorem
3160 1999 3356 2052 suum?
3382 1997 3453 2052 Et
3478 1998 3588 2052 vidi
3614 1999 3764 2069 quod
3799 2006 3900 2053 tan-

2304 2101 2417 2146 tum
2460 2090 2771 2162 prmederet
2806 2089 3065 2162 sapientia
3100 2089 3403 2156 stultitiam,
3431 2098 3694 2161 quantum
3727 2090 3899 2159 differt

2304 2180 2400 2234 tua:
2419 2198 2453 2234 a
2475 2179 2717 2234 tenebris.
2752 2177 3014 2251 Sapientis
3037 2178 3175 2233 oculi
3200 2181 3256 2234 in
3277 2182 3443 2251 capite
3468 2174 3604 2250 ejus,
3636 2180 3832 2234 stultus
3850 2181 3900 2233 in

2303 2268 2528 2324 tenebris
2542 2267 2795 2322 ambulat.
2812 2268 2879 2322 Et
2899 2269 3062 2322 didici
3081 2268 3218 2340 quod
3238 2285 3375 2322 unus
3386 2270 3665 2339 utriusque
3679 2280 3814 2324 esset
3830 2269 3900 2322 in-

2303 2360 2510 2414 teritus.
2527 2359 2752 2415 Videtur
2764 2359 2893 2415 mihi
2917 2347 3102 2414 utilius
3121 2374 3241 2415 esse
3253 2358 3558 2430 legentibus
3579 2362 3699 2416 haec
3720 2361 3896 2415 omnia

2302 2465 2425 2519 qua:
2444 2449 2798 2506 Ecclesiastes
2819 2450 2886 2505 de
2906 2465 3004 2506 sua
3027 2451 3199 2521 gloria
3223 2451 3511 2530 subinl‘ert,
3526 2453 3680 2507 brevi
3705 2461 3894 2508 cuncta

2305 2556 2554 2596 sermone
2599 2541 3076 2610 comprehendere,
3102 2549 3157 2596 et
3185 2543 3340 2611 quasi
3385 2543 3441 2596 in
3475 2557 3644 2597 unum
3699 2555 3895 2612 θοι-ρης

2304 2647 2522 2688 sensum
2554 2631 2817 2700 redigere,
2850 2639 2910 2685 ut
2934 2631 3141 2702 possint
3166 2625 3378 2686 facilius
3405 2632 3628 2703 intelligi
3659 2647 3782 2702 qua:
3818 2633 3894 2686 dio

2305 2734 2519 2780 cuntur.
2545 2722 2714 2794 igitur
2739 2739 2802 2778 ea
2831 2739 2950 2794 quae
2973 2730 3236 2793 putantur
3255 2723 3309 2778 in
3332 2723 3535 2779 szeculo
3563 2726 3726 2788 bona,
3751 2724 3903 2793 quasi

2305 2831 2401 2871 rex
2430 2824 2485 2870 et
2508 2822 2700 2884 potens
2739 2813 2922 2868 habui.
2955 2811 3242 2868 Edillcavi
3271 2814 3405 2868 mihi
3433 2809 3628 2886 palatia
3649 2856 3666 2880 ,
3698 2815 3905 2869 vitibus

2306 2905 2470 2961 colles
2495 2911 2813 2974 montesque
2840 2901 3075 2968 consevi,
3101 2911 3156 2959 et
3185 2919 3253 2960 ne
3280 2905 3408 2975 quid
3438 2905 3646 2960 deesset
3671 2905 3739 2959 de
3767 2903 3901 2958 luxu

621 2997 729 3055 Sed
752 3004 808 3052 et
829 2997 885 3052 in
908 2996 1010 3051 hoc
1033 2994 1326 3049 vanitatem
1354 2993 1468 3061 ipse
1485 2987 1756 3060 perspexi,
1781 2987 1907 3041 dum
1931 2985 2206 3055 pmterita
2260 3057 2275 3064 Α
2303 2993 2389 3049 vel
2409 2993 2683 3062 voluptate
2728 2991 2878 3064 [Ms.,
2909 2992 2976 3046 ad
3002 2991 3191 3048 luxum
3214 3000 3269 3047 et
3296 2991 3678 3064 voluptatem],
3714 2993 3909 3046 hortos

617 3091 868 3160 voluptas
912 3094 1232 3158 prtesentem
1261 3098 1370 3137 non
1404 3078 1580 3148 juvat,
1604 3086 1659 3132 et
1691 3078 1953 3131 exhausta
1982 3089 2090 3128 non
2121 3089 2207 3128 Sﬂ-
2233 3061 2281 3128 C
2311 3084 2443 3138 mihi
2483 3061 2835 3153 pdmariaque
2878 3082 3143 3153 plantavi,
3167 3083 3367 3139 diversi
3416 3061 3651 3154 έεηειείε-
3677 3083 3911 3136 arbores

619 3183 740 3238 tiat.
765 3180 889 3238 ideo
915 3177 1150 3234 intellexi
1173 3175 1445 3232 carnalem
1461 3172 1730 3226 luxuriam
1752 3185 1870 3225 esse
1887 3169 2204 3233 vanitatem,

622 3283 678 3329 et
703 3273 874 3344 adjeci
897 3272 1080 3327 dicens
1105 3284 1120 3322 :

693 3361 859 3435 416
882 3361 1048 3417 Vens.
1075 3352 1412 3411 2.——Risum
1446 3360 1630 3424 putavi
1663 3365 1914 3416 errorem,
1941 3357 1987 3403 et
2018 3346 2211 3418 gaudio

622 3455 768 3508 dixi:
795 3451 935 3517 Quid
967 3449 1165 3518 frustra
1205 3445 1496 3516 deciperis?
1521 3443 1634 3498 Hoc
1657 3449 1741 3497 est
1772 3440 1914 3510 quod
1953 3441 2005 3494 in
2032 3440 2209 3494 Evan-

622 3544 762 3616 gelio
819 3540 1050 3610 legitur:
1084 3534 1174 3591 Va:
1219 3535 1362 3589 vobis
1409 3534 1498 3605 qui
1545 3533 1763 3595 ridetis,
1805 3531 1930 3602 quia
1974 3528 2224 3606 lugebitis,

622 3635 773 3708 (Luc.
802 3649 874 3700 vl,
899 3631 1013 3703 25).
1061 3629 1408 3698 Decipiuntur
1437 3642 1566 3682 vero
1605 3626 1695 3696 qui
1734 3623 1973 3680 carnalia
2012 3624 2067 3678 in
2109 3623 2214 3678 hoc

623 3727 821 3782 sarculo
863 3731 1162 3793 sequuntur
1193 3719 1477 3784 desideria,
1509 3726 1565 3773 et
1593 3718 1766 3788 magis
1815 3716 2105 3773 carnaliter
2133 3717 2214 3771 vi-

622 3824 756 3870 vunt
780 3831 941 3884 quam
970 3812 1343 3883 spiritualiter,
1371 3810 1701 3866 mstimantes
1734 3817 2053 3878 perpetuum
2093 3821 2213 3863 esse

626 3909 770 3977 quod
798 3906 944 3960 velut
969 3905 1161 3959 umbra
1189 3903 1450 3958 citissime
1478 3901 1731 3956 transibit
1755 3899 1908 3972 [Ms.,
1939 3899 2209 3972 transiet],

623 4009 678 4055 et
703 4000 856 4054 labor
884 3997 1067 4053 dolore
1095 3996 1367 4067 punietur.
1410 3993 1596 4048 Potest
1622 3994 1726 4048 hoc
1755 4003 1810 4047 et
1849 3992 1914 4046 de
1939 3991 2213 4046 hazrcticis

627 4089 818 4159 accipi,
841 4088 935 4158 qui
962 4086 1116 4141 falsis
1147 4085 1487 4156 dogmatibus
1511 4084 1935 4152 acquiescentes,
1957 4082 2080 4136 laeta
2111 4082 2212 4136 sibi

623 4185 678 4235 et
707 4187 964 4248 prOSpera
993 4174 1336 4244 promittunt.
1364 4173 1488 4226 dum
1516 4172 1626 4226 sint
1658 4171 1760 4246 ,ﬁlii
1787 4177 2058 4240 perpetua:
2090 4183 2214 4240 per-

625 4268 868 4324 ditionis.
1649 4253 1681 4312 ⁴ἶς

694 4359 862 4414 Vens.
891 4357 944 4411 5.
968 4385 1040 4394 -—
1060 4352 1297 4424 Cogitavi
1316 4353 1371 4406 in
1395 4351 1550 4406 corde
1577 4367 1688 4405 meo
1719 4352 2016 4406 abstrahere
2035 4369 2066 4405 a
2091 4352 2210 4405 vino

625 4464 837 4507 carnem
864 4461 1055 4512 meam,
1087 4455 1144 4499 ut
1169 4445 1510 4515 transferrem
1539 4443 1774 4496 animum
1819 4460 1990 4497 meum
2030 4442 2099 4496 ad
2128 4461 2214 4496 sa-

623 4540 896 4612 pientiam,
921 4537 1304 4606 devitaremque
1329 4532 1626 4598 stultitiam,
1651 4533 1816 4588 donec
1837 4533 2063 4588 viderem
2088 4534 2213 4605 quid

624 4639 754 4685 esset
782 4630 912 4685 utile
939 4629 1066 4700 ﬁliis
1095 4629 1382 4693 hominum,
1406 4643 1508 4698 quo
1539 4625 1694 4698 [Ms.,
1732 4626 1882 4697 quid]
1915 4625 2054 4696 facto
2082 4642 2213 4696 opus

627 4729 704 4774 est
733 4723 827 4775 sub
849 4719 978 4784 sole,
1012 4735 1227 4773 numero
1256 4718 1458 4771 dierum
1486 4718 1606 4770 vita:
1633 4732 1762 4769 sure.
1798 4716 2085 4786 Eleganter
2114 4730 2214 4767 au-

628 4823 734 4869 tem
756 4813 1084 4884 voluptatem
1107 4809 1358 4865 ebrietati
1385 4808 1736 4878 comparavit,
1755 4806 2020 4876 siquidem
2041 4807 2215 4862 ebrie-

627 4911 711 4972 tas
751 4903 946 4959 evertit
985 4901 1150 4955 animi
1195 4901 1440 4972 vigorem
1479 4917 1492 4952 :
1536 4913 1697 4966 quam
1729 4895 1878 4968 [Ms.,
1909 4897 2092 4969 quem]
2120 4899 2214 4967 qui

607 4947 866 5067 lpotuerit
892 4993 1152 5063 sapientia
1196 4947 1546 5053 columutare,
1587 4998 1641 5044 et
1676 4988 1759 5060 (ut
1790 4989 1844 5043 in
1893 4947 2213 5058 quibusdam

627 5085 904 5142 codicibus
946 5083 1196 5153 habetur)
1239 5082 1486 5138 obtinere
1531 5080 1775 5135 laetitiam
1823 5081 2137 5150 spiritalem,
2169 5083 2217 5138 is

626 5176 826 5248 poterit
851 5175 919 5230 ad
943 5174 1225 5228 scientiam
1255 5173 1332 5226 rei
1357 5172 1514 5227 istius
1540 5171 1847 5242 pervenire,
1875 5173 2004 5243 quid
2028 5175 2080 5229 in
2111 5175 2216 5230 hac

628 5266 741 5321 vita
771 5263 1151 5336 appetendum,
1180 5263 1377 5334 quidve
1403 5262 1681 5318 vitandum
1709 5265 1800 5319 sit.

703 5356 872 5411 Vens.
902 5351 1055 5409 4-14.
1076 5385 1148 5395 -
1184 5353 1523 5425 Hagniﬁcavi
1573 5370 1730 5424 opera
1771 5371 1922 5418 mea,
1959 5354 2218 5424 ardiﬁcavi

630 5447 759 5503 mihi
778 5448 983 5514 domos,
1006 5455 1056 5502 et
1076 5446 1309 5519 plantavi
1335 5447 1541 5512 vineas;
1568 5446 1667 5515 feci
1687 5443 1862 5500 hortos
1885 5453 1932 5499 et
1955 5447 2214 5516 pomaria,

629 5545 680 5592 et
705 5538 910 5594 conseri
931 5556 994 5594 ea
1022 5539 1194 5594 cuncti
1210 5538 1412 5609 generis
1438 5535 1732 5602 arboribus,
1753 5545 1800 5590 et
1827 5536 2060 5590 exstruxi
2089 5533 2216 5590 mihi

629 5627 861 5686 Piscinae
888 5645 1170 5700 aquarum,
1197 5639 1253 5685 ut
1281 5628 1558 5701 irrigarem
1585 5625 1774 5683 silvam
1817 5625 2076 5697 lignorum
2102 5642 2218 5698 ger-

2311 3174 2598 3229 instituens
2621 3214 2636 3237 ,
2665 3187 2801 3242 quas
2849 3172 3090 3227 collecta:
3132 3187 3286 3242 aqua:
3314 3171 3368 3226 in
3394 3171 3630 3242 piscinas
3674 3172 3911 3240 desuper

2311 3268 2617 3337 irrigarent,
2642 3275 2705 3320 ut
2746 3265 2939 3336 longus
2974 3263 3126 3320 viror
3169 3265 3324 3339 [Ms.,
3369 3265 3578 3336 longius
3599 3264 3782 3337 vigor]
3809 3266 3914 3319 hu—

2310 3365 2463 3411 more
2515 3355 2724 3425 perpeti
2775 3353 3094 3410 nutriretur.
3171 3354 3458 3411 Servorum
3507 3369 3726 3425 quoque
3787 3355 3909 3410 sive

2310 3454 2613 3517 emptorum
2645 3446 2758 3501 sive
2796 3446 3112 3500 ancillarum
3158 3447 3272 3501 sive
3313 3446 3725 3502 vernaculorum
3769 3448 3912 3501 mihi

2314 3537 2414 3592 fuit
2460 3538 2746 3591 innumera
2793 3535 3120 3602 multitudo,
3155 3543 3211 3590 et
3256 3537 3666 3606 quadrupedum
3714 3552 3914 3607 greges

2312 3627 2492 3693 multi,
2521 3629 2684 3686 boum
2718 3627 2923 3682 scilicet
2949 3634 3005 3681 et
3037 3627 3231 3690 ovium,
3264 3634 3526 3695 quantum
3557 3627 3744 3682 nullus
3772 3628 3916 3681 alter

2314 3727 2438 3774 ante
2478 3733 2566 3774 me
2591 3735 2687 3774 rex
2731 3719 2920 3774 habuit
2948 3719 3002 3772 in
3032 3717 3384 3772 Hierusalem.
3413 3715 3526 3772 Nec
3552 3733 3663 3772 non
3693 3727 3755 3772 et
3784 3719 3908 3771 the-

2313 3815 2460 3870 sauri
2509 3814 2716 3886 argenti
2764 3819 2818 3869 et
2860 3813 2977 3868 auri
3010 3811 3431 3867 innumerabiles
3483 3809 3899 3869 condebantur,

2315 3921 2450 3977 quos
2476 3906 2812 3960 diversorum
2854 3919 3042 3976 regum
3068 3913 3124 3958 et
3146 3901 3386 3976 gentium
3427 3899 3626 3958 tributa
3664 3900 3914 3955 contule-

2316 4006 2460 4052 runt.
2495 3995 2648 4052 Unde
2675 4003 2730 4050 et
2757 3995 2951 4051 accidit
2977 4002 3037 4049 ut
3059 4010 3126 4050 ex
3155 3995 3338 4050 nimiis
3365 3993 3557 4064 opibus
3585 3992 3649 4047 ad
3671 3989 3916 4058 majores

2317 4089 2538 4143 delicias
2565 4102 2916 4157 provocarer,
2955 4094 3012 4140 et
3042 4086 3370 4140 musicorum
3395 4084 3545 4139 chori
3572 4082 3705 4138 mihi
3738 4082 3916 4136 tibiali

2315 4195 2446 4234 voce
2495 4176 2671 4250 [Apud
2716 4175 2889 4243 Hier.,
2922 4175 3240 4246 tibia,'lyra,
3265 4173 3420 4246 voce]
3451 4173 3829 4237 concinerent,
3863 4182 3921 4226 ut

2315 4279 2543 4339 uterque
2590 4284 2752 4323 sexus
2796 4268 2851 4322 in
2896 4266 3158 4322 conviviis
3208 4265 3342 4320 mihi
3398 4250 3758 4320 ministraret.
3812 4261 3920 4317 Sed

2317 4369 2518 4432 quanto
2559 4362 2662 4416 ista
2688 4359 3023 4425 crescebant,
3054 4366 3206 4413 tanto
3235 4357 3499 4428 sapientia
3537 4355 3748 4410 deerat.
3783 4354 3916 4409 Nam

2319 4453 2373 4506 in
2412 4464 2787 4522 quamcunque
2811 4449 3142 4520 voluptatem
3185 4449 3378 4518 cupido
3408 4446 3655 4502 traxisset
3684 4461 3807 4508 me,
3842 4446 3917 4498 in-

2321 4538 2487 4595 frenis
2510 4556 2607 4611 per
2642 4553 2882 4611 praeceps
2921 4539 3156 4605 ferebar,
3203 4539 3566 4608 putabamque
3604 4537 3762 4590 hunc
3805 4547 3918 4590 esse

2321 4629 2552 4686 fructum
2598 4630 2841 4685 laborum
2869 4645 3139 4694 meorum,
3164 4629 3210 4683 si
3253 4628 3368 4698 ipse
3400 4628 3454 4683 in
3485 4625 3716 4680 luxuria
3765 4624 3915 4697 μὴ..

2319 4722 2554 4796 luxuria]
2584 4722 2806 4777 libidine
2826 4735 3200 4776 consumerer.
3247 4719 3487 4775 Tandem
3527 4719 3580 4773 in
3609 4731 3701 4771 me
3743 4733 3918 4772 rever-

2320 4831 2432 4881 sus,
2471 4823 2526 4872 et
2571 4815 2724 4885 quasi
2764 4814 2831 4869 de
2869 4813 3019 4885 gravi
3066 4828 3258 4868 somno
3303 4812 3564 4885 evigilans
3602 4811 3829 4877 aspexi,
3871 4817 3922 4862 et

2319 4920 2512 4960 manus
2558 4905 2728 4970 meas,
2769 4911 2825 4958 et
2861 4918 3027 4972 opera
3071 4917 3191 4957 mea
3231 4902 3389 4972 plena
3435 4898 3714 4964 vanitatis,
3769 4899 3920 4970 plena

2321 4998 2598 5063 sordium,
2643 4997 2801 5067 plena
2841 4996 3036 5067 spiritu
3079 4995 3283 5049 erroris
3311 4993 3538 5048 intuitus
3581 5005 3736 5044 sum.
3786 4987 3920 5043 Nihil

2319 5088 2463 5142 enim
2504 5087 2728 5157 quodin
2756 5087 2958 5141 mundo
3001 5093 3224 5155 putatur
3251 5085 3472 5148 bonum,
3514 5081 3726 5137 bonum
3775 5077 3922 5150 potui

2321 5178 2578 5248 reperire.
2608 5177 2886 5246 Reputans
2911 5175 3076 5246 igitur
3098 5188 3220 5245 quae
3239 5181 3420 5230 essent
3443 5168 3736 5241 sapientia:
3759 5171 3922 5229 bona,

2323 5279 2378 5325 et
2405 5285 2525 5338 qua:
2547 5268 2788 5323 stultitia:
2815 5267 2976 5333 mala,
3007 5274 3405 5336 consequenter
3432 5265 3486 5319 in
3527 5260 3759 5317 laudem
3785 5262 3925 5317 illius

2325 5357 2562 5412 hominis
2601 5357 2773 5426 erupi,
2805 5358 2897 5427 qui
2924 5366 3048 5429 post
3073 5357 3202 5412 vitia
3231 5371 3290 5413 se
3319 5354 3620 5416 refrenans,
3644 5353 3928 5408 virtutum

2322 5445 2494 5516 possit
2520 5460 2641 5501 esse
2676 5453 2929 5503 sectator.
2955 5447 3148 5519 Magna
3169 5447 3365 5518 quippe
3387 5443 3641 5501 distantia
3665 5453 3766 5499 est
3792 5445 3931 5498 inter

2325 5535 2644 5604 sapientiam
2693 5545 2750 5592 et
2795 5537 3102 5604 stultitiam,
3133 5545 3189 5593 et
3225 5544 3488 5607 quantum
3523 5533 3639 5590 dies
3687 5534 3866 5590 distat
3906 5547 3934 5586 a

2323 5635 2502 5698 nocte,
2535 5637 2743 5686 tantum
2772 5630 3000 5687 virtutes
3043 5644 3077 5686 a
3114 5629 3261 5686 vitiis
3297 5634 3638 5702 separantur.
3696 5627 3934 5684 Videtur
