4020 6188
253 223 372 288 ’ϐπ

1141 227 1545 289 exsomnes.
1585 230 1641 277 -’
1694 234 2045 296 causam.
2084 238 2152 296 IN
2193 229 2724 303 ECCLESIASTENI

3444 263 3545 323 679

263 339 402 404 mihi
420 339 606 446 itaque
625 342 718 412 qui
739 342 1055 446 sapientiam
1077 350 1554 446 sequitur,oculos
1574 355 1641 410 ad
1661 355 1856 412 calum
1884 366 1936 426 Α
1963 357 2125 425 disse,
2150 357 2356 431 Regum
2397 361 2520 418 libri
2563 371 2848 431 testantur,
2878 366 2968 437 qui
3005 367 3246 427 Roboam
3275 372 3547 446 insipienti

259 448 482 505 semper
521 433 759 505 erigere,
788 444 843 491 et
871 438 927 491 in
974 439 1203 497 sublime
1249 459 1312 498 os
1350 445 1552 502 habere
1591 457 1854 514 erectum,

219 515 224 522 ’
257 539 435 598 eaque
479 539 602 596 quae
641 541 806 596 super
851 532 1109 588 verticem
1156 544 1317 598 sunt,
1349 541 1739 611 contemplari:
1765 541 1856 612 qui

255 629 391 672 vero
425 616 671 672 stultitiae
704 626 761 672 et
800 620 946 676 vitiis
989 622 1202 680 deditus
1237 625 1400 698 417
1437 631 1538 695 sit,
1564 633 1768 686 versari
1799 633 1854 686 in

257 709 502 764 tenebris
529 717 588 764 et
628 710 683 764 in
726 724 910 767 rerum
959 715 1261 785 ignorantia
1307 722 1562 778 volutari.
1611 725 1853 796 Cumque

256 802 374 857 htec
417 802 494 856 ita
525 817 586 858 se
619 802 876 870 habeant,
923 807 1067 863 inter
1106 813 1402 880 Sapientem
1447 826 1501 871 et
1537 818 1757 873 stultum
1787 835 1848 874 ea

255 893 515 967 distantia
544 903 644 959 est,
689 897 832 964 quod
861 897 1000 952 alter
1029 900 1158 967 diei,
1186 905 1323 959 alter
1357 909 1596 964 tenebris
1633 926 1851 979 compa-

253 992 442 1040 retur:
474 984 566 1040 ille
613 987 800 1041 oculos
846 988 913 1042 ad
955 991 1151 1046 cmlum
1196 994 1370 1061 levat,
1404 999 1503 1052 iste
1551 999 1604 1054 in
1648 1009 1846 1056 terram

252 1078 524 1147 deprimit.
570 1077 814 1148 Repente
837 1088 1018 1136 autem
1047 1085 1178 1139 mihi
1216 1088 1472 1157 cogitatio
1508 1089 1609 1143 ista
1656 1091 1845 1144 subre-

249 1169 378 1238 psit,
416 1182 583 1237 quare
626 1169 843 1239 sapiens
868 1180 924 1226 et
957 1173 1153 1230 stultus
1179 1179 1452 1233 communi
1497 1189 1724 1249 pereant
1765 1183 1847 1236 in-

240 1260 446 1326 teritu;
471 1275 570 1315 cur
588 1261 776 1316 eadem
799 1262 976 1333 plaga,
1004 1265 1192 1320 eodem
1214 1278 1432 1334 eventu,
1459 1273 1647 1326 eadem
1672 1282 1845 1328 morte

241 1359 595 1419 premantur;
630 1367 730 1406 cur
757 1355 957 1409 emdem
987 1357 1096 1411 sint
1139 1361 1356 1429 utrique
1389 1365 1673 1431 angustiae.
1706 1364 1845 1420 Sunt

243 1455 374 1495 vero
403 1442 493 1510 qui
529 1441 647 1496 haec
671 1443 836 1497 verba
862 1443 1204 1501 Ecclesiastis
1245 1449 1312 1502 ab
1349 1462 1414 1502 eo
1459 1450 1579 1506 loco
1605 1452 1695 1506 ubi
1724 1453 1799 1505 ait
1825 1470 1838 1506 :

245 1528 590 1601 Hagniﬁcavi
623 1548 780 1602 opera
808 1549 944 1598 mea,
967 1551 1138 1604 usque
1165 1537 1232 1590 ad
1261 1539 1407 1594 hunc
1435 1539 1611 1596 locum
1645 1542 1697 1595 in
1733 1557 1841 1611 quo

240 1621 321 1674 ait
341 1635 358 1674 :
382 1620 646 1691 Sapientis
677 1621 816 1675 oculi
842 1623 898 1677 in
940 1625 1107 1694 capite
1154 1627 1290 1696 ejus,
1323 1628 1388 1683 de
1417 1629 1636 1684 Christo
1675 1631 1839 1685 inter-

1961 448 2068 505 lilio
2096 450 2308 507 labores
2336 469 2462 509 suos
2505 456 2740 526 reliquit.
2789 457 2896 514 Sed
2922 460 3112 517 melius
3143 463 3546 534 intelligendum
3591 478 3601 484 '

1956 552 2040 599 est
2071 542 2225 618 [Ms.,
2255 545 2486 620 :estimo]
2517 547 2584 603 de
2630 551 2858 619 Spiritali
2891 551 3094 619 labore,
3129 555 3182 609 iu
3225 573 3331 626 quo
3355 559 3550 616 diebus

1955 647 2019 689 ac
2061 637 2308 693 noctibus
2331 637 2417 692 vir
2442 640 2656 710 sapiens
2682 642 2734 696 in
2761 641 2878 713 lege
2905 643 3116 699 Domini
3151 649 3464 715 meditatur,
3493 660 3551 706 et

1955 719 2360 791 Scripturarum
2392 735 2703 782 sanctarum
2735 731 2959 786 desudat
2991 734 3456 805 interpretatione,
3492 751 3548 796 et

1952 811 2120 869 libros
2165 820 2438 886 componit
2484 820 2706 886 multos,
2748 831 2806 875 ut
2848 827 3164 880 memoriam
3196 830 3277 882 sui
3313 834 3547 897 posteris

1954 901 2106 973 [Hs.,
2137 905 2248 960 suis
2272 907 2524 980 posteris]
2558 911 2849 980 relinquat,
2873 919 2926 967 et
2948 915 3304 972 nihilominus
3328 919 3542 976 labores

1949 992 2092 1047 illius
2118 994 2172 1048 in
2200 1010 2390 1050 manus
2417 998 2702 1052 stultorum
2731 1004 3051 1068 perveniunt
3075 1045 3088 1066 ,
3116 989 3210 1073 qui
3231 1005 3546 1075 frequenter

1949 1084 2244 1138 secundum
2297 1087 2711 1154 perversitatem
2762 1091 2942 1145 cordis
2989 1093 3093 1157 sui,
3123 1109 3188 1145 ex
3224 1106 3535 1150 sanctorum

1947 1170 2165 1227 Patrum
2199 1175 2355 1230 dictis
2376 1217 2390 1241 ,
2438 1177 2706 1232 haeretica:
2734 1181 3016 1248 pravitatis
3043 1185 3248 1237 semina
3292 1186 3533 1255 capiunt,

1945 1269 1999 1316 et
2026 1263 2234 1319 alienos
2268 1266 2484 1322 labores
2510 1269 2932 1325 calumniantur.

2017 1355 2180 1412 Vens.
2213 1357 2400 1412 20—25.
2447 1387 2518 1398 -ο
2557 1349 2709 1413 Unde
2750 1365 2967 1428 cessari,
3007 1369 3422 1440 rcnuntiavitque
3455 1387 3547 1424 cor

1943 1459 2114 1499 meum
2145 1447 2285 1501 ultra
2308 1447 2550 1502 laborare
2569 1452 2662 1502 sub
2691 1455 2799 1504 sole
2827 1469 2844 1505 :
2875 1471 2996 1506 nam
3029 1473 3144 1508 cum
3173 1457 3310 1510 alius
3333 1458 3541 1512 laborat

1941 1537 1996 1588 in
2027 1538 2306 1605 sapientia,
2332 1548 2379 1590 et
2403 1538 2662 1605 doctrina,
2682 1549 2730 1593 et
2752 1541 3121 1609 sollicitudine,
3143 1545 3342 1600 nomini
3372 1550 3538 1602 otioso

1940 1627 2163 1696 quwsita
2195 1627 2441 1692 dimittit;
2471 1638 2519 1680 et
2546 1629 2644 1682 hoc
2670 1647 2790 1698 ergo
2828 1633 3031 1685 vanitas
3069 1644 3116 1686 et
3147 1651 3393 1704 magnum
3423 1654 3535 1689 ma-

239 1711 444 1782 pretari
482 1721 768 1766 conantur.
821 1712 926 1768 Sed
958 1715 1279 1783 quibusdam
1313 1717 1367 1772 in
1409 1719 1540 1773 locis
1568 1719 1830 1776 laboriosa
1867 1707 1912 1767 Β
1941 1719 2071 1772 lum.
2108 1717 2248 1784 Quid
2291 1719 2428 1772 enim
2467 1719 2697 1788 proderit
2728 1721 2926 1773 homini
2968 1721 3032 1775 de
3073 1724 3310 1776 universo
3357 1724 3537 1777 labore

237 1808 322 1856 est
350 1800 749 1869 interpretatio,
773 1801 878 1855 nisi
906 1801 1046 1857 forte
1066 1803 1131 1858 de
1154 1806 1411 1862 membris
1436 1806 1583 1862 illius
1610 1809 1832 1879 intelligi

239 1891 469 1961 possint.
498 1891 624 1946 Ideo
653 1905 752 1946 nos
779 1891 1044 1947 historiali
1080 1897 1454 1951 tantummodo
1479 1897 1832 1968 intelligentia

239 1984 295 2038 in
320 1984 425 2038 hoc
447 1983 566 2038 loco
592 1985 832 2039 contenti
863 2001 1068 2050 sumus,
1111 1987 1350 2043 maxime
1383 1989 1508 2058 quia
1540 1991 1696 2044 nobis
1723 2006 1832 2045 non

235 2084 322 2132 est
363 2076 698 2147 propositum
741 2079 923 2132 omnia
977 2079 1158 2134 dicere
1199 2095 1319 2150 quae
1349 2097 1379 2134 a
1411 2082 1641 2137 diversis
1685 2083 1834 2138 inve-

237 2169 463 2222 niuntur
482 2168 797 2224 auctoribus
817 2169 981 2233 dicta,
1012 2170 1106 2224 sed
1127 2184 1190 2224 ea
1218 2173 1541 2226 commatico
1561 2187 1828 2239 sermone,

235 2276 358 2331 qute
381 2263 450 2316 ad
478 2276 697 2316 sensum
721 2261 1018 2331 planiorem
1045 2263 1317 2332 pertinere
1345 2265 1619 2331 videntur,
1643 2267 1830 2336 paucis

237 2353 608 2423 perstringere
637 2353 838 2407 verbis.

310 2443 472 2498 Vsus.
505 2442 591 2508 15,
617 2443 705 2497 16.
729 2475 800 2483 —
839 2443 908 2497 Et
931 2445 1044 2499 dixi
1071 2446 1126 2500 in
1157 2447 1312 2500 corde
1335 2464 1449 2501 meo
1480 2465 1498 2502 :
1532 2447 1592 2503 Si
1622 2466 1756 2504 unus
1781 2459 1830 2505 et

237 2533 387 2588 stulti
429 2543 478 2587 et
526 2550 670 2588 meus
719 2551 936 2589 occasus
975 2537 1091 2601 erit,
1125 2538 1253 2608 quid
1287 2539 1416 2591 mihi
1451 2539 1660 2608 prodest
1691 2542 1829 2613 quod

238 2623 498 2694 majorem
543 2626 814 2694 sapientia:
856 2626 976 2680 dedi
1017 2629 1278 2698 cperam?
1325 2629 1658 2700 Locutusque
1708 2649 1828 2686 cum

229 2725 404 2770 mente
428 2731 544 2770 mea
561 2757 577 2780 ,
623 2717 966 2771 animadverti
991 2720 1130 2788 quod
1165 2721 1262 2774 hoc
1286 2738 1490 2792 quoque
1517 2733 1648 2776 esset
1677 2725 1826 2778 vani-

229 2813 338 2859 tas.
388 2804 512 2860 Non
564 2807 703 2860 enim
746 2808 843 2861 erit
890 2811 1145 2864 memoria
1193 2813 1440 2882 sapientis
1484 2813 1726 2886 similiter
1772 2825 1826 2868 ut

230 2897 380 2953 stulti
405 2898 460 2953 in
480 2908 802 2969 perpetuum,
827 2909 874 2953 et
902 2900 1082 2968 futura
1105 2912 1337 2972 tempora
1363 2902 1617 2956 oblivione
1640 2915 1825 2958 cuncta

223 2989 431 3060 pariter
449 2990 680 3059 aperient
705 3005 722 3042 :
744 2990 968 3042 moritur
987 2990 1171 3044 doctus
1200 2991 1443 3046 similiter
1477 3003 1530 3046 ut
1563 2993 1819 3047 indoctus.

1935 1826 2052 1874 suo,
2081 1820 2131 1863 et
2160 1809 2436 1880 aﬁlictione
2467 1811 2703 1880 spiritus,
2731 1827 2834 1880 qua
2862 1812 2956 1864 sub
2983 1813 3090 1866 sole
3121 1815 3384 1868 cruciatus
3410 1825 3483 1869 cst
3507 1816 3533 1868 ?

1936 1897 2124 1954 Cuncti
2153 1900 2265 1953 dies
2295 1901 2409 1970 ejus
2443 1900 2712 1954 doloribus
2749 1912 2796 1955 et
2829 1905 3078 1957 (erumnis
3100 1903 3240 1975 pleni
3266 1915 3406 1970 sunt,
3439 1923 3533 1960 nec

1932 2005 2027 2059 per
2051 1999 2254 2043 noctem
2283 1999 2452 2044 mente
2496 1991 2805 2061 requiescit;
2834 2002 2880 2045 et
2917 1993 3046 2057 lucc,
3081 2011 3251 2048 nonne
3281 2000 3483 2049 vanitas
3509 1997 3534 2050 2’

1935 2080 2036 2136 Hic
2086 2090 2147 2136 ut
2193 2096 2354 2150 supra
2406 2082 2472 2136 de
2517 2082 2725 2137 incerto
2773 2083 2986 2138 haerede
3039 2084 3295 2153 loquitur,
3344 2095 3524 2141 utrum

1947 2169 2144 2226 stultus
2197 2187 2266 2226 an
2310 2172 2524 2241 sapiens
2565 2171 2777 2226 futurus
2823 2173 2913 2237 sit,
2965 2174 3056 2241 qui
3093 2173 3274 2228 labore
3310 2175 3532 2232 alterius

1931 2261 2198 2317 fruiturus
2237 2262 2308 2317 sit
2333 2277 2348 2316 :
2378 2269 2434 2316 et
2461 2262 2514 2316 in
2541 2263 2788 2317 eumdem
2826 2264 3088 2318 circulum
3120 2278 3207 2318 res
3235 2266 3528 2318 revertitur

1931 2363 1992 2409 ut
2058 2353 2271 2410 labores
2346 2354 2690 2408 morientium
2762 2353 2964 2409 delieire
3037 2356 3144 2410 sint
3214 2357 3528 2410 viventium.

1933 2442 2162 2497 Maxime
2211 2450 2390 2496 tamen
2441 2443 2506 2497 de
2569 2443 2754 2497 labore
2813 2444 3091 2512 sapientia:
3139 2445 3412 2514 disputat,
3473 2445 3530 2500 in

1930 2550 2037 2604 quo
2085 2534 2308 2588 studiosi
2351 2532 2506 2603 [Ms.,
2537 2533 2798 2605 studiose]
2850 2535 2931 2587 vel
2977 2550 3155 2588 rerum
3203 2536 3528 2604 spiritalium

1928 2625 2016 2680 vel
2039 2625 2352 2688 visi..ilium,
2399 2623 2486 2678 die
2515 2639 2579 2676 ac
2626 2635 2782 2677 nocte
2813 2624 3080 2688 laborant,
3126 2625 3436 2694 ignorantes
3466 2626 3522 2679 in

1929 2726 2160 2784 quorum
2203 2729 2395 2768 manus
2437 2714 2753 2784 perveniant
2797 2714 3053 2784 Opuscula
3081 2729 3200 2780 sua,
3228 2725 3410 2769 utrum
3437 2730 3526 2769 sa-

1927 2809 2137 2876 pientes
2176 2806 2243 2862 de
2272 2807 2466 2861 litteris
2508 2807 2779 2875 disputent
2817 2807 2950 2871 suis,
2977 2807 3060 2861 vel
3095 2807 3258 2860 etiam
3287 2807 3438 2862 stulti
3467 2814 3527 2863 et

1928 2902 2110 2957 otiosi.
2134 2901 2231 2955 Est
2254 2901 2549 2971 quidquam
2580 2907 2690 2952 tam
2718 2899 2948 2954 vanum?
2977 2903 3101 2969 quia
3125 2915 3225 2954 nec
3249 2901 3524 2966 noctibus,

1928 3007 2030 3046 nec
2055 2992 2246 3046 diebus
2281 2999 2460 3045 cessat
2486 3006 2514 3043 a
2541 2990 2746 3053 labore,
2778 2997 2832 3044 et
2861 2991 3032 3044 nescit
3057 2990 3125 3044 ad
3149 3004 3308 3058 quem
3340 2989 3521 3059 profe-

230 3079 361 3135 llzec
401 3080 545 3135 enim
587 3081 897 3150 diligentius
942 3083 1295 3138 considerans
1332 3084 1444 3138 dixi
1474 3103 1485 3137 :
1521 3084 1747 3154 Sapiens
1771 3093 1824 3140 et
1852 3052 1898 3115 Ο
1929 3093 2074 3138 ctum
2104 3084 2284 3137 futuro
2310 3091 2549 3152 tempore.
2577 3082 2792 3137 labores
2816 3081 3066 3136 evenient
3095 3082 3196 3134 sui.

227 3172 464 3238 stultus,
509 3172 689 3243 justus
718 3179 774 3226 et
803 3172 1034 3241 impius,
1078 3175 1268 3242 aequali
1299 3183 1475 3230 morte
1521 3175 1824 3229 moriuntur

228 3259 434 3334 μίξει,
477 3271 622 3317 sorte
668 3262 1028 3335 morientur],
1061 3273 1114 3318 et
1154 3265 1334 3320 omnia
1378 3265 1432 3318 in
1475 3266 1578 3320 hoc
1627 3265 1823 3319 smrulo

229 3350 372 3405 mala
414 3360 608 3406 eventu
653 3351 813 3406 simili
853 3353 1215 3409 sustinebunt.
1255 3353 1408 3409 Sicut
1441 3355 1584 3408 enim
1627 3355 1823 3424 impius

226 3441 606 3498 tribulatione-3
638 3444 859 3514 patitur,
891 3444 966 3498 ita
997 3445 1160 3499 etiam
1187 3454 1242 3501 et
1263 3447 1442 3516 justus
1468 3463 1480 3499 :
1513 3461 1612 3500 nec
1636 3461 1824 3515 quem-

227 3531 362 3587 libet
390 3532 444 3586 in
476 3536 577 3588 hoc
601 3535 797 3590 saeculo
823 3551 920 3590 sua
950 3522 1228 3603 adjuvabit
1256 3535 1488 3603 justitia,
1519 3536 1612 3589 sed
1643 3535 1823 3589 omnia

227 3625 434 3680 incerta
482 3635 630 3683 sunt.
669 3641 772 3695 pro
815 3641 922 3697 quo
949 3628 1078 3696 quid
1105 3627 1192 3681 cui
1218 3627 1450 3681 eveniat.
1492 3625 1548 3680 Si
1597 3627 1669 3679 ita
1718 3635 1820 3692 est,

227 3717 340 3771 dixi
373 3717 425 3771 in
451 3719 611 3773 corde
638 3733 758 3772 meo
789 3735 802 3772 :
829 3719 968 3785 Quid
998 3718 1129 3772 mihi
1158 3734 1287 3790 ergo
1313 3719 1534 3789 prodest
1561 3718 1705 3788 quod
1738 3733 1824 3772 se-

229 3817 388 3864 cutus
418 3825 539 3864 sum
588 3810 926 3881 sapientiam,
958 3819 1013 3865 et
1057 3811 1175 3882 plus
1223 3813 1434 3866 caeteris
1481 3811 1743 3876 laboravi,
1778 3811 1823 3864 si

229 3916 383 3956 meus
410 3917 636 3957 occasus
664 3911 719 3955 et
743 3902 891 3956 stulti
920 3903 1142 3972 mqualis
1166 3903 1314 3956 erit?
1360 3901 1466 3956 Sed
1497 3917 1713 3955 rursum
1735 3917 1826 3954 co-

230 3991 432 4064 gitans,
467 3992 882 4063 diligentiusque
933 3994 1302 4056 considerans,
1348 4008 1452 4046 non
1483 3992 1712 4047 similem
1741 4007 1827 4045 sa-

228 4085 466 4155 pientem
527 4093 583 4139 et
641 4085 864 4140 stultum
921 4085 1122 4140 habere
1173 4086 1225 4138 in
1277 4079 1457 4138 l‘uturo
1506 4084 1822 4138 memoriam

229 4178 448 4247 quando
477 4179 869 4233 consummatio
894 4179 1074 4234 veniet
1105 4179 1504 4243 univcrsitatis;
1539 4190 1594 4232 et
1623 4195 1826 4248 nequa-

227 4282 392 4340 quam
413 4269 533 4338 pari
554 4269 698 4323 exitu
718 4270 947 4340 injustas
967 4279 1021 4325 et
1035 4271 1214 4341 justus
1226 4268 1578 4338 iudicabitur,
1593 4271 1718 4340 quia
1738 4271 1826 4324 hic

1995 3171 2163 3244 418
2202 3173 2362 3228 Vsus.
2399 3171 2590 3225 24-26.
2637 3201 2712 3211 —
2750 3171 2941 3225 Nonne
2995 3171 3180 3225 melius
3232 3180 3306 3224 est
3353 3187 3525 3229 come-

1925 3265 2046 3318 dere
2072 3275 2119 3318 et
2142 3264 2332 3329 bibere,
2361 3276 2407 3318 et
2436 3263 2706 3318 ostendere
2732 3267 2924 3318 animle
2945 3280 3054 3317 sua:
3083 3263 3216 3316 bona
3239 3263 3303 3317 de
3325 3263 3529 3320 labori-

1928 3357 2022 3410 bus
2055 3357 2164 3410 suis
2185 3357 2210 3408 ?
2238 3355 2304 3408 Et
2333 3357 2430 3409 hoc
2457 3355 2521 3409 de
2542 3371 2701 3408 manu
2727 3355 2826 3408 Dei
2863 3364 2956 3408 est.
2991 3354 3120 3419 Quis
3147 3355 3219 3407 ita
3250 3354 3449 3408 vorabit
3477 3361 3531 3409 et

1927 3446 2129 3500 deliciis
2158 3448 2326 3518 aﬂluet
2367 3457 2425 3499 ut
2461 3462 2552 3517 ego
2576 3447 2600 3499 ?
2627 3444 2845 3500 Homini
2878 3447 3010 3500 bona
3039 3446 3091 3498 in
3123 3456 3399 3517 conspectu
3428 3463 3526 3500 suo

1925 3538 2065 3591 dedit
2098 3538 2240 3591 Deus
2269 3538 2578 3608 sapientiam
2617 3547 2664 3590 et
2700 3539 2971 3590 scientiam
2997 3548 3044 3589 et
3085 3536 3322 3589 la'titiam
3350 3552 3368 3589 :
3399 3551 3522 3605 pec-

1928 3631 2095 3682 catori
2130 3638 2303 3682 autem
2327 3628 2468 3681 dedit
2497 3629 2824 3696 aﬂlictionem
2867 3634 2913 3677 et
2953 3641 3133 3677 curam
3174 3627 3521 3695 super/luam,

1927 3731 1981 3774 ut
2010 3720 2170 3773 addat
2216 3728 2263 3772 et
2305 3727 2574 3787 congreget
2612 3725 2659 3768 et
2686 3714 2861 3768 tradat
2903 3715 2971 3780 ei,
3001 3716 3091 3786 qui
3121 3715 3319 3786 placuit
3361 3715 3472 3770 Deo
3501 3733 3522 3772 :

1927 3812 2016 3865 sed
2045 3821 2090 3864 et
2121 3811 2217 3862 hoc
2253 3809 2475 3870 vanitas,
2507 3814 2553 3858 et
2594 3821 2746 3858 cassa
2787 3803 3084 3858 sollicitudo
3114 3808 3322 3859 mentis.
3363 3803 3525 3862 Aliud

1927 3910 2011 3956 est
2055 3915 2123 3954 ex
2173 3896 2606 3952 consideratione
2655 3894 2903 3956 rationis,
2953 3895 3097 3949 aliud
3137 3903 3222 3950 est
3253 3912 3321 3952 ex
3370 3895 3524 3950 inﬁr-

1927 3989 2126 4045 mantis
2147 3987 2286 4056 vulgi
2315 3986 2609 4041 tentatione
2633 3984 2928 4053 disputare.
2963 3983 3060 4037 llic
3085 3984 3214 4050 quid
3244 3985 3523 4040 indoctum

1927 4081 2118 4149 vulgus
2168 4078 2363 4132 sentiat
2398 4077 2614 4130 videtur
2651 4074 2897 4130 deﬁnire.
2946 4072 3046 4127 Ubi
3085 4087 3216 4126 vero
3246 4073 3323 4126 ait
3353 4087 3367 4124 :
3403 4073 3522 4127 Me-

1927 4171 2028 4224 lius
2055 4181 2130 4224 est
2155 4171 2229 4223 ire
2249 4169 2318 4222 ad
2341 4168 2555 4222 domum
2579 4166 2747 4221 luctus
2773 4180 2930 4236 quam
2953 4163 3023 4218 ad
3043 4164 3254 4217 domum
3282 4165 3522 4230 convivii,

1929 4274 1995 4313 ex
2040 4259 2266 4313 rationis
2312 4257 2640 4312 discretione
2685 4255 2922 4310 ostendit
2966 4267 3025 4308 se
3059 4253 3226 4324 loqui.
3271 4253 3523 4308 Dicamus

231 4357 296 4412 ad
315 4357 620 4429 refrigeria,
644 4359 730 4415 ille
749 4361 924 4432 pergit
945 4362 1010 4416 ad
1034 4375 1280 4431 poenam:
1309 4361 1426 4416 ideo
1450 4363 1686 4431 priorem
1709 4377 1824 4416 seu-
1859 4402 1906 4460 ο
1931 4360 2110 4454 tamen
2141 4349 2435 4460 secundum
2483 4347 2927 4460 eopseque‘ntiafn
2957 4343 3252 4460 ξυρςνκξξξξ
3280 4345 3525 4460 disp??-

230 4451 451 4504 tentiam
483 4466 656 4505 meam
681 4453 1022 4514 damnavi,et
1046 4467 1130 4506 me
1151 4451 1312 4506 stulte
1334 4452 1568 4506 locutum
1597 4467 1717 4507 esse
1745 4451 1826 4504 in-

232 4538 430 4604 tellexi,
450 4549 502 4595 et
523 4556 755 4608 errasse,
781 4543 870 4612 qui
898 4541 1049 4614 [Ms.,
1067 4542 1214 4614 quia]
1239 4552 1395 4598 antea
1418 4543 1497 4597 sic
1522 4558 1818 4598 senseram.

298 4633 464 4688 Vens.
509 4634 690 4688 l7-l9.
723 4666 794 4674 -—
825 4633 1034 4688 Idcirco
1077 4635 1260 4688 twduit
1300 4650 1381 4688 me
1421 4635 1538 4688 vim:
1561 4651 1709 4698 mete,
1747 4635 1824 4689 vi-

228 4722 431 4777 dentem
461 4721 600 4776 mala
627 4740 738 4777 esse
763 4725 1004 4777 universa
1035 4723 1128 4777 sub
1158 4721 1286 4786 sole,
1327 4731 1375 4776 et
1403 4733 1588 4776 cuncta
1616 4725 1821 4777 vanita-

231 4822 330 4867 tem
359 4823 514 4884 atque
539 4815 886 4886 aﬂlictionem.
913 4813 1145 4868 Rursum
1167 4813 1452 4868 detestatus
1477 4830 1592 4866 sum
1617 4831 1818 4868 omnem

227 4903 544 4958 industriam
566 4921 754 4966 meam,
778 4921 882 4975 qua
904 4904 999 4958 sub
1026 4905 1135 4959 sole
1158 4904 1540 4958 studiosissime
1565 4904 1820 4970 laboravi;

225 4995 500 5050 habiturus
529 4997 786 5050 Iucredem
827 5008 939 5068 post
969 5014 1072 5063 me,
1111 5014 1263 5068 quem
1298 4998 1480 5067 ignoro
1517 5006 1695 5051 utrum
1737 5015 1824 5051 sa-

223 5088 372 5156 piens
407 5104 475 5140 an
507 5085 699 5141 stultus
722 5087 932 5156 futurus
967 5090 1053 5151 sit,
1087 5098 1134 5142 et
1165 5087 1525 5141 dominabitur
1547 5087 1603 5140 in
1626 5087 1823 5140 labori-

223 5179 322 5232 bus
351 5180 501 5245 meis,
540 5181 596 5233 in
639 5179 826 5250 quibus
852 5180 1104 5234 desudavi
1147 5190 1195 5234 et
1225 5177 1482 5234 sollicitus
1510 5179 1587 5249 {ui
1615 5196 1632 5242 ;
1667 5187 1714 5232 et
1746 5187 1821 5232 est

218 5270 509 5342 quidquam
536 5280 644 5326 tam
672 5289 862 5327 vanum
881 5273 907 5325 1’
945 5272 1167 5326 Videtur
1196 5271 1416 5342 quidem
1443 5270 1510 5324 de
1541 5270 1746 5324 divitiis
1768 5277 1822 5324 et

218 5361 419 5430 Opibus
471 5371 790 5428 retractare,
825 5363 952 5433 quia
996 5363 1294 5418 secundum
1338 5361 1688 5432 Evangelium
1733 5375 1820 5415 re-

218 5452 446 5521 pentina
484 5461 660 5508 morte
704 5453 994 5518 subtracti,
1046 5451 1192 5522 quali
1242 5452 1541 5506 moriamur
1583 5451 1816 5514 inerede,

221 5543 500 5598 nescimus
521 5551 705 5599 utrum
734 5543 953 5615 sapiens
977 5558 1046 5598 an
1068 5541 1266 5597 stultus
1290 5543 1379 5607 sit,
1409 5544 1499 5614 qui
1532 5552 1719 5600 nostro
1744 5544 1824 5598 la-

222 5630 359 5693 iure
404 5641 490 5691 est
536 5631 822 5691 fruiturus.
875 5633 947 5690 Et
979 5633 1084 5690 hoc
1114 5630 1390 5690 Salomoni
1429 5633 1631 5690 malum
1677 5635 1821 5692 acci-

1931 4442 2111 4495 tionis.
2148 4440 2439 4510 Postquam
2468 4439 2718 4492 universa
2749 4436 3000 4498 tractavi,
3031 4443 3087 4489 et
3114 4435 3249 4489 nihil
3277 4436 3331 4488 in
3364 4435 3522 4491 istius

1931 4530 2118 4585 mundi
2172 4531 2354 4583 labore
2404 4535 2722 4598 perpetuum
2769 4524 3028 4587 intellexi,
3063 4526 3525 4594 posterioremque

1927 4618 2328 4689 generationem
2355 4617 2552 4685 prioris
2587 4615 2692 4669 frui
2728 4615 3020 4677 laboribus,
3055 4622 3168 4666 tum
3194 4613 3325 4667 mihi
3347 4613 3525 4668 visum

1927 4719 2029 4774 est,
2060 4710 2163 4763 hoc
2196 4709 2251 4763 in
2279 4709 2438 4762 rebus
2466 4721 2586 4761 esse
2625 4706 3007 4774 Justissimum,
3036 4714 3088 4758 et
3129 4703 3284 4772 quasi
3310 4703 3408 4759 Dei
3434 4705 3525 4761 do-

1929 4817 2077 4866 num,
2116 4809 2177 4854 ut
2202 4814 2299 4856 suo
2324 4799 2446 4870 quis
2476 4798 2659 4853 labore
2695 4797 2988 4860 frueretur,
3019 4793 3209 4849 bibens
3238 4802 3294 4849 et
3334 4810 3524 4850 come-

1928 4891 2080 4956 deus,
2124 4898 2179 4945 et
2208 4905 2306 4960 pro
2331 4900 2573 4958 tempore
2613 4899 2842 4956 parcens
2872 4885 3005 4956 ML,
3035 4883 3288 4957 pascens]
3331 4885 3528 4955 opibus

1928 4986 2290 5056 congregatis.
2340 4984 2406 5037 Et
2433 4984 2536 5037 hoc
2565 4980 2829 5050 siquidem
2859 4978 2953 5032 Dei
2984 4979 3184 5034 donum
3205 4976 3364 5046 [Ms.,
3406 4993 3525 5033 mu-

1929 5077 2054 5148 nus]
2107 5086 2231 5142 est,
2277 5077 2438 5131 talem
2474 5073 2626 5142 justo
2673 5073 2792 5128 dari
2844 5073 2963 5127 viro
2997 5079 3272 5136 mentem,
3320 5079 3383 5125 ut
3430 5086 3519 5136 ea,

1927 5186 2048 5239 quae
2119 5169 2265 5224 curis
2307 5167 2640 5239 rvigiliisque
2697 5164 2983 5236 quaesivit,
3039 5165 3157 5234 ipse
3216 5171 3527 5218 consumat.

1929 5238 2082 5316 Sicut
2112 5274 2142 5313 e
2183 5238 2460 5315 contrario
2490 5261 2584 5314 ira:
2610 5259 2706 5313 Dei
2731 5266 2832 5324 est,
2872 5266 2933 5312 ut
2959 5263 3215 5327 peccator
3241 5254 3432 5311 diebus
3459 5269 3532 5310 ac

1927 5353 2176 5408 noctibus
2209 5367 2340 5422 opes
2369 5360 2662 5423 congreget
2686 5391 2702 5418 ,
2748 5361 2806 5406 et
2851 5363 3192 5419 nequaquam
3219 5347 3301 5403 eis
3341 5356 3529 5416 utens,

1929 5443 2268 5512 derelinquat
2310 5442 2394 5497 his
2417 5443 2509 5511 qui
2540 5443 2594 5496 in
2621 5449 2913 5512 conspectu
2938 5440 3032 5494 Dei
3068 5437 3205 5507 justi
3231 5443 3379 5495 sunt.
3414 5435 3522 5494 Sed

1926 5545 1984 5592 et
2009 5536 2135 5601 hoc,
2167 5535 2360 5605 inquit,
2391 5533 2677 5605 diligenter
2701 5532 3016 5603 inspiciens,
3043 5539 3101 5586 et
3125 5531 3318 5588 videns
3340 5527 3526 5588 omnia

1929 5637 2105 5688 morte
2125 5627 2290 5698 finiri,
2313 5624 2669 5683 vanissimam
2695 5623 2952 5698 iudicavi.
2971 5620 3097 5683 Hac
3121 5623 3339 5683 interim
3361 5631 3533 5701 super,
