3996 6194
415 209 523 268 679

1262 194 1324 247 Β.
1364 190 1427 246 F.
1468 183 1694 243 ALBINI
1734 181 1865 240 SEU
1905 174 2185 238 ALCUINI
2221 176 2505 236 OPERUM
2541 174 2720 233 PARS
2755 173 2823 231 II.

414 320 676 383 litteram,
718 327 787 371 ne
833 311 1111 367 videamur
1138 303 1352 376 penitus
1387 299 1686 371 simplicem
1723 296 2002 368 prseterire
2029 303 2074 358 Α
2106 292 2254 369 illum
2280 293 2454 383 locum
2484 292 2538 347 in
2556 307 2663 362 quo
2689 292 2765 347 ait
2793 309 2805 343 :
2836 299 3038 383 Lampus
3060 287 3199 383 belli,
3220 294 3270 341 et
3291 295 3488 383 scrupus
3508 288 3692 383 pacis,

419 424 668 472 sensum;
698 414 755 460 et
787 404 913 460 dum
942 397 1210 470 spiritales
1238 395 1453 450 divitias
1490 390 1788 460 sequimur,
1831 388 1999 443 histo-

421 501 517 555 riae
571 504 916 552 contemnere
978 491 1370 557 paupertatem.
1431 482 1636 536 Bonum
1682 487 1767 535 est
1819 478 2001 546 itaque

420 605 577 646 veros
635 585 785 639 cibos
827 587 884 636 et
927 592 1108 634 veram
1158 588 1371 630 sumere
1417 572 1713 641 potionem,
1754 582 1891 638 quos
1936 566 2004 621 de

422 680 543 752 agni
564 691 725 733 carne
749 683 805 728 et
830 670 1091 742 sanguine
1116 672 1170 722 in
1190 664 1385 720 divinis
1409 660 1769 718 voluminibus
1796 656 2005 712 inveni-

421 744 562 833 mus,
596 768 661 823 de
683 765 879 835 quibus
901 761 1094 836 dicitur
1131 759 1185 812 in
1223 754 1445 811 Cantico
1475 750 1808 815 canticorum
1851 764 1865 799 :
1907 744 2008 800 Co-

421 858 632 922 mcdite,
660 855 816 910 amici
856 852 976 914 mei,
1009 849 1164 903 bibite
1192 856 1240 901 et
1279 841 1612 899 inebriamini
1647 836 1824 911 (Cant.
1848 853 1905 902 v,
1930 835 2005 906 1).

424 950 504 1004 Ad
531 964 666 1019 quos
691 947 804 1015 ipsa
831 950 987 997 vocat
1015 938 1304 1010 Sapientia,
1336 936 1519 992 dicens
1544 951 1556 986 :
1611 930 1809 996 Venite,
1840 943 2011 982 come-

426 1041 534 1094 dite
551 1017 743 1110 panem
772 1042 1022 1095 meum,et
1049 1032 1242 1093 vinum,
1264 1026 1402 1098 quod
1425 1023 1609 1079 miscui
1638 1022 1798 1077 vobis.
1831 1017 2009 1073 Relin-

426 1130 567 1201 quitc
593 1126 868 1196 infantiam
898 1132 943 1176 et
968 1123 1114 1176 vivite
1132 1162 1145 1183 ,
1175 1129 1221 1173 et
1251 1116 1513 1171 ambulate
1537 1130 1628 1185 per
1654 1114 1762 1167 vias
1787 1110 2016 1182 pruden-

429 1223 516 1274 tia:
543 1218 723 1290 (Prov.
750 1232 823 1278 is,
856 1214 908 1277 5,
931 1213 1007 1282 6).
1032 1212 1162 1276 Quis
1183 1209 1324 1263 enim
1350 1207 1435 1261 vel
1460 1205 1761 1267 comedere,
1785 1201 1870 1256 vel
1891 1214 2014 1253 cum

429 1325 566 1379 opus
609 1316 710 1371 est,
739 1318 960 1374 parcere
1000 1301 1134 1373 [Al.,
1162 1296 1408 1369 pascere]
1449 1301 1629 1366 potest
1652 1295 1855 1361 absque
1881 1290 2012 1353 Deo,

431 1399 521 1469 qui
553 1396 796 1467 praecipit
822 1400 1067 1447 sanctum
1105 1390 1328 1445 canibus
1371 1402 1477 1441 non
1523 1399 1644 1439 esse
1672 1379 2013 1444 mittendum,

433 1467 488 1545 et
516 1490 671 1543 docet
711 1483 980 1557 quomodo
1028 1481 1082 1535 in
1128 1489 1368 1548 tempore
1409 1475 1519 1531 sint
1566 1468 1739 1528 danda
1781 1467 2018 1525 cibaria?

433 1579 665 1636 Pulchre
715 1577 858 1631 enim
903 1571 1106 1628 homini
1151 1571 1241 1625 dat
1295 1567 1437 1622 Deus
1486 1566 1629 1620 bono
1679 1561 2016 1632 sapientiam,

2101 396 2262 451 super
2284 380 2445 436 lsrael
2469 380 2791 450 intelligunt.
2835 377 3069 446 Tempus
3090 375 3192 430 fuit
3221 371 3475 429 nascendi
3511 373 3566 430 in
3586 389 3701 445 pa-

2103 474 2352 528 triarcbis
2377 472 2574 542 populo
2604 471 2720 534 Dei,
2752 478 2965 538 tempus
2988 466 3252 523 moriendi
3282 474 3528 536 tempore
3550 466 3702 524 Ves-

2101 563 2313 633 pasiani
2341 570 2396 617 et
2424 561 2551 615 Titi.
2585 559 2822 629 Tempus
2845 556 3120 629 plautandi
3148 556 3201 611 in
3227 563 3374 609 terra
3400 556 3702 625 repromis-

2105 653 2271 708 sionis
2319 651 2420 707 sub
2457 649 2585 705 Jesu
2608 648 2772 713 Nave,
2815 656 3025 717 tempus
3046 644 3327 710 evellendi,
3376 646 3503 701 dum
3541 644 3704 702 ducti

2107 751 2232 799 sunt
2258 744 2312 797 in
2334 741 2699 813 captivitatem
2728 756 2760 794 a
2785 737 3025 811 praefatis
3040 738 3286 799 ducibus.
3303 736 3538 806 Tempus
3548 736 3707 791 occi-

2108 834 2268 890 dendi
2288 849 2383 889 eos
2403 834 2457 888 in
2474 832 2727 904 Egypto,
2752 837 2808 886 et
2828 837 3039 898 tempus
3062 827 3327 883 liberandi
3349 827 3416 880 de
3437 825 3700 896 Egypto.

2110 925 2346 995 Tempus
2367 922 2676 978 destruendi
2703 920 2874 994 [Adde
2889 937 2952 975 ea:
2969 919 3143 984 Hier.,
3169 916 3377 990 templi]
3397 918 3496 973 sub
3513 917 3707 972 Nabu-

2113 1017 2472 1079 chodonosor,
2492 1023 2548 1069 et
2575 1022 2786 1082 tempus
2811 1011 3111 1067 aedificandi
3133 1011 3233 1065 sub
3255 1008 3438 1063 Dario.
3464 1007 3705 1078 Tempus

2111 1106 2399 1179 plangendi
2421 1106 2757 1161 eversionem
2790 1104 2961 1168 urbis,
2984 1111 3040 1157 et
3061 1110 3273 1171 tempus
3294 1100 3504 1156 ridendi
3533 1108 3708 1170 atque

2115 1198 2343 1255 saltandi
2365 1200 2464 1255 sub
2485 1197 2806 1263 Zorobabel,
2826 1203 2882 1251 et
2901 1195 3090 1259 Esdra,
3117 1202 3173 1249 et
3196 1192 3435 1247 Neemia.
3465 1191 3713 1261 Tempus

2116 1287 2453 1360 dispergendi
2471 1288 2635 1343 lsrael
2653 1302 2751 1356 per
2767 1287 3230 1355 diversasgentes,
3242 1292 3295 1337 et
3311 1281 3364 1336 in
3384 1297 3552 1335 unum
3574 1296 3711 1336 cono

2116 1380 2396 1452 gregandi,
2427 1378 2641 1448 quando
2676 1377 2886 1433 reducti
2926 1382 3052 1432 sunt
3075 1374 3140 1429 de
3165 1371 3479 1443 captivitate
3514 1372 3570 1426 in
3608 1386 3706 1441 pa-

2120 1474 2300 1526 triam.
2334 1471 2568 1540 Tempus
2590 1467 2953 1538 amplexandi,
2983 1468 3109 1522 dum
3133 1463 3339 1520 cmlcsti
3360 1461 3563 1517 auxilio
3592 1462 3716 1517 ein:

2120 1562 2404 1631 gebantur;
2430 1567 2642 1627 tempus
2669 1557 2825 1627 longe
2846 1554 2963 1610 ﬁeri
2987 1570 3019 1608 a
3047 1551 3432 1623 complexibus,
3456 1549 3583 1604 dum
3606 1560 3716 1619 pro

435 1631 837 1735 etﬁsvcicntiam',
858 1673 912 1719 et
940 1662 1197 1718 lmtitiam.
1229 1657 1341 1712 Nisi
1376 1656 1520 1711 enim
1551 1655 1724 1709 bonus
1743 1631 1935 1715 luerit,
1965 1655 2021 1702 et
2056 1631 2101 1690 Β
2124 1650 2363 1722 peccatis
2387 1649 2499 1704 suis
2526 1647 2774 1703 derelicti
2810 1652 2935 1701 sunt
2956 1661 2988 1699 a
3009 1644 3140 1699 Deo.
3167 1643 3401 1713 Tempus
3429 1640 3719 1712 querendi

438 1775 618 1817 mores
662 1773 808 1821 suos,
856 1756 951 1809 Dei
994 1752 1280 1823 adjuvante
1321 1748 1516 1819 gratia,
1546 1744 1767 1817 proprio
1793 1739 2022 1798 arbitrio

440 1857 596 1934 [Ms.,
624 1869 725 1926 pro
751 1848 998 1922 arbitrio]
1038 1855 1160 1903 ante
1188 1843 1486 1901 correxerit
1516 1853 1565 1907 α,
1600 1838 1947 1909 sapientiam,
1970 1844 2028 1893 et

439 1952 740 2012 scientiam,
765 1954 820 2001 et
856 1944 1098 2000 lmtitiam
1124 1957 1231 1996 non
1266 1939 1581 1995 merebitur.
1622 1934 1694 1993 Ut
1727 1949 1856 2006 ergo
1884 1934 2029 1989 bono

439 2055 623 2098 coram
648 2053 707 2094 se
746 2036 893 2092 dedit
921 2034 1064 2088 Deus
1093 2030 1413 2101 sapientiam
1442 2036 1497 2084 et
1527 2035 1720 2081 caetera
1738 2065 1752 2089 ,
1797 2024 1876 2080 sic
1900 2037 2028 2092 pee-

440 2144 679 2189 catorem
708 2144 806 2184 suo
842 2126 1064 2181 arbitrio
1092 2122 1470 2191 derelinquens
1494 2157 1510 2185 ,
1537 2117 1669 2173 facit
1700 2126 2033 2186 congregem

444 2222 676 2285 divitias,
717 2227 772 2275 et
806 2218 933 2272 hinc
971 2214 1096 2270 inde
1142 2225 1524 2283 perversorum
1555 2209 1868 2278 dogmatum
1905 2220 2035 2259 con-

444 2327 604 2367 suere
649 2307 932 2365 cervicalia
976 2321 989 2356 :
1047 2317 1167 2373 qua:
1214 2315 1339 2356 cum
1374 2299 1459 2353 vir
1484 2304 1703 2353 sanctus
1737 2301 1792 2349 et
1819 2293 2037 2365 placens

450 2401 562 2456 Deo
588 2399 824 2461 viderit,
870 2394 1119 2462 intelligit
1142 2392 1268 2462 quia
1305 2405 1438 2444 vana
1483 2397 1638 2453 sunt,
1686 2394 1741 2442 et
1770 2399 2034 2455 praesum-2

450 2492 633 2564 ptionc
658 2491 882 2560 spiritus
909 2485 1226 2555 composita.
1254 2481 1366 2536 Nec
1392 2480 1693 2534 mirandum
1721 2476 1865 2547 quod
1893 2475 2038 2531 dixe-

451 2587 541 2650 rit,
578 2582 835 2655 peccatori
877 2579 1018 2633 dedit
1066 2574 1488 2638 sollicitudinem,
1536 2580 1666 2636 etc.,
1701 2569 1842 2623 dedit
1889 2567 2037 2623 enim

451 2690 550 2747 pro
576 2673 790 2733 dimisit,
823 2667 1226 2738 intelligendum
1254 2673 1355 2719 est.
1396 2663 1689 2732 Propterea
1716 2659 1809 2714 dat
1835 2659 1886 2715 ei
1927 2658 2037 2712 sol-

451 2766 786 2823 licitudinem
814 2763 927 2823 sive
971 2759 1335 2821 aliiictionem,
1375 2756 1499 2826 quia
1531 2761 1784 2824 peccator
1808 2751 1938 2818 fuit;
1981 2758 2037 2805 et

452 2871 558 2911 non
605 2870 724 2911 esse
764 2865 985 2907 causam
1023 2847 1327 2902 alilictiouis
1360 2847 1413 2900 in
1454 2845 1584 2911 Deo,
1613 2843 1707 2898 sed
1735 2842 1789 2896 in
1820 2840 1910 2895 illo
1941 2839 2033 2909 qui

454 2953 644 3016 sponte
668 2959 762 2998 sua
795 2948 918 2994 ante
938 2937 1260 3008 peccaverit.

1067 3026 1196 3082 CAP
1206 3026 1292 3082 UT
1332 3026 1416 3080 ΙΙΙ.

532 3127 695 3179 Vens.
732 3123 780 3174 l.
820 3150 891 3159 ——
929 3117 1119 3172 Omnia
1150 3126 1350 3186 tempus
1389 3115 1599 3179 habent,
1638 3123 1684 3167 et
1717 3112 1826 3167 suis
1854 3110 2036 3182 spatiis

459 3221 729 3289 transeunt
771 3212 1009 3264 universa
1044 3207 1138 3261 sub
1183 3205 1330 3260 caelo.
1373 3205 1639 3259 incertum
1677 3211 1732 3257 et
1778 3201 2039 3256 ﬂuctuan-

460 3314 570 3360 tem
598 3312 797 3359 statum
822 3299 1143 3357 conditionis
1179 3299 1425 3352 humanae
1453 3298 1506 3350 in
1545 3295 1911 3365 superioribus
1943 3293 2039 3347 do-

461 3400 593 3453 cuit.
623 3394 777 3450 Nunc
803 3392 916 3446 vult
944 3390 1125 3444 omnia
1164 3386 1449 3442 ostendere
1477 3384 1578 3439 sibi
1602 3384 1655 3438 in
1685 3383 1885 3437 mundo
1922 3396 2041 3437 esse

461 3487 732 3545 contraria
753 3525 768 3550 ,
795 3492 850 3539 et
884 3481 1018 3536 nihil
1064 3488 1209 3535 stare
1236 3485 1529 3548 perpetuo,
1561 3489 1752 3530 eorum
1780 3474 2044 3528 duntaxat

461 3595 584 3654 qua:
613 3578 713 3635 sub
737 3576 872 3632 caelo
912 3580 1058 3636 sunt,
1097 3580 1153 3627 et
1184 3569 1410 3639 tempori
1438 3567 1671 3623 obnoxia
1715 3574 1875 3631 sunt;
1916 3564 2044 3634 quia

465 3683 678 3733 cetera:
703 3669 1020 3727 substantiae
1050 3664 1323 3735 spiritales
1356 3678 1457 3719 nec
1489 3662 1643 3727 caelo,
1673 3676 1775 3716 nec
1805 3667 2045 3729 tempore

468 3766 833 3824 continentur.

540 3853 702 3908 Vens.
723 3848 837 3903 2-8.
862 3877 934 3888 --
959 3845 1177 3916 Tempus
1192 3843 1459 3908 nascendi,
1482 3852 1529 3897 et
1550 3852 1750 3913 tempus
1768 3839 2046 3904 moriendi;

468 3954 667 4014 tempus
693 3937 996 4011 plantandi,
1047 3945 1094 3990 et
1143 3944 1342 4006 tempus
1383 3931 1632 3988 euellendi
1675 3930 1815 4002 quod
1847 3928 2052 4002 planta-

469 4042 579 4086 tum
599 4038 706 4095 est;
731 4038 930 4098 tempus
954 4025 1246 4088 occidendi,
1268 4033 1315 4078 et
1338 4032 1537 4092 tempus
1557 4021 1781 4076 sanandi
1804 4036 1822 4084 ;
1852 4029 2051 4089 tempus

469 4118 791 4181 destruendi,
826 4124 874 4170 et
916 4125 1116 4185 tempus
1159 4112 1496 4182 aediﬁcandi;
1534 4120 1733 4181 tempus
1780 4108 1963 4178 ﬂendi,
2005 4116 2053 4162 et

471 4219 674 4279 tempus
712 4205 949 4269 ridendi;
987 4213 1188 4274 tempus
1242 4199 1521 4271 plangendi
1544 4240 1560 4263 ,
1607 4208 1656 4253 et
1698 4209 1896 4268 tempus
1946 4196 2055 4251 sal-

2120 1742 2187 1797 de
2225 1740 2549 1812 Babylonica
2600 1739 2936 1809 captivitate,
2966 1746 3181 1807 tempus
3224 1733 3484 1804 perdendi
3527 1747 3623 1788 eos
3655 1732 3718 1787 in

2123 1831 2332 1888 excidio
2352 1830 2504 1885 urbis
2529 1830 2631 1885 sub
2669 1828 2947 1883 Romanis.
2999 1826 3235 1895 Tempus
3265 1820 3602 1878 custodiendi
3634 1821 3724 1876 le-

2127 1922 2268 1994 galia
2290 1923 2561 1985 mandata,
2580 1929 2792 1989 tempus
2810 1916 3094 1989 abjiciendi
3122 1914 3393 1970 laciniosa:
3415 1913 3551 1985 legis
3573 1927 3726 1984 pra»

2130 2018 2304 2081 cepta.
2341 2009 2577 2079 Tempus
2605 2007 2907 2073 scindendi,
2933 2006 3148 2076 quando
3174 2006 3226 2059 in
3249 2006 3354 2059 duo
3392 2019 3558 2075 regna
3589 2011 3728 2074 post

2134 2100 2476 2155 Salomonem
2504 2098 2707 2154 divisus
2728 2105 2812 2152 est
2835 2096 3083 2167 populus,
3109 2103 3163 2149 et
3183 2103 3396 2165 tempus
3419 2093 3727 2152 consuendi

2134 2200 2376 2261 tempore
2405 2187 2853 2244 Machabaeorum.
2898 2186 3131 2256 Tempus
3159 2182 3370 2238 tacendi
3405 2183 3722 2253 prophetas,

2134 2297 2281 2338 nunc
2324 2281 2381 2336 in
2424 2280 2736 2351 captivitate
2787 2278 3051 2343 Romana,
3096 2283 3150 2331 et
3199 2284 3410 2346 tempus
3464 2274 3727 2345 loquendi

2135 2369 2429 2447 apostolos,
2486 2369 2696 2424 dicente
2736 2367 2964 2423 Domino
3011 2384 3024 2419 :
3088 2364 3167 2419 Ite
3211 2366 3280 2419 ad
3332 2381 3447 2420 oves
3487 2365 3727 2434 perditas

2136 2461 2322 2515 domus
2348 2458 2517 2513 lsrael
2544 2457 2760 2529 (Matth.
2784 2474 2843 2524 κ,
2870 2457 2946 2529 6).
2973 2458 3207 2527 Tempus
3246 2456 3574 2521 dilectionis,
3611 2471 3728 2525 quo

2139 2551 2338 2625 [Πίου-η
2371 2546 2500 2623 qua]
2529 2565 2622 2606 eos
2652 2551 2752 2605 sub
2780 2550 3024 2619 patribus
3063 2559 3188 2604 ante
3220 2549 3406 2604 dilexit
3434 2566 3448 2601 :
3482 2558 3537 2605 et
3578 2556 3713 2603 tem-

2135 2661 2237 2716 pus
2273 2638 2404 2709 odii,
2457 2643 2585 2698 dum
2634 2642 2850 2699 Christo
2894 2643 3188 2698 intulerant
3225 2658 3437 2697 manus.
3486 2643 3732 2712 Tempus

2137 2736 2264 2792 belli
2295 2737 2473 2799 modo,
2506 2752 2610 2790 non
2644 2737 2924 2806 agentibus
2951 2736 3029 2791 eis
3067 2736 3485 2807 paenitentiam;
3508 2746 3733 2806 tempus

2140 2826 2292 2894 pacis
2325 2826 2377 2879 in
2410 2825 2612 2890 futuro,
2642 2826 2857 2894 quando
2878 2826 3042 2879 intrat
3074 2824 3353 2895 plenitudo
3382 2826 3642 2896 gentium,
3669 2835 3734 2882 et

2141 2915 2220 2972 sic
2269 2916 2446 2971 omnis
2493 2916 2659 2972 lsrael
2706 2916 2887 2971 salvus
2927 2916 3048 2971 erit.
3089 2916 3262 2971 Aliter
3297 2917 3474 2973 altiori
3502 2932 3663 2973 sensu
3712 2934 3733 2973 ε

2063 2968 2110 3030 c
2144 3003 2378 3078 Tempus
2420 3007 2718 3071 occidendi,
2765 3016 2820 3061 et
2869 3016 3080 3078 tempus
3121 3008 3367 3074 sanandi,
3418 3009 3553 3063 sicut
3602 3009 3685 3064 ait
3715 3028 3733 3063 :

2142 3096 2256 3169 Ego
2280 3097 2596 3162 occidam,et
2616 3113 2708 3166 ego
2725 3096 2992 3166 viviﬁcabo
3015 3096 3190 3169 (Deut.
3211 3113 3377 3162 um,
3395 3098 3506 3168 39).
3533 3097 3736 3165 Sanat,

2143 3190 2210 3245 ad
2235 3189 2606 3259 paenitentiam
2634 3203 2932 3259 provocans
2974 3205 2986 3240 :
3025 3188 3223 3243 occidit
3241 3187 3392 3255 juxta
3421 3188 3570 3243 illum
3598 3203 3743 3245 seu-

2143 3297 2263 3337 sum
2312 3298 2325 3334 :
2374 3279 2440 3334 In
2486 3279 2743 3333 matutino
2784 3275 3163 3347 interﬁciebam
3210 3293 3380 3331 omnes
3424 3288 3743 3348 peccatores

2145 3380 2300 3425 terra:
2329 3369 2557 3442 (Psalm.
2600 3384 2651 3433 c,
2684 3367 2762 3441 8).
2795 3368 3030 3439 Tempus
3071 3366 3403 3433 destruendi,
3427 3376 3482 3422 et
3512 3375 3746 3438 tempus

2144 3461 2466 3517 aediﬁcandi.
2498 3460 2615 3516 Non
2645 3475 2929 3531 possumus
2956 3459 3228 3515 aediﬁcare
3256 3461 3417 3524 bona,
3450 3460 3552 3514 nisi
3579 3460 3745 3531 prius

2146 3551 2573 3607 dcstruxerimus
2608 3549 2769 3603 mala.
2810 3548 3043 3619 Tempus
3088 3549 3333 3619 ploraudi
3358 3589 3371 3612 ,
3421 3557 3476 3604 et
3522 3557 3745 3619 tempus

2148 3642 2355 3699 ridendi
2402 3661 2415 3696 :
2456 3657 2599 3697 nunc
2643 3639 2804 3696 ﬂendi
2851 3648 3062 3711 tempus
3105 3654 3206 3708 est,
3250 3651 3306 3697 et
3349 3642 3404 3697 in
3443 3640 3621 3697 futuro
3656 3642 3748 3695 ri-

2149 3733 2328 3799 dendi,
2361 3732 2588 3787 Domino
2622 3732 2836 3787 dicente
2878 3749 2892 3785 :
2936 3731 3088 3786 Beati
3126 3733 3329 3802 ﬂentes,
3358 3732 3603 3801 quoniam
3631 3731 3749 3802 ipsi

2150 3824 2389 3879 ridebunt
2422 3824 2574 3896 (Luc.
2604 3840 2678 3890 vi,
2711 3821 2823 3895 21).
2852 3823 3084 3895 Tempus
3111 3824 3420 3895 plangendi,
3443 3832 3499 3877 et
3522 3831 3751 3891 tempus

2151 3916 2399 3972 saltandi.
2443 3916 2643 3972 Eodem
2679 3930 2839 3972 sensu
2885 3934 2991 3989 quo
3020 3932 3202 3987 supra.
3250 3916 3612 3988 Plangendum
3650 3928 3751 3973 est

2152 4007 2655 4077 impraesentiarum,
2682 4016 2742 4062 ut
2771 4009 2823 4063 in
2850 4007 3032 4064 futuro
3071 4007 3268 4064 saeculo
3294 4007 3521 4077 spiritali
3562 4006 3749 4062 salta-

2154 4098 2300 4153 tione
2327 4100 2672 4169 gaudeamus.
2703 4098 2936 4168 Tempus
2963 4099 3247 4170 spargendi
3270 4098 3493 4168 lapides,
3519 4106 3573 4152 et
3600 4105 3755 4152 tem-

2152 4205 2254 4260 pus
2282 4189 2565 4261 colligendi
2597 4205 2611 4244 :
2640 4191 2765 4261 quia
2796 4200 3004 4262 tempus
3032 4188 3136 4245 fuit
3168 4189 3382 4261 gentilis
3415 4188 3591 4261 pepuli
3620 4187 3753 4244 dis-

473 4299 622 4355 tandi
643 4314 663 4364 ;
693 4307 892 4367 tempus
913 4292 1190 4366 spargendi
1215 4290 1436 4363 lapides,
1454 4299 1502 4343 et
1525 4298 1723 4360 tempus
1742 4288 2051 4359 colligendi;
2086 4318 2129 4373 Ι)
2156 4284 2432 4354 pergendi,
2464 4291 2518 4338 et
2558 4292 2770 4355 tempus
2814 4298 3030 4339 rursum
3079 4283 3133 4337 in
3173 4282 3470 4339 Eeclesiam
3511 4295 3756 4350 congre-

475 4399 677 4461 tempus
702 4384 1054 4457 amplexandi,
1085 4392 1132 4437 ct
1172 4391 1372 4451 tempus
1403 4379 1553 4451 longe
1577 4380 1694 4450 ﬁeri
1718 4379 1782 4433 ab
1805 4378 2057 4449 amplexi-

478 4480 609 4547 bus;
646 4488 845 4549 tempus
875 4474 1200 4547 acquirendi,
1230 4482 1279 4528 et
1311 4483 1509 4544 tempus
1549 4471 1829 4544 perdendi;
1859 4480 2057 4540 tempus

480 4565 829 4631 custodiendi,
853 4574 900 4619 et
942 4573 1141 4633 tempus
1186 4560 1469 4632 objiciendi
1491 4577 1509 4626 ;
1535 4570 1733 4628 tempus
1762 4557 2056 4621 scindendi,

480 4664 531 4710 et
558 4664 756 4727 tempus
784 4652 1107 4718 consuendi;
1142 4661 1343 4721 tempus
1386 4648 1615 4713 tacendi,
1655 4656 1701 4701 et
1744 4656 1945 4717 tempus
1983 4644 2062 4699 lo-

482 4743 708 4818 queudi;
742 4753 941 4813 tempus
977 4739 1294 4804 dilectionis,
1333 4747 1382 4793 et
1425 4748 1624 4809 tempus
1670 4739 1815 4803 odii;
1862 4749 2061 4810 tempus

484 4833 625 4899 belli,
662 4843 712 4889 et
752 4843 951 4904 tempus
982 4830 1147 4903 pacis.
1178 4829 1317 4885 Nulli
1346 4827 1512 4902 419
1542 4829 1761 4884 dubium
1786 4836 1889 4891 est,
1920 4827 2064 4897 quod

447 4908 645 5006 [ortus
670 4934 727 4981 et
752 4923 1004 4980 interitus
1031 4921 1307 4977 hominum
1335 4920 1446 4975 Deo
1473 4928 1635 4975 notus
1661 4919 1732 4973 sit
1749 4926 1805 4973 et
1830 4918 2065 4990 praelini-

446 5016 449 5019 ’
487 5024 615 5081 tus;
645 5021 703 5069 et
747 5013 978 5083 idipsum
1019 5025 1138 5066 esse
1180 5025 1373 5081 parere
1409 5010 1551 5080 quod
1584 5008 1855 5079 plantare;
1902 5009 2064 5075 mori,

487 5103 632 5175 quod
656 5102 953 5172 plantatum
977 5110 1061 5156 est
1086 5100 1332 5155 evellere.
1366 5098 1593 5155 Πεδτωί
1621 5114 1779 5155 omne
1801 5100 1903 5155 hoc
1923 5099 2067 5170 quod

490 5193 559 5249 de
599 5191 978 5248 contrarietate
1016 5198 1318 5261 temporum
1349 5189 1608 5260 scriptum
1638 5197 1741 5254 est,
1787 5204 1956 5259 usque
1999 5190 2067 5245 ad

500 5382 517 5439 ‘_
565 5366 785 5439 {Apud
825 5366 972 5422 Hier.
1007 5367 1060 5422 in
1097 5367 1241 5422 hunc
1276 5367 1490 5439 locum:
1522 5386 1554 5439 ί(
1584 5367 1696 5423 Nisi
1727 5368 1869 5422 enim
1894 5367 2068 5422 bonus

493 5435 693 5520 luet-ig;
722 5447 780 5493 et
820 5452 1155 5520 mores'su‘os
1181 5438 1401 5520 proprio
1419 5438 1646 5520 arbitrio
1672 5445 1795 5492 ante
1820 5451 2071 5520 correxe-

494 5505 587 5576 rit.
633 5505 807 5576 Quam
849 5507 1019 5562 sancti
1059 5505 1236 5576 Patris
1262 5505 1601 5568 sententiam,
1635 5522 1757 5576 qua:
1793 5506 2068 5576 quidpiam

494 5573 771 5647 Pelagiani
796 5576 996 5633 erroris
1026 5575 1265 5632 redolere
1290 5576 1459 5635 videri
1484 5573 1687 5648 posset,
1713 5573 1973 5633 Alcuintis
2000 5575 2069 5631 ad

2160 4374 2338 4445 gandi.
2366 4374 2598 4446 Tempus
2622 4374 2982 4445 amplexandi,
3005 4375 3130 4429 dum
3158 4373 3361 4430 dictum
3378 4381 3480 4439 est,
3509 4369 3753 4427 Crescite

2158 4474 2206 4518 et
2237 4463 2657 4534 multiplicamini
2703 4463 2855 4536 (Gen.
2899 4481 2937 4528 ι,
2978 4464 3104 4537 28);
3136 4474 3346 4534 tempus
3374 4464 3524 4532 longe
3550 4460 3669 4516 ﬁeri
3712 4478 3759 4517 δ

2160 4554 2561 4624 complexibus,
2608 4555 2701 4610 ubi
2748 4556 2857 4621 ait,
2902 4554 3053 4610 Dabo
3107 4556 3426 4628 spadonibus
3471 4554 3640 4607 locum
3686 4554 3763 4610 in

2160 4649 2314 4702 domo
2338 4664 2451 4701 mea
2474 4646 2741 4701 meliorem
2761 4664 2794 4701 a
2814 4646 2939 4716 ﬁliis
2964 4657 3012 4702 et
3032 4646 3267 4716 ﬁliabus,
3282 4647 3455 4701 locum
3472 4645 3767 4715 sempiter-

2162 4754 2307 4793 num.
2351 4737 2569 4793 Aliter:
2627 4737 2861 4809 Tempus
2889 4744 2974 4793 est
3015 4737 3332 4808 sapientiam
3377 4735 3768 4806 amplexandi,

2162 4826 2215 4883 id
2239 4835 2342 4893 est,
2373 4828 2441 4885 de
2467 4828 2780 4885 caelestibus
2803 4828 3096 4898 cogitandi,
3127 4835 3184 4884 et
3210 4837 3418 4897 tempus
3436 4833 3519 4882 est
3540 4825 3771 4881 iterum

2162 4934 2349 4976 curam
2377 4920 2619 4990 corporis
2646 4918 2857 4989 agendi.
2886 4916 3119 4989 Tempus
3144 4917 3456 4989 acquirendi
3483 4914 3770 4986 populum

2163 5026 2231 5066 ex
2274 5010 2545 5081 gentibus,
2592 5018 2649 5065 et
2696 5018 2908 5078 tempus
2949 5008 3206 5079 perdendi
3254 5007 3505 5080 pupulum
3530 5003 3777 5064 Judaeu-

2164 5118 2307 5157 rum.
2353 5101 2587 5171 Tempus
2627 5099 2964 5156 custodiendi
2994 5100 3278 5163 credentes
3321 5112 3388 5153 ex
3417 5095 3777 5162 nationibus.

2165 5201 2220 5249 et
2247 5201 2461 5265 tempus
2506 5191 2792 5263 abjiciendi
2837 5189 3141 5246 incredulos
3180 5204 3247 5245 ex
3285 5186 3469 5245 Israel.
3510 5185 3781 5257 Tempus

2166 5369 2447 5427 catholica:
2479 5368 2736 5424 doctrina:
2763 5385 2979 5426 sensum
3003 5411 3017 5432 ,
3065 5368 3155 5438 qui
3202 5376 3324 5439 post
3364 5365 3780 5439 Hieronymum

2167 5441 2366 5496 clarius
2391 5440 2597 5509 ubique,
2617 5448 2883 5509 terrarum
2916 5437 3168 5509 deﬁnitus
3203 5437 3308 5502 est,
3339 5437 3781 5509 itaAexAingenio

2167 5505 2520 5580 temperavit:
2546 5508 2760 5583 (Editor
2796 5508 3102 5565 Veronensis
3134 5507 3362 5579 Oper-um
3394 5505 3454 5563 S.
3487 5505 3674 5579 Hier.)
