4020 6186
314 333 411 391 631

1167 328 1574 386 EXEGETICA.
1616 360 1685 369 -
1720 324 2070 384 COMMENT.
2110 325 2178 380 lN
2216 326 2746 383 ECCLESIASTEN.

3465 331 3572 385 68?.

313 442 615 507 scindendi,
643 450 700 498 et
731 450 939 511 tempus
960 441 1271 496 consuendi.
1296 441 1409 496 Sub
1432 440 1661 495 diversis
1688 454 1895 494 sermo-
1922 448 1970 503 Α
1996 444 2097 490 est.
2135 436 2252 491 Non
2293 445 2352 491 ut
2381 439 2448 493 ad
2479 439 2907 508 desperationem
2935 448 2988 494 ct
3015 440 3284 495 luxuriam
3314 455 3571 510 provoce-

313 536 477 592 nibus
507 533 651 588 idem
682 546 825 586 nunc
865 531 955 600 qui
991 545 1152 600 supra
1180 545 1372 586 sensus
1396 538 1483 585 est
1501 571 1516 595 ,
1545 530 1599 584 in
1626 544 1721 595 eo,
1752 528 1895 598 quod

315 628 412 689 ait,
440 634 655 692 tempus
682 619 1011 685 destruendi,
1039 628 1094 674 et
1118 629 1327 690 tempus
1353 619 1679 684 aediﬁcandi;
1708 634 1773 673 ac
1805 619 1897 674 de-

318 714 442 769 inde
467 722 680 780 tempus
699 710 996 783 scindendi,
1017 719 1072 765 et
1097 719 1302 779 tempus
1336 709 1628 764 consuendi
1674 726 1687 762 :
1738 709 1897 764 modo

315 806 460 861 enim
484 803 768 876 Synagoga
790 802 1104 867 destruitur,
1143 809 1202 856 ut
1227 800 1519 856 aediﬁcetur
1555 799 1816 863 Ecclesia,
1844 806 1899 854 et

318 897 543 965 alligant
570 894 859 951 scissiones
903 893 1123 964 legales,
1155 902 1215 948 ut
1251 893 1524 963 Evangelii
1562 893 1730 963 gloria
1770 907 1899 947 con-

318 997 546 1044 suantur
570 986 722 1059 ille,
751 992 809 1039 ut
832 984 1121 1055 Evangelia
1149 982 1525 1056 consuantur].
1556 982 1711 1049 Quod
1737 996 1899 1036 evan-

318 1079 523 1152 gelista:
546 1076 740 1146 singuli
767 1081 1167 1144 perpetrarunt,
1199 1075 1263 1129 de
1280 1074 1399 1144 lege
1425 1081 1480 1128 et
1503 1073 1781 1143 prophetis
1807 1070 1900 1125 ad-

318 1177 515 1223 ventus
542 1165 807 1219 Dominici
838 1163 1140 1217 testimonia
1167 1171 1510 1217 consuentes.
1554 1162 1786 1230 Tempus
1814 1169 1896 1214 ta-

321 1258 503 1321 cendi,
538 1262 598 1310 ut
650 1255 921 1310 discamus
948 1269 1068 1322 quae
1112 1254 1220 1307 sint
1265 1253 1536 1317 docenda;
1582 1252 1794 1320 tempus
1824 1251 1902 1305 lo-

322 1347 554 1417 quendi,
609 1352 691 1399 ut-
719 1344 1009 1400 doceamus
1043 1359 1163 1413 quae
1205 1351 1356 1399 recte
1394 1343 1700 1397 didicimus.
1759 1342 1900 1394 Nihil

324 1438 480 1491 nobis
507 1437 754 1491 videatur
792 1446 998 1490 rectum
1036 1449 1174 1499 esse,
1212 1434 1317 1488 nisi
1345 1434 1488 1503 quod
1519 1432 1797 1496 discimus,
1843 1440 1903 1485 ut

323 1538 445 1600 post
478 1529 704 1582 multum
730 1528 1023 1593 silentium,
1062 1528 1128 1582 de
1150 1525 1428 1596 discipulis
1461 1523 1757 1579 elliciamur
1790 1539 1903 1577 ma-

326 1620 498 1689 gistri.
529 1619 763 1685 Tempus
789 1616 1003 1671 amandi
1033 1617 1226 1687 legem,
1244 1624 1300 1671 et
1326 1630 1389 1671 ea
1418 1631 1536 1685 quae
1560 1629 1628 1668 ex
1652 1616 1766 1683 lege
1793 1614 1904 1668 fuc-

327 1712 435 1765 rint
472 1711 732 1779 imperata
773 1731 786 1763 :
839 1710 1324 1774 circumcisionem,
1382 1709 1607 1774 hostias,
1657 1708 1898 1769 sabbata,

1998 544 2140 594 mur,
2168 529 2263 583 sed
2302 530 2560 584 habentes
2588 529 2788 584 victum
2832 538 2887 584 et
2924 531 3173 585 vestitum
3214 532 3300 586 his
3337 532 3576 587 contenti

1999 618 2187 684 simus,
2222 627 2276 673 et
2308 618 2566 687 quidquid
2596 619 2715 688 plus
2741 626 2826 674 est
2867 621 3188 676 necessitate
3226 622 3488 691 corporis,
3521 621 3577 675 in

1997 725 2291 779 pauperum
2334 709 2668 778 expendatur
2706 710 2916 764 solatia.
2954 710 3088 775 Quia
3127 712 3268 765 sicut
3296 726 3423 766 caro
3456 710 3579 766 cibo

1999 798 2161 852 alitur
2196 807 2249 853 et
2282 807 2436 868 potu,
2464 799 2537 852 ita
2584 801 2762 853 anima
2802 800 3155 871 eleemosynis
3182 816 3496 875 pauperum,
3526 811 3581 857 et

2000 888 2206 943 solatiis
2234 889 2577 943 miserorum.
2604 888 2763 944 Juxta
2790 905 3084 961 anagogcn,
3117 908 3281 948 verus
3308 894 3462 949 cibus
3497 904 3583 951 est

2000 991 2128 1031 caro
2152 975 2374 1041 Christi,
2400 985 2454 1031 et
2481 991 2642 1031 verus
2682 987 2841 1047 potus
2867 982 3088 1049 sanguis
3120 980 3254 1049 ejus,
3289 985 3428 1037 sicut
3468 985 3582 1053 ipse

2001 1066 2261 1121 Dominus
2286 1066 2362 1119 ait
2405 1083 2417 1118 :
2466 1065 2569 1131 Qui
2594 1067 2877 1121 manducet
2918 1085 3125 1123 carnem
3154 1086 3340 1135 meam,
3366 1080 3412 1124 et
3456 1072 3581 1125 bibit

2000 1158 2307 1228 sanguinem
2332 1174 2527 1221 meum,
2556 1157 2611 1210 in
2639 1174 2719 1211 me
2756 1169 2947 1225 manet,
2979 1168 3025 1214 et
3051 1176 3142 1229 ego
3176 1162 3233 1214 in
3270 1160 3360 1214 illo
3396 1162 3579 1233 (Joan.

1999 1272 2075 1321 vi,
2104 1255 2213 1327 57).
2241 1255 2301 1308 In
2329 1255 2432 1308 hac
2453 1254 2557 1308 cibi
2582 1258 2637 1306 et
2660 1263 2821 1321 potus
2851 1255 3081 1323 spiritali
3114 1255 3454 1326 iucunditate
3493 1256 3558 1310 ιω

2003 1347 2106 1416 tari
2148 1346 2426 1409 debemus,
2459 1359 2568 1399 non
2609 1344 2781 1399 solum
2808 1344 2864 1397 in
2895 1344 3177 1414 mysterio,
3211 1345 3305 1399 sed
3335 1345 3497 1400 etiam
3528 1345 3582 1398 in

1998 1436 2231 1490 lectione
2273 1442 2583 1488 sanctarum
2612 1432 3038 1503 Scripturarum,
3084 1435 3174 1489 ubi
3216 1449 3506 1503 pascamur
3533 1444 3586 1488 et

2000 1536 2250 1597 putemur
2275 1526 2341 1580 de
2373 1525 2518 1595 ligno
2541 1526 2686 1590 vitae,
2708 1525 2850 1593 quod
2875 1525 3174 1593 plantatum
3203 1534 3286 1581 est
3313 1541 3468 1582 secus
3490 1527 3584 1581 de-

2003 1632 2196 1672 Clll‘SllS
2221 1631 2505 1685 aquarum.

2078 1710 2239 1764 Vens.
2306 1708 2391 1762 14.
2452 1739 2523 1748 -
2582 1708 2758 1762 Didici
2811 1710 2950 1780 quod
3015 1711 3190 1764 omnia
3251 1727 3406 1780 opera
3471 1728 3587 1781 qua:

334 1800 677 1865 ncomenias;
716 1808 770 1853 et
807 1808 1018 1870 tempus
1050 1797 1265 1854 odiendi
1293 1812 1384 1863 ea,
1422 1796 1697 1864 Evangelii
1736 1796 1905 1867 gratia
1935 1795 1981 1854 Β
2009 1802 2128 1871 fecit
2182 1802 2325 1855 Deus
2354 1841 2369 1866 ,
2416 1810 2736 1871 perseverent
2782 1801 2837 1855 in
2874 1811 3212 1870 perpetuum,
3262 1818 3367 1854 non
3406 1817 3590 1871 possu-

326 1891 667 1946 succedente.
718 1890 951 1959 Tempus
991 1889 1137 1955 belli,
1179 1899 1235 1944 et
1280 1897 1492 1959 tempus
1527 1888 1694 1958 pacis.
1727 1887 1908 1953 Quan—

329 1983 420 2038 diu
445 1983 501 2035 in
522 1983 627 2036 hoc
652 1981 848 2036 saeculo
869 1995 1083 2046 sumus,
1109 1988 1323 2051 tempus
1353 1987 1437 2035 est
1461 1980 1584 2034 belli
1608 1996 1621 2032 ε
1650 1994 1773 2033 cum
1802 1979 1904 2032 mi-

324 2073 668 2143 graverimus
692 2078 876 2125 autem
904 2071 971 2125 de
1006 2071 1110 2126 hoc
1135 2071 1351 2136 saeculo,
1394 2071 1547 2140 pacis
1574 2077 1788 2139 tempus
1814 2070 1907 2125 ad-

328 2162 513 2217 veniet
556 2179 570 2214 :
608 2161 664 2215 in
692 2175 826 2229 pace
864 2168 948 2216 est
976 2159 1092 2215 laus
1131 2161 1224 2216 Dei
1275 2160 1471 2232 [Hier.,
1501 2161 1651 2215 locus
1681 2160 1824 2232 Dei],
1852 2168 1908 2214 et

332 2252 526 2309 civitas
548 2260 731 2306 nostra
762 2251 1097 2307 Hierusalem
1126 2251 1190 2306 de
1216 2265 1349 2320 pace
1378 2251 1567 2305 sortita
1589 2251 1908 2305 vocabulum

328 2351 432 2398 est.
466 2340 635 2397 Nemo
663 2356 794 2412 ergo
817 2358 961 2397 nunc
989 2356 1046 2396 se
1072 2349 1225 2411 putet
1254 2355 1374 2396 esse
1408 2355 1663 2396 securum
1686 2340 1741 2394 in
1769 2348 1905 2393 tem-

326 2449 462 2505 pore
500 2434 652 2499 belli,
690 2434 782 2489 ubi
818 2434 1133 2488 certandum
1179 2441 1281 2498 est,
1322 2439 1377 2487 et
1418 2430 1715 2501 apostolica
1760 2445 1910 2484 arma

329 2527 608 2582 tractanda
636 2566 653 2593 ,
706 2533 769 2581 ut
811 2526 1047 2580 victores
1093 2524 1362 2594 quondam
1405 2524 1805 2592 requiescamus
1856 2522 1911 2575 in

328 2634 485 2687 pace.

403 2707 567 2779 420
593 2707 754 2762 Vnus.
796 2706 944 2762 9-H.
983 2736 1054 2747 —-
1083 2705 1223 2772 Quid
1251 2706 1401 2760 habet
1422 2706 1575 2759 homo
1606 2703 1829 2773 amplius
1849 2704 1913 2756 de

329 2798 510 2853 labore
537 2797 678 2855 suo!
705 2799 812 2852 vidi
836 2799 1161 2869 afﬂictionem
1179 2813 1337 2868 quam
1357 2797 1496 2850 dedit
1521 2795 1662 2848 Deus
1680 2793 1805 2862 [iliis
1821 2794 1914 2846 ho—

334 2892 554 2945 minum.
594 2890 797 2945 Cuncta
820 2892 939 2961 fecit
963 2891 1095 2945 bona
1121 2891 1177 2945 in
1200 2901 1425 2961 tempore
1445 2906 1560 2954 suo,
1587 2897 1636 2942 et
1661 2887 1914 2942 mundum

327 2982 551 3036 tradidit
586 2981 927 3052 disputationi
972 2996 1176 3046 eorum,
1223 2989 1279 3033 ut
1330 2995 1433 3033 non
1486 2977 1715 3031 inveniat
1761 2975 1915 3029 homo

334 3089 466 3144 opus
491 3073 631 3144 quod
654 3081 896 3143 operatus
920 3080 995 3126 est
1022 3071 1164 3125 Deus
1188 3070 1252 3124 ab
1273 3070 1424 3124 initio
1449 3085 1611 3139 usque
1639 3067 1708 3120 ad
1735 3066 1911 3136 ﬁnem.

336 3136 588 3232 Plerique
620 3136 812 3233 putant
845 3163 950 3217 hoc
977 3162 1043 3217 de
1075 3161 1348 3231 magistris
1386 3136 1764 3222 esse'dictum,
1797 3157 1916 3226 qui-
1940 3136 1990 3200 (ἶ

334 3258 442 3312 bus
485 3256 626 3310 Deus
653 3252 801 3308 dedit
846 3267 1083 3318 sensum,
1128 3261 1187 3306 ut
1230 3258 1538 3321 quaererent
1564 3258 1791 3304 naturas
1825 3263 1919 3303 re-

338 3362 484 3411 rum,
507 3353 562 3400 et
589 3344 902 3400 Creatorem
930 3344 1212 3400 laudarent
1240 3357 1305 3397 ex
1350 3343 1452 3407 eis,
1482 3356 1549 3396 ne
1575 3339 1713 3394 forte
1745 3340 1920 3394 otiosa

341 3450 496 3491 mens
536 3442 869 3503 torpesceret
894 3441 949 3488 et
990 3434 1044 3487 in
1071 3433 1201 3487 vitia
1245 3438 1542 3487 corrueret.
1576 3430 1735 3485 Prius
1775 3430 1919 3484 enim

343 3526 641 3596 disputavit
669 3524 738 3579 de
765 3524 1078 3579 diversitate
1106 3530 1407 3592 temporum
1430 3528 1486 3574 et
1506 3520 1769 3575 varietate
1807 3534 1925 3574 mu-

342 3618 591 3674 tabilium
640 3631 840 3680 rerum,
891 3631 1035 3670 nunc
1083 3614 1218 3669 dicit
1257 3632 1271 3667 :
1323 3612 1465 3678 Quid
1512 3612 1663 3665 habet
1703 3609 1923 3681 amplius

341 3709 499 3763 homo
524 3708 588 3762 de
610 3707 789 3761 labore
815 3723 930 3768 suo,
955 3705 1058 3760 nisi
1089 3713 1149 3760 ut
1176 3706 1448 3774 sapienter
1471 3704 1736 3773 intelligat
1763 3703 1926 3758 Crea-

346 3815 521 3860 torem
546 3804 766 3858 laudare
791 3803 846 3856 in
872 3801 1137 3856 creaturis
1163 3801 1276 3855 suis
1304 3815 1405 3855 nec
1431 3800 1722 3869 quicquam
1753 3798 1807 3851 in
1826 3797 1928 3852 hoc

342 3893 546 3949 saeculo
565 3899 882 3963 perpetuum
903 3891 1127 3962 putare?
1154 3890 1291 3957 Quid
1312 3890 1456 3945 enim
1479 3888 1708 3956 amplius
1728 3886 1930 3941 habere

344 3999 636 4054 possumus
681 3984 736 4037 in
782 3983 886 4038 hoc
936 3981 1133 4037 saeculo
1184 3978 1497 4043 laborando,
1534 3993 1697 4046 quam
1733 3983 1792 4032 ut
1834 3991 1931 4031 nos

348 4073 664 4128 erudiamur
718 4086 787 4126 ex
851 4071 1163 4127 diversitate
1219 4074 1592 4123 creaturarum
1657 4066 1932 4122 Creatoris

350 4175 647 4232 agnoscere
672 4159 1115 4229 magnitudinem,
1138 4165 1193 4211 et
1228 4171 1388 4211 omne
1415 4157 1618 4211 bonum
1646 4169 1767 4211 esse
1788 4154 1933 4225 quod

354 4252 502 4306 Deus
526 4248 673 4312 iecit,
715 4249 807 4317 qui
830 4248 977 4304 dedit
1004 4246 1263 4301 mundum
1294 4245 1602 4300 hominibus
1633 4245 1702 4299 ad
1724 4244 1934 4297 inhabi-

352 4340 606 4403 tandam,
635 4346 692 4393 ut
714 4336 967 4394 fruantur
989 4353 1054 4393 eo
1080 4345 1134 4393 et
1162 4337 1455 4393 varietates
1477 4335 1777 4405 intelligant
1801 4341 1936 4388 tem—

356 4442 549 4498 porum
573 4466 591 4492 ,
634 4441 732 4482 nec
771 4433 1014 4495 quzerant
1056 4426 1324 4495 quomodo
1366 4433 1547 4481 creata
1584 4425 1692 4480 sint
1730 4424 1931 4488 omnia,

358 4533 529 4588 quare
560 4518 664 4572 hoc
697 4516 781 4571 vel
806 4516 940 4572 illud
977 4517 1046 4571 ab
1089 4516 1243 4570 initio
1279 4517 1466 4571 mundi
1492 4531 1664 4585 usque
1701 4515 1768 4570 ad
1807 4529 1938 4569 con-

360 4607 779 4663 summationem
806 4605 996 4663 fecerit
1019 4620 1285 4672 crescere,
1309 4620 1544 4671 manere,
1578 4605 1795 4660 mutari.

439 4698 602 4753 Vens.
630 4696 722 4761 12,
750 4696 836 4750 15.
853 4726 921 4738 --
952 4696 1023 4751 Et
1052 4697 1269 4766 cognovi
1292 4697 1430 4766 quod
1457 4712 1560 4750 non
1581 4706 1711 4751 esset
1734 4694 1940 4760 melius,

330 4788 469 4843 .nisi
521 4787 710 4850 latori,
741 4795 790 4839 et
830 4786 1004 4856 facere
1037 4786 1162 4839 bene
1202 4786 1257 4838 in
1281 4785 1387 4838 vita
1424 4802 1542 4839 sua.
1586 4784 1767 4839 Omnis
1806 4782 1943 4837 enim

365 4878 522 4933 homo
553 4877 645 4947 qui
671 4877 891 4930 comedit
928 4886 976 4929 et
1022 4875 1163 4937 bibit,
1203 4885 1251 4928 et
1276 4875 1412 4928 videt
1446 4875 1636 4928 bonum
1675 4875 1739 4928 de
1769 4874 1945 4928 labore

364 4981 486 5033 suo,
507 4965 602 5021 hoc
628 4965 825 5020 donum
845 4964 944 5018 Dei
964 4974 1058 5019 est.
1099 4965 1385 5033 Propterea
1417 4962 1640 5017 colonus
1669 4970 1721 5017 et
1749 4963 1942 5031 hospes

363 5054 553 5109 mundi
581 5054 745 5111 homo
772 5054 927 5109 datus
952 5062 1069 5117 cst,
1101 5061 1160 5107 ut
1193 5052 1372 5108 brevis
1397 5052 1523 5106 vitae
1556 5050 1765 5106 fruatur
1803 5060 1942 5105 tem-

2008 1909 2121 1945 mus
2176 1892 2249 1945 eis
2298 1892 2490 1945 addere
2533 1891 2845 1962 quidquam,
2893 1908 2984 1945 nec
3022 1893 3261 1961 auferre,
3310 1909 3429 1963 quia
3468 1893 3589 1961 fecit

2007 1981 2149 2035 Deus
2176 2023 2189 2045 ,
2236 1992 2293 2034 ut
2348 1981 2611 2034 timeatur.
2658 1978 2801 2035 Nihil
2844 1988 2927 2034 est
2974 1981 3027 2033 in
3069 1980 3270 2034 mundo
3311 1979 3457 2050 quod
3493 1994 3591 2034 no-

2010 2088 2134 2126 vum
2180 2073 2269 2127 sit.
2317 2071 2457 2126 Solis
2493 2087 2685 2127 cursus
2721 2080 2777 2126 et
2806 2072 2947 2125 lunae
2969 2072 3134 2137 vices,
3166 2080 3223 2127 et
3249 2080 3406 2127 terrae
3438 2073 3594 2127 arbo«

2010 2177 2235 2231 rumque
2260 2163 2474 2217 siccitas
2494 2162 2580 2216 vel
2600 2163 2767 2227 viror,
2790 2178 2913 2217 cum
2934 2163 3050 2231 ipso
3075 2163 3277 2218 mundo
3311 2172 3592 2224 natasunt

2011 2261 2173 2323 atque
2200 2259 2401 2317 creata,
2432 2260 2490 2307 et
2543 2252 2746 2307 idcirco
2783 2251 2926 2306 Deus
2974 2260 3121 2307 certa
3161 2253 3373 2307 ratione
3400 2260 3595 2308 cuncta

2010 2344 2318 2398 moderatus
2372 2350 2475 2407 est,
2512 2350 2569 2397 ct
2601 2341 2765 2411 jussit
2808 2343 3060 2397 humanis
3099 2343 3286 2400 usibus
3329 2342 3594 2401 elementa

2011 2436 2233 2500 servire,
2282 2445 2341 2489 ut
2379 2436 2627 2490 homines
2673 2436 2916 2491 videntes
2965 2435 3082 2489 hmc
3126 2434 3430 2506 intelligant
3473 2450 3597 2490 esse

2009 2526 2403 2595 providentiam
2424 2523 2542 2588 Dei,
2568 2532 2623 2578 et
2645 2525 2869 2578 timeant
2888 2538 2919 2576 a
2940 2522 3076 2578 facie
3097 2524 3216 2588 Dei,
3250 2526 3379 2579 dum
3406 2540 3472 2579 ex
3507 2540 3595 2579 re-

2013 2631 2132 2669 rum
2157 2614 2480 2683 aequalitate,
2495 2628 2677 2679 cursu,
2702 2612 2889 2667 ordine
2908 2620 3071 2682 atque
3091 2614 3413 2678 constantia,
3437 2614 3598 2669 intel-

2012 2705 2181 2774 ligunt
2203 2703 2533 2759 Creatorem.
2562 2702 2790 2757 Pulchre
2822 2708 3004 2756 autem
3037 2701 3361 2770 temperavit
3385 2702 3594 2766 dicens.

2014 2804 2070 2849 ιιι
2097 2794 2320 2852 timeant
2341 2793 2529 2848 afacie
2553 2793 2670 2862 ejus
2701 2811 2714 2847 :
2748 2792 2920 2848 uultus
2949 2794 3146 2862 quippe
3188 2791 3402 2846 Domini
3442 2809 3600 2863 super

2014 2884 2260 2954 facientes
2280 2884 2425 2939 mala
2449 2883 2620 2954 (Psal.
2650 2901 2844 2950 xxxm,
2871 2884 2980 2955 l7).

2082 2975 2246 3031 Vens.
2284 2974 2370 3029 i5.
2422 3004 2490 3014 ——
2532 2973 2685 3041 Quod
2730 2974 2931 3044 factum
2965 2984 3060 3040 est,
3086 2976 3256 3045 ipsum
3286 2987 3551 3047 permanet
3577 2998 3596 3033 :

2015 3084 2133 3139 qua:
2163 3067 2343 3136 futura
2393 3077 2547 3131 sunt,
2573 3065 2692 3135 jam
2728 3064 2937 3134 fuerunt
2983 3081 3001 3119 :
3053 3075 3102 3119 et
3150 3066 3293 3120 Deus
3341 3068 3600 3123 instaurat

2017 3157 2155 3227 quod
2203 3156 2350 3209 abiit.
2397 3155 2492 3211 Vel
2528 3155 2835 3224 praeterita,
2884 3155 2970 3210 vel
3022 3157 3305 3225 praesentia
3327 3198 3342 3223 ,
3389 3159 3477 3213 vel
3514 3157 3603 3214 fu-

2021 3255 2161 3313 tura,
2210 3246 2326 3316 ipsa
2366 3245 2465 3318 [et]
2497 3244 2735 3312 fuerunt,
2764 3252 2818 3300 et
2851 3253 2997 3313 sunt,
3029 3254 3085 3300 et
3111 3254 3307 3313 erunt,
3345 3249 3600 3303 universa

2022 3354 2143 3410 qua:
2188 3338 2480 3394 cernimus.
2516 3337 2609 3392 Sol
2658 3337 2751 3406 qui
2793 3351 2936 3391 nunc
2967 3338 3173 3403 oritur,
3216 3346 3272 3393 et
3314 3346 3607 3409 antequam

2023 3446 2122 3486 nos
2151 3443 2413 3495 essemus,
2445 3429 2499 3484 in
2520 3428 2721 3483 mundo
2742 3427 2864 3494 fuit,
2890 3437 2946 3485 et
2962 3437 3248 3500 postquam
3272 3432 3472 3485 mortui
3494 3430 3607 3487 fue-

2023 3525 2216 3591 rimus,
2245 3525 2484 3581 oriturus
2524 3531 2625 3578 est.
2673 3522 2829 3588 Quod
2859 3524 2925 3577 de
2964 3523 3075 3578 sole
3105 3523 3360 3586 diximus,
3400 3522 3505 3577 hoc
3542 3521 3610 3576 de

2025 3616 2275 3670 omnibus
2297 3613 2727 3684 cognoscendum
2757 3619 2841 3665 est
2871 3611 3156 3665 creaturis.
3182 3610 3350 3664 Terra
3383 3610 3609 3683 singulis

2028 3708 2183 3763 annis
2231 3706 2450 3767 arescit,
2492 3704 2795 3771 iterumque
2836 3701 3056 3756 virescit
3104 3702 3160 3756 in
3197 3704 3440 3774 germine
3488 3719 3607 3759 suo.

2028 3800 2173 3855 Mare
2194 3798 2328 3862 ﬂuit,
2350 3803 2404 3850 et
2431 3794 2635 3849 recedit
2662 3801 2719 3847 ut
2751 3791 2960 3848 relluat.
2990 3793 3257 3850 Animalia
3280 3798 3607 3861 moriuntur,

2027 3898 2083 3945 et
2131 3894 2486 3941 renascuntur
2532 3885 2732 3939 iterum
2775 3883 3018 3952 ejusdem
3060 3887 3292 3955 generis.
3356 3888 3614 3943 Homines

2029 3987 2206 4034 morte
2228 3978 2507 4040 finiuntur,
2541 3983 2595 4029 et
2636 3975 2727 4029 alii
2749 3990 2847 4044 pro
2870 3974 2951 4029 eis
2985 3977 3253 4029 oriuntur.
3304 3978 3370 4031 Et
3404 3993 3469 4031 ea
3497 3979 3614 4046 lege

2031 4078 2401 4126 creaturarum
2437 4067 2569 4122 nihil
2612 4082 2810 4122 novum
2836 4066 3067 4121 inveniri
3100 4066 3317 4136 poterit,
3351 4067 3447 4120 sed
3468 4066 3610 4122 Deus

2031 4178 2128 4233 per
2171 4159 2513 4216 succedentia
2556 4166 2796 4229 tempora
2834 4158 3014 4213 omnia
3052 4165 3322 4213 rcstaurat
3348 4172 3467 4228 qua:
3500 4156 3616 4213 fue-

2034 4260 2180 4306 runt.

2105 4343 2267 4397 Vens.
2286 4340 2373 4406 16,
2391 4340 2564 4395 17.--
2582 4338 2652 4393 Et
2672 4341 2777 4394 vidi
2797 4338 2892 4394 sub
2904 4339 3014 4395 sole
3028 4340 3084 4395 in
3099 4340 3209 4395 loco
3220 4340 3414 4411 judicii
3426 4341 3613 4412 impie-

2036 4442 2217 4497 tatem,
2243 4441 2292 4485 et
2318 4432 2374 4485 in
2397 4429 2511 4485 loco
2523 4429 2746 4499 justitiw
2766 4430 3109 4501 iniquitatem.
3144 4430 3215 4484 Et
3241 4431 3355 4485 dixi
3385 4414 3440 4485 in
3462 4432 3617 4486 corde

2040 4538 2151 4575 meo
2189 4538 2206 4575 :
2228 4522 2436 4590 justum
2455 4530 2504 4574 et
2529 4521 2747 4590 impium
2760 4520 3025 4589 judicabit
3048 4521 3210 4588 Deus,
3248 4533 3446 4594 tempus
3474 4525 3621 4580 omni

2042 4611 2117 4665 rei
2138 4619 2262 4664 tunc
2283 4611 2401 4664 erit.
2436 4609 2549 4665 Sub
2573 4610 2707 4676 sole,
2732 4611 2925 4680 inquit,
2958 4612 3062 4667 isto
3085 4613 3368 4668 veritatem
3404 4622 3459 4671 et
3476 4613 3624 4686 judi-

2043 4703 2187 4757 cium
2236 4703 2524 4773 requisivi;
2555 4710 2611 4758 et
2639 4704 2745 4758 vidi
2776 4703 3064 4772 injudiciis
3088 4721 3197 4761 non
3225 4708 3505 4763 veritatem
3529 4722 3622 4762 va-

2042 4793 2175 4859 lere,
2222 4795 2315 4850 sed
2366 4810 2612 4849 munera.
2660 4794 2876 4849 Aliter:
2925 4796 3219 4851 arbitratus
3258 4812 3378 4855 sum
3418 4799 3621 4869 aliquid

2042 4885 2265 4955 iustitia:
2293 4884 2348 4939 in
2376 4884 2626 4954 praesenti
2648 4885 2847 4939 saeculo
2868 4885 3004 4955 geri,
3030 4893 3084 4940 et
3108 4885 3192 4939 vel
3218 4886 3365 4955 pium
3399 4902 3498 4956 pro
3527 4903 3624 4942 suo

2047 4990 2193 5030 nunc
2213 4974 2405 5029 merito
2430 4975 2688 5044 recipere,
2714 4974 2796 5027 vel
2824 4974 3068 5043 impium,
3094 4990 3191 5044 pro
3209 4974 3365 5047 42],
3391 4991 3488 5031 suo
3513 4991 3629 5032 sce-

2049 5064 2161 5119 lere
2207 5064 2470 5120 damnari.
2531 5064 2717 5117 Postea
2761 5078 2890 5118 vero
2927 5079 3049 5118 cum
3091 5066 3250 5120 corde
3287 5078 3408 5119 meo
3456 5065 3625 5120 collo-

364 5161 523 5217 pore,
549 5155 623 5212 et,
663 5162 758 5217 spe
786 5147 1097 5216 prolixioris
1120 5148 1299 5202 aetatis
1330 5147 1588 5211 abscissa,
1615 5154 1806 5201 cuncta
1828 5161 1947 5216 qua:
2034 5168 2224 5222 quens
2251 5160 2308 5207 et
2334 5161 2590 5222 reputans
2608 5193 2624 5218 ,
2652 5152 2925 5218 intellexi,
2950 5169 3057 5208 non
3085 5169 3182 5224 per
3207 5162 3392 5223 partes
3422 5155 3589 5211 Deum
3610 5199 3625 5220 ,

362 5237 613 5307 possidet
655 5238 813 5307 quasi
857 5239 925 5293 ad
955 5238 1059 5293 alia
1090 5240 1199 5329 cito
1236 5236 1579 5308 profecturus
1616 5237 1863 5306 aspiciat,
1894 5245 1950 5291 et
2053 5250 2108 5296 et
2132 5255 2233 5310 per
2258 5242 2495 5310 singulos
2521 5243 3013 5313 semperjudicare,
3039 5244 3133 5298 sed
3156 5244 3208 5297 in
3232 5243 3472 5300 futurum
3497 5255 3633 5303 tem«

367 5336 630 5396 quantum
656 5334 850 5394 potest,
880 5329 1017 5382 bene
1044 5326 1206 5382 faciat
1231 5330 1285 5383 in
1314 5330 1424 5384 vita
1450 5343 1547 5383 sua
1573 5344 1588 5393 ;
1619 5342 1720 5383 nec
1748 5326 1950 5382 frustra
2056 5347 2155 5400 pus
2185 5346 2402 5385 servare
2424 5330 2707 5399 judicium,
2753 5341 2812 5386 ut
2856 5348 3044 5389 omnes
3072 5335 3278 5403 pariter
3299 5335 3631 5406 judicentur.

367 5419 751 5489 congregando
796 5434 1021 5489 magnas
1063 5435 1212 5487 opes,
1251 5420 1664 5490 cogitationibus
1702 5426 1951 5487 torquea—

370 5515 463 5563 tur
493 5521 507 5561 :
531 5523 708 5577 neque
733 5523 794 5563 se
816 5517 968 5578 putet
996 5510 1117 5580 plus
1141 5510 1207 5564 de
1228 5524 1326 5564 suo
1350 5510 1535 5565 labore
1570 5509 1764 5565 lucrari
1795 5523 1954 5579 posse

372 5614 538 5668 quam
573 5600 756 5657 cibum
782 5610 837 5656 et
869 5610 1054 5670 potum
1079 5620 1094 5669 ;
1120 5609 1173 5655 et
1204 5602 1248 5656 si
1291 5602 1419 5671 quid
1446 5603 1513 5657 de
1536 5603 1726 5670 opibus
1751 5602 1864 5655 suis
1899 5601 1952 5653 in

374 5695 539 5750 bonis
575 5697 831 5765 operibus
870 5698 1185 5766 expemlerit
1210 5737 1224 5762 ,
1264 5697 1365 5751 hoc
1410 5696 1583 5753 solum
1634 5698 1726 5752 Dei
1759 5697 1955 5751 donum

742 5788 1015 5849 Ρηιιοι.
1063 5786 1130 5849 C.

2057 5430 2113 5476 et
2138 5422 2359 5490 recipiat
2379 5423 2749 5490 unusquisque
2771 5424 2981 5478 meritis
3004 5423 3115 5479 suis
3144 5426 3321 5495 digna,
3342 5429 3628 5485 secundum

2059 5512 2202 5581 quod
2232 5511 2396 5582 gessit
2422 5512 2477 5566 in
2516 5512 2620 5567 hoc
2647 5513 2873 5579 sacculo;
2904 5522 2958 5568 et
2982 5521 3111 5570 tunc
3149 5520 3397 5587 perspexi
3426 5526 3637 5591 tempus

2062 5604 2399 5660 discretionis
2427 5617 2547 5660 esse
2567 5604 2714 5660 omni
2744 5606 2842 5659 rei.

2138 5694 2294 5749 Vens.
2325 5695 2507 5751 18-21.
2530 5727 2600 5736 —
2626 5695 2749 5751 Dixi
2774 5697 2826 5751 in
2853 5698 3007 5752 (orde
3043 5718 3151 5754 meo
3194 5701 3258 5754 de
3303 5702 3427 5769 ﬁliis
3471 5701 3637 5754 homi-

3203 5795 3281 5854 22
