4020 6188
425 299 528 354 635

1267 295 1332 346 Β.
1371 291 1434 346 F.
1478 288 1704 346 ALBINI
1747 286 1878 340 SEU
1923 281 2198 338 ALCUlNl
2237 280 2520 338 OPERUM
2562 279 2738 335 PARS
2776 278 2838 332 ll.

3582 263 3686 319 681

429 433 573 479 num,
603 423 655 468 ut
682 414 917 484 probaret
960 428 1043 463 eos
1076 409 1235 476 Deus,
1265 417 1308 462 et
1348 406 1636 461 ostenderet
1673 397 1872 456 similes
1901 415 2010 454 esse
2040 399 2088 459 Δ
2114 396 2437 464 voluptatem
2463 412 2476 449 :
2521 411 2692 465 neque
2729 394 2871 448 enim
2897 406 3019 446 cum
3049 387 3215 443 semel
3266 400 3363 439 nos
3389 382 3692 484 dissolverit

429 506 620 561 bestiis.
653 501 857 556 Idcirco
883 516 1016 552 unus
1042 498 1282 552 interitus
1317 505 1390 549 est
1415 494 1706 555 hominum,
1736 500 1782 542 et
1800 490 2010 558 jumen-

428 609 619 660 torum,
648 604 696 647 et
723 608 870 662 (equa
898 591 1163 659 utriusque
1205 587 1453 642 conditio.
1498 581 1646 637 Sicut
1678 579 1900 633 moritur
1917 577 2012 630 ho-

429 702 533 749 mo,
563 684 639 737 sic
660 691 709 736 et
735 680 829 736 illa
853 681 1163 734 moriuntur.
1213 677 1468 734 Similiter
1509 674 1705 743 spirant
1737 670 1932 731 omnia,
1965 676 2012 721 et

429 773 560 831 nihil
578 773 732 829 habet
758 774 912 828 homo
947 773 1187 844 jumento
1221 769 1465 830 amplius.
1507 766 1706 820 Cuncta
1746 761 2012 831 subjacent

428 869 665 931 vanitati,
697 876 745 922 et
768 868 945 921 omnia
991 874 1208 936 pergunt
1248 861 1315 916 ad
1340 876 1501 914 unum
1544 857 1736 911 locum.
1769 853 1845 906 De
1874 862 2015 904 terra

430 960 570 1030 facta
597 969 738 1024 sunt,
764 968 811 1013 et
835 960 888 1012 in
911 967 1103 1011 terram
1125 955 1323 1025 pariter
1358 958 1692 1005 revertentur.
1725 942 1854 1010 Quis
1879 942 2017 1030 novit

429 1029 476 1103 si
507 1049 722 1120 spiritus
750 1047 982 1117 ﬁliorum
1011 1043 1178 1097 Adam
1208 1039 1454 1094 ascendat
1496 1051 1726 1098 sursum,
1764 1043 1812 1086 et
1841 1032 1886 1086 si
1914 1029 2021 1100 spi-

432 1141 566 1193 ritus
601 1138 964 1209 jumentorum
996 1131 1272 1186 descendat
1321 1126 1608 1182 deorsum?
1652 1123 1766 1178 Non
1815 1121 2017 1175 miran-

433 1229 561 1283 dum
590 1236 674 1284 est
722 1227 777 1282 in
818 1224 1072 1295 ιιι-ωεξηῑὶ
1103 1223 1235 1287 vita,
1287 1221 1426 1274 inter
1467 1217 1673 1286 justum
1712 1223 1768 1268 et
1797 1213 2020 1282 impium

435 1319 637 1374 nullam
677 1332 798 1372 esse
840 1313 1170 1374 distantiam,
1205 1324 1305 1364 nec
1347 1307 1552 1376 aliquid
1596 1303 1811 1358 virtutis
1841 1301 2021 1354 valere

437 1411 638 1484 [Hier.,
692 1425 793 1466 nec
844 1406 1046 1476 aliquid
1102 1404 1283 1460 valere
1333 1399 1607 1472 virtutes],
1665 1396 1762 1453 sed
1813 1397 2021 1451 incerto

437 1508 632 1557 eventu
657 1500 838 1557 omnia
865 1495 1120 1562 volutari,
1151 1509 1273 1549 cum
1308 1493 1470 1548 etiam
1510 1492 1653 1546 inter
1685 1488 1939 1558 pecudes,
1967 1492 2023 1538 et

435 1591 682 1647 homines
709 1589 1002 1647 secundum
1049 1586 1293 1656 corporis
1336 1584 1597 1638 vilitatem
1627 1579 1758 1634 nihil
1809 1575 2023 1631 differre

435 1681 702 1738 videatur.
734 1678 887 1735 Sicut
916 1679 1104 1734 eadem
1131 1674 1368 1732 conditio
1397 1680 1480 1728 est
1506 1669 1783 1732 nascendi,
1807 1668 1884 1721 ita
1906 1679 2023 1720 sors

439 1787 546 1827 una
574 1770 858 1826 moriendi.
890 1768 1153 1825 Similiter
1181 1764 1523 1836 procedimus
1549 1761 1617 1817 ad
1651 1761 1846 1824 lucem,
1873 1770 2025 1826 teque

439 1863 798 1920 dissolvemur
825 1862 878 1916 in
906 1861 1200 1931 pulverem.
1230 1857 1288 1913 Si
1317 1864 1496 1913 autem
1536 1855 1748 1909 videtur
1767 1855 1883 1908 haec
1908 1863 2029 1905 esse-

439 1954 713 2017 distantia,
759 1952 886 2024 quia
913 1951 1139 2021 spiritus
1164 1947 1400 2005 hominis
1444 1945 1700 2002 ascendat
1726 1945 1779 1998 in
1809 1941 2023 2000 caelum,

438 2050 496 2097 ct
523 2041 747 2112 spiritus
783 2041 996 2112 pecoris
1039 2039 1333 2096 descendat
1365 2037 1420 2091 in
1471 2045 1693 2096 terram,
1730 2048 1834 2102 qua
1885 2028 2028 2084 istud

439 2145 593 2194 certa
619 2135 939 2192 auctoritate
976 2131 1130 2204 [μευ
1175 2145 1283 2200 quo
1331 2129 1471 2185 istud
1495 2137 1652 2184 certo
1670 2124 1911 2197 auctore]
1940 2139 2030 2179 co-

441 2225 760 2296 gnovimus?
781 2223 913 2290 Quis
939 2229 1116 2293 potest
1139 2221 1279 2276 scire
1314 2228 1495 2274 utrum
1521 2232 1707 2273 verum
1737 2231 1804 2270 an
1836 2214 2028 2268 falsum

442 2315 516 2370 sit
542 2313 686 2386 quod
713 2311 1034 2382 speramus?
1083 2309 1197 2365 Hoc
1221 2317 1398 2364 autem
1435 2307 1586 2371 dicit,
1613 2320 1718 2360 non
1748 2304 1891 2375 quod
1918 2303 2030 2356 ani-

446 2419 584 2460 mam
611 2412 761 2474 putet
788 2402 964 2473 perire
988 2417 1109 2457 cum
1156 2413 1397 2468 corpore,
1443 2397 1526 2452 vel
1556 2412 1718 2451 unum
1764 2395 1953 2450 bestiis
1979 2402 2032 2448 et

445 2495 751 2551 hominibus
791 2491 1080 2564 przeparari
1126 2491 1324 2552 locum,
1357 2489 1452 2544 sed
1494 2488 1637 2556 quod
1667 2493 1793 2541 ante
1830 2485 2032 2539 adven-

444 2595 559 2643 tum
599 2584 801 2642 Christi
847 2583 1027 2638 omnia
1056 2582 1124 2636 ad
1174 2579 1378 2634 inferos
1414 2578 1618 2647 pariter
1643 2575 2034 2631 descenderunt

445 2677 602 2750 [Λίδη
635 2672 1004 2745 ducerentur].
1038 2671 1192 2729 Unde
1220 2679 1274 2725 et
1299 2669 1464 2725 Jacob
1493 2668 1559 2722 ad
1585 2665 1788 2722 inferos
1813 2665 2034 2719 descen-

447 2781 634 2825 surum
664 2780 724 2821 se
765 2764 897 2820 dicit
925 2760 1080 2834 (Gen.
1114 2758 1321 2829 xxxvi).
1371 2759 1438 2813 Et
1465 2757 1564 2812 Job
1592 2759 1710 2827 pios
1751 2764 1805 2810 et
1843 2755 2036 2823 impios

445 2857 692 2928 queritur
735 2853 875 2925 apud
927 2851 1129 2907 inferos
1171 2851 1436 2905 detentari
1484 2848 1627 2919 (Job.
1671 2863 1768 2911 vn,
1803 2845 1915 2916 17).
1969 2845 2037 2900 Et

447 2961 636 3004 revera
676 2952 962 3014 antequam
991 2940 1293 2996 flammeam
1343 2940 1490 2994 illam
1523 2947 1718 2998 rotam,
1745 2946 1799 2991 et
1826 2937 2036 3007 igneam

2114 485 2381 550 interitus,
2415 500 2569 554 posse
2613 485 2698 539 his
2742 479 2946 552 perfrui
2979 495 3010 533 a
3039 477 3234 546 quibus
3275 473 3579 529 recedimus
3614 473 3697 525 in-

2112 577 2269 648 grati.
2301 575 2406 630 Sed
2450 575 2660 629 meliori
2687 588 2848 628 sensu
2875 570 2940 624 de
2970 569 3153 624 laetitia
3187 568 3448 622 bonorum
3472 579 3698 634 operum

2115 665 2516 736 intelligendum
2549 673 2652 720 est.
2682 662 2823 716 Nihil
2852 669 2936 716 est
2958 673 3087 730 ergo
3125 656 3316 712 melius
3341 655 3396 709 in
3421 655 3531 709 vita
3570 655 3698 717 ista.

2115 756 2218 810 nisi
2247 755 2389 824 quod
2411 754 2622 809 laetetur
2649 754 2811 808 homo
2836 751 2891 805 in
2914 763 3074 820 opere
3096 762 3216 808 suo,
3246 744 3448 801 faciens
3468 745 3700 800 eleemo-

2114 861 2322 916 synam,
2351 852 2407 900 et
2432 843 2642 899 futuros
2673 843 2776 898 sibi
2819 842 3102 896 thesauros
3132 839 3187 893 in
3233 851 3400 908 regno
3435 836 3700 892 etelorum

2116 949 2449 1004 praeparans.
2507 933 2658 988 Hanc
2687 932 2858 988 solam
2907 931 3167 985 habemus
3192 927 3458 982 veraciter
3495 927 3699 996 portio-

2112 1043 2261 1092 nem,
2305 1042 2467 1097 quam
2507 1041 2607 1082 nec
2651 1027 2760 1091 fur,
2805 1040 2906 1081 nec
2941 1024 3081 1078 latro
3125 1022 3289 1087 valet,
3317 1037 3416 1077 nec
3444 1031 3704 1093 tyrannus

2116 1119 2352 1187 auferre,
2406 1133 2525 1189 quae
2576 1134 2676 1175 nos
2733 1117 3104 1174 tantummodo
3161 1123 3281 1186 post
3331 1121 3562 1170 mortem
3617 1129 3705 1169 se—

2117 1219 2333 1282 quetur.

2737 1299 2963 1356 CAPUT
3001 1300 3090 1355 Ν.

2191 1394 2354 1450 Vens.
2384 1394 2434 1448 1.
2463 1424 2535 1434 -
2567 1391 2704 1447 Verti
2731 1409 2813 1446 me
2833 1392 2902 1446 ad
2923 1390 3053 1456 alia,
3080 1400 3127 1444 et
3151 1390 3255 1444 vidi
3276 1389 3567 1443 calumnias
3593 1404 3711 1459 quae

2119 1485 2212 1538 sub
2239 1483 2348 1538 sole
2387 1493 2639 1554 geruntur
2683 1481 2829 1554 [δίδη
2869 1481 3228 1552 generantur],
3257 1489 3303 1532 et
3333 1478 3594 1548 lacrymas
3630 1479 3713 1532 in-

2120 1577 2433 1640 nocentium,
2471 1585 2516 1628 et
2561 1575 2936 1630 consolatorem
2978 1573 3254 1635 neminem,
3285 1587 3375 1623 nec
3413 1585 3563 1639 posse
3586 1569 3714 1623 resi-

2125 1680 2258 1725 stere
2301 1687 2480 1725 eorum
2529 1670 2782 1725 violentiae
2822 1680 3127 1723 cunctorum
3173 1665 3374 1720 auxilio
3410 1664 3709 1726 destitutos.

2127 1759 2254 1815 Post
2277 1762 2417 1815 hanc
2461 1760 2838 1831 cogitationem
2865 1759 2989 1814 illuc
3035 1767 3271 1813 mentem
3298 1771 3474 1810 meam
3501 1756 3716 1810 oculos-

2127 1865 2230 1921 que
2271 1851 2530 1916 converti,
2563 1861 2623 1906 ut
2653 1851 2890 1906 viderem
2931 1849 3366 1910 calumniatores,
3405 1856 3459 1902 et
3509 1847 3716 1902 calum-

2128 1939 2270 1993 niam
2300 1939 2645 1994 sustinentes.
2692 1938 2760 1992 Et
2787 1952 2913 1992 ecce
2941 1937 3050 1992 vidi
3089 1950 3275 1990 eorum
3325 1934 3416 2003 qui
3458 1948 3488 1987 a
3517 1942 3714 2004 poten-

2129 2031 2359 2086 tioribus
2405 2031 2782 2100 opprimuntur
2809 2029 3098 2100 lacrymas,
3149 2042 3284 2096 quas
3332 2025 3474 2081 solas
3516 2025 3717 2080 habere

2125 2126 2352 2188 possunt
2392 2118 2447 2172 in
2477 2116 2890 2180 calamitatibus,
2937 2114 3104 2187 422
3136 2115 3214 2168 rei
3248 2114 3503 2168 invidiam
3540 2122 3716 2183 prote-

2129 2216 2356 2275 stantes,
2377 2209 2470 2278 qui
2488 2208 2876 2263 consolatorem
2904 2215 3176 2276 nequeunt
3198 2205 3459 2259 invenire.
3487 2204 3556 2258 Et
3575 2203 3716 2274 quod

2131 2300 2394 2356 malorum
2438 2299 2802 2355 miserrimum
2831 2297 2902 2352 sit
2945 2295 3100 2369 [Ils.,
3149 2311 3256 2366 quo
3303 2294 3476 2363 major
3501 2295 3718 2350 miseria

2131 2390 2244 2463 sit],
2275 2397 2331 2445 et
2369 2389 2768 2446 inconsolabilis
2790 2388 2965 2454 dolor,
3000 2387 3418 2443 calumniatores
3456 2385 3640 2439 vident
3663 2385 3716 2440 in

2132 2480 2244 2534 suis
2269 2477 2642 2547 iniquitatibus
2674 2475 2964 2532 fortiores:
3008 2484 3063 2530 et
3089 2475 3202 2530 hzec
3232 2483 3315 2528 est
3357 2489 3543 2539 causa,
3572 2473 3714 2543 quod

2132 2584 2239 2624 non
2263 2567 2442 2624 valent
2476 2567 2763 2624 consolari.
2796 2567 3012 2621 Plenius
3041 2565 3182 2621 hunc
3221 2566 3394 2620 locum
3421 2565 3476 2618 in
3503 2573 3716 2634 septua-

2133 2661 2338 2732 gesimo
2383 2661 2619 2716 secundo
2659 2658 2865 2728 psalmo
2902 2656 3108 2721 David;
3160 2664 3214 2711 et
3247 2654 3512 2710 Jeremias
3539 2654 3592 2709 in
3619 2669 3717 2709 suo

2133 2752 2404 2810 volumine
2429 2751 2738 2821 exquirunt.

2205 2842 2366 2900 Vsus.
2399 2843 2456 2909 2,
2487 2845 2540 2898 5.
2561 2873 2632 2883 -—
2658 2842 2725 2896 Et
2770 2842 2980 2896 laudavi
3011 2842 3179 2912 magis
3202 2849 3434 2894 mortuos
3464 2855 3620 2911 quam
3646 2840 3718 2893 vi-

2136 2943 2324 2999 ventes,
2368 2942 2417 2986 et
2459 2932 2742 3002 feliciorem
2790 2942 3004 3003 utroque
3050 2933 3313 3002 judicavi,
3359 2935 3449 3004 qui
3497 2931 3717 2987 necdum

447 3036 775 3107 romphaeam
805 3030 872 3086 ad
897 3029 1093 3104 [llier.,
1124 3029 1201 3102 et]
1227 3029 1461 3100 paradisi
1483 3028 1627 3082 fores
1647 3026 1894 3082 Christus
1912 3041 2033 3082 cum
2063 3061 2108 3124 ο
2139 3034 2291 3080 natus
2323 3035 2421 3090 est,
2451 3042 2542 3079 nec
2573 3024 2696 3079 vidit
2726 3024 2866 3078 mala
2888 3041 3004 3095 qua:
3030 3025 3164 3092 ﬁunt
3193 3025 3288 3079 sub
3308 3024 3435 3079 sole.
3466 3025 3548 3079 Ad
3571 3039 3718 3079 com-

451 3128 664 3184 latrone
705 3130 992 3189 reseraret,
1034 3121 1214 3178 clausa
1241 3129 1399 3176 erant
1428 3121 1687 3186 ccelestia,
1719 3128 1772 3174 et
1815 3119 2036 3188 spiritus
2070 3116 2108 3124 '
2137 3117 2473 3186 parationem
2505 3117 2840 3171 miseriarum
2883 3117 3078 3184 quibus
3104 3116 3160 3169 in
3210 3117 3313 3171 hoc
3340 3117 3540 3172 mundo
3576 3131 3718 3173 mor-

452 3218 688 3277 hominis
736 3213 1055 3287 pecorisque
1102 3212 1326 3283 aequalis
1376 3212 1557 3266 vilitas
1611 3211 1939 3266 coarctabat.
1971 3209 2039 3264 Et

448 3311 574 3365 licet
616 3308 760 3363 aliud
803 3306 1015 3360 videtur
1055 3303 1208 3376 [Ms.,
1257 3301 1550 3372 videretur]
1600 3303 1840 3366 dissolvi,
1896 3299 2040 3355 aliud

450 3396 740 3462 reservari,
775 3403 952 3450 tamen
979 3408 1084 3446 non
1125 3391 1354 3446 mttltum
1381 3391 1662 3456 intererat,
1693 3390 1870 3460 perire
1915 3403 2039 3443 cum

449 3499 699 3558 corpore,
727 3492 819 3538 aut
844 3480 1042 3537 inferni
1076 3480 1312 3534 tenebris
1337 3479 1584 3534 detineri.
1611 3479 1763 3546 Quod
1789 3494 1918 3534 vero
1940 3478 2037 3543 ait,

449 3577 514 3632 de
549 3586 689 3632 terra
725 3573 864 3645 facta
914 3579 1056 3636 sunt,
1107 3577 1156 3624 et
1205 3569 1262 3623 in
1305 3578 1500 3623 terram
1547 3577 1885 3633 revertentur,
1934 3569 2040 3623 hoc

453 3682 579 3724 cum
604 3666 670 3720 de
693 3677 921 3734 corpore
966 3661 1149 3717 dicere
1185 3659 1527 3714 manifestum
1557 3667 1658 3724 est,
1689 3659 1815 3728 quia
1845 3672 2040 3728 corpus

455 3757 522 3810 de
550 3763 696 3810 terra
719 3759 959 3807 creatum
995 3759 1101 3816 est,
1133 3764 1239 3803 non
1265 3749 1480 3815 anima;
1515 3749 1654 3804 sicut
1677 3749 1870 3803 vindex
1917 3762 2040 3817 pec-

450 3845 560 3903 cati
584 3826 852 3904 sententia
880 3842 1084 3897 homini
1109 3841 1290 3898 inlulit
1314 3858 1328 3896 :
1381 3841 1542 3896 Terra
1581 3859 1657 3909 es,
1689 3851 1737 3896 et
1764 3843 1819 3896 in
1846 3851 2038 3896 terram

451 3935 552 3992 ibis
576 3932 731 4008 (Gen.
759 3950 842 4000 ιιι,
868 3932 977 4006 l9).
1009 3933 1136 3990 Ilmc
1162 3934 1378 3990 interim
1397 3934 1550 4003 juxta
1574 3935 1830 3990 litteram.
1862 3933 2042 4000 Quan-

454 4036 568 4084 tum
598 4025 667 4081 ad
707 4023 1007 4095 spiritalem
1053 4023 1460 4096 intelligentiam
1503 4027 1759 4095 pertinet,
1787 4025 1908 4094 quis
1939 4025 2040 4079 scit

451 4128 634 4173 utrum
663 4115 908 4186 spiritus,
937 4115 1030 4185 qui
1073 4114 1306 4170 hominis
1335 4115 1690 4184 appellatione
1719 4116 1910 4184 dignus
1934 4121 2038 4179 est,

452 4207 712 4263 ascendat
738 4204 795 4260 in
821 4203 1044 4263 caelum.
1069 4212 1125 4259 et
1163 4211 1344 4257 utrum
1373 4213 1638 4271 peccator,
1689 4205 1781 4273 qui
1821 4203 2039 4271 jumen-

454 4310 570 4354 tum
593 4305 840 4364 vocatur,
885 4294 1176 4350 descendat
1203 4295 1259 4349 in
1303 4295 1546 4350 terram?
1587 4295 1730 4350 Fieri
1775 4297 1918 4350 enim
1946 4311 2041 4365 po—

2138 3209 2272 3266 tales
2295 3217 2631 3279 premuntur,
2676 3207 2940 3264 feliciores
2970 3208 3206 3280 judicavi
3235 3216 3494 3275 mortuos,
3524 3209 3595 3263 ab
3622 3209 3723 3262 hu-

2129 3297 2220 3369 jus
2245 3300 2475 3354 miscrize
2516 3299 2699 3354 labore
2736 3299 3008 3363 liberatos,
3047 3315 3210 3368 quam
3236 3299 3491 3354 viventes.
3531 3298 3723 3354 Melior

2137 3399 2221 3446 est
2245 3391 2427 3459 itaque
2454 3390 2541 3445 his
2577 3391 2803 3456 duobus,
2832 3391 3046 3445 vivente
3072 3389 3318 3446 videlicet
3357 3397 3411 3443 et
3439 3387 3722 3452 defuncto,

2138 3481 2232 3552 qui
2256 3480 2484 3536 necdum
2513 3489 2673 3535 natus
2701 3488 2822 3545 est;
2870 3478 2925 3534 in
2949 3495 3014 3534 eo
3048 3478 3254 3534 felicior
3279 3485 3384 3544 est,
3424 3478 3555 3547 quia
3591 3491 3724 3532 nec-

2137 3571 2266 3625 dum
2308 3569 2508 3624 malum
2557 3569 2739 3624 mundi
2770 3578 3024 3639 expertus
3053 3578 3154 3626 est.
3201 3569 3312 3624 Hoc
3350 3575 3536 3623 autem
3569 3569 3723 3633 dicit,

2139 3678 2246 3718 non
2271 3661 2398 3732 quia
2437 3661 2630 3716 anima:
2659 3660 2768 3715 sint
2798 3661 3095 3728 hominum,
3135 3660 3427 3718 secundum
3457 3675 3721 3730 quorum-

2140 3753 2263 3808 dam
2287 3767 2549 3818 errorem,
2593 3758 2879 3821 antequam
2908 3760 3164 3808 nascatur
3190 3752 3350 3808 homo
3385 3751 3443 3805 in
3480 3753 3723 3819 mundo;

2140 3847 2235 3901 sed
2259 3845 2384 3915 quia
2414 3844 2606 3900 melius
2647 3844 2717 3900 sit
2761 3844 2980 3900 omnino
3026 3860 3132 3901 non
3175 3859 3316 3910 esse,
3362 3859 3464 3900 nec
3503 3858 3727 3900 sensum

2140 3937 2341 3991 habere
2366 3935 2700 4002 substantiar,
2732 3951 2892 4006 quam
2929 3935 3212 3991 infeliciter
3253 3935 3337 3990 vel
3363 3949 3501 4000 esse,
3528 3935 3615 3990 vel
3642 3935 3725 3990 vi-

2141 4040 2286 4080 vere.
2311 4024 2428 4091 Quo
2456 4024 2615 4080 modo
2638 4033 2694 4079 et
2719 4025 2785 4079 de
2811 4024 2949 4080 Juda
2974 4024 3234 4081 Dominus
3251 4025 3511 4095 loquitur,
3543 4024 3720 4079 futura

2140 4119 2258 4188 ejus
2285 4126 2552 4174 tormenta
2576 4118 2884 4188 significans
2913 4135 2928 4174 :
2980 4119 3173 4175 Melius
3196 4130 3308 4175 erat
3335 4137 3436 4175 non
3459 4121 3604 4174 nasci
3627 4121 3724 4174 ho-

2141 4210 2270 4263 mini
2311 4208 2392 4264 illi
2435 4208 2648 4280 (Matth.
2683 4226 2832 4276 xxvi,
2875 4210 3004 4284 24):
3049 4213 3174 4280 quia
3218 4212 3410 4268 melius
3455 4211 3632 4267 fuerat
3669 4213 3723 4266 ei

2142 4301 2361 4356 omnino
2387 4315 2492 4355 non
2517 4316 2656 4366 esse,
2687 4317 2848 4370 quam
2873 4310 3104 4358 aeternos
3127 4305 3399 4360 cruciatus
3419 4305 3644 4374 perpeti.

453 4399 562 4448 test
583 4400 873 4460 utrumque
897 4403 997 4459 pro
1026 4388 1232 4443 incerto
1253 4388 1378 4442 vita:
1417 4385 1577 4455 hujus
1601 4396 1656 4442 et
1700 4387 1907 4442 lubrico
1932 4396 2040 4443 sta-
2066 4411 2120 4472 Β
2213 4393 2373 4447 Vens.
2398 4391 2452 4445 Δ.
2473 4421 2543 4431 ——
2563 4391 2767 4447 Rursus
2788 4393 3160 4464 contemplatus
3178 4412 3293 4450 sum
3317 4413 3493 4450 omnes
3517 4396 3720 4449 labores

452 4488 535 4549 tu,
559 4489 621 4536 ut
655 4479 836 4551 justus
874 4479 1052 4546 cadat,
1094 4486 1348 4549 peccator
1391 4487 1674 4548 resurgat;
1707 4487 1761 4533 et
1796 4493 2044 4532 nonnun-

451 4587 620 4644 quam
648 4571 881 4636 eveniat,
912 4579 972 4625 ut
994 4570 1367 4626 rationabilior
1389 4578 1444 4624 et
1464 4571 1707 4625 eruditus
1737 4570 2040 4641 scripturis,

452 4660 512 4719 id
537 4670 621 4718 est
666 4660 847 4727 homo,
893 4675 1000 4716 non
1039 4661 1426 4729 circumspecte
1468 4669 1522 4716 et
1569 4669 1628 4715 ut
1671 4661 1898 4716 scientia
1943 4676 2040 4716 sua

452 4750 644 4823 exigit,
683 4751 853 4811 vivat.
889 4757 944 4804 et
988 4749 1215 4804 ducatur
1255 4750 1322 4804 ad
1373 4748 1613 4813 inferos;
1660 4758 1716 4802 et
1749 4749 2041 4817 simplicior

452 4841 682 4913 quisque
709 4848 872 4909 atque
893 4838 1167 4902 rusticior,
1195 4839 1286 4907 qui
1305 4837 1608 4908 jumentum
1631 4838 1866 4892 hominis
1895 4852 2041 4892 com-

451 4932 733 5001 paratione
777 4932 994 4997 dicitur,
1044 4931 1234 4986 melius
1277 4931 1438 4994 vivat,
1481 4939 1534 4984 et
1582 4931 1843 5000 martyrio
1885 4946 2039 4986 coro-

454 5031 613 5078 natus
650 5022 888 5092 paradisi
917 5023 986 5077 sit
1011 5021 1253 5078 colonus.

523 5115 687 5171 Vens.
715 5115 806 5169 22.
830 5144 902 5153 —
929 5113 994 5167 Et
1035 5113 1346 5184 deprehendi
1377 5113 1506 5168 nihil
1532 5131 1640 5168 esse
1667 5113 1853 5168 ntelius
1881 5131 2038 5185 quam

455 5203 627 5258 laetari
655 5203 916 5258 hominem
944 5202 999 5256 in
1039 5218 1191 5272 opere
1215 5219 1331 5268 suo,
1363 5212 1410 5257 et
1440 5205 1576 5257 hanc
1603 5220 1714 5258 esse
1749 5215 1948 5274 partem
1973 5205 2039 5259 il-

451 5291 575 5348 lius.
609 5290 739 5358 Quis
764 5293 902 5346 enim
933 5290 1156 5345 adducet
1187 5307 1325 5359 eum,
1350 5301 1406 5346 ut
1430 5302 1543 5364 post
1567 5309 1620 5346 se
1646 5293 1826 5363 futura
1849 5311 2038 5364 cogno-

449 5390 564 5436 scat
587 5381 614 5435 γ
634 5380 911 5451 Superiori
941 5395 1126 5437 errore
1151 5383 1418 5448 turbatus,
1445 5383 1589 5452 quod
1613 5392 1858 5453 putarem
1897 5386 2038 5438 inter

449 5468 699 5526 homines
741 5477 797 5525 et
839 5469 1041 5525 bestias
1088 5470 1222 5525 nihil
1264 5487 1403 5537 esse,
1452 5471 1506 5526 in
1532 5472 1670 5526 hanc
1716 5473 2034 5527 sententiam

452 5574 619 5630 prava
660 5562 911 5632 opinione
959 5565 1213 5620 seductus
1263 5565 1416 5638 [Ms.,
1460 5564 1740 5636 deductus]
1787 5579 1926 5627 sum,
1977 5572 2036 5616 ut

454 5651 591 5706 nihil
615 5651 762 5708 aliud
805 5654 1038 5710 dicerem
1079 5657 1300 5722 bonum,
1351 5656 1452 5712 nisi
1481 5664 1799 5726 prmsentcm
1843 5669 2035 5724 capere

2142 4482 2431 4548 hominum,
2479 4493 2527 4536 et
2574 4483 2860 4538 industrius
2905 4485 3248 4540 animadverti
3293 4496 3471 4556 patere
3509 4484 3720 4540 inuidia:

2139 4574 2384 4644 proximi,
2409 4583 2455 4629 et
2497 4577 2552 4628 in
2585 4575 2681 4629 hoc
2705 4591 2826 4646 ergo
2864 4577 3064 4631 vanitas
3091 4585 3138 4631 et
3163 4594 3293 4631 cura
3330 4579 3597 4648 superﬂua
3623 4585 3725 4632 est.

2140 4661 2395 4718 Conveni
2437 4680 2522 4719 me
2565 4680 2751 4721 rursus
2791 4666 2857 4721 ad
2883 4666 3007 4730 alia,
3040 4674 3094 4720 et
3123 4667 3232 4728 vidi
3264 4681 3481 4722 omnem
3507 4666 3728 4724 fortitu-

2139 4753 2318 4808 dinem
2348 4761 2403 4809 et
2429 4754 2653 4824 gloriam
2682 4755 3059 4821 laborantium,
3091 4764 3146 4810 et
3173 4755 3501 4826 deprehendi
3522 4757 3727 4812 bonum

2138 4845 2360 4902 alterius
2405 4862 2523 4902 esse
2573 4847 2794 4903 alterius
2843 4849 3063 4913 malum,
3112 4849 3239 4903 dum
3291 4849 3504 4903 invidus
3548 4848 3728 4905 aliena

2138 4935 2394 4991 felicitate
2425 4946 2725 5005 torquetur,
2753 4945 2809 4992 et
2834 4943 2980 5006 patet
3024 4936 3230 4992 insidiis
3255 4937 3540 5008 gloriosus.
3580 4936 3729 5003 Quid

2136 5028 2278 5082 enim
2301 5027 2492 5083 vanius
2513 5043 2675 5097 quam
2712 5028 2958 5084 homines
2983 5042 3089 5082 non
3128 5043 3252 5082 suas
3280 5026 3409 5082 flere
3448 5028 3725 5093 miserias,

2137 5133 2237 5173 nec
2263 5119 2479 5189 propria
2519 5119 2702 5189 lugere
2748 5126 3008 5187 peccata;
3043 5117 3177 5172 alios
3215 5118 3479 5188 judicare,
3513 5118 3727 5187 seipsos

2134 5209 2418 5274 oblivisci;
2457 5217 2512 5262 et
2547 5207 2860 5263 melioribus
2903 5216 3112 5262 tantum
3158 5207 3418 5273 invidere,
3466 5206 3730 5262 aliorum-

2134 5316 2240 5369 que
2263 5299 2559 5355 benefactis
2581 5299 2864 5367 torqueri?

2205 5389 2366 5444 Vens.
2387 5387 2442 5442 5.
2456 5417 2529 5428 —
2545 5386 2750 5442 Stultus
2771 5390 3043 5461 complicat
3062 5407 3248 5444 manus
3267 5406 3416 5456 suas,
3431 5399 3480 5445 et
3499 5391 3731 5445 comeait

2133 5493 2315 5531 carnes
2335 5493 2479 5531 suas.
2512 5476 2706 5531 Totum
2753 5479 2894 5548 quod
2932 5479 3168 5545 disserit,
3196 5480 3298 5534 hoc
3325 5488 3410 5534 est
3437 5487 3497 5532 ut
3535 5487 3732 5533 osten-

2133 5569 2224 5621 dat
2248 5582 2371 5621 eum
2411 5568 2502 5637 qui
2532 5567 2740 5624 laborat
2785 5579 2840 5625 et
2874 5570 3077 5640 aliquid
3104 5571 3265 5626 habet
3293 5571 3347 5624 in
3377 5569 3600 5636 mundo,
3625 5583 3733 5639 pa-

2134 5667 2246 5714 tere
2279 5657 2526 5728 invidite;
2555 5667 2610 5721 et
2638 5674 2851 5716 rursum
2879 5673 3000 5716 eum
3025 5661 3118 5730 qui
3144 5661 3323 5714 vivere
3343 5658 3457 5715 vult
3478 5658 3725 5730 quietus,
