4020 6186
278 337 379 397 685

1154 343 1564 404 EXEGETICA.
1606 381 1674 389 —
1713 346 2065 407 COMMENT.
2103 353 2168 408 IN
2198 349 2728 412 ECCLESIASTEN.

3451 361 3553 418 686

276 451 457 521 inopia
486 452 719 523 opprimi
744 471 758 519 ;
785 463 839 508 et
865 470 984 510 esse
1010 465 1297 526 utrumque
1331 460 1709 525 miserabilem,
1740 463 1864 517 dum
1895 473 1942 529 Α
1973 466 2098 518 rede
2129 481 2188 520 se
2216 468 2437 532 cruciat,
2481 485 2622 524 nunc
2658 445 2726 525 ad
2753 471 3088 527 sodalitatem
3129 489 3306 529 sermo
3345 476 3556 533 confer~

274 546 415 602 alius
441 554 662 617 propter
683 563 814 617 opes
844 550 1196 618 periclitatur,
1230 552 1366 606 alius
1391 562 1609 622 propter
1632 554 1866 624 inopiam

274 647 518 709 egestate
561 639 866 695 conficitur.
908 641 1113 697 Aliter:
1158 643 1346 698 Manus
1388 645 1579 699 crebro
1615 660 1714 714 pro
1741 661 1867 715 ope-

275 731 427 785 ribus
457 729 817 800 accipiuntur.
868 730 1078 788 Stultus
1121 735 1351 790 retrahit
1393 750 1586 790 manus
1630 749 1757 790 suas
1798 737 1866 789 ab

274 837 436 891 opere
457 823 621 887 bono,
654 831 708 876 et
746 839 853 878 non
875 824 987 878 vult
1019 826 1249 880 viriliter
1287 840 1469 895 agere,
1501 827 1596 881 sed
1633 828 1868 881 comedit

273 926 468 967 carnes
511 928 654 977 suas,
698 914 753 968 id
794 922 894 978 est,
948 917 1241 970 secundum
1291 917 1526 971 carnalia
1567 917 1700 973 vivit
1727 918 1867 972 desi-

273 999 445 1065 deria,
482 1002 765 1056 tabescens
793 1003 848 1056 in
889 1003 1254 1073 voluptatibus
1295 1005 1427 1071 suis,
1479 1007 1647 1062 donec
1673 1023 1867 1063 consu-

271 1095 491 1147 mantur
518 1092 670 1165 [δίδη
701 1095 1150 1168 consummatur].

345 1215 508 1270 Vens.
534 1214 586 1269 6.
616 1245 687 1254 -—
715 1215 906 1270 Melior
940 1227 1018 1271 est
1055 1217 1284 1288 pugillus
1325 1236 1444 1274 cum
1486 1223 1679 1292 requie,
1709 1240 1867 1293 quam

267 1305 425 1374 plena
456 1317 675 1376 utraque
702 1323 890 1360 manus
925 1325 1040 1361 cum
1072 1306 1248 1362 labore
1282 1318 1331 1362 et
1360 1311 1647 1381 afﬂictione
1679 1314 1862 1367 animi.

271 1395 460 1451 Melius
482 1406 568 1452 est
594 1397 862 1454 modicum
892 1401 1090 1455 habere
1123 1399 1290 1468 justo,
1319 1418 1479 1472 quam
1503 1404 1721 1459 divitias
1742 1420 1867 1474 pec-

267 1500 515 1547 catorum
541 1492 758 1547 multas.
811 1492 1097 1564 Eleganter
1135 1493 1348 1564 justitia
1397 1497 1638 1564 requiem
1679 1497 1860 1562 habet,

267 1583 530 1654 iniquitas
575 1583 855 1650 laborem;
902 1595 956 1640 et
1001 1587 1127 1655 quia
1175 1586 1466 1656 singularis
1502 1603 1761 1644 numerus
1809 1589 1864 1643 in

266 1675 412 1729 bono
440 1690 656 1745 semper
681 1676 962 1745 accipitur,
992 1685 1046 1730 et
1077 1677 1271 1747 duplex
1296 1679 1352 1731 in
1376 1678 1538 1744 malo,
1579 1687 1863 1748 propterea

268 1781 410 1820 unus
451 1766 682 1837 pugillus
724 1767 888 1822 habet
929 1767 1193 1838 requiem,
1223 1775 1279 1823 et
1307 1769 1426 1824 duae
1462 1784 1654 1824 manus
1679 1769 1862 1824 labore

263 1864 393 1909 sunt
415 1855 606 1924 plenae.

338 1974 500 2030 Vsus.
532 1977 584 2040 'l,
611 1975 664 2030 8.
685 2007 757 2016 —
783 1977 1134 2032 Considerans
1178 1980 1343 2050 reperi
1368 1989 1416 2034 et
1449 1980 1610 2034 aliam
1655 1982 1859 2034 vanita-

262 2074 370 2119 tem
398 2066 493 2119 sub
519 2065 626 2120 sole
649 2082 668 2121 :
699 2085 834 2122 unus
862 2076 957 2135 est,
1002 2078 1050 2122 et
1075 2069 1362 2123 secundum
1403 2086 1506 2124 non
1548 2071 1724 2136 habet,
1755 2087 1858 2124 non

263 2156 451 2223 filium,
504 2175 607 2212 non
639 2158 898 2228 fratrem;
939 2169 988 2214 et
1031 2169 1205 2214 tamen
1242 2159 1484 2214 laborare
1526 2177 1629 2215 non
1667 2171 1854 2227 cessat,

260 2264 355 2301 nec
395 2249 659 2302 satiantur
691 2249 828 2302 oculi
870 2250 983 2319 ejus
1029 2250 1245 2314 divitiis,
1288 2267 1380 2304 nec
1423 2252 1614 2319 cogitat
1657 2250 1851 2315 dicens,

257 2338 347 2390 cui
390 2337 570 2390 laboro
614 2347 661 2392 et
708 2339 899 2405 fraudo
942 2342 1172 2394 animant
1203 2357 1372 2394 meam
1414 2341 1607 2395 bonis?
1650 2341 1716 2395 In
1759 2342 1854 2395 ltoc

261 2431 468 2483 vanitas
503 2439 595 2495 est,
639 2440 687 2484 et
733 2431 939 2501 afflictio
985 2433 1229 2500 pessima.
1279 2431 1587 2511 Conversus
1621 2447 1742 2485 sum
1787 2431 1853 2485 ad

263 2520 416 2583 alios,
449 2529 505 2574 et
536 2521 642 2575 vidi
666 2535 762 2575 eos
785 2521 905 2589 plus
928 2537 1089 2590 quam
1117 2536 1340 2578 necesse
1385 2532 1549 2585 esset,
1582 2523 1849 2588 laborare,

253 2627 589 2683 congregare
617 2628 748 2682 opes
772 2628 869 2682 per
892 2613 974 2668 fas
1000 2622 1054 2668 et
1081 2613 1253 2680 nefas,
1297 2623 1349 2670 et
1378 2631 1486 2671 non
1512 2615 1588 2669 uti
1629 2629 1852 2683 congre-

262 2705 403 2774 gatis
426 2721 440 2768 ;
466 2706 663 2760 habere
686 2704 887 2770 omnia,
929 2705 1185 2761 incubare
1223 2706 1458 2769 divitias,
1485 2719 1705 2759 scrvare
1731 2703 1851 2757 aliis

264 2795 415 2867 [δίδη
449 2796 701 2851 incubare
729 2797 932 2851 divitiis
969 2811 1166 2866 easque
1198 2811 1417 2851 servare
1441 2793 1641 2866 alteri],
1677 2803 1730 2849 et
1753 2810 1850 2849 suo

257 2888 448 2944 labore
495 2904 603 2943 non
651 2888 892 2958 perfrui;
944 2890 1178 2944 maxime
1221 2904 1344 2945 cum
1391 2903 1490 2942 nec
1534 2886 1703 2940 lilium
1751 2901 1850 2940 nec

261 2980 486 3035 fratrem
513 2982 766 3046 habeant,
804 2995 901 3036 nec
941 2981 1316 3051 pr0pinquum,
1354 2987 1414 3032 ut
1451 2979 1699 3033 videatur
1727 2977 1848 3046 pius

261 3072 414 3127 labor
433 3072 753 3127 necessariis
780 3079 1106 3125 reservatus.
1142 3069 1285 3124 Nihil
1314 3070 1495 3140 itaque
1515 3069 1706 3123 vanius
1727 3081 1847 3122 esse

262 3164 612 3234 deprehendi,
659 3179 821 3233 quam
865 3179 988 3218 cum
1033 3163 1304 3217 hominem
1336 3163 1428 3231 qui
1469 3161 1684 3216 divitias
1712 3175 1843 3216 con-
1875 3158 1921 3222 C

261 3262 474 3325 gregat,
518 3255 604 3309 cui
654 3269 748 3309 eas
797 3254 1062 3323 relinquat
1107 3255 1380 3324 ignorans.
1433 3251 1586 3318 Quod
1631 3249 1848 3320 quidem

262 3360 548 3414 possumus
584 3346 880 3400 secundum
925 3345 1162 3415 priorem
1202 3342 1353 3414 [Ms.,
1387 3338 1742 3410 superiorem]
1772 3339 1850 3392 in-

263 3435 701 3505 terpretationem
725 3444 778 3490 et
800 3437 865 3490 de
885 3435 970 3490 his
994 3433 1292 3501 intelligere
1316 3433 1405 3502 qui
1432 3432 1599 3486 libros
1619 3429 1852 3484 conscri-

263 3526 396 3578 bunt
415 3532 470 3579 et
490 3540 583 3579 eos
607 3524 899 3580 fastidiosis
943 3523 1234 3579 lectoribus
1263 3522 1590 3591 relinquunt.
1622 3519 1850 3586 Quidam

264 3617 407 3671 hunc
431 3617 608 3671 locum
635 3617 704 3671 ab
729 3631 816 3681 eo,
844 3619 987 3684 quod
1013 3615 1112 3681 ait,
1142 3630 1276 3668 unus
1321 3623 1415 3677 est,
1444 3622 1492 3666 et
1533 3628 1635 3665 non
1659 3620 1732 3664 est
1769 3626 1850 3665 se-

261 3709 486 3772 cundus,
515 3724 678 3779 super
701 3707 978 3763 Salvatore
1006 3708 1432 3776 interpretantur
1457 3723 1470 3756 :
1523 3703 1665 3772 quod
1705 3701 1850 3757 solus

261 3809 314 3854 et
338 3801 540 3869 absque
564 3800 674 3854 ullo
700 3800 896 3855 comite
917 3798 984 3853 ad
1009 3796 1324 3852 salvandum
1348 3794 1605 3848 mundum
1629 3792 1850 3846 descen-

261 3888 378 3956 dit;
407 3897 462 3943 et
489 3905 796 3959 quanquam
827 3887 979 3942 multi
1005 3887 1096 3941 ﬁlii
1123 3885 1216 3940 Dei
1239 3886 1365 3951 sint,
1388 3891 1443 3938 et
1464 3882 1659 3937 fratres
1686 3881 1850 3950 adop-

261 3980 411 4035 tione
434 3981 702 4046 dicantur,
752 3987 928 4034 tamen
976 3978 1152 4032 nullus
1183 3977 1377 4045 dignus
1423 3973 1630 4028 exstitit
1671 3973 1758 4042 qui
1793 3971 1848 4024 in

259 4074 367 4128 hoc
396 4073 446 4126 ei
470 4086 630 4143 Opere
646 4070 982 4140 jungeretur.
1014 4068 1178 4138 Cujus
1203 4067 1446 4121 laborum
1472 4079 1581 4118 non
1601 4069 1684 4116 est
1701 4061 1846 4127 finis,

260 4166 530 4237 portantis
572 4172 758 4219 nostra
792 4163 924 4217 vitia
973 4169 1134 4230 atque
1175 4165 1417 4229 peccata,
1454 4164 1508 4209 et
1548 4171 1646 4225 pro
1692 4153 1848 4209 nobis

260 4255 412 4311 dolet
437 4271 452 4320 ;
481 4263 536 4309 et
564 4254 750 4309 oculus
777 4253 892 4321 ejus
928 4267 1035 4306 non
1061 4249 1348 4305 satiabitur
1377 4246 1598 4310 divitiis,
1637 4257 1848 4312 semper

259 4353 504 4402 nostram
530 4345 749 4415 cupiens
776 4343 1022 4406 salutem,
1050 4348 1105 4396 et
1148 4345 1350 4410 quanto
1377 4336 1498 4405 plus
1521 4349 1681 4404 quem
1724 4347 1848 4402 pec-

260 4451 389 4492 care
412 4435 626 4500 viderit,
655 4442 808 4489 tanto
834 4432 1002 4504 magis
1037 4430 1105 4485 ad
1145 4426 1517 4500 paenitentiam
1556 4423 1848 4478 cohortans

263 4525 418 4599 [Ms.,
434 4523 758 4596 coarctans].
785 4523 864 4578 Eo
884 4534 1080 4593 genere
1100 4517 1386 4573 locutionis
1405 4514 1649 4576 dicimus,
1668 4511 1842 4577 Dolet,
1875 4505 1926 4564 D

261 4633 373 4688 quo
397 4615 685 4687 Apostolus
705 4614 817 4668 ait:
850 4612 918 4666 Et
939 4611 1046 4682 ipse
1070 4608 1299 4692 spiritus"
1311 4603 1536 4676 postulat
1572 4619 1666 4674 pro
1696 4601 1842 4656 nobis

262 4709 536 4779 gemitibus
572 4702 1010 4762 inenarrabilibus
1041 4699 1218 4772 (Rom.
1244 4689 1361 4761 vin,
1391 4695 1507 4767 26),
1534 4695 1589 4750 id
1613 4701 1716 4759 est,
1747 4709 1846 4748 nos

263 4812 481 4869 gemere
501 4797 650 4854 facit.
683 4795 760 4851 lta
786 4802 841 4848 et
877 4794 967 4848 hic
995 4790 1138 4846 dolet
1177 4788 1442 4852 Christus,
1471 4785 1596 4854 quia
1633 4800 1731 4839 nos
1755 4786 1847 4838 do-

261 4891 376 4948 lere
400 4890 530 4947 facit
556 4905 658 4961 pro
679 4887 916 4960 peccatis
944 4884 1160 4940 nostris.

335 5012 496 5087 423
516 5013 680 5069 Vens.
705 5011 860 5068 9-12.
890 5041 955 5050 -
977 5007 1166 5063 Melius
1185 5021 1304 5076 ergo
1327 5014 1400 5059 est
1420 5002 1549 5057 duos
1571 4999 1728 5056 simul
1742 5015 1851 5053 esse

261 5121 426 5176 quam
469 5119 671 5158 unum:
719 5101 908 5156 habent
953 5101 1089 5153 enim
1134 5096 1537 5151 emolumentum
1586 5092 1849 5147 societatis

262 5197 484 5260 sute;si
514 5211 648 5249 unus
674 5191 934 5256 ceciderit,
964 5191 1027 5244 ab
1065 5189 1226 5242 altero
1275 5185 1538 5254 fulcietur.
1599 5182 1686 5237 Vte
1728 5181 1848 5247 soli,

261 5285 392 5355 quia
415 5300 534 5337 cum
553 5283 830 5346 corruerit,
857 5297 962 5335 non
989 5281 1135 5334 habet
1155 5277 1524 5332 sublevantem.
1561 5273 1632 5328 Et
1661 5273 1705 5327 si
1731 5272 1851 5325 dor—

263 5375 477 5429 mierint
517 5375 642 5439 duo,
684 5373 998 5444 fovebuntur
1023 5380 1242 5431 mutuo;
1287 5383 1422 5422 unus
1469 5363 1728 5436 quomodo
1757 5379 1849 5416 ca-

262 5465 402 5534 lefiet
445 5465 471 5519 ?
518 5464 587 5518 Et
637 5465 682 5518 si
733 5463 992 5535 quispiam
1045 5459 1373 5529 prtevaluerit
1425 5465 1606 5510 contra
1667 5469 1848 5518 unum,

263 5555 373 5609 duo
402 5556 643 5609 resistunt
669 5555 736 5609 ei.
781 5549 1075 5606 Funiculus
1114 5546 1300 5618 triplex
1325 5545 1529 5616 difﬁcile
1572 5543 1847 5615 rumpitur.

263 5649 400 5703 Post
427 5649 817 5705 sollicitudines
846 5655 900 5702 et
944 5645 1211 5708 miserias,
1245 5643 1298 5697 in
1328 5643 1524 5712 quibus
1566 5647 1851 5710 corruptus

265 5748 351 5792 est
379 5738 467 5796 ille
494 5740 585 5813 qui
621 5741 675 5794 in
714 5738 902 5808 opibus
927 5735 1305 5808 conquirendis
1341 5735 1540 5802 absque
1565 5740 1712 5786 certo
1744 5731 1857 5818 lue-q

1972 561 2077 618 tur,
2118 563 2173 608 et
2212 556 2409 610 dicitur
2456 560 2583 627 quid
2628 562 2750 616 boui
2794 563 2990 616 habeat
3024 565 3318 620 amicorum
3363 577 3555 624 contu-

1969 644 2236 710 bernium,
2269 656 2323 700 et
2351 661 2635 705 commune
2665 652 2932 719 solatium,
2959 655 3082 723 quia
3110 664 3164 711 et
3198 658 3420 715 alterius
3446 662 3555 716 rui~

1969 745 2036 787 na
2064 735 2287 791 alterius
2310 739 2511 794 auxilio
2544 741 2892 810 sublevatur;
2939 753 2994 800 et
3023 762 3182 802 curas
3206 747 3552 820 domesticas,

1969 823 2136 892 ipsius
2166 839 2380 897 quoque
2410 832 2584 885 noctis
2613 834 2854 901 requiem
2899 835 3090 892 melius
3133 839 3299 911 exigit
3323 842 3430 909 ille,
3459 846 3553 914 qui

1968 913 2134 969 fidum
2159 916 2393 972 amicum
2419 920 2580 976 habet
2607 937 2766 991 quam
2793 925 2885 995 qui
2926 926 3056 981 solis
3097 929 3288 997 opibus
3332 913 3554 989 incubat

1968 1005 2267 1076 acquisitis.
2321 1007 2476 1074 Quod
2504 1012 2547 1065 si
2588 1014 2859 1068 robustior
2902 1017 3025 1085 quis
3069 1018 3319 1075 inimicus
3365 1032 3555 1080 contra

1968 1110 2134 1148 unum
2181 1098 2501 1164 surrexerit,
2550 1099 2774 1156 alterius
2807 1103 3229 1159 imbecillitatem
3269 1110 3428 1165 amici
3468 1126 3554 1166 so-

1966 1181 2095 1237 latio
2122 1186 2414 1240 sustentari
2442 1188 2589 1242 dicit.
2629 1189 2695 1243 Et
2718 1201 2978 1260 quantum
3012 1195 3116 1249 duo
3145 1209 3252 1250 uno
3278 1195 3550 1266 differunt,

1966 1274 2012 1328 si
2040 1290 2226 1330 amore
2267 1276 2541 1346 conjuncti
2587 1290 2730 1345 sunt,
2764 1289 2912 1337 tanto
2952 1284 3114 1340 etiam
3155 1285 3317 1341 trium
3364 1296 3555 1344 contu-

1965 1364 2211 1420 bernium
2236 1367 2357 1436 plus
2395 1369 2591 1424 valere.
2626 1371 2837 1426 Etenim
2866 1389 2991 1428 vera
3031 1377 3289 1444 charitas,
3325 1386 3385 1434 et
3408 1381 3556 1436 nullo

1964 1455 2160 1510 violata
2194 1456 2381 1524 livore,
2407 1468 2608 1528 quanto
2646 1473 2872 1532 augetur
2895 1481 3137 1532 numero,
3171 1474 3318 1524 tanto
3356 1472 3556 1526 crescit

1966 1555 2020 1600 et
2043 1549 2257 1606 robore.
2283 1550 2352 1604 Et
2371 1551 2488 1605 haec
2518 1552 2734 1606 interim
2764 1554 3079 1625 simpliciter
3105 1559 3253 1613 dicta
3281 1559 3409 1614 sint.
3437 1560 3553 1615 Cte-

1965 1646 2142 1693 terum
2168 1640 2310 1710 quod
2336 1642 2390 1695 in
2415 1643 2679 1712 superiori
2721 1644 2840 1700 loco
2867 1661 3027 1717 super
3050 1647 3266 1705 Christo
3287 1667 3550 1722 quorum-

1963 1729 2086 1783 dam
2114 1729 2518 1801 intelligentiam
2539 1736 2836 1804 posuimus,
2864 1747 2920 1793 et
2947 1738 3101 1811 [Ms.,
3132 1741 3318 1814 etiam]
3343 1744 3549 1814 reliqua

1891 1816 1936 1875 Β
1964 1823 2151 1878 eodem
2180 1826 2368 1882 ordine
2402 1828 2715 1884 disserenda
2741 1840 2884 1886 sunt.
2914 1831 3104 1888 Melius
3121 1844 3212 1890 est
3238 1836 3385 1890 enim
3416 1837 3551 1892 duos

1958 1917 2167 1986 pariter
2187 1933 2306 1974 esse
2335 1935 2497 1990 quam
2540 1939 2705 1978 unum
2729 1938 2744 1977 :
2776 1924 2968 1979 melius
3007 1934 3090 1981 est
3119 1927 3264 1981 enim
3291 1928 3545 1984 habitan-

1960 2014 2068 2061 tem
2095 2008 2150 2062 in
2175 2023 2234 2063 se
2260 2009 2460 2066 habere
2484 2011 2779 2078 Christum,
2803 2029 2963 2083 quam
2992 2017 3164 2072 solum
3192 2016 3368 2090 [Apud
3388 2018 3542 2075 Hier.

1959 2096 2130 2150 solum
2153 2097 2397 2153 habitare
2419 2099 2492 2172 et]
2521 2109 2702 2170 patere
2724 2103 2932 2160 insidiis
2953 2105 3306 2162 adversantis.
3340 2109 3546 2167 Merces

1958 2186 2156 2256 quippe
2179 2189 2518 2244 contubernii
2555 2191 2738 2245 statim
2773 2193 2829 2246 in
2854 2193 2970 2264 ipsa
3011 2197 3289 2253 societatis
3312 2199 3546 2255 utilitate

1956 2287 2312 2334 monstratur.
2345 2279 2402 2335 Si
2449 2282 2592 2336 enim
2621 2283 2876 2339 ceciderit
2901 2301 3060 2351 unus,
3104 2286 3352 2345 Christus
3379 2291 3549 2362 eriget

1951 2368 2272 2438 participem
2313 2386 2488 2424 suum.
2527 2372 2618 2427 Vae
2648 2373 2841 2444 quippe
2872 2376 2943 2442 ei,
2974 2377 3064 2446 qui
3092 2393 3214 2432 cum
3256 2381 3544 2447 corruerit,

1953 2459 2228 2515 Christum
2252 2462 2304 2515 in
2325 2477 2383 2517 se
2406 2478 2513 2517 non
2536 2462 2699 2518 habet
2717 2466 3034 2536 erigentem.
3057 2468 3216 2536 Quod
3237 2471 3282 2526 si
3311 2478 3367 2527 et
3389 2470 3546 2543 [Ms.,

1952 2551 2138 2623 etiam]
2169 2553 2454 2608 dormiet-it
2480 2570 2641 2620 unus,
2674 2556 2778 2611 hoc
2818 2567 2922 2624 est,
2948 2560 2998 2613 si
3024 2570 3203 2616 morte
3246 2561 3408 2617 fuerit
3441 2563 3546 2619 dis-

1952 2641 2178 2706 solutus,
2209 2650 2265 2697 et
2301 2658 2482 2697 secum
2525 2643 2799 2700 Christum
2843 2648 3112 2714 habuerit,
3152 2651 3446 2707 calefactus
3469 2653 3549 2707 ci-
3641 2659 3644 2662 ’

1954 2731 2060 2786 tius
2087 2732 2396 2798 reviviscit;
2429 2741 2483 2788 et
2511 2735 2556 2789 si
2585 2735 2841 2790 adversus
2870 2737 3142 2793 hominem
3180 2742 3455 2796 robustior
3479 2743 3540 2796 in

1951 2823 2308 2893 expugnando
2337 2823 2584 2880 diabolus
2620 2827 2906 2893 exstiterit,
2955 2831 3120 2884 stabit
3163 2832 3345 2898 homo,
3379 2834 3546 2889 stabit

1949 2909 2276 2966 ctChristus
2321 2928 2420 2982 pro
2455 2914 2670 2970 homine
2713 2931 2829 2984 suo,
2879 2933 2977 2987 pro
3021 2920 3191 2974 sodali
3239 2936 3378 2977 suo:
3435 2937 3545 2978 non

1950 3001 2093 3070 quod
2124 3001 2290 3056 solius
2319 3001 2519 3058 Christi
2545 3003 2803 3061 adversus
2828 3007 3098 3061 diabolum
3124 3010 3296 3065 virtus
3321 3012 3533 3068 infirma

1950 3093 2043 3158 sit,
2071 3093 2165 3146 sed
2189 3092 2332 3161 quod
2358 3093 2586 3147 liberum
2612 3095 2815 3150 homini
2846 3097 3168 3166 relinquitur
3195 3099 3346 3171 μὴ,
3377 3101 3541 3156 relin-

1952 3182 2170 3254 quatur]
2194 3183 2499 3250 arbitrium,
2528 3192 2580 3239 et
2599 3185 2964 3242 adnitentibus
2988 3189 3162 3254 nobis,
3191 3189 3306 3260 ipse
3321 3190 3378 3243 in
3404 3205 3542 3260 pm

1953 3273 2134 3327 liando
2174 3272 2366 3327 fortior
2414 3274 2524 3327 fiet.
2553 3274 2711 3340 Quod
2737 3276 2780 3330 si
2810 3283 2864 3330 et
2914 3275 3066 3348 [Μιςη
3113 3279 3254 3347 quod
3276 3279 3322 3333 si
3342 3277 3540 3353 etiam]

1951 3364 2115 3418 Pater
2139 3375 2194 3417 et
2241 3363 2410 3419 Filius
2435 3373 2489 3419 et
2535 3365 2770 3435 Spiritus
2803 3378 3021 3424 sanctus
3063 3369 3400 3435 advenerim,
3428 3387 3543 3429 non

1952 3455 2058 3509 cito
2087 3463 2466 3524 corrumpetur
2495 3454 2649 3526 [Ms.,
2683 3457 2970 3530 rumpitur]
3002 3459 3102 3513 ista
3139 3461 3412 3515 sodalitas.
3461 3459 3541 3515 De

1951 3543 2054 3598 hac
2082 3545 2369 3599 sodalitate
2396 3546 2449 3599 in
2498 3545 2789 3618 Evangelia
2831 3549 3067 3602 dicitur:
3112 3549 3182 3602 Et
3218 3559 3368 3617 pater
3392 3565 3542 3604 meus

1950 3633 2127 3703 diliget
2151 3651 2290 3700 eum,
2321 3645 2367 3689 et
2409 3633 2478 3688 ad
2503 3652 2621 3688 eum
2649 3639 2932 3696 veniemus.
2960 3647 3007 3690 et
3044 3639 3367 3693 mansionem
3395 3641 3537 3712 apud

1949 3741 2066 3779 eum
2095 3725 2366 3795 faciemus.
2391 3725 2456 3778 Et
2482 3724 2640 3793 paulo
2665 3732 2819 3793 post:
2869 3725 3177 3782 Paracletus
3215 3737 3389 3784 autem
3416 3727 3537 3801 Spi-

1951 3821 2104 3884 ritus,
2133 3822 2240 3890 ipse
2260 3835 2350 3873 vos
2395 3818 2595 3872 docebit
2641 3820 2815 3872 omnia
2843 3818 3023 3891 (Joan.
3054 3837 3165 3887 xw,
3187 3822 3278 3888 25,
3309 3822 3432 3895 26);
3465 3823 3542 3879 si-

1950 3911 2214 3981 gniﬁcans
2253 3909 2434 3974 trium,
2468 3908 2522 3962 id
2562 3915 2664 3973 est,
2711 3909 2903 3973 Patris,
2935 3919 2990 3964 et
3035 3911 3177 3975 Filii,
3206 3922 3259 3968 et
3305 3913 3544 3984 Spiritus
3645 3942 3647 3944 ·

1950 4001 2140 4064 sancti,
2169 4015 2335 4053 unum
2358 4015 2477 4055 esse
2494 4015 2648 4069 opus,
2667 4007 2722 4054 et
2748 4015 2909 4054 unam
2936 4003 3272 4056 mansionem
3297 4004 3354 4057 in
3376 4005 3542 4059 corde

1950 4092 2220 4162 diligentis
2259 4092 2449 4146 Deum.
2499 4091 2652 4157 Quod
2689 4089 2934 4162 superius
2978 4091 3135 4155 dixit,
3176 4093 3222 4146 si
3251 4109 3387 4147 unus
3411 4095 3540 4146 dor-

1949 4181 2142 4246 mierit,
2169 4179 2427 4251 quomodo
2452 4178 2694 4249 caleﬁet?
2719 4180 2832 4236 Nisi
2877 4181 3047 4252 igitur
3076 4181 3354 4237 nobiscum
3381 4181 3542 4237 Chri-

1949 4279 2063 4326 stus
2118 4271 2416 4337 dormierit,
2466 4280 2521 4326 et
2573 4273 2625 4326 in
2676 4281 2851 4328 morte
2904 4272 3248 4342 requieverit,
3302 4276 3539 4332 calorem

1949 4367 2165 4415 :eternte
2194 4361 2316 4416 vitae
2346 4361 2594 4432 accipere
2625 4376 2730 4415 non
2759 4361 3019 4416 valemus.

2020 4450 2181 4505 Vnus.
2215 4449 2395 4505 i546.
2415 4480 2486 4490 —-—
2514 4449 2706 4504 Melior
2745 4459 2821 4504 est
2863 4467 2993 4522 puer
3035 4469 3234 4524 pauper
3257 4464 3307 4508 et
3335 4457 3543 4527 sapiens

1949 4559 2068 4596 sene
2098 4557 2214 4611 rege
2253 4549 2301 4594 et
2345 4539 2504 4594 stulto
2535 4541 2625 4610 qui
2673 4541 2831 4594 nescit
2859 4541 3129 4611 providere
3147 4545 3202 4599 in
3237 4555 3499 4615 posterum
3521 4566 3541 4607 :

1948 4633 2087 4704 quod
2107 4642 2152 4686 et
2175 4632 2238 4685 de
2263 4647 2470 4686 carcere
2498 4632 2794 4703 catenisque
2818 4632 3081 4689 interdum
3107 4637 3222 4706 quis
3246 4640 3543 4710 egrediatur

1951 4723 2020 4776 ad
2050 4737 2284 4792 regnum,
2337 4729 2387 4774 et
2431 4720 2567 4775 alius
2617 4730 2771 4776 natus
2819 4723 2875 4778 in
2910 4741 3086 4794 regno,
3133 4728 3310 4800 inopia
3354 4747 3542 4786 constt-

1952 4824 2146 4869 matur.
2210 4811 2328 4867 Vidi
2367 4823 2579 4868 cunctos
2617 4815 2837 4870 viventes
2863 4817 2954 4887 qui
2997 4817 3266 4874 ambulant
3293 4823 3387 4876 sub
3411 4824 3538 4887 sole,

1954 4917 2072 4956 cum
2101 4902 2424 4958 adolescente
2443 4903 2668 4959 secundo
2695 4905 2785 4976 qui
2810 4909 3074 4978 consurgit
3101 4927 3194 4980 pro
3223 4927 3302 4964 eo.
3343 4911 3539 4983 Inﬁni-

1953 5006 2035 5048 tus
2063 5005 2139 5050 est
2164 5012 2411 5050 numerus
2433 4995 2610 5068 populi
2631 4999 2863 5052 omnium
2887 5000 2976 5070 qui
3002 4998 3214 5074 fuerunt
3243 5013 3364 5056 ante
3382 5019 3499 5056 eum
3522 5022 3539 5066 ,-

1952 5097 2000 5139 et
2027 5088 2117 5156 qui
2154 5098 2333 5158 postea
2373 5087 2540 5155 futuri
2566 5097 2710 5152 sunt,
2741 5105 2843 5142 non
2878 5088 3194 5144 lwtabuntur
3235 5094 3293 5146 in
3321 5108 3400 5145 eo.
3437 5091 3539 5147 Sed

1952 5180 2126 5233 ethoc
2155 5180 2358 5234 vanitas
2403 5188 2451 5233 et
2498 5181 2704 5252 afflictio
2750 5181 2983 5252 spiritus.
3037 5181 3246 5236 Hebraei
3292 5183 3435 5239 hunc
3462 5183 3540 5238 lo-

1953 5284 2078 5323 cum
2125 5268 2201 5321 ita
2243 5269 2549 5323 disserunt:
2605 5269 2792 5325 Melior
2835 5280 2919 5325 est
2959 5271 3182 5326 interior
3223 5274 3405 5339 homo,
3446 5273 3536 5343 qui

1951 5368 2073 5430 post
2123 5359 2642 5429 quartumdecimum
2689 5365 2988 5436 pubertatis
3035 5379 3234 5419 annum
3283 5365 3339 5420 in
3381 5366 3537 5422 nobis

1953 5451 2219 5516 exoritur,
2241 5451 2510 5506 exteriore
2531 5452 2772 5520 homine,
2793 5455 2885 5524 qui
2905 5455 2970 5512 de
2991 5457 3182 5511 matris
3205 5464 3359 5514 utero
3380 5456 3534 5530 [Hs.,

1955 5542 2096 5616 alvo]
2121 5553 2280 5598 natus
2307 5549 2410 5608 est,
2438 5543 2528 5611 qui
2561 5544 2730 5598 nescit
2775 5545 3026 5600 recedere
3051 5562 3081 5600 a
3114 5547 3268 5614 vitio,
3304 5555 3361 5602 et
3387 5549 3478 5618 qui
3505 5565 3536 5604 c

1955 5634 2114 5689 domo
2142 5634 2393 5687 vitiorum
2420 5629 2572 5704 [Ms.,
2603 5632 2950 5706 vinctorum],
2982 5635 3047 5690 de
3089 5645 3244 5692 utero
3290 5636 3537 5693 videlicet

1958 5730 2223 5791 materno,
2255 5723 2320 5778 ad
2363 5722 2466 5778 hoc
2493 5722 2661 5778 exivit
2692 5731 2752 5778 ut
2792 5735 3040 5799 regnaret
3069 5727 3124 5783 in
3169 5729 3334 5796 vitiis,
3365 5729 3454 5798 qui
3480 5740 3532 5780 et
