  <div class='ocr_page' id='page_1' title='image "/cluster/home/n/w/nwhite01/storage/ocr_20150623/100/hvd.32044052819521/349.png"; bbox 0 0 4020 6186; ppageno 0'>
   <div class='ocr_carea' id='block_1_1' title="bbox 490 360 596 420">
    <p class='ocr_par' dir='ltr' id='par_1_1' title="bbox 490 360 596 420">
     <span class='ocr_line' id='line_1_1' title="bbox 490 360 596 420; baseline -0.019 -1"><span class='ocrx_word' id='word_1_1' title='bbox 490 360 596 420; x_wconf 68' lang='lat' dir='ltr'><strong>BS7</strong></span> 
     </span>
    </p>
   </div>
   <div class='ocr_carea' id='block_1_2' title="bbox 494 529 2066 630">
    <p class='ocr_par' dir='ltr' id='par_1_2' title="bbox 494 529 2066 630">
     <span class='ocr_line' id='line_1_2' title="bbox 494 529 2066 630; baseline -0.027 -6"><span class='ocrx_word' id='word_1_2' title='bbox 697 557 840 616; x_wconf 79' lang='lat' dir='ltr'><strong>mala</strong></span> <span class='ocrx_word' id='word_1_3' title='bbox 885 529 1064 610; x_wconf 75' lang='lat' dir='ltr'><strong>omnia</strong></span> <span class='ocrx_word' id='word_1_4' title='bbox 1113 545 1410 604; x_wconf 85' lang='lat' dir='ltr'><strong>deserendo</strong></span> <span class='ocrx_word' id='word_1_5' title='bbox 1464 540 1618 613; x_wconf 53' lang='lat' dir='ltr'><strong>(Mm,</strong></span> <span class='ocrx_word' id='word_1_6' title='bbox 1669 529 2066 601; x_wconf 84' lang='lat' dir='ltr'><strong>desiderando].</strong></span> 
     </span>
    </p>
   </div>
   <div class='ocr_carea' id='block_1_3' title="bbox 501 633 2072 718">
    <p class='ocr_par' dir='ltr' id='par_1_3' title="bbox 501 633 2072 718">
     <span class='ocr_line' id='line_1_3' title="bbox 501 633 2072 718; baseline -0.025 -6"><span class='ocrx_word' id='word_1_7' title='bbox 501 655 611 712; x_wconf 81' lang='lat' dir='ltr'><strong>Vidi</strong></span> <span class='ocrx_word' id='word_1_8' title='bbox 638 665 732 707; x_wconf 82' lang='lat' dir='ltr'><strong>eos</strong></span> <span class='ocrx_word' id='word_1_9' title='bbox 761 647 852 718; x_wconf 85' lang='lat' dir='ltr'><strong>qui</strong></span> <span class='ocrx_word' id='word_1_10' title='bbox 891 646 946 700; x_wconf 90' lang='lat' dir='ltr'><strong>in</strong></span> <span class='ocrx_word' id='word_1_11' title='bbox 969 635 1402 714; x_wconf 80' lang='lat' dir='ltr'><strong>priurehomine</strong></span> <span class='ocrx_word' id='word_1_12' title='bbox 1445 633 1959 718; x_wconf 65' lang='lat' dir='ltr'><strong>vixerunt,et_cum</strong></span> <span class='ocrx_word' id='word_1_13' title='bbox 1989 636 2072 718; x_wconf 43' lang='lat' dir='ltr'><strong>se:</strong></span> 
     </span>
    </p>
   </div>
   <div class='ocr_carea' id='block_1_4' title="bbox 495 711 2072 806">
    <p class='ocr_par' dir='ltr' id='par_1_4' title="bbox 495 711 2072 806">
     <span class='ocr_line' id='line_1_4' title="bbox 495 711 2072 806; baseline -0.022 -5"><span class='ocrx_word' id='word_1_14' title='bbox 495 711 670 802; x_wconf 84' lang='lat' dir='ltr'><strong>eundo</strong></span> <span class='ocrx_word' id='word_1_15' title='bbox 692 711 907 796; x_wconf 82' lang='lat' dir='ltr'><strong>homine</strong></span> <span class='ocrx_word' id='word_1_16' title='bbox 945 711 1130 806; x_wconf 76' lang='lat' dir='ltr'><strong>postea</strong></span> <span class='ocrx_word' id='word_1_17' title='bbox 1154 727 1352 785; x_wconf 76' lang='lat' dir='ltr'><strong>versati</strong></span> <span class='ocrx_word' id='word_1_18' title='bbox 1395 731 1541 787; x_wconf 87' lang='lat' dir='ltr'><strong>sunt,</strong></span> <span class='ocrx_word' id='word_1_19' title='bbox 1571 735 1636 776; x_wconf 89' lang='lat' dir='ltr'><strong>eo</strong></span> <span class='ocrx_word' id='word_1_20' title='bbox 1682 715 1951 778; x_wconf 92' lang='lat' dir='ltr'><strong>videlicet,</strong></span> <span class='ocrx_word' id='word_1_21' title='bbox 1979 711 2072 806; x_wconf 84' lang='lat' dir='ltr'><strong>qui</strong></span> 
     </span>
    </p>
   </div>
   <div class='ocr_carea' id='block_1_5' title="bbox 493 805 2075 912">
    <p class='ocr_par' dir='ltr' id='par_1_5' title="bbox 493 805 2075 912">
     <span class='ocr_line' id='line_1_5' title="bbox 493 805 2075 912; baseline -0.025 -18"><span class='ocrx_word' id='word_1_22' title='bbox 493 839 676 912; x_wconf 83' lang='lat' dir='ltr'><strong>priore</strong></span> <span class='ocrx_word' id='word_1_23' title='bbox 725 805 1017 888; x_wconf 83' lang='lat' dir='ltr'><strong>decedente</strong></span> <span class='ocrx_word' id='word_1_24' title='bbox 1064 829 1350 896; x_wconf 88' lang='lat' dir='ltr'><strong>generatus</strong></span> <span class='ocrx_word' id='word_1_25' title='bbox 1393 825 1476 872; x_wconf 90' lang='lat' dir='ltr'><strong>est</strong></span> <span class='ocrx_word' id='word_1_26' title='bbox 1510 832 1526 881; x_wconf 88' lang='lat'><strong>;</strong></span> <span class='ocrx_word' id='word_1_27' title='bbox 1581 808 1928 876; x_wconf 81' lang='lat' dir='ltr'><strong>intellexique</strong></span> <span class='ocrx_word' id='word_1_28' title='bbox 1979 805 2075 912; x_wconf 72' lang='lat' dir='ltr'><strong>ho-</strong></span> 
     </span>
    </p>
   </div>
   <div class='ocr_carea' id='block_1_6' title="bbox 493 895 2074 988">
    <p class='ocr_par' dir='ltr' id='par_1_6' title="bbox 493 895 2074 988">
     <span class='ocr_line' id='line_1_6' title="bbox 493 895 2074 988; baseline -0.025 -2"><span class='ocrx_word' id='word_1_29' title='bbox 493 895 669 986; x_wconf 67' lang='lat' dir='ltr'><strong>mines</strong></span> <span class='ocrx_word' id='word_1_30' title='bbox 693 927 748 980; x_wconf 91' lang='lat' dir='ltr'><strong>in</strong></span> <span class='ocrx_word' id='word_1_31' title='bbox 777 923 990 979; x_wconf 86' lang='lat' dir='ltr'><strong>homine</strong></span> <span class='ocrx_word' id='word_1_32' title='bbox 1016 918 1195 988; x_wconf 84' lang='lat' dir='ltr'><strong>priore</strong></span> <span class='ocrx_word' id='word_1_33' title='bbox 1233 923 1507 984; x_wconf 72' lang='lat' dir='ltr'><strong>peccasse,</strong></span> <span class='ocrx_word' id='word_1_34' title='bbox 1534 912 1820 972; x_wconf 82' lang='lat' dir='ltr'><strong>antequam</strong></span> <span class='ocrx_word' id='word_1_35' title='bbox 1844 895 2074 988; x_wconf 80' lang='lat' dir='ltr'><strong>secundo</strong></span> 
     </span>
    </p>
   </div>
   <div class='ocr_carea' id='block_1_7' title="bbox 494 985 2072 1081">
    <p class='ocr_par' dir='ltr' id='par_1_7' title="bbox 494 985 2072 1081">
     <span class='ocr_line' id='line_1_7' title="bbox 494 985 2072 1081; baseline -0.025 -6"><span class='ocrx_word' id='word_1_36' title='bbox 494 985 773 1079; x_wconf 72' lang='lat' dir='ltr'><strong>nascente,</strong></span> <span class='ocrx_word' id='word_1_37' title='bbox 820 985 1061 1081; x_wconf 73' lang='lat' dir='ltr'><strong>tempore</strong></span> <span class='ocrx_word' id='word_1_38' title='bbox 1117 1003 1352 1073; x_wconf 86' lang='lat' dir='ltr'><strong>legitimo</strong></span> <span class='ocrx_word' id='word_1_39' title='bbox 1407 999 1511 1052; x_wconf 90' lang='lat' dir='ltr'><strong>duo</strong></span> <span class='ocrx_word' id='word_1_40' title='bbox 1558 991 1822 1081; x_wconf 73' lang='lat' dir='ltr'><strong>homines</strong></span> <span class='ocrx_word' id='word_1_41' title='bbox 1850 985 2072 1081; x_wconf 76' lang='lat' dir='ltr'><strong>fuerint,</strong></span> 
     </span>
    </p>
   </div>
   <div class='ocr_carea' id='block_1_8' title="bbox 499 1074 2076 1164">
    <p class='ocr_par' dir='ltr' id='par_1_8' title="bbox 499 1074 2076 1164">
     <span class='ocr_line' id='line_1_8' title="bbox 499 1074 2076 1164; baseline -0.022 -2"><span class='ocrx_word' id='word_1_42' title='bbox 499 1074 636 1162; x_wconf 81' lang='lat' dir='ltr'><strong>alter</strong></span> <span class='ocrx_word' id='word_1_43' title='bbox 665 1074 1096 1164; x_wconf 41' lang='lat' dir='ltr'><strong>carnalia-alter</strong></span> <span class='ocrx_word' id='word_1_44' title='bbox 1138 1089 1418 1162; x_wconf 83' lang='lat' dir='ltr'><strong>spiritalis.</strong></span> <span class='ocrx_word' id='word_1_45' title='bbox 1471 1083 1572 1151; x_wconf 86' lang='lat' dir='ltr'><strong>Qui</strong></span> <span class='ocrx_word' id='word_1_46' title='bbox 1602 1095 1730 1136; x_wconf 87' lang='lat' dir='ltr'><strong>vero</strong></span> <span class='ocrx_word' id='word_1_47' title='bbox 1758 1078 1826 1132; x_wconf 87' lang='lat' dir='ltr'><strong>ad</strong></span> <span class='ocrx_word' id='word_1_48' title='bbox 1853 1074 2076 1164; x_wconf 82' lang='lat' dir='ltr'><strong>meliora</strong></span> 
     </span>
    </p>
   </div>
   <div class='ocr_carea' id='block_1_9' title="bbox 497 1163 2077 1250">
    <p class='ocr_par' dir='ltr' id='par_1_9' title="bbox 497 1163 2077 1250">
     <span class='ocr_line' id='line_1_9' title="bbox 497 1163 2077 1250; baseline -0.023 1"><span class='ocrx_word' id='word_1_49' title='bbox 497 1190 756 1250; x_wconf 82' lang='lat' dir='ltr'><strong>conversi</strong></span> <span class='ocrx_word' id='word_1_50' title='bbox 771 1163 988 1249; x_wconf 88' lang='lat' dir='ltr'><strong>fuerint,</strong></span> <span class='ocrx_word' id='word_1_51' title='bbox 1015 1194 1072 1240; x_wconf 89' lang='lat' dir='ltr'><strong>et</strong></span> <span class='ocrx_word' id='word_1_52' title='bbox 1088 1179 1332 1238; x_wconf 88' lang='lat' dir='ltr'><strong>interiori</strong></span> <span class='ocrx_word' id='word_1_53' title='bbox 1371 1174 1594 1236; x_wconf 86' lang='lat' dir='ltr'><strong>homini,</strong></span> <span class='ocrx_word' id='word_1_54' title='bbox 1631 1171 1686 1224; x_wconf 90' lang='lat' dir='ltr'><strong>id</strong></span> <span class='ocrx_word' id='word_1_55' title='bbox 1711 1176 1816 1231; x_wconf 90' lang='lat' dir='ltr'><strong>est,</strong></span> <span class='ocrx_word' id='word_1_56' title='bbox 1845 1163 2077 1220; x_wconf 88' lang='lat' dir='ltr'><strong>secundo</strong></span> 
     </span>
    </p>
   </div>
   <div class='ocr_carea' id='block_1_10' title="bbox 499 1253 2077 1354">
    <p class='ocr_par' dir='ltr' id='par_1_10' title="bbox 499 1253 2077 1354">
     <span class='ocr_line' id='line_1_10' title="bbox 499 1253 2077 1354; baseline -0.024 -12"><span class='ocrx_word' id='word_1_57' title='bbox 499 1300 560 1340; x_wconf 85' lang='lat' dir='ltr'><strong>se</strong></span> <span class='ocrx_word' id='word_1_58' title='bbox 588 1280 853 1352; x_wconf 83' lang='lat' dir='ltr'><strong>subjicere</strong></span> <span class='ocrx_word' id='word_1_59' title='bbox 899 1278 1096 1339; x_wconf 87' lang='lat' dir='ltr'><strong>sciunt,</strong></span> <span class='ocrx_word' id='word_1_60' title='bbox 1142 1287 1251 1326; x_wconf 91' lang='lat' dir='ltr'><strong>non</strong></span> <span class='ocrx_word' id='word_1_61' title='bbox 1293 1269 1545 1323; x_wconf 65' lang='lat' dir='ltr'><strong>laetantur</strong></span> <span class='ocrx_word' id='word_1_62' title='bbox 1587 1261 1641 1316; x_wconf 89' lang='lat' dir='ltr'><strong>in</strong></span> <span class='ocrx_word' id='word_1_63' title='bbox 1687 1258 1866 1328; x_wconf 83' lang='lat' dir='ltr'><strong>priore</strong></span> <span class='ocrx_word' id='word_1_64' title='bbox 1907 1253 2009 1354; x_wconf 43' lang='lat' dir='ltr'><strong>qui.</strong></span> <span class='ocrx_word' id='word_1_65' title='bbox 2025 1254 2077 1305; x_wconf 92' lang='lat' dir='ltr'><strong>in</strong></span> 
     </span>
    </p>
   </div>
   <div class='ocr_carea' id='block_1_11' title="bbox 499 1352 2080 1446">
    <p class='ocr_par' dir='ltr' id='par_1_11' title="bbox 499 1352 2080 1446">
     <span class='ocr_line' id='line_1_11' title="bbox 499 1352 2080 1446; baseline -0.02 -16"><span class='ocrx_word' id='word_1_66' title='bbox 499 1374 646 1430; x_wconf 90' lang='lat' dir='ltr'><strong>vitiis</strong></span> <span class='ocrx_word' id='word_1_67' title='bbox 685 1370 962 1442; x_wconf 79' lang='lat' dir='ltr'><strong>regnabat.</strong></span> <span class='ocrx_word' id='word_1_68' title='bbox 1005 1365 1114 1419; x_wconf 82' lang='lat' dir='ltr'><strong>llos</strong></span> <span class='ocrx_word' id='word_1_69' title='bbox 1151 1361 1284 1415; x_wconf 91' lang='lat' dir='ltr'><strong>duos</strong></span> <span class='ocrx_word' id='word_1_70' title='bbox 1327 1352 1801 1446; x_wconf 11' lang='lat' dir='ltr'><strong>hominesgdoctor</strong></span> <span class='ocrx_word' id='word_1_71' title='bbox 1833 1352 2080 1446; x_wconf 76' lang='lat' dir='ltr'><strong>egregius</strong></span> 
     </span>
    </p>
   </div>
   <div class='ocr_carea' id='block_1_12' title="bbox 502 1443 2080 1521">
    <p class='ocr_par' dir='ltr' id='par_1_12' title="bbox 502 1443 2080 1521">
     <span class='ocr_line' id='line_1_12' title="bbox 502 1443 2080 1521; baseline -0.021 -2"><span class='ocrx_word' id='word_1_72' title='bbox 502 1477 669 1518; x_wconf 89' lang='lat' dir='ltr'><strong>unum</strong></span> <span class='ocrx_word' id='word_1_73' title='bbox 695 1459 1028 1521; x_wconf 90' lang='lat' dir='ltr'><strong>interiorem,</strong></span> <span class='ocrx_word' id='word_1_74' title='bbox 1074 1462 1130 1508; x_wconf 90' lang='lat' dir='ltr'><strong>et</strong></span> <span class='ocrx_word' id='word_1_75' title='bbox 1166 1451 1394 1506; x_wconf 86' lang='lat' dir='ltr'><strong>alterum</strong></span> <span class='ocrx_word' id='word_1_76' title='bbox 1435 1443 1758 1500; x_wconf 73' lang='lat' dir='ltr'><strong>exteriorem</strong></span> <span class='ocrx_word' id='word_1_77' title='bbox 1800 1443 2080 1492; x_wconf 85' lang='lat' dir='ltr'><strong>nominare</strong></span> 
     </span>
    </p>
   </div>
   <div class='ocr_carea' id='block_1_13' title="bbox 501 1523 2080 1608">
    <p class='ocr_par' dir='ltr' id='par_1_13' title="bbox 501 1523 2080 1608">
     <span class='ocr_line' id='line_1_13' title="bbox 501 1523 2080 1608; baseline -0.021 0"><span class='ocrx_word' id='word_1_78' title='bbox 501 1552 728 1608; x_wconf 82' lang='lat' dir='ltr'><strong>solebat.</strong></span> <span class='ocrx_word' id='word_1_79' title='bbox 774 1547 884 1602; x_wconf 84' lang='lat' dir='ltr'><strong>Nos</strong></span> <span class='ocrx_word' id='word_1_80' title='bbox 933 1559 1064 1598; x_wconf 89' lang='lat' dir='ltr'><strong>vero</strong></span> <span class='ocrx_word' id='word_1_81' title='bbox 1109 1539 1301 1594; x_wconf 90' lang='lat' dir='ltr'><strong>melius</strong></span> <span class='ocrx_word' id='word_1_82' title='bbox 1345 1534 1674 1591; x_wconf 83' lang='lat' dir='ltr'><strong>:estimamus</strong></span> <span class='ocrx_word' id='word_1_83' title='bbox 1719 1528 1834 1581; x_wconf 71' lang='lat' dir='ltr'><strong>haec</strong></span> <span class='ocrx_word' id='word_1_84' title='bbox 1885 1523 2080 1578; x_wconf 86' lang='lat' dir='ltr'><strong>intelli-</strong></span> 
     </span>
    </p>
   </div>
   <div class='ocr_carea' id='block_1_14' title="bbox 502 1617 2082 1708">
    <p class='ocr_par' dir='ltr' id='par_1_14' title="bbox 502 1617 2082 1708">
     <span class='ocr_line' id='line_1_14' title="bbox 502 1617 2082 1708; baseline -0.019 -13"><span class='ocrx_word' id='word_1_85' title='bbox 502 1639 675 1708; x_wconf 79' lang='lat' dir='ltr'><strong>genda</strong></span> <span class='ocrx_word' id='word_1_86' title='bbox 699 1637 768 1692; x_wconf 89' lang='lat' dir='ltr'><strong>de</strong></span> <span class='ocrx_word' id='word_1_87' title='bbox 791 1632 1002 1690; x_wconf 81' lang='lat' dir='ltr'><strong>diabolo</strong></span> <span class='ocrx_word' id='word_1_88' title='bbox 1032 1643 1159 1698; x_wconf 84' lang='lat' dir='ltr'><strong>rege</strong></span> <span class='ocrx_word' id='word_1_89' title='bbox 1184 1626 1365 1688; x_wconf 89' lang='lat' dir='ltr'><strong>stulto,</strong></span> <span class='ocrx_word' id='word_1_90' title='bbox 1403 1629 1458 1677; x_wconf 91' lang='lat' dir='ltr'><strong>et</strong></span> <span class='ocrx_word' id='word_1_91' title='bbox 1489 1621 1556 1676; x_wconf 88' lang='lat' dir='ltr'><strong>de</strong></span> <span class='ocrx_word' id='word_1_92' title='bbox 1595 1617 1812 1708; x_wconf 82' lang='lat' dir='ltr'><strong>Christo</strong></span> <span class='ocrx_word' id='word_1_93' title='bbox 1845 1626 2082 1708; x_wconf 80' lang='lat' dir='ltr'><strong>paupere</strong></span> 
     </span>
    </p>
   </div>
   <div class='ocr_carea' id='block_1_15' title="bbox 505 1705 2080 1799">
    <p class='ocr_par' dir='ltr' id='par_1_15' title="bbox 505 1705 2080 1799">
     <span class='ocr_line' id='line_1_15' title="bbox 505 1705 2080 1799; baseline -0.021 -12"><span class='ocrx_word' id='word_1_94' title='bbox 505 1705 769 1799; x_wconf 72' lang='lat' dir='ltr'><strong>sapiente,</strong></span> <span class='ocrx_word' id='word_1_95' title='bbox 797 1725 890 1794; x_wconf 88' lang='lat' dir='ltr'><strong>qui</strong></span> <span class='ocrx_word' id='word_1_96' title='bbox 916 1734 1166 1792; x_wconf 87' lang='lat' dir='ltr'><strong>egressus</strong></span> <span class='ocrx_word' id='word_1_97' title='bbox 1193 1713 1367 1770; x_wconf 89' lang='lat' dir='ltr'><strong>estde</strong></span> <span class='ocrx_word' id='word_1_98' title='bbox 1391 1707 1636 1781; x_wconf 80' lang='lat' dir='ltr'><strong>virginali</strong></span> <span class='ocrx_word' id='word_1_99' title='bbox 1664 1715 1819 1799; x_wconf 79' lang='lat' dir='ltr'><strong>utero</strong></span> <span class='ocrx_word' id='word_1_100' title='bbox 1849 1705 1902 1757; x_wconf 92' lang='lat' dir='ltr'><strong>in</strong></span> <span class='ocrx_word' id='word_1_101' title='bbox 1928 1716 2080 1799; x_wconf 45' lang='lat' dir='ltr'><strong>num:</strong></span> 
     </span>
    </p>
   </div>
   <div class='ocr_carea' id='block_1_16' title="bbox 1328 324 2883 398">
    <p class='ocr_par' dir='ltr' id='par_1_16' title="bbox 1328 324 2883 398">
     <span class='ocr_line' id='line_1_16' title="bbox 1328 324 2883 398; baseline -0.012 0"><span class='ocrx_word' id='word_1_102' title='bbox 1328 345 1388 398; x_wconf 83' lang='grc' dir='ltr'><strong>Β.</strong></span> <span class='ocrx_word' id='word_1_103' title='bbox 1430 343 1491 398; x_wconf 83' lang='lat' dir='ltr'><strong>F.</strong></span> <span class='ocrx_word' id='word_1_104' title='bbox 1534 339 1759 396; x_wconf 72' lang='lat' dir='ltr'><strong>ALBIM</strong></span> <span class='ocrx_word' id='word_1_105' title='bbox 1799 335 1930 392; x_wconf 81' lang='lat' dir='ltr'><strong>SEU</strong></span> <span class='ocrx_word' id='word_1_106' title='bbox 1970 330 2240 386; x_wconf 70' lang='lat' dir='ltr'><strong>ALCUINI</strong></span> <span class='ocrx_word' id='word_1_107' title='bbox 2282 327 2566 383; x_wconf 73' lang='lat' dir='ltr'><strong>OI’ERUM</strong></span> <span class='ocrx_word' id='word_1_108' title='bbox 2608 326 2785 380; x_wconf 76' lang='lat' dir='ltr'><strong>PARS</strong></span> <span class='ocrx_word' id='word_1_109' title='bbox 2815 324 2883 380; x_wconf 77' lang='lat' dir='ltr'><strong>Il.</strong></span> 
     </span>
    </p>
   </div>
   <div class='ocr_carea' id='block_1_17' title="bbox 490 442 2141 536">
    <p class='ocr_par' dir='ltr' id='par_1_17' title="bbox 490 442 2141 536">
     <span class='ocr_line' id='line_1_17' title="bbox 490 442 2141 536; baseline -0.028 0"><span class='ocrx_word' id='word_1_110' title='bbox 490 479 550 536; x_wconf 86' lang='lat' dir='ltr'><strong>in</strong></span> <span class='ocrx_word' id='word_1_111' title='bbox 575 483 767 532; x_wconf 80' lang='lat' dir='ltr'><strong>natura</strong></span> <span class='ocrx_word' id='word_1_112' title='bbox 784 482 879 526; x_wconf 78' lang='lat' dir='ltr'><strong>sua</strong></span> <span class='ocrx_word' id='word_1_113' title='bbox 907 476 1108 536; x_wconf 80' lang='lat' dir='ltr'><strong>pauper</strong></span> <span class='ocrx_word' id='word_1_114' title='bbox 1137 459 1308 512; x_wconf 81' lang='lat' dir='ltr'><strong>factus</strong></span> <span class='ocrx_word' id='word_1_115' title='bbox 1334 463 1438 519; x_wconf 83' lang='lat' dir='ltr'><strong>est,</strong></span> <span class='ocrx_word' id='word_1_116' title='bbox 1466 468 1572 508; x_wconf 90' lang='lat' dir='ltr'><strong>non</strong></span> <span class='ocrx_word' id='word_1_117' title='bbox 1611 448 1817 536; x_wconf 79' lang='lat' dir='ltr'><strong>habens</strong></span> <span class='ocrx_word' id='word_1_118' title='bbox 1855 442 2065 536; x_wconf 74' lang='lat' dir='ltr'><strong>sapien-</strong></span> <span class='ocrx_word' id='word_1_119' title='bbox 2098 447 2141 501; x_wconf 75' lang='grc' dir='ltr'>Α</span> 
     </span>
    </p>
   </div>
   <div class='ocr_carea' id='block_1_18' title="bbox 3645 323 3758 380">
    <p class='ocr_par' dir='ltr' id='par_1_18' title="bbox 3645 323 3758 380">
     <span class='ocr_line' id='line_1_18' title="bbox 3645 323 3758 380; baseline -0.009 -4"><span class='ocrx_word' id='word_1_120' title='bbox 3645 323 3758 380; x_wconf 72' lang='lat'><strong>683</strong></span> 
     </span>
    </p>
   </div>
   <div class='ocr_carea' id='block_1_19' title="bbox 2801 433 3131 491">
    <p class='ocr_par' dir='ltr' id='par_1_19' title="bbox 2801 433 3131 491">
     <span class='ocr_line' id='line_1_19' title="bbox 2801 433 3131 491; baseline -0.012 0"><span class='ocrx_word' id='word_1_121' title='bbox 2801 433 3026 491; x_wconf 79' lang='lat' dir='ltr'><strong>CAPUT</strong></span> <span class='ocrx_word' id='word_1_122' title='bbox 3067 433 3131 488; x_wconf 82' lang='lat' dir='ltr'><strong>V.</strong></span> 
     </span>
    </p>
   </div>
   <div class='ocr_carea' id='block_1_20' title="bbox 2245 522 3761 594">
    <p class='ocr_par' dir='ltr' id='par_1_20' title="bbox 2245 522 3761 594">
     <span class='ocr_line' id='line_1_20' title="bbox 2245 522 3761 594; baseline -0.009 -7"><span class='ocrx_word' id='word_1_123' title='bbox 2245 534 2402 587; x_wconf 69' lang='lat' dir='ltr'><strong>Vens.</strong></span> <span class='ocrx_word' id='word_1_124' title='bbox 2435 531 2484 594; x_wconf 90' lang='lat' dir='ltr'><strong>l,</strong></span> <span class='ocrx_word' id='word_1_125' title='bbox 2511 531 2565 584; x_wconf 72' lang='lat'><strong>‘2.</strong></span> <span class='ocrx_word' id='word_1_126' title='bbox 2591 559 2660 568; x_wconf 90' lang='lat'><strong>-—</strong></span> <span class='ocrx_word' id='word_1_127' title='bbox 2689 527 2772 580; x_wconf 80' lang='lat' dir='ltr'><strong>Ne</strong></span> <span class='ocrx_word' id='word_1_128' title='bbox 2808 536 2994 581; x_wconf 86' lang='lat' dir='ltr'><strong>temere</strong></span> <span class='ocrx_word' id='word_1_129' title='bbox 3019 525 3144 594; x_wconf 88' lang='lat' dir='ltr'><strong>quid</strong></span> <span class='ocrx_word' id='word_1_130' title='bbox 3189 522 3444 594; x_wconf 79' lang='lat' dir='ltr'><strong>loquaris,</strong></span> <span class='ocrx_word' id='word_1_131' title='bbox 3483 536 3642 591; x_wconf 78' lang='lat' dir='ltr'><strong>neque</strong></span> <span class='ocrx_word' id='word_1_132' title='bbox 3669 537 3761 574; x_wconf 80' lang='lat' dir='ltr'><strong>cor</strong></span> 
     </span>
    </p>
   </div>
   <div class='ocr_carea' id='block_1_21' title="bbox 2173 609 3758 688">
    <p class='ocr_par' dir='ltr' id='par_1_21' title="bbox 2173 609 3758 688">
     <span class='ocr_line' id='line_1_21' title="bbox 2173 609 3758 688; baseline -0.009 -10"><span class='ocrx_word' id='word_1_133' title='bbox 2173 635 2319 678; x_wconf 86' lang='lat' dir='ltr'><strong>tuum</strong></span> <span class='ocrx_word' id='word_1_134' title='bbox 2352 622 2418 676; x_wconf 86' lang='lat' dir='ltr'><strong>sit</strong></span> <span class='ocrx_word' id='word_1_135' title='bbox 2441 619 2589 674; x_wconf 74' lang='lat' dir='ltr'><strong>velox</strong></span> <span class='ocrx_word' id='word_1_136' title='bbox 2615 618 2682 671; x_wconf 90' lang='lat' dir='ltr'><strong>ad</strong></span> <span class='ocrx_word' id='word_1_137' title='bbox 2719 615 3086 688; x_wconf 77' lang='lat' dir='ltr'><strong>proferendum</strong></span> <span class='ocrx_word' id='word_1_138' title='bbox 3111 628 3399 668; x_wconf 76' lang='lat' dir='ltr'><strong>sermonem</strong></span> <span class='ocrx_word' id='word_1_139' title='bbox 3425 627 3605 665; x_wconf 82' lang='lat' dir='ltr'><strong>coram</strong></span> <span class='ocrx_word' id='word_1_140' title='bbox 3628 609 3758 665; x_wconf 82' lang='lat' dir='ltr'><strong>Deo.</strong></span> 
     </span>
    </p>
   </div>
   <div class='ocr_carea' id='block_1_22' title="bbox 2173 699 3761 776">
    <p class='ocr_par' dir='ltr' id='par_1_22' title="bbox 2173 699 3761 776">
     <span class='ocr_line' id='line_1_22' title="bbox 2173 699 3761 776; baseline -0.008 -8"><span class='ocrx_word' id='word_1_141' title='bbox 2173 714 2316 768; x_wconf 90' lang='lat' dir='ltr'><strong>Deus</strong></span> <span class='ocrx_word' id='word_1_142' title='bbox 2344 713 2482 768; x_wconf 86' lang='lat' dir='ltr'><strong>enim</strong></span> <span class='ocrx_word' id='word_1_143' title='bbox 2509 711 2567 764; x_wconf 88' lang='lat' dir='ltr'><strong>in</strong></span> <span class='ocrx_word' id='word_1_144' title='bbox 2603 708 2750 769; x_wconf 69' lang='lat' dir='ltr'><strong>caelo,</strong></span> <span class='ocrx_word' id='word_1_145' title='bbox 2785 715 2833 760; x_wconf 89' lang='lat' dir='ltr'><strong>ct</strong></span> <span class='ocrx_word' id='word_1_146' title='bbox 2861 716 2917 759; x_wconf 88' lang='lat' dir='ltr'><strong>tu</strong></span> <span class='ocrx_word' id='word_1_147' title='bbox 2963 721 3117 776; x_wconf 82' lang='lat' dir='ltr'><strong>super</strong></span> <span class='ocrx_word' id='word_1_148' title='bbox 3161 712 3398 768; x_wconf 85' lang='lat' dir='ltr'><strong>terram;</strong></span> <span class='ocrx_word' id='word_1_149' title='bbox 3428 699 3626 756; x_wconf 87' lang='lat' dir='ltr'><strong>idcirco</strong></span> <span class='ocrx_word' id='word_1_150' title='bbox 3655 699 3761 757; x_wconf 81' lang='lat' dir='ltr'><strong>sint</strong></span> 
     </span>
    </p>
   </div>
   <div class='ocr_carea' id='block_1_23' title="bbox 2174 791 3761 875">
    <p class='ocr_par' dir='ltr' id='par_1_23' title="bbox 2174 791 3761 875">
     <span class='ocr_line' id='line_1_23' title="bbox 2174 791 3761 875; baseline -0.008 -16"><span class='ocrx_word' id='word_1_151' title='bbox 2174 803 2329 875; x_wconf 81' lang='lat' dir='ltr'><strong>pauci</strong></span> <span class='ocrx_word' id='word_1_152' title='bbox 2354 817 2616 856; x_wconf 76' lang='lat' dir='ltr'><strong>sermones</strong></span> <span class='ocrx_word' id='word_1_153' title='bbox 2642 799 2740 852; x_wconf 86' lang='lat' dir='ltr'><strong>tui.</strong></span> <span class='ocrx_word' id='word_1_154' title='bbox 2782 795 2976 850; x_wconf 81' lang='lat' dir='ltr'><strong>Multas</strong></span> <span class='ocrx_word' id='word_1_155' title='bbox 3013 811 3168 848; x_wconf 86' lang='lat' dir='ltr'><strong>curas</strong></span> <span class='ocrx_word' id='word_1_156' title='bbox 3211 801 3498 864; x_wconf 85' lang='lat' dir='ltr'><strong>sequuntur</strong></span> <span class='ocrx_word' id='word_1_157' title='bbox 3536 791 3761 858; x_wconf 85' lang='lat' dir='ltr'><strong>somnia,</strong></span> 
     </span>
    </p>
   </div>
   <div class='ocr_carea' id='block_1_24' title="bbox 2175 882 3764 952">
    <p class='ocr_par' dir='ltr' id='par_1_24' title="bbox 2175 882 3764 952">
     <span class='ocr_line' id='line_1_24' title="bbox 2175 882 3764 952; baseline -0.008 -4"><span class='ocrx_word' id='word_1_158' title='bbox 2175 903 2224 948; x_wconf 84' lang='lat' dir='ltr'><strong>et</strong></span> <span class='ocrx_word' id='word_1_159' title='bbox 2259 894 2313 947; x_wconf 87' lang='lat' dir='ltr'><strong>in</strong></span> <span class='ocrx_word' id='word_1_160' title='bbox 2341 891 2518 948; x_wconf 85' lang='lat' dir='ltr'><strong>multis</strong></span> <span class='ocrx_word' id='word_1_161' title='bbox 2563 887 2884 944; x_wconf 74' lang='lat' dir='ltr'><strong>sermonibus</strong></span> <span class='ocrx_word' id='word_1_162' title='bbox 2921 885 3180 940; x_wconf 80' lang='lat' dir='ltr'><strong>invenitur</strong></span> <span class='ocrx_word' id='word_1_163' title='bbox 3217 884 3462 940; x_wconf 78' lang='lat' dir='ltr'><strong>stultitia.</strong></span> <span class='ocrx_word' id='word_1_164' title='bbox 3513 882 3764 952; x_wconf 88' lang='lat' dir='ltr'><strong>Plerique</strong></span> 
     </span>
    </p>
   </div>
   <div class='ocr_carea' id='block_1_25' title="bbox 2175 971 3757 1045">
    <p class='ocr_par' dir='ltr' id='par_1_25' title="bbox 2175 971 3757 1045">
     <span class='ocr_line' id='line_1_25' title="bbox 2175 971 3757 1045; baseline -0.006 -8"><span class='ocrx_word' id='word_1_165' title='bbox 2175 983 2506 1038; x_wconf 81' lang='lat' dir='ltr'><strong>arbitrantur</strong></span> <span class='ocrx_word' id='word_1_166' title='bbox 2547 980 2662 1034; x_wconf 84' lang='lat' dir='ltr'><strong>haec</strong></span> <span class='ocrx_word' id='word_1_167' title='bbox 2685 977 2738 1032; x_wconf 89' lang='lat' dir='ltr'><strong>in</strong></span> <span class='ocrx_word' id='word_1_168' title='bbox 2763 975 3015 1045; x_wconf 67' lang='lat' dir='ltr'><strong>prresenti</strong></span> <span class='ocrx_word' id='word_1_169' title='bbox 3057 973 3254 1030; x_wconf 72' lang='lat' dir='ltr'><strong>saeculo</strong></span> <span class='ocrx_word' id='word_1_170' title='bbox 3285 971 3462 1044; x_wconf 81' lang='lat' dir='ltr'><strong>[Apud</strong></span> <span class='ocrx_word' id='word_1_171' title='bbox 3498 971 3670 1036; x_wconf 67' lang='lat' dir='ltr'><strong>Hien,</strong></span> <span class='ocrx_word' id='word_1_172' title='bbox 3699 972 3757 1028; x_wconf 80' lang='lat' dir='ltr'><strong>ie</strong></span> 
     </span>
    </p>
   </div>
   <div class='ocr_carea' id='block_1_26' title="bbox 2177 1063 3760 1144">
    <p class='ocr_par' dir='ltr' id='par_1_26' title="bbox 2177 1063 3760 1144">
     <span class='ocr_line' id='line_1_26' title="bbox 2177 1063 3760 1144; baseline -0.005 -18"><span class='ocrx_word' id='word_1_173' title='bbox 2177 1071 2426 1144; x_wconf 62' lang='lat' dir='ltr'><strong>praesenti</strong></span> <span class='ocrx_word' id='word_1_174' title='bbox 2469 1067 2609 1141; x_wconf 81' lang='lat' dir='ltr'><strong>loco]</strong></span> <span class='ocrx_word' id='word_1_175' title='bbox 2636 1068 2872 1139; x_wconf 63' lang='lat' dir='ltr'><strong>praecipi,</strong></span> <span class='ocrx_word' id='word_1_176' title='bbox 2918 1081 2987 1121; x_wconf 90' lang='lat' dir='ltr'><strong>ne</strong></span> <span class='ocrx_word' id='word_1_177' title='bbox 3019 1081 3203 1121; x_wconf 89' lang='lat' dir='ltr'><strong>coram</strong></span> <span class='ocrx_word' id='word_1_178' title='bbox 3234 1067 3344 1120; x_wconf 91' lang='lat' dir='ltr'><strong>Deo</strong></span> <span class='ocrx_word' id='word_1_179' title='bbox 3373 1064 3534 1120; x_wconf 80' lang='lat' dir='ltr'><strong>facile</strong></span> <span class='ocrx_word' id='word_1_180' title='bbox 3557 1063 3760 1134; x_wconf 85' lang='lat' dir='ltr'><strong>aliquid</strong></span> 
     </span>
    </p>
   </div>
   <div class='ocr_carea' id='block_1_27' title="bbox 2177 1157 3762 1232">
    <p class='ocr_par' dir='ltr' id='par_1_27' title="bbox 2177 1157 3762 1232">
     <span class='ocr_line' id='line_1_27' title="bbox 2177 1157 3762 1232; baseline -0.004 -16"><span class='ocrx_word' id='word_1_181' title='bbox 2177 1163 2575 1232; x_wconf 88' lang='lat' dir='ltr'><strong>promittamus,</strong></span> <span class='ocrx_word' id='word_1_182' title='bbox 2618 1168 2672 1214; x_wconf 89' lang='lat' dir='ltr'><strong>et</strong></span> <span class='ocrx_word' id='word_1_183' title='bbox 2701 1159 2819 1214; x_wconf 90' lang='lat' dir='ltr'><strong>sine</strong></span> <span class='ocrx_word' id='word_1_184' title='bbox 2853 1157 3286 1213; x_wconf 88' lang='lat' dir='ltr'><strong>consideratione</strong></span> <span class='ocrx_word' id='word_1_185' title='bbox 3315 1157 3513 1210; x_wconf 89' lang='lat' dir='ltr'><strong>virium</strong></span> <span class='ocrx_word' id='word_1_186' title='bbox 3563 1171 3762 1210; x_wconf 75' lang='lat' dir='ltr'><strong>vovea-</strong></span> 
     </span>
    </p>
   </div>
   <div class='ocr_carea' id='block_1_28' title="bbox 2177 1246 3764 1318">
    <p class='ocr_par' dir='ltr' id='par_1_28' title="bbox 2177 1246 3764 1318">
     <span class='ocr_line' id='line_1_28' title="bbox 2177 1246 3764 1318; baseline -0.004 -12"><span class='ocrx_word' id='word_1_187' title='bbox 2177 1266 2300 1306; x_wconf 86' lang='lat' dir='ltr'><strong>mus</strong></span> <span class='ocrx_word' id='word_1_188' title='bbox 2333 1265 2396 1306; x_wconf 91' lang='lat' dir='ltr'><strong>ea</strong></span> <span class='ocrx_word' id='word_1_189' title='bbox 2425 1265 2544 1318; x_wconf 66' lang='lat' dir='ltr'><strong>qua:</strong></span> <span class='ocrx_word' id='word_1_190' title='bbox 2570 1248 2788 1318; x_wconf 82' lang='lat' dir='ltr'><strong>explere</strong></span> <span class='ocrx_word' id='word_1_191' title='bbox 2837 1263 2942 1302; x_wconf 90' lang='lat' dir='ltr'><strong>non</strong></span> <span class='ocrx_word' id='word_1_192' title='bbox 2982 1261 3286 1316; x_wconf 88' lang='lat' dir='ltr'><strong>possumus.</strong></span> <span class='ocrx_word' id='word_1_193' title='bbox 3334 1246 3540 1302; x_wconf 85' lang='lat' dir='ltr'><strong>Adesse</strong></span> <span class='ocrx_word' id='word_1_194' title='bbox 3565 1247 3764 1317; x_wconf 86' lang='lat' dir='ltr'><strong>quippe</strong></span> 
     </span>
    </p>
   </div>
   <div class='ocr_carea' id='block_1_29' title="bbox 2177 1335 3766 1410">
    <p class='ocr_par' dir='ltr' id='par_1_29' title="bbox 2177 1335 3766 1410">
     <span class='ocr_line' id='line_1_29' title="bbox 2177 1335 3766 1410; baseline -0.003 -15"><span class='ocrx_word' id='word_1_195' title='bbox 2177 1348 2498 1410; x_wconf 64' lang='lat' dir='ltr'><strong>praesentem</strong></span> <span class='ocrx_word' id='word_1_196' title='bbox 2539 1339 2749 1402; x_wconf 89' lang='lat' dir='ltr'><strong>Deum;</strong></span> <span class='ocrx_word' id='word_1_197' title='bbox 2786 1345 2841 1392; x_wconf 90' lang='lat' dir='ltr'><strong>et</strong></span> <span class='ocrx_word' id='word_1_198' title='bbox 2884 1337 3008 1392; x_wconf 91' lang='lat' dir='ltr'><strong>licet</strong></span> <span class='ocrx_word' id='word_1_199' title='bbox 3046 1335 3132 1391; x_wconf 89' lang='lat' dir='ltr'><strong>ille</strong></span> <span class='ocrx_word' id='word_1_200' title='bbox 3158 1336 3212 1390; x_wconf 90' lang='lat' dir='ltr'><strong>in</strong></span> <span class='ocrx_word' id='word_1_201' title='bbox 3235 1335 3389 1399; x_wconf 67' lang='lat' dir='ltr'><strong>caelo,</strong></span> <span class='ocrx_word' id='word_1_202' title='bbox 3419 1351 3518 1389; x_wconf 89' lang='lat' dir='ltr'><strong>nos</strong></span> <span class='ocrx_word' id='word_1_203' title='bbox 3543 1350 3664 1390; x_wconf 90' lang='lat' dir='ltr'><strong>esse</strong></span> <span class='ocrx_word' id='word_1_204' title='bbox 3689 1335 3766 1390; x_wconf 78' lang='lat' dir='ltr'><strong>vi-</strong></span> 
     </span>
    </p>
   </div>
   <div class='ocr_carea' id='block_1_30' title="bbox 2180 1427 3767 1498">
    <p class='ocr_par' dir='ltr' id='par_1_30' title="bbox 2180 1427 3767 1498">
     <span class='ocr_line' id='line_1_30' title="bbox 2180 1427 3767 1498; baseline -0.003 -12"><span class='ocrx_word' id='word_1_205' title='bbox 2180 1432 2405 1486; x_wconf 86' lang='lat' dir='ltr'><strong>deamur</strong></span> <span class='ocrx_word' id='word_1_206' title='bbox 2435 1431 2488 1483; x_wconf 89' lang='lat' dir='ltr'><strong>in</strong></span> <span class='ocrx_word' id='word_1_207' title='bbox 2536 1437 2699 1494; x_wconf 88' lang='lat' dir='ltr'><strong>terra,</strong></span> <span class='ocrx_word' id='word_1_208' title='bbox 2747 1435 2927 1483; x_wconf 86' lang='lat' dir='ltr'><strong>tamen</strong></span> <span class='ocrx_word' id='word_1_209' title='bbox 2975 1429 3162 1483; x_wconf 87' lang='lat' dir='ltr'><strong>audire</strong></span> <span class='ocrx_word' id='word_1_210' title='bbox 3195 1443 3316 1498; x_wconf 68' lang='lat' dir='ltr'><strong>qua:</strong></span> <span class='ocrx_word' id='word_1_211' title='bbox 3367 1427 3657 1497; x_wconf 87' lang='lat' dir='ltr'><strong>loquimur,</strong></span> <span class='ocrx_word' id='word_1_212' title='bbox 3711 1437 3767 1482; x_wconf 88' lang='lat' dir='ltr'><strong>ct</strong></span> 
     </span>
    </p>
   </div>
   <div class='ocr_carea' id='block_1_31' title="bbox 2179 1520 3770 1593">
    <p class='ocr_par' dir='ltr' id='par_1_31' title="bbox 2179 1520 3770 1593">
     <span class='ocr_line' id='line_1_31' title="bbox 2179 1520 3770 1593; baseline -0.003 -16"><span class='ocrx_word' id='word_1_213' title='bbox 2179 1522 2543 1593; x_wconf 80' lang='lat' dir='ltr'><strong>insipientiam</strong></span> <span class='ocrx_word' id='word_1_214' title='bbox 2583 1528 2823 1575; x_wconf 87' lang='lat' dir='ltr'><strong>nostram</strong></span> <span class='ocrx_word' id='word_1_215' title='bbox 2867 1520 3020 1590; x_wconf 83' lang='lat' dir='ltr'><strong>argui</strong></span> <span class='ocrx_word' id='word_1_216' title='bbox 3064 1535 3132 1574; x_wconf 76' lang='lat' dir='ltr'><strong>ex</strong></span> <span class='ocrx_word' id='word_1_217' title='bbox 3167 1520 3616 1589; x_wconf 87' lang='lat' dir='ltr'><strong>multiplicatione</strong></span> <span class='ocrx_word' id='word_1_218' title='bbox 3655 1528 3770 1573; x_wconf 61' lang='lat' dir='ltr'><strong>sero</strong></span> 
     </span>
    </p>
   </div>
   <div class='ocr_carea' id='block_1_32' title="bbox 2181 1609 3768 1680">
    <p class='ocr_par' dir='ltr' id='par_1_32' title="bbox 2181 1609 3768 1680">
     <span class='ocr_line' id='line_1_32' title="bbox 2181 1609 3768 1680; baseline -0.001 -14"><span class='ocrx_word' id='word_1_219' title='bbox 2181 1627 2422 1666; x_wconf 90' lang='lat' dir='ltr'><strong>monum.</strong></span> <span class='ocrx_word' id='word_1_220' title='bbox 2474 1609 2579 1664; x_wconf 81' lang='lat' dir='ltr'><strong>Alii</strong></span> <span class='ocrx_word' id='word_1_221' title='bbox 2621 1623 2751 1664; x_wconf 89' lang='lat' dir='ltr'><strong>vero</strong></span> <span class='ocrx_word' id='word_1_222' title='bbox 2800 1610 2994 1664; x_wconf 90' lang='lat' dir='ltr'><strong>melius</strong></span> <span class='ocrx_word' id='word_1_223' title='bbox 3037 1609 3418 1680; x_wconf 85' lang='lat' dir='ltr'><strong>intelligentes,</strong></span> <span class='ocrx_word' id='word_1_224' title='bbox 3471 1611 3590 1665; x_wconf 68' lang='lat' dir='ltr'><strong>haec</strong></span> <span class='ocrx_word' id='word_1_225' title='bbox 3631 1623 3768 1678; x_wconf 74' lang='lat' dir='ltr'><strong>prte-</strong></span> 
     </span>
    </p>
   </div>
   <div class='ocr_carea' id='block_1_33' title="bbox 2183 1697 3771 1772">
    <p class='ocr_par' dir='ltr' id='par_1_33' title="bbox 2183 1697 3771 1772">
     <span class='ocr_line' id='line_1_33' title="bbox 2183 1697 3771 1772; baseline -0.003 -17"><span class='ocrx_word' id='word_1_226' title='bbox 2183 1700 2338 1770; x_wconf 89' lang='lat' dir='ltr'><strong>cipue</strong></span> <span class='ocrx_word' id='word_1_227' title='bbox 2383 1699 2535 1772; x_wconf 79' lang='lat' dir='ltr'><strong>[Ms.,</strong></span> <span class='ocrx_word' id='word_1_228' title='bbox 2581 1697 2824 1770; x_wconf 71' lang='lat' dir='ltr'><strong>praecipi]</strong></span> <span class='ocrx_word' id='word_1_229' title='bbox 2879 1697 3168 1765; x_wconf 78' lang='lat' dir='ltr'><strong>afﬁrmant,</strong></span> <span class='ocrx_word' id='word_1_230' title='bbox 3229 1714 3298 1754; x_wconf 90' lang='lat' dir='ltr'><strong>ne</strong></span> <span class='ocrx_word' id='word_1_231' title='bbox 3350 1706 3442 1754; x_wconf 86' lang='lat' dir='ltr'><strong>aut</strong></span> <span class='ocrx_word' id='word_1_232' title='bbox 3491 1698 3771 1768; x_wconf 86' lang='lat' dir='ltr'><strong>loquentes</strong></span> 
     </span>
    </p>
   </div>
   <div class='ocr_carea' id='block_1_34' title="bbox 504 1787 3770 1882">
    <p class='ocr_par' dir='ltr' id='par_1_34' title="bbox 504 1787 3770 1882">
     <span class='ocr_line' id='line_1_34' title="bbox 504 1787 3770 1882; baseline -0.01 -8"><span class='ocrx_word' id='word_1_233' title='bbox 504 1787 653 1882; x_wconf 64' lang='lat' dir='ltr'><strong>dum,</strong></span> <span class='ocrx_word' id='word_1_234' title='bbox 687 1787 764 1870; x_wconf 59' lang='lat' dir='ltr'><strong>ut</strong></span> <span class='ocrx_word' id='word_1_235' title='bbox 796 1787 1098 1868; x_wconf 67' lang='lat' dir='ltr'><strong>contereret</strong></span> <span class='ocrx_word' id='word_1_236' title='bbox 1129 1814 1184 1860; x_wconf 89' lang='lat' dir='ltr'><strong>et</strong></span> <span class='ocrx_word' id='word_1_237' title='bbox 1223 1805 1557 1858; x_wconf 87' lang='lat' dir='ltr'><strong>subverteret</strong></span> <span class='ocrx_word' id='word_1_238' title='bbox 1597 1795 1882 1866; x_wconf 89' lang='lat' dir='ltr'><strong>imperium</strong></span> <span class='ocrx_word' id='word_1_239' title='bbox 1931 1790 2082 1846; x_wconf 83' lang='lat' dir='ltr'><strong>stulti</strong></span> <span class='ocrx_word' id='word_1_240' title='bbox 2115 1787 2158 1847; x_wconf 87' lang='grc' dir='ltr'><strong>Β</strong></span> <span class='ocrx_word' id='word_1_241' title='bbox 2186 1793 2570 1862; x_wconf 84' lang='lat' dir='ltr'><strong>cogitantesve,</strong></span> <span class='ocrx_word' id='word_1_242' title='bbox 2592 1790 2712 1860; x_wconf 88' lang='lat' dir='ltr'><strong>plus</strong></span> <span class='ocrx_word' id='word_1_243' title='bbox 2732 1790 2798 1844; x_wconf 89' lang='lat' dir='ltr'><strong>de</strong></span> <span class='ocrx_word' id='word_1_244' title='bbox 2825 1791 2930 1844; x_wconf 90' lang='lat' dir='ltr'><strong>Deo</strong></span> <span class='ocrx_word' id='word_1_245' title='bbox 2951 1805 3110 1859; x_wconf 89' lang='lat' dir='ltr'><strong>quam</strong></span> <span class='ocrx_word' id='word_1_246' title='bbox 3133 1804 3438 1858; x_wconf 89' lang='lat' dir='ltr'><strong>possumus,</strong></span> <span class='ocrx_word' id='word_1_247' title='bbox 3461 1790 3770 1858; x_wconf 82' lang='lat' dir='ltr'><strong>opinemur,</strong></span> 
     </span>
    </p>
   </div>
   <div class='ocr_carea' id='block_1_35' title="bbox 503 1884 2084 1978">
    <p class='ocr_par' dir='ltr' id='par_1_35' title="bbox 503 1884 2084 1978">
     <span class='ocr_line' id='line_1_35' title="bbox 503 1884 2084 1978; baseline -0.019 -16"><span class='ocrx_word' id='word_1_248' title='bbox 503 1906 668 1978; x_wconf 87' lang='lat' dir='ltr'><strong>regis,</strong></span> <span class='ocrx_word' id='word_1_249' title='bbox 713 1904 806 1973; x_wconf 90' lang='lat' dir='ltr'><strong>qui</strong></span> <span class='ocrx_word' id='word_1_250' title='bbox 848 1901 896 1955; x_wconf 87' lang='lat' dir='ltr'><strong>ei</strong></span> <span class='ocrx_word' id='word_1_251' title='bbox 933 1897 1166 1955; x_wconf 87' lang='lat' dir='ltr'><strong>ostendit</strong></span> <span class='ocrx_word' id='word_1_252' title='bbox 1214 1891 1394 1947; x_wconf 86' lang='lat' dir='ltr'><strong>omnia</strong></span> <span class='ocrx_word' id='word_1_253' title='bbox 1441 1902 1602 1958; x_wconf 88' lang='lat' dir='ltr'><strong>regna</strong></span> <span class='ocrx_word' id='word_1_254' title='bbox 1648 1884 1871 1978; x_wconf 84' lang='lat' dir='ltr'><strong>mundi;</strong></span> <span class='ocrx_word' id='word_1_255' title='bbox 1914 1893 2084 1950; x_wconf 84' lang='lat' dir='ltr'><strong>eoque</strong></span> 
     </span>
    </p>
   </div>
   <div class='ocr_carea' id='block_1_36' title="bbox 502 1975 2086 2058">
    <p class='ocr_par' dir='ltr' id='par_1_36' title="bbox 502 1975 2086 2058">
     <span class='ocr_line' id='line_1_36' title="bbox 502 1975 2086 2058; baseline -0.016 -10"><span class='ocrx_word' id='word_1_256' title='bbox 502 1975 664 2058; x_wconf 75' lang='lat' dir='ltr'><strong>vieto,</strong></span> <span class='ocrx_word' id='word_1_257' title='bbox 691 2006 819 2047; x_wconf 89' lang='lat' dir='ltr'><strong>vasa</strong></span> <span class='ocrx_word' id='word_1_258' title='bbox 847 1989 986 2044; x_wconf 86' lang='lat' dir='ltr'><strong>illius</strong></span> <span class='ocrx_word' id='word_1_259' title='bbox 1010 1991 1244 2056; x_wconf 86' lang='lat' dir='ltr'><strong>caperet,</strong></span> <span class='ocrx_word' id='word_1_260' title='bbox 1277 1990 1330 2036; x_wconf 88' lang='lat' dir='ltr'><strong>et</strong></span> <span class='ocrx_word' id='word_1_261' title='bbox 1369 1980 1584 2034; x_wconf 92' lang='lat' dir='ltr'><strong>domum</strong></span> <span class='ocrx_word' id='word_1_262' title='bbox 1609 1975 1966 2034; x_wconf 79' lang='lat' dir='ltr'><strong>subverteret,</strong></span> <span class='ocrx_word' id='word_1_263' title='bbox 1997 1986 2086 2024; x_wconf 86' lang='lat' dir='ltr'><strong>ca-</strong></span> 
     </span>
    </p>
   </div>
   <div class='ocr_carea' id='block_1_37' title="bbox 503 2065 2086 2154">
    <p class='ocr_par' dir='ltr' id='par_1_37' title="bbox 503 2065 2086 2154">
     <span class='ocr_line' id='line_1_37' title="bbox 503 2065 2086 2154; baseline -0.016 -14"><span class='ocrx_word' id='word_1_264' title='bbox 503 2085 815 2154; x_wconf 74' lang='lat' dir='ltr'><strong>ptivumque</strong></span> <span class='ocrx_word' id='word_1_265' title='bbox 869 2078 1164 2147; x_wconf 85' lang='lat' dir='ltr'><strong>captivaret</strong></span> <span class='ocrx_word' id='word_1_266' title='bbox 1221 2071 1605 2142; x_wconf 82' lang='lat' dir='ltr'><strong>captivitatem.</strong></span> <span class='ocrx_word' id='word_1_267' title='bbox 1668 2065 1906 2118; x_wconf 87' lang='lat' dir='ltr'><strong>Puerum</strong></span> <span class='ocrx_word' id='word_1_268' title='bbox 1956 2075 2086 2115; x_wconf 81' lang='lat' dir='ltr'><strong>vero</strong></span> 
     </span>
    </p>
   </div>
   <div class='ocr_carea' id='block_1_38' title="bbox 505 2155 2086 2246">
    <p class='ocr_par' dir='ltr' id='par_1_38' title="bbox 505 2155 2086 2246">
     <span class='ocr_line' id='line_1_38' title="bbox 505 2155 2086 2246; baseline -0.016 -17"><span class='ocrx_word' id='word_1_269' title='bbox 505 2172 671 2246; x_wconf 71' lang='grc'><strong>424</strong></span> <span class='ocrx_word' id='word_1_270' title='bbox 692 2170 1006 2242; x_wconf 88' lang='lat' dir='ltr'><strong>prophetico</strong></span> <span class='ocrx_word' id='word_1_271' title='bbox 1025 2167 1220 2235; x_wconf 86' lang='lat' dir='ltr'><strong>spiritu</strong></span> <span class='ocrx_word' id='word_1_272' title='bbox 1243 2159 1539 2217; x_wconf 85' lang='lat' dir='ltr'><strong>nominavit</strong></span> <span class='ocrx_word' id='word_1_273' title='bbox 1561 2155 1860 2219; x_wconf 87' lang='lat' dir='ltr'><strong>Christum,</strong></span> <span class='ocrx_word' id='word_1_274' title='bbox 1887 2160 1941 2207; x_wconf 91' lang='lat' dir='ltr'><strong>et</strong></span> <span class='ocrx_word' id='word_1_275' title='bbox 1958 2167 2086 2246; x_wconf 34' lang='lat' dir='ltr'><strong>pani</strong></span> 
     </span>
    </p>
   </div>
   <div class='ocr_carea' id='block_1_39' title="bbox 506 2240 2086 2331">
    <p class='ocr_par' dir='ltr' id='par_1_39' title="bbox 506 2240 2086 2331">
     <span class='ocr_line' id='line_1_39' title="bbox 506 2240 2086 2331; baseline -0.016 -14"><span class='ocrx_word' id='word_1_276' title='bbox 506 2240 712 2331; x_wconf 58' lang='lat' dir='ltr'><strong>perciti,</strong></span> <span class='ocrx_word' id='word_1_277' title='bbox 741 2259 883 2314; x_wconf 87' lang='lat' dir='ltr'><strong>sicut</strong></span> <span class='ocrx_word' id='word_1_278' title='bbox 905 2256 1108 2310; x_wconf 86' lang='lat' dir='ltr'><strong>dictum</strong></span> <span class='ocrx_word' id='word_1_279' title='bbox 1133 2259 1217 2306; x_wconf 88' lang='lat' dir='ltr'><strong>est</strong></span> <span class='ocrx_word' id='word_1_280' title='bbox 1241 2265 1256 2304; x_wconf 89' lang='lat'><strong>:</strong></span> <span class='ocrx_word' id='word_1_281' title='bbox 1283 2249 1420 2302; x_wconf 87' lang='lat' dir='ltr'><strong>Ecce</strong></span> <span class='ocrx_word' id='word_1_282' title='bbox 1443 2263 1572 2318; x_wconf 88' lang='lat' dir='ltr'><strong>puer</strong></span> <span class='ocrx_word' id='word_1_283' title='bbox 1601 2261 1744 2299; x_wconf 86' lang='lat' dir='ltr'><strong>meus</strong></span> <span class='ocrx_word' id='word_1_284' title='bbox 1770 2258 1922 2313; x_wconf 86' lang='lat' dir='ltr'><strong>quem</strong></span> <span class='ocrx_word' id='word_1_285' title='bbox 1959 2240 2086 2310; x_wconf 87' lang='lat' dir='ltr'><strong>elegi</strong></span> 
     </span>
    </p>
   </div>
   <div class='ocr_carea' id='block_1_40' title="bbox 507 2331 2084 2423">
    <p class='ocr_par' dir='ltr' id='par_1_40' title="bbox 507 2331 2084 2423">
     <span class='ocr_line' id='line_1_40' title="bbox 507 2331 2084 2423; baseline -0.016 -16"><span class='ocrx_word' id='word_1_286' title='bbox 507 2349 723 2423; x_wconf 72' lang='lat' dir='ltr'><strong>(Matth.</strong></span> <span class='ocrx_word' id='word_1_287' title='bbox 748 2364 846 2412; x_wconf 85' lang='lat' dir='ltr'><strong>xu,</strong></span> <span class='ocrx_word' id='word_1_288' title='bbox 865 2347 972 2418; x_wconf 80' lang='grc'><strong>18).</strong></span> <span class='ocrx_word' id='word_1_289' title='bbox 995 2343 1129 2398; x_wconf 85' lang='lat' dir='ltr'><strong>Item</strong></span> <span class='ocrx_word' id='word_1_290' title='bbox 1153 2339 1472 2411; x_wconf 86' lang='lat' dir='ltr'><strong>Apostolus:</strong></span> <span class='ocrx_word' id='word_1_291' title='bbox 1507 2335 1610 2402; x_wconf 85' lang='lat' dir='ltr'><strong>Qui</strong></span> <span class='ocrx_word' id='word_1_292' title='bbox 1635 2351 1754 2389; x_wconf 87' lang='lat' dir='ltr'><strong>cum</strong></span> <span class='ocrx_word' id='word_1_293' title='bbox 1777 2331 2084 2423; x_wconf 56' lang='lat' dir='ltr'><strong>dives—esset,</strong></span> 
     </span>
    </p>
   </div>
   <div class='ocr_carea' id='block_1_41' title="bbox 503 2420 2084 2512">
    <p class='ocr_par' dir='ltr' id='par_1_41' title="bbox 503 2420 2084 2512">
     <span class='ocr_line' id='line_1_41' title="bbox 503 2420 2084 2512; baseline -0.016 -14"><span class='ocrx_word' id='word_1_294' title='bbox 503 2420 705 2512; x_wconf 76' lang='lat' dir='ltr'><strong>pauper</strong></span> <span class='ocrx_word' id='word_1_295' title='bbox 733 2438 903 2506; x_wconf 81' lang='lat' dir='ltr'><strong>factus</strong></span> <span class='ocrx_word' id='word_1_296' title='bbox 941 2442 1015 2488; x_wconf 86' lang='lat' dir='ltr'><strong>est</strong></span> <span class='ocrx_word' id='word_1_297' title='bbox 1046 2448 1138 2503; x_wconf 91' lang='lat' dir='ltr'><strong>pro</strong></span> <span class='ocrx_word' id='word_1_298' title='bbox 1189 2429 1336 2484; x_wconf 84' lang='lat' dir='ltr'><strong>nobis</strong></span> <span class='ocrx_word' id='word_1_299' title='bbox 1361 2425 1446 2497; x_wconf 87' lang='grc' dir='ltr'><strong>(ΙΙ</strong></span> <span class='ocrx_word' id='word_1_300' title='bbox 1477 2425 1598 2480; x_wconf 82' lang='lat' dir='ltr'><strong>Cor.</strong></span> <span class='ocrx_word' id='word_1_301' title='bbox 1641 2439 1760 2488; x_wconf 81' lang='lat' dir='ltr'><strong>vin,</strong></span> <span class='ocrx_word' id='word_1_302' title='bbox 1790 2421 1866 2492; x_wconf 89' lang='lat'><strong>9).</strong></span> <span class='ocrx_word' id='word_1_303' title='bbox 1909 2420 1974 2474; x_wconf 88' lang='lat' dir='ltr'><strong>Et</strong></span> <span class='ocrx_word' id='word_1_304' title='bbox 1997 2436 2084 2474; x_wconf 85' lang='lat' dir='ltr'><strong>sa-</strong></span> 
     </span>
    </p>
   </div>
   <div class='ocr_carea' id='block_1_42' title="bbox 505 2512 2088 2601">
    <p class='ocr_par' dir='ltr' id='par_1_42' title="bbox 505 2512 2088 2601">
     <span class='ocr_line' id='line_1_42' title="bbox 505 2512 2088 2601; baseline -0.011 -16"><span class='ocrx_word' id='word_1_305' title='bbox 505 2531 745 2601; x_wconf 88' lang='lat' dir='ltr'><strong>pientem</strong></span> <span class='ocrx_word' id='word_1_306' title='bbox 770 2541 896 2581; x_wconf 91' lang='lat' dir='ltr'><strong>eum</strong></span> <span class='ocrx_word' id='word_1_307' title='bbox 921 2521 1262 2590; x_wconf 83' lang='lat' dir='ltr'><strong>Evangelista</strong></span> <span class='ocrx_word' id='word_1_308' title='bbox 1306 2524 1536 2572; x_wconf 85' lang='lat' dir='ltr'><strong>testatur</strong></span> <span class='ocrx_word' id='word_1_309' title='bbox 1563 2515 1782 2570; x_wconf 87' lang='lat' dir='ltr'><strong>dicens:</strong></span> <span class='ocrx_word' id='word_1_310' title='bbox 1827 2512 1898 2567; x_wconf 83' lang='lat' dir='ltr'><strong>Et</strong></span> <span class='ocrx_word' id='word_1_311' title='bbox 1933 2513 2088 2567; x_wconf 77' lang='lat' dir='ltr'><strong>Iesus</strong></span> 
     </span>
    </p>
   </div>
   <div class='ocr_carea' id='block_1_43' title="bbox 505 2599 2088 2688">
    <p class='ocr_par' dir='ltr' id='par_1_43' title="bbox 505 2599 2088 2688">
     <span class='ocr_line' id='line_1_43' title="bbox 505 2599 2088 2688; baseline -0.011 -16"><span class='ocrx_word' id='word_1_312' title='bbox 505 2599 806 2688; x_wconf 74' lang='lat' dir='ltr'><strong>proﬁciebat</strong></span> <span class='ocrx_word' id='word_1_313' title='bbox 831 2620 984 2668; x_wconf 75' lang='lat' dir='ltr'><strong>a‘tate</strong></span> <span class='ocrx_word' id='word_1_314' title='bbox 1010 2619 1059 2664; x_wconf 89' lang='lat' dir='ltr'><strong>et</strong></span> <span class='ocrx_word' id='word_1_315' title='bbox 1100 2608 1357 2680; x_wconf 79' lang='lat' dir='ltr'><strong>sapientia</strong></span> <span class='ocrx_word' id='word_1_316' title='bbox 1381 2615 1429 2659; x_wconf 87' lang='lat' dir='ltr'><strong>et</strong></span> <span class='ocrx_word' id='word_1_317' title='bbox 1455 2604 1625 2675; x_wconf 87' lang='lat' dir='ltr'><strong>gratia</strong></span> <span class='ocrx_word' id='word_1_318' title='bbox 1671 2619 1850 2657; x_wconf 87' lang='lat' dir='ltr'><strong>coram</strong></span> <span class='ocrx_word' id='word_1_319' title='bbox 1878 2601 1988 2655; x_wconf 91' lang='lat' dir='ltr'><strong>Deo</strong></span> <span class='ocrx_word' id='word_1_320' title='bbox 2017 2599 2088 2672; x_wconf 89' lang='lat' dir='ltr'><strong>[et</strong></span> 
     </span>
    </p>
   </div>
   <div class='ocr_carea' id='block_1_44' title="bbox 507 2691 2090 2776">
    <p class='ocr_par' dir='ltr' id='par_1_44' title="bbox 507 2691 2090 2776">
     <span class='ocr_line' id='line_1_44' title="bbox 507 2691 2090 2776; baseline -0.01 -14"><span class='ocrx_word' id='word_1_321' title='bbox 507 2703 826 2776; x_wconf 79' lang='lat' dir='ltr'><strong>hominibus]</strong></span> <span class='ocrx_word' id='word_1_322' title='bbox 848 2702 1000 2775; x_wconf 84' lang='lat' dir='ltr'><strong>(Luc.</strong></span> <span class='ocrx_word' id='word_1_323' title='bbox 1033 2717 1093 2766; x_wconf 79' lang='grc' dir='ltr'><strong>ιι,</strong></span> <span class='ocrx_word' id='word_1_324' title='bbox 1115 2699 1228 2770; x_wconf 74' lang='lat'><strong>52).</strong></span> <span class='ocrx_word' id='word_1_325' title='bbox 1255 2697 1359 2752; x_wconf 85' lang='lat' dir='ltr'><strong>Iste</strong></span> <span class='ocrx_word' id='word_1_326' title='bbox 1385 2703 1541 2750; x_wconf 91' lang='lat' dir='ltr'><strong>natus</strong></span> <span class='ocrx_word' id='word_1_327' title='bbox 1563 2693 1725 2748; x_wconf 90' lang='lat' dir='ltr'><strong>estin</strong></span> <span class='ocrx_word' id='word_1_328' title='bbox 1755 2706 1923 2762; x_wconf 87' lang='lat' dir='ltr'><strong>regno</strong></span> <span class='ocrx_word' id='word_1_329' title='bbox 1944 2691 2090 2746; x_wconf 82' lang='lat' dir='ltr'><strong>senis</strong></span> 
     </span>
    </p>
   </div>
   <div class='ocr_carea' id='block_1_45' title="bbox 508 2783 2088 2864">
    <p class='ocr_par' dir='ltr' id='par_1_45' title="bbox 508 2783 2088 2864">
     <span class='ocr_line' id='line_1_45' title="bbox 508 2783 2088 2864; baseline -0.01 -10"><span class='ocrx_word' id='word_1_330' title='bbox 508 2806 566 2854; x_wconf 87' lang='lat' dir='ltr'><strong>et</strong></span> <span class='ocrx_word' id='word_1_331' title='bbox 586 2797 758 2862; x_wconf 83' lang='lat' dir='ltr'><strong>stulti,</strong></span> <span class='ocrx_word' id='word_1_332' title='bbox 786 2795 1042 2864; x_wconf 88' lang='lat' dir='ltr'><strong>optimus,</strong></span> <span class='ocrx_word' id='word_1_333' title='bbox 1065 2806 1288 2862; x_wconf 86' lang='lat' dir='ltr'><strong>pauper,</strong></span> <span class='ocrx_word' id='word_1_334' title='bbox 1317 2797 1373 2844; x_wconf 89' lang='lat' dir='ltr'><strong>et</strong></span> <span class='ocrx_word' id='word_1_335' title='bbox 1399 2803 1534 2858; x_wconf 89' lang='lat' dir='ltr'><strong>puer</strong></span> <span class='ocrx_word' id='word_1_336' title='bbox 1557 2783 1910 2850; x_wconf 84' lang='lat' dir='ltr'><strong>admirabilis,</strong></span> <span class='ocrx_word' id='word_1_337' title='bbox 1942 2791 2004 2837; x_wconf 90' lang='lat' dir='ltr'><strong>ut</strong></span> <span class='ocrx_word' id='word_1_338' title='bbox 2023 2783 2088 2838; x_wconf 88' lang='lat' dir='ltr'><strong>de</strong></span> 
     </span>
    </p>
   </div>
   <div class='ocr_carea' id='block_1_46' title="bbox 509 2875 2088 2954">
    <p class='ocr_par' dir='ltr' id='par_1_46' title="bbox 509 2875 2088 2954">
     <span class='ocr_line' id='line_1_46' title="bbox 509 2875 2088 2954; baseline -0.009 -9"><span class='ocrx_word' id='word_1_339' title='bbox 509 2890 668 2945; x_wconf 91' lang='lat' dir='ltr'><strong>domo</strong></span> <span class='ocrx_word' id='word_1_340' title='bbox 693 2886 1082 2942; x_wconf 89' lang='lat' dir='ltr'><strong>vinculatorum</strong></span> <span class='ocrx_word' id='word_1_341' title='bbox 1118 2882 1434 2954; x_wconf 84' lang='lat' dir='ltr'><strong>procederet</strong></span> <span class='ocrx_word' id='word_1_342' title='bbox 1455 2880 1508 2934; x_wconf 89' lang='lat' dir='ltr'><strong>in</strong></span> <span class='ocrx_word' id='word_1_343' title='bbox 1551 2893 1794 2948; x_wconf 79' lang='lat' dir='ltr'><strong>regnum,</strong></span> <span class='ocrx_word' id='word_1_344' title='bbox 1821 2877 2008 2932; x_wconf 89' lang='lat' dir='ltr'><strong>abiens</strong></span> <span class='ocrx_word' id='word_1_345' title='bbox 2033 2875 2088 2930; x_wconf 90' lang='lat' dir='ltr'><strong>in</strong></span> 
     </span>
    </p>
   </div>
   <div class='ocr_carea' id='block_1_47' title="bbox 508 2967 2086 3052">
    <p class='ocr_par' dir='ltr' id='par_1_47' title="bbox 508 2967 2086 3052">
     <span class='ocr_line' id='line_1_47' title="bbox 508 2967 2086 3052; baseline -0.011 -16"><span class='ocrx_word' id='word_1_346' title='bbox 508 2981 784 3052; x_wconf 75' lang='lat' dir='ltr'><strong>regionem</strong></span> <span class='ocrx_word' id='word_1_347' title='bbox 807 2977 1171 3044; x_wconf 86' lang='lat' dir='ltr'><strong>longinquam,</strong></span> <span class='ocrx_word' id='word_1_348' title='bbox 1186 2971 1341 3041; x_wconf 78' lang='lat' dir='ltr'><strong>juxta</strong></span> <span class='ocrx_word' id='word_1_349' title='bbox 1363 2969 1675 3042; x_wconf 86' lang='lat' dir='ltr'><strong>parabolam</strong></span> <span class='ocrx_word' id='word_1_350' title='bbox 1702 2967 2086 3036; x_wconf 85' lang='lat' dir='ltr'><strong>evangelicam,</strong></span> 
     </span>
    </p>
   </div>
   <div class='ocr_carea' id='block_1_48' title="bbox 510 3057 2088 3138">
    <p class='ocr_par' dir='ltr' id='par_1_48' title="bbox 510 3057 2088 3138">
     <span class='ocr_line' id='line_1_48' title="bbox 510 3057 2088 3138; baseline -0.01 -14"><span class='ocrx_word' id='word_1_351' title='bbox 510 3070 755 3138; x_wconf 88' lang='lat' dir='ltr'><strong>accipere</strong></span> <span class='ocrx_word' id='word_1_352' title='bbox 787 3065 890 3121; x_wconf 89' lang='lat' dir='ltr'><strong>sibi</strong></span> <span class='ocrx_word' id='word_1_353' title='bbox 913 3079 1134 3134; x_wconf 78' lang='lat' dir='ltr'><strong>regnum</strong></span> <span class='ocrx_word' id='word_1_354' title='bbox 1160 3070 1216 3118; x_wconf 91' lang='lat' dir='ltr'><strong>et</strong></span> <span class='ocrx_word' id='word_1_355' title='bbox 1248 3061 1466 3126; x_wconf 87' lang='lat' dir='ltr'><strong>reverti,</strong></span> <span class='ocrx_word' id='word_1_356' title='bbox 1495 3074 1588 3114; x_wconf 88' lang='lat' dir='ltr'><strong>eos</strong></span> <span class='ocrx_word' id='word_1_357' title='bbox 1611 3066 1732 3128; x_wconf 90' lang='lat' dir='ltr'><strong>post</strong></span> <span class='ocrx_word' id='word_1_358' title='bbox 1757 3057 2088 3126; x_wconf 88' lang='lat' dir='ltr'><strong>aliquantum</strong></span> 
     </span>
    </p>
   </div>
   <div class='ocr_carea' id='block_1_49' title="bbox 2185 1879 3772 1946">
    <p class='ocr_par' dir='ltr' id='par_1_49' title="bbox 2185 1879 3772 1946">
     <span class='ocr_line' id='line_1_49' title="bbox 2185 1879 3772 1946; baseline -0.004 -9"><span class='ocrx_word' id='word_1_359' title='bbox 2185 1881 2280 1936; x_wconf 88' lang='lat' dir='ltr'><strong>sed</strong></span> <span class='ocrx_word' id='word_1_360' title='bbox 2307 1882 2541 1936; x_wconf 84' lang='lat' dir='ltr'><strong>sciamus</strong></span> <span class='ocrx_word' id='word_1_361' title='bbox 2565 1879 2989 1934; x_wconf 89' lang='lat' dir='ltr'><strong>imbecillitatem</strong></span> <span class='ocrx_word' id='word_1_362' title='bbox 3019 1889 3280 1934; x_wconf 85' lang='lat' dir='ltr'><strong>nostram.</strong></span> <span class='ocrx_word' id='word_1_363' title='bbox 3318 1879 3587 1946; x_wconf 88' lang='lat' dir='ltr'><strong>Quantum</strong></span> <span class='ocrx_word' id='word_1_364' title='bbox 3627 1879 3772 1934; x_wconf 85' lang='lat' dir='ltr'><strong>enim</strong></span> 
     </span>
    </p>
   </div>
   <div class='ocr_carea' id='block_1_50' title="bbox 2185 1971 3774 2040">
    <p class='ocr_par' dir='ltr' id='par_1_50' title="bbox 2185 1971 3774 2040">
     <span class='ocr_line' id='line_1_50' title="bbox 2185 1971 3774 2040; baseline -0.002 -13"><span class='ocrx_word' id='word_1_365' title='bbox 2185 1971 2378 2027; x_wconf 67' lang='lat' dir='ltr'><strong>caelum</strong></span> <span class='ocrx_word' id='word_1_366' title='bbox 2425 1971 2590 2026; x_wconf 89' lang='lat' dir='ltr'><strong>distat</strong></span> <span class='ocrx_word' id='word_1_367' title='bbox 2616 1987 2648 2025; x_wconf 91' lang='lat' dir='ltr'><strong>a</strong></span> <span class='ocrx_word' id='word_1_368' title='bbox 2677 1977 2842 2034; x_wconf 90' lang='lat' dir='ltr'><strong>terra,</strong></span> <span class='ocrx_word' id='word_1_369' title='bbox 2893 1979 3100 2026; x_wconf 87' lang='lat' dir='ltr'><strong>tantum</strong></span> <span class='ocrx_word' id='word_1_370' title='bbox 3139 1979 3326 2025; x_wconf 86' lang='lat' dir='ltr'><strong>nostra</strong></span> <span class='ocrx_word' id='word_1_371' title='bbox 3354 1971 3594 2040; x_wconf 86' lang='lat' dir='ltr'><strong>opinatio</strong></span> <span class='ocrx_word' id='word_1_372' title='bbox 3621 1986 3652 2024; x_wconf 88' lang='lat' dir='ltr'><strong>a</strong></span> <span class='ocrx_word' id='word_1_373' title='bbox 3679 1986 3774 2024; x_wconf 87' lang='lat' dir='ltr'><strong>na—</strong></span> 
     </span>
    </p>
   </div>
   <div class='ocr_carea' id='block_1_51' title="bbox 2186 2061 3769 2129">
    <p class='ocr_par' dir='ltr' id='par_1_51' title="bbox 2186 2061 3769 2129">
     <span class='ocr_line' id='line_1_51' title="bbox 2186 2061 3769 2129; baseline 0 -15"><span class='ocrx_word' id='word_1_374' title='bbox 2186 2069 2308 2115; x_wconf 84' lang='lat' dir='ltr'><strong>tura</strong></span> <span class='ocrx_word' id='word_1_375' title='bbox 2332 2061 2476 2115; x_wconf 87' lang='lat' dir='ltr'><strong>illius</strong></span> <span class='ocrx_word' id='word_1_376' title='bbox 2502 2068 2784 2129; x_wconf 87' lang='lat' dir='ltr'><strong>separatur</strong></span> <span class='ocrx_word' id='word_1_377' title='bbox 2809 2077 2823 2125; x_wconf 89' lang='lat'><strong>;</strong></span> <span class='ocrx_word' id='word_1_378' title='bbox 2851 2069 2904 2114; x_wconf 84' lang='lat' dir='ltr'><strong>ct</strong></span> <span class='ocrx_word' id='word_1_379' title='bbox 2926 2061 3128 2116; x_wconf 87' lang='lat' dir='ltr'><strong>idcirco</strong></span> <span class='ocrx_word' id='word_1_380' title='bbox 3153 2061 3354 2116; x_wconf 88' lang='lat' dir='ltr'><strong>debere</strong></span> <span class='ocrx_word' id='word_1_381' title='bbox 3377 2062 3542 2116; x_wconf 89' lang='lat' dir='ltr'><strong>verba</strong></span> <span class='ocrx_word' id='word_1_382' title='bbox 3577 2071 3769 2116; x_wconf 86' lang='lat' dir='ltr'><strong>nostra</strong></span> 
     </span>
    </p>
   </div>
   <div class='ocr_carea' id='block_1_52' title="bbox 2185 2150 3769 2220">
    <p class='ocr_par' dir='ltr' id='par_1_52' title="bbox 2185 2150 3769 2220">
     <span class='ocr_line' id='line_1_52' title="bbox 2185 2150 3769 2220; baseline -0.003 -12"><span class='ocrx_word' id='word_1_383' title='bbox 2185 2168 2308 2208; x_wconf 85' lang='lat' dir='ltr'><strong>esse</strong></span> <span class='ocrx_word' id='word_1_384' title='bbox 2337 2154 2632 2208; x_wconf 89' lang='lat' dir='ltr'><strong>moderata.</strong></span> <span class='ocrx_word' id='word_1_385' title='bbox 2669 2150 2820 2206; x_wconf 86' lang='lat' dir='ltr'><strong>Sicut</strong></span> <span class='ocrx_word' id='word_1_386' title='bbox 2861 2153 3002 2206; x_wconf 90' lang='lat' dir='ltr'><strong>enim</strong></span> <span class='ocrx_word' id='word_1_387' title='bbox 3035 2152 3126 2220; x_wconf 89' lang='lat' dir='ltr'><strong>qui</strong></span> <span class='ocrx_word' id='word_1_388' title='bbox 3155 2151 3210 2206; x_wconf 91' lang='lat' dir='ltr'><strong>in</strong></span> <span class='ocrx_word' id='word_1_389' title='bbox 3255 2151 3440 2206; x_wconf 88' lang='lat' dir='ltr'><strong>multis</strong></span> <span class='ocrx_word' id='word_1_390' title='bbox 3482 2151 3769 2220; x_wconf 85' lang='lat' dir='ltr'><strong>cogitatio-</strong></span> 
     </span>
    </p>
   </div>
   <div class='ocr_carea' id='block_1_53' title="bbox 2187 2241 3770 2312">
    <p class='ocr_par' dir='ltr' id='par_1_53' title="bbox 2187 2241 3770 2312">
     <span class='ocr_line' id='line_1_53' title="bbox 2187 2241 3770 2312; baseline -0.001 -16"><span class='ocrx_word' id='word_1_391' title='bbox 2187 2243 2346 2296; x_wconf 91' lang='lat' dir='ltr'><strong>nibus</strong></span> <span class='ocrx_word' id='word_1_392' title='bbox 2373 2251 2474 2306; x_wconf 89' lang='lat' dir='ltr'><strong>est,</strong></span> <span class='ocrx_word' id='word_1_393' title='bbox 2504 2256 2568 2296; x_wconf 91' lang='lat' dir='ltr'><strong>ea</strong></span> <span class='ocrx_word' id='word_1_394' title='bbox 2607 2242 2842 2296; x_wconf 88' lang='lat' dir='ltr'><strong>somniat</strong></span> <span class='ocrx_word' id='word_1_395' title='bbox 2883 2241 3192 2311; x_wconf 84' lang='lat' dir='ltr'><strong>frequenter</strong></span> <span class='ocrx_word' id='word_1_396' title='bbox 3231 2242 3298 2296; x_wconf 88' lang='lat' dir='ltr'><strong>de</strong></span> <span class='ocrx_word' id='word_1_397' title='bbox 3327 2242 3525 2310; x_wconf 84' lang='lat' dir='ltr'><strong>quibus</strong></span> <span class='ocrx_word' id='word_1_398' title='bbox 3551 2241 3770 2312; x_wconf 80' lang='lat' dir='ltr'><strong>cogitat,</strong></span> 
     </span>
    </p>
   </div>
   <div class='ocr_carea' id='block_1_54' title="bbox 2185 2332 3774 2403">
    <p class='ocr_par' dir='ltr' id='par_1_54' title="bbox 2185 2332 3774 2403">
     <span class='ocr_line' id='line_1_54' title="bbox 2185 2332 3774 2403; baseline 0.001 -17"><span class='ocrx_word' id='word_1_399' title='bbox 2185 2333 2264 2389; x_wconf 90' lang='lat' dir='ltr'><strong>ita</strong></span> <span class='ocrx_word' id='word_1_400' title='bbox 2292 2334 2381 2402; x_wconf 89' lang='lat' dir='ltr'><strong>qui</strong></span> <span class='ocrx_word' id='word_1_401' title='bbox 2409 2333 2562 2403; x_wconf 89' lang='lat' dir='ltr'><strong>plura</strong></span> <span class='ocrx_word' id='word_1_402' title='bbox 2588 2332 2818 2388; x_wconf 87' lang='lat' dir='ltr'><strong>voluerit</strong></span> <span class='ocrx_word' id='word_1_403' title='bbox 2851 2333 2918 2388; x_wconf 89' lang='lat' dir='ltr'><strong>de</strong></span> <span class='ocrx_word' id='word_1_404' title='bbox 2963 2333 3245 2388; x_wconf 87' lang='lat' dir='ltr'><strong>divinitate</strong></span> <span class='ocrx_word' id='word_1_405' title='bbox 3287 2333 3556 2388; x_wconf 85' lang='lat' dir='ltr'><strong>disserere</strong></span> <span class='ocrx_word' id='word_1_406' title='bbox 3585 2333 3774 2388; x_wconf 87' lang='lat' dir='ltr'><strong>incidit</strong></span> 
     </span>
    </p>
   </div>
   <div class='ocr_carea' id='block_1_55' title="bbox 2183 2425 3774 2495">
    <p class='ocr_par' dir='ltr' id='par_1_55' title="bbox 2183 2425 3774 2495">
     <span class='ocr_line' id='line_1_55' title="bbox 2183 2425 3774 2495; baseline 0.001 -15"><span class='ocrx_word' id='word_1_407' title='bbox 2183 2427 2245 2480; x_wconf 86' lang='lat' dir='ltr'><strong>in</strong></span> <span class='ocrx_word' id='word_1_408' title='bbox 2268 2426 2570 2481; x_wconf 88' lang='lat' dir='ltr'><strong>stultitiam.</strong></span> <span class='ocrx_word' id='word_1_409' title='bbox 2602 2425 2698 2482; x_wconf 79' lang='lat' dir='ltr'><strong>Vel</strong></span> <span class='ocrx_word' id='word_1_410' title='bbox 2724 2433 2869 2480; x_wconf 88' lang='lat' dir='ltr'><strong>certe</strong></span> <span class='ocrx_word' id='word_1_411' title='bbox 2893 2427 3055 2480; x_wconf 85' lang='lat' dir='ltr'><strong>verba</strong></span> <span class='ocrx_word' id='word_1_412' title='bbox 3086 2433 3270 2480; x_wconf 89' lang='lat' dir='ltr'><strong>nostra</strong></span> <span class='ocrx_word' id='word_1_413' title='bbox 3296 2441 3469 2495; x_wconf 86' lang='lat' dir='ltr'><strong>pauca</strong></span> <span class='ocrx_word' id='word_1_414' title='bbox 3505 2425 3628 2480; x_wconf 90' lang='lat' dir='ltr'><strong>ideo</strong></span> <span class='ocrx_word' id='word_1_415' title='bbox 3655 2438 3774 2481; x_wconf 85' lang='lat' dir='ltr'><strong>esse</strong></span> 
     </span>
    </p>
   </div>
   <div class='ocr_carea' id='block_1_56' title="bbox 2188 2514 3772 2588">
    <p class='ocr_par' dir='ltr' id='par_1_56' title="bbox 2188 2514 3772 2588">
     <span class='ocr_line' id='line_1_56' title="bbox 2188 2514 3772 2588; baseline -0.001 -16"><span class='ocrx_word' id='word_1_416' title='bbox 2188 2517 2407 2582; x_wconf 85' lang='lat' dir='ltr'><strong>debere,</strong></span> <span class='ocrx_word' id='word_1_417' title='bbox 2443 2515 2588 2586; x_wconf 91' lang='lat' dir='ltr'><strong>quod</strong></span> <span class='ocrx_word' id='word_1_418' title='bbox 2613 2514 2820 2588; x_wconf 88' lang='lat' dir='ltr'><strong>[etiam]</strong></span> <span class='ocrx_word' id='word_1_419' title='bbox 2845 2531 2908 2570; x_wconf 90' lang='lat' dir='ltr'><strong>ea</strong></span> <span class='ocrx_word' id='word_1_420' title='bbox 2933 2531 3053 2584; x_wconf 86' lang='lat' dir='ltr'><strong>quae</strong></span> <span class='ocrx_word' id='word_1_421' title='bbox 3089 2530 3250 2570; x_wconf 82' lang='lat' dir='ltr'><strong>nosse</strong></span> <span class='ocrx_word' id='word_1_422' title='bbox 3278 2531 3379 2570; x_wconf 88' lang='lat' dir='ltr'><strong>nos</strong></span> <span class='ocrx_word' id='word_1_423' title='bbox 3419 2515 3772 2580; x_wconf 67' lang='lat' dir='ltr'><strong>aestimamus,</strong></span> 
     </span>
    </p>
   </div>
   <div class='ocr_carea' id='block_1_57' title="bbox 2187 2605 3774 2678">
    <p class='ocr_par' dir='ltr' id='par_1_57' title="bbox 2187 2605 3774 2678">
     <span class='ocr_line' id='line_1_57' title="bbox 2187 2605 3774 2678; baseline -0.002 -15"><span class='ocrx_word' id='word_1_424' title='bbox 2187 2622 2286 2678; x_wconf 87' lang='lat' dir='ltr'><strong>per</strong></span> <span class='ocrx_word' id='word_1_425' title='bbox 2329 2606 2606 2676; x_wconf 89' lang='lat' dir='ltr'><strong>speculum</strong></span> <span class='ocrx_word' id='word_1_426' title='bbox 2649 2605 2910 2670; x_wconf 89' lang='lat' dir='ltr'><strong>videmus,</strong></span> <span class='ocrx_word' id='word_1_427' title='bbox 2957 2613 3012 2660; x_wconf 91' lang='lat' dir='ltr'><strong>et</strong></span> <span class='ocrx_word' id='word_1_428' title='bbox 3053 2606 3109 2660; x_wconf 89' lang='lat' dir='ltr'><strong>in</strong></span> <span class='ocrx_word' id='word_1_429' title='bbox 3162 2606 3470 2676; x_wconf 63' lang='lat' dir='ltr'><strong>aenigmate,</strong></span> <span class='ocrx_word' id='word_1_430' title='bbox 3515 2613 3571 2662; x_wconf 82' lang='lat' dir='ltr'><strong>et</strong></span> <span class='ocrx_word' id='word_1_431' title='bbox 3607 2607 3774 2662; x_wconf 83' lang='lat' dir='ltr'><strong>veluti</strong></span> 
     </span>
    </p>
   </div>
   <div class='ocr_carea' id='block_1_58' title="bbox 2188 2695 3773 2768">
    <p class='ocr_par' dir='ltr' id='par_1_58' title="bbox 2188 2695 3773 2768">
     <span class='ocr_line' id='line_1_58' title="bbox 2188 2695 3773 2768; baseline 0 -16"><span class='ocrx_word' id='word_1_432' title='bbox 2188 2697 2457 2752; x_wconf 80' lang='lat' dir='ltr'><strong>somnium</strong></span> <span class='ocrx_word' id='word_1_433' title='bbox 2500 2697 3006 2768; x_wconf 87' lang='lat' dir='ltr'><strong>comprehendimus</strong></span> <span class='ocrx_word' id='word_1_434' title='bbox 3049 2695 3192 2766; x_wconf 84' lang='lat' dir='ltr'><strong>quod</strong></span> <span class='ocrx_word' id='word_1_435' title='bbox 3238 2707 3424 2752; x_wconf 87' lang='lat' dir='ltr'><strong>tenere</strong></span> <span class='ocrx_word' id='word_1_436' title='bbox 3479 2713 3580 2752; x_wconf 90' lang='lat' dir='ltr'><strong>nos</strong></span> <span class='ocrx_word' id='word_1_437' title='bbox 3632 2699 3773 2752; x_wconf 71' lang='lat' dir='ltr'><strong>testi-</strong></span> 
     </span>
    </p>
   </div>
   <div class='ocr_carea' id='block_1_59' title="bbox 2188 2787 3776 2859">
    <p class='ocr_par' dir='ltr' id='par_1_59' title="bbox 2188 2787 3776 2859">
     <span class='ocr_line' id='line_1_59' title="bbox 2188 2787 3776 2859; baseline 0 -15"><span class='ocrx_word' id='word_1_438' title='bbox 2188 2802 2438 2854; x_wconf 84' lang='lat' dir='ltr'><strong>mamus;</strong></span> <span class='ocrx_word' id='word_1_439' title='bbox 2469 2803 2698 2859; x_wconf 89' lang='lat' dir='ltr'><strong>cumque</strong></span> <span class='ocrx_word' id='word_1_440' title='bbox 2724 2789 2903 2858; x_wconf 91' lang='lat' dir='ltr'><strong>plura,</strong></span> <span class='ocrx_word' id='word_1_441' title='bbox 2934 2797 2994 2844; x_wconf 91' lang='lat' dir='ltr'><strong>ut</strong></span> <span class='ocrx_word' id='word_1_442' title='bbox 3019 2789 3192 2844; x_wconf 87' lang='lat' dir='ltr'><strong>visum</strong></span> <span class='ocrx_word' id='word_1_443' title='bbox 3222 2789 3379 2846; x_wconf 85' lang='lat' dir='ltr'><strong>nobis</strong></span> <span class='ocrx_word' id='word_1_444' title='bbox 3416 2787 3596 2854; x_wconf 87' lang='lat' dir='ltr'><strong>fuerit,</strong></span> <span class='ocrx_word' id='word_1_445' title='bbox 3625 2789 3776 2845; x_wconf 77' lang='lat' dir='ltr'><strong>dise-</strong></span> 
     </span>
    </p>
   </div>
   <div class='ocr_carea' id='block_1_60' title="bbox 2189 2879 3773 2950">
    <p class='ocr_par' dir='ltr' id='par_1_60' title="bbox 2189 2879 3773 2950">
     <span class='ocr_line' id='line_1_60' title="bbox 2189 2879 3773 2950; baseline 0 -16"><span class='ocrx_word' id='word_1_446' title='bbox 2189 2879 2381 2944; x_wconf 86' lang='lat' dir='ltr'><strong>rimus,</strong></span> <span class='ocrx_word' id='word_1_447' title='bbox 2425 2879 2588 2935; x_wconf 82' lang='lat' dir='ltr'><strong>iinem</strong></span> <span class='ocrx_word' id='word_1_448' title='bbox 2629 2881 3008 2950; x_wconf 85' lang='lat' dir='ltr'><strong>disputationis</strong></span> <span class='ocrx_word' id='word_1_449' title='bbox 3050 2889 3249 2936; x_wconf 77' lang='lat' dir='ltr'><strong>nostrae</strong></span> <span class='ocrx_word' id='word_1_450' title='bbox 3283 2897 3406 2937; x_wconf 89' lang='lat' dir='ltr'><strong>esse</strong></span> <span class='ocrx_word' id='word_1_451' title='bbox 3453 2882 3773 2937; x_wconf 83' lang='lat' dir='ltr'><strong>stultitiam:</strong></span> 
     </span>
    </p>
   </div>
   <div class='ocr_carea' id='block_1_61' title="bbox 2187 2971 3652 3043">
    <p class='ocr_par' dir='ltr' id='par_1_61' title="bbox 2187 2971 3652 3043">
     <span class='ocr_line' id='line_1_61' title="bbox 2187 2971 3652 3043; baseline 0.001 -17"><span class='ocrx_word' id='word_1_452' title='bbox 2187 2985 2254 3026; x_wconf 82' lang='lat' dir='ltr'><strong>ex</strong></span> <span class='ocrx_word' id='word_1_453' title='bbox 2280 2971 2626 3040; x_wconf 88' lang='lat' dir='ltr'><strong>multiloquio</strong></span> <span class='ocrx_word' id='word_1_454' title='bbox 2658 2971 2806 3026; x_wconf 88' lang='lat' dir='ltr'><strong>enim</strong></span> <span class='ocrx_word' id='word_1_455' title='bbox 2835 2987 2932 3028; x_wconf 87' lang='lat' dir='ltr'><strong>nos</strong></span> <span class='ocrx_word' id='word_1_456' title='bbox 2959 2987 3068 3026; x_wconf 89' lang='lat' dir='ltr'><strong>non</strong></span> <span class='ocrx_word' id='word_1_457' title='bbox 3093 2971 3327 3042; x_wconf 70' lang='lat' dir='ltr'><strong>effugere</strong></span> <span class='ocrx_word' id='word_1_458' title='bbox 3351 2982 3652 3043; x_wconf 83' lang='lat' dir='ltr'><strong>peccatum.</strong></span> 
     </span>
    </p>
   </div>
   <div class='ocr_carea' id='block_1_62' title="bbox 2259 3058 3780 3130">
    <p class='ocr_par' dir='ltr' id='par_1_62' title="bbox 2259 3058 3780 3130">
     <span class='ocr_line' id='line_1_62' title="bbox 2259 3058 3780 3130; baseline 0 -16"><span class='ocrx_word' id='word_1_459' title='bbox 2259 3060 2420 3115; x_wconf 77' lang='lat' dir='ltr'><strong>Vsus.</strong></span> <span class='ocrx_word' id='word_1_460' title='bbox 2457 3061 2511 3124; x_wconf 77' lang='lat'><strong>3,</strong></span> <span class='ocrx_word' id='word_1_461' title='bbox 2537 3058 2592 3112; x_wconf 77' lang='grc'><strong>4.</strong></span> <span class='ocrx_word' id='word_1_462' title='bbox 2617 3088 2687 3099; x_wconf 93' lang='grc'><strong><em>-</em></strong></span> <span class='ocrx_word' id='word_1_463' title='bbox 2715 3058 2776 3114; x_wconf 91' lang='lat' dir='ltr'><strong>Si</strong></span> <span class='ocrx_word' id='word_1_464' title='bbox 2801 3059 2928 3130; x_wconf 82' lang='lat' dir='ltr'><strong>quid</strong></span> <span class='ocrx_word' id='word_1_465' title='bbox 2953 3061 3136 3114; x_wconf 80' lang='lat' dir='ltr'><strong>vovisti</strong></span> <span class='ocrx_word' id='word_1_466' title='bbox 3173 3059 3306 3125; x_wconf 88' lang='lat' dir='ltr'><strong>Deo,</strong></span> <span class='ocrx_word' id='word_1_467' title='bbox 3336 3077 3398 3114; x_wconf 86' lang='lat' dir='ltr'><strong>ne</strong></span> <span class='ocrx_word' id='word_1_468' title='bbox 3422 3061 3637 3116; x_wconf 79' lang='lat' dir='ltr'><strong>moreris</strong></span> <span class='ocrx_word' id='word_1_469' title='bbox 3660 3061 3780 3114; x_wconf 81' lang='lat' dir='ltr'><strong>red-</strong></span> 
     </span>
    </p>
   </div>
   <div class='ocr_carea' id='block_1_63' title="bbox 511 3141 3777 3224">
    <p class='ocr_par' dir='ltr' id='par_1_63' title="bbox 511 3141 3777 3224">
     <span class='ocr_line' id='line_1_63' title="bbox 511 3141 3777 3224; baseline -0.002 -14"><span class='ocrx_word' id='word_1_470' title='bbox 511 3141 789 3224; x_wconf 65' lang='lat' dir='ltr'><strong>temporis,</strong></span> <span class='ocrx_word' id='word_1_471' title='bbox 816 3155 908 3224; x_wconf 91' lang='lat' dir='ltr'><strong>qui</strong></span> <span class='ocrx_word' id='word_1_472' title='bbox 949 3167 1110 3222; x_wconf 89' lang='lat' dir='ltr'><strong>super</strong></span> <span class='ocrx_word' id='word_1_473' title='bbox 1155 3166 1215 3206; x_wconf 88' lang='lat' dir='ltr'><strong>se</strong></span> <span class='ocrx_word' id='word_1_474' title='bbox 1247 3165 1372 3206; x_wconf 91' lang='lat' dir='ltr'><strong>eum</strong></span> <span class='ocrx_word' id='word_1_475' title='bbox 1419 3161 1646 3218; x_wconf 88' lang='lat' dir='ltr'><strong>regnare</strong></span> <span class='ocrx_word' id='word_1_476' title='bbox 1691 3145 1999 3208; x_wconf 88' lang='lat' dir='ltr'><strong>noluerunt,</strong></span> <span class='ocrx_word' id='word_1_477' title='bbox 2030 3143 2086 3198; x_wconf 91' lang='lat' dir='ltr'><strong>in</strong></span> <span class='ocrx_word' id='word_1_478' title='bbox 2110 3158 2158 3220; x_wconf 71' lang='grc' dir='ltr'>ο</span> <span class='ocrx_word' id='word_1_479' title='bbox 2186 3150 2308 3205; x_wconf 85' lang='lat' dir='ltr'><strong>dere</strong></span> <span class='ocrx_word' id='word_1_480' title='bbox 2331 3167 2349 3204; x_wconf 91' lang='lat'><strong><em>:</em></strong></span> <span class='ocrx_word' id='word_1_481' title='bbox 2393 3149 2626 3222; x_wconf 83' lang='lat' dir='ltr'><strong>displicet</strong></span> <span class='ocrx_word' id='word_1_482' title='bbox 2653 3151 2792 3206; x_wconf 86' lang='lat' dir='ltr'><strong>enim</strong></span> <span class='ocrx_word' id='word_1_483' title='bbox 2821 3153 2869 3206; x_wconf 88' lang='lat' dir='ltr'><strong>ei</strong></span> <span class='ocrx_word' id='word_1_484' title='bbox 2913 3152 3143 3220; x_wconf 80' lang='lat' dir='ltr'><strong>inﬁdelis</strong></span> <span class='ocrx_word' id='word_1_485' title='bbox 3183 3163 3232 3206; x_wconf 85' lang='lat' dir='ltr'><strong>et</strong></span> <span class='ocrx_word' id='word_1_486' title='bbox 3269 3151 3431 3206; x_wconf 84' lang='lat' dir='ltr'><strong>stulta</strong></span> <span class='ocrx_word' id='word_1_487' title='bbox 3475 3154 3777 3222; x_wconf 79' lang='lat' dir='ltr'><strong>promissio.</strong></span> 
     </span>
    </p>
   </div>
   <div class='ocr_carea' id='block_1_64' title="bbox 507 3235 2085 3315">
    <p class='ocr_par' dir='ltr' id='par_1_64' title="bbox 507 3235 2085 3315">
     <span class='ocr_line' id='line_1_64' title="bbox 507 3235 2085 3315; baseline -0.008 -14"><span class='ocrx_word' id='word_1_488' title='bbox 507 3244 708 3315; x_wconf 77' lang='lat' dir='ltr'><strong>iudicio</strong></span> <span class='ocrx_word' id='word_1_489' title='bbox 731 3246 1101 3300; x_wconf 88' lang='lat' dir='ltr'><strong>damnaturus.</strong></span> <span class='ocrx_word' id='word_1_490' title='bbox 1149 3243 1352 3298; x_wconf 87' lang='lat' dir='ltr'><strong>Tamen</strong></span> <span class='ocrx_word' id='word_1_491' title='bbox 1378 3248 1538 3296; x_wconf 89' lang='lat' dir='ltr'><strong>erunt</strong></span> <span class='ocrx_word' id='word_1_492' title='bbox 1566 3253 1729 3308; x_wconf 90' lang='lat' dir='ltr'><strong>quam</strong></span> <span class='ocrx_word' id='word_1_493' title='bbox 1749 3236 1968 3307; x_wconf 91' lang='lat' dir='ltr'><strong>plurimi</strong></span> <span class='ocrx_word' id='word_1_494' title='bbox 1994 3235 2085 3305; x_wconf 88' lang='lat' dir='ltr'><strong>qui</strong></span> 
     </span>
    </p>
   </div>
   <div class='ocr_carea' id='block_1_65' title="bbox 507 3326 2088 3398">
    <p class='ocr_par' dir='ltr' id='par_1_65' title="bbox 507 3326 2088 3398">
     <span class='ocr_line' id='line_1_65' title="bbox 507 3326 2088 3398; baseline -0.008 -7"><span class='ocrx_word' id='word_1_495' title='bbox 507 3347 621 3392; x_wconf 86' lang='lat' dir='ltr'><strong>non</strong></span> <span class='ocrx_word' id='word_1_496' title='bbox 647 3333 973 3390; x_wconf 68' lang='lat' dir='ltr'><strong>lmtabuntur</strong></span> <span class='ocrx_word' id='word_1_497' title='bbox 1007 3334 1060 3388; x_wconf 93' lang='lat' dir='ltr'><strong>in</strong></span> <span class='ocrx_word' id='word_1_498' title='bbox 1090 3331 1326 3396; x_wconf 87' lang='lat' dir='ltr'><strong>Christo,</strong></span> <span class='ocrx_word' id='word_1_499' title='bbox 1354 3329 1674 3398; x_wconf 89' lang='lat' dir='ltr'><strong>recipientes</strong></span> <span class='ocrx_word' id='word_1_500' title='bbox 1694 3326 2088 3382; x_wconf 83' lang='lat' dir='ltr'><strong>Antichristum</strong></span> 
     </span>
    </p>
   </div>
   <div class='ocr_carea' id='block_1_66' title="bbox 507 3414 2088 3498">
    <p class='ocr_par' dir='ltr' id='par_1_66' title="bbox 507 3414 2088 3498">
     <span class='ocr_line' id='line_1_66' title="bbox 507 3414 2088 3498; baseline -0.009 -17"><span class='ocrx_word' id='word_1_501' title='bbox 507 3441 609 3498; x_wconf 91' lang='lat' dir='ltr'><strong>pro</strong></span> <span class='ocrx_word' id='word_1_502' title='bbox 649 3439 734 3480; x_wconf 89' lang='lat' dir='ltr'><strong>eo.</strong></span> <span class='ocrx_word' id='word_1_503' title='bbox 777 3423 884 3479; x_wconf 90' lang='lat' dir='ltr'><strong>Sed</strong></span> <span class='ocrx_word' id='word_1_504' title='bbox 921 3431 976 3478; x_wconf 88' lang='lat' dir='ltr'><strong>et</strong></span> <span class='ocrx_word' id='word_1_505' title='bbox 1007 3422 1083 3477; x_wconf 88' lang='lat' dir='ltr'><strong>illi</strong></span> <span class='ocrx_word' id='word_1_506' title='bbox 1108 3437 1216 3476; x_wconf 93' lang='lat' dir='ltr'><strong>non</strong></span> <span class='ocrx_word' id='word_1_507' title='bbox 1259 3420 1508 3474; x_wconf 64' lang='lat' dir='ltr'><strong>laetantur</strong></span> <span class='ocrx_word' id='word_1_508' title='bbox 1529 3417 1582 3470; x_wconf 89' lang='lat' dir='ltr'><strong>in</strong></span> <span class='ocrx_word' id='word_1_509' title='bbox 1611 3431 1697 3482; x_wconf 87' lang='lat' dir='ltr'><strong>eo,</strong></span> <span class='ocrx_word' id='word_1_510' title='bbox 1733 3415 1825 3484; x_wconf 87' lang='lat' dir='ltr'><strong>qui</strong></span> <span class='ocrx_word' id='word_1_511' title='bbox 1853 3414 2088 3469; x_wconf 87' lang='lat' dir='ltr'><strong>carnalia</strong></span> 
     </span>
    </p>
   </div>
   <div class='ocr_carea' id='block_1_67' title="bbox 509 3505 2092 3578">
    <p class='ocr_par' dir='ltr' id='par_1_67' title="bbox 509 3505 2092 3578">
     <span class='ocr_line' id='line_1_67' title="bbox 509 3505 2092 3578; baseline -0.009 -8"><span class='ocrx_word' id='word_1_512' title='bbox 509 3513 795 3578; x_wconf 89' lang='lat' dir='ltr'><strong>desideria,</strong></span> <span class='ocrx_word' id='word_1_513' title='bbox 823 3513 878 3568; x_wconf 92' lang='lat' dir='ltr'><strong>id</strong></span> <span class='ocrx_word' id='word_1_514' title='bbox 900 3518 1001 3573; x_wconf 88' lang='lat' dir='ltr'><strong>est,</strong></span> <span class='ocrx_word' id='word_1_515' title='bbox 1044 3508 1328 3565; x_wconf 80' lang='lat' dir='ltr'><strong>exterioris</strong></span> <span class='ocrx_word' id='word_1_516' title='bbox 1359 3505 1594 3561; x_wconf 90' lang='lat' dir='ltr'><strong>hominis</strong></span> <span class='ocrx_word' id='word_1_517' title='bbox 1625 3505 1756 3558; x_wconf 91' lang='lat' dir='ltr'><strong>vitia</strong></span> <span class='ocrx_word' id='word_1_518' title='bbox 1795 3512 2092 3573; x_wconf 88' lang='lat' dir='ltr'><strong>sequuntur</strong></span> 
     </span>
    </p>
   </div>
   <div class='ocr_carea' id='block_1_68' title="bbox 511 3595 2092 3676">
    <p class='ocr_par' dir='ltr' id='par_1_68' title="bbox 511 3595 2092 3676">
     <span class='ocr_line' id='line_1_68' title="bbox 511 3595 2092 3676; baseline -0.007 -18"><span class='ocrx_word' id='word_1_519' title='bbox 511 3603 684 3676; x_wconf 87' lang='lat' dir='ltr'><strong>magis</strong></span> <span class='ocrx_word' id='word_1_520' title='bbox 717 3617 881 3673; x_wconf 90' lang='lat' dir='ltr'><strong>quam</strong></span> <span class='ocrx_word' id='word_1_521' title='bbox 928 3599 1199 3656; x_wconf 88' lang='lat' dir='ltr'><strong>interioris</strong></span> <span class='ocrx_word' id='word_1_522' title='bbox 1232 3597 1570 3668; x_wconf 88' lang='lat' dir='ltr'><strong>sapientiam.</strong></span> <span class='ocrx_word' id='word_1_523' title='bbox 1621 3595 1689 3650; x_wconf 82' lang='lat' dir='ltr'><strong>lii</strong></span> <span class='ocrx_word' id='word_1_524' title='bbox 1729 3601 1856 3650; x_wconf 89' lang='lat' dir='ltr'><strong>sunt</strong></span> <span class='ocrx_word' id='word_1_525' title='bbox 1881 3595 1972 3664; x_wconf 91' lang='lat' dir='ltr'><strong>qui</strong></span> <span class='ocrx_word' id='word_1_526' title='bbox 1997 3609 2092 3648; x_wconf 91' lang='lat' dir='ltr'><strong>na-</strong></span> 
     </span>
    </p>
   </div>
   <div class='ocr_carea' id='block_1_69' title="bbox 511 3686 2090 3763">
    <p class='ocr_par' dir='ltr' id='par_1_69' title="bbox 511 3686 2090 3763">
     <span class='ocr_line' id='line_1_69' title="bbox 511 3686 2090 3763; baseline -0.008 -14"><span class='ocrx_word' id='word_1_527' title='bbox 511 3703 736 3750; x_wconf 89' lang='lat' dir='ltr'><strong>scuntur</strong></span> <span class='ocrx_word' id='word_1_528' title='bbox 761 3707 860 3763; x_wconf 89' lang='lat' dir='ltr'><strong>per</strong></span> <span class='ocrx_word' id='word_1_529' title='bbox 878 3691 1106 3761; x_wconf 77' lang='lat' dir='ltr'><strong>gratiam</strong></span> <span class='ocrx_word' id='word_1_530' title='bbox 1135 3687 1308 3744; x_wconf 88' lang='lat' dir='ltr'><strong>sancti</strong></span> <span class='ocrx_word' id='word_1_531' title='bbox 1335 3686 1592 3758; x_wconf 88' lang='lat' dir='ltr'><strong>Spiritus,</strong></span> <span class='ocrx_word' id='word_1_532' title='bbox 1620 3692 1678 3739; x_wconf 92' lang='lat' dir='ltr'><strong>et</strong></span> <span class='ocrx_word' id='word_1_533' title='bbox 1697 3693 2090 3739; x_wconf 88' lang='lat' dir='ltr'><strong>sacramentum</strong></span> 
     </span>
    </p>
   </div>
   <div class='ocr_carea' id='block_1_70' title="bbox 513 3775 2092 3852">
    <p class='ocr_par' dir='ltr' id='par_1_70' title="bbox 513 3775 2092 3852">
     <span class='ocr_line' id='line_1_70' title="bbox 513 3775 2092 3852; baseline -0.004 -15"><span class='ocrx_word' id='word_1_534' title='bbox 513 3781 766 3852; x_wconf 87' lang='lat' dir='ltr'><strong>baptismi</strong></span> <span class='ocrx_word' id='word_1_535' title='bbox 799 3781 853 3835; x_wconf 89' lang='lat' dir='ltr'><strong>in</strong></span> <span class='ocrx_word' id='word_1_536' title='bbox 880 3794 1122 3848; x_wconf 86' lang='lat' dir='ltr'><strong>regnum,</strong></span> <span class='ocrx_word' id='word_1_537' title='bbox 1167 3779 1264 3834; x_wconf 87' lang='lat' dir='ltr'><strong>sed</strong></span> <span class='ocrx_word' id='word_1_538' title='bbox 1294 3793 1400 3832; x_wconf 92' lang='lat' dir='ltr'><strong>non</strong></span> <span class='ocrx_word' id='word_1_539' title='bbox 1447 3784 1768 3847; x_wconf 89' lang='lat' dir='ltr'><strong>permanent</strong></span> <span class='ocrx_word' id='word_1_540' title='bbox 1793 3775 1848 3830; x_wconf 93' lang='lat' dir='ltr'><strong>in</strong></span> <span class='ocrx_word' id='word_1_541' title='bbox 1891 3791 1976 3840; x_wconf 88' lang='lat' dir='ltr'><strong>eo,</strong></span> <span class='ocrx_word' id='word_1_542' title='bbox 2007 3791 2092 3830; x_wconf 87' lang='lat' dir='ltr'><strong>re-</strong></span> 
     </span>
    </p>
   </div>
   <div class='ocr_carea' id='block_1_71' title="bbox 510 3867 2094 3938">
    <p class='ocr_par' dir='ltr' id='par_1_71' title="bbox 510 3867 2094 3938">
     <span class='ocr_line' id='line_1_71' title="bbox 510 3867 2094 3938; baseline -0.001 -15"><span class='ocrx_word' id='word_1_543' title='bbox 510 3878 788 3925; x_wconf 85' lang='lat' dir='ltr'><strong>vertentes</strong></span> <span class='ocrx_word' id='word_1_544' title='bbox 835 3869 905 3924; x_wconf 90' lang='lat' dir='ltr'><strong>ad</strong></span> <span class='ocrx_word' id='word_1_545' title='bbox 960 3869 1113 3934; x_wconf 91' lang='lat' dir='ltr'><strong>vitia,</strong></span> <span class='ocrx_word' id='word_1_546' title='bbox 1187 3869 1306 3924; x_wconf 88' lang='lat' dir='ltr'><strong>ideo</strong></span> <span class='ocrx_word' id='word_1_547' title='bbox 1360 3869 1662 3938; x_wconf 89' lang='lat' dir='ltr'><strong>consumpti</strong></span> <span class='ocrx_word' id='word_1_548' title='bbox 1716 3867 1896 3937; x_wconf 90' lang='lat' dir='ltr'><strong>inopia</strong></span> <span class='ocrx_word' id='word_1_549' title='bbox 1944 3867 2094 3922; x_wconf 89' lang='lat' dir='ltr'><strong>tabc-</strong></span> 
     </span>
    </p>
   </div>
   <div class='ocr_carea' id='block_1_72' title="bbox 512 3967 685 4015">
    <p class='ocr_par' dir='ltr' id='par_1_72' title="bbox 512 3967 685 4015">
     <span class='ocr_line' id='line_1_72' title="bbox 512 3967 685 4015; baseline -0.017 0"><span class='ocrx_word' id='word_1_550' title='bbox 512 3967 685 4015; x_wconf 84' lang='lat' dir='ltr'><strong>scent.</strong></span> 
     </span>
    </p>
   </div>
   <div class='ocr_carea' id='block_1_73' title="bbox 581 4051 2094 4125">
    <p class='ocr_par' dir='ltr' id='par_1_73' title="bbox 581 4051 2094 4125">
     <span class='ocr_line' id='line_1_73' title="bbox 581 4051 2094 4125; baseline -0.002 -16"><span class='ocrx_word' id='word_1_551' title='bbox 581 4053 742 4109; x_wconf 76' lang='lat' dir='ltr'><strong>Vsus.</strong></span> <span class='ocrx_word' id='word_1_552' title='bbox 776 4053 862 4116; x_wconf 77' lang='lat' dir='ltr'><strong>l7.</strong></span> <span class='ocrx_word' id='word_1_553' title='bbox 884 4083 956 4094; x_wconf 89' lang='lat'><strong>——-</strong></span> <span class='ocrx_word' id='word_1_554' title='bbox 982 4051 1199 4108; x_wconf 80' lang='lat' dir='ltr'><strong>Custodi</strong></span> <span class='ocrx_word' id='word_1_555' title='bbox 1223 4053 1405 4125; x_wconf 82' lang='lat' dir='ltr'><strong>pedem</strong></span> <span class='ocrx_word' id='word_1_556' title='bbox 1431 4062 1578 4108; x_wconf 86' lang='lat' dir='ltr'><strong>tuum</strong></span> <span class='ocrx_word' id='word_1_557' title='bbox 1606 4053 1899 4124; x_wconf 82' lang='lat' dir='ltr'><strong>ingrediens</strong></span> <span class='ocrx_word' id='word_1_558' title='bbox 1927 4053 1980 4106; x_wconf 89' lang='lat' dir='ltr'><strong>in</strong></span> <span class='ocrx_word' id='word_1_559' title='bbox 2003 4051 2094 4106; x_wconf 91' lang='lat' dir='ltr'><strong>do-</strong></span> 
     </span>
    </p>
   </div>
   <div class='ocr_carea' id='block_1_74' title="bbox 507 4143 2096 4216">
    <p class='ocr_par' dir='ltr' id='par_1_74' title="bbox 507 4143 2096 4216">
     <span class='ocr_line' id='line_1_74' title="bbox 507 4143 2096 4216; baseline -0.003 -14"><span class='ocrx_word' id='word_1_560' title='bbox 507 4160 650 4202; x_wconf 79' lang='lat' dir='ltr'><strong>mum</strong></span> <span class='ocrx_word' id='word_1_561' title='bbox 673 4143 794 4210; x_wconf 89' lang='lat' dir='ltr'><strong>Dei,</strong></span> <span class='ocrx_word' id='word_1_562' title='bbox 819 4153 870 4198; x_wconf 87' lang='lat' dir='ltr'><strong>et</strong></span> <span class='ocrx_word' id='word_1_563' title='bbox 888 4145 1180 4216; x_wconf 85' lang='lat' dir='ltr'><strong>propinqua</strong></span> <span class='ocrx_word' id='word_1_564' title='bbox 1210 4153 1267 4197; x_wconf 89' lang='lat' dir='ltr'><strong>ut</strong></span> <span class='ocrx_word' id='word_1_565' title='bbox 1297 4143 1504 4198; x_wconf 85' lang='lat' dir='ltr'><strong>audias.</strong></span> <span class='ocrx_word' id='word_1_566' title='bbox 1537 4143 1707 4198; x_wconf 81' lang='lat' dir='ltr'><strong>Multo</strong></span> <span class='ocrx_word' id='word_1_567' title='bbox 1737 4144 1872 4198; x_wconf 88' lang='lat' dir='ltr'><strong>enim</strong></span> <span class='ocrx_word' id='word_1_568' title='bbox 1911 4143 2096 4198; x_wconf 85' lang='lat' dir='ltr'><strong>melior</strong></span> 
     </span>
    </p>
   </div>
   <div class='ocr_carea' id='block_1_75' title="bbox 505 4233 2092 4306">
    <p class='ocr_par' dir='ltr' id='par_1_75' title="bbox 505 4233 2092 4306">
     <span class='ocr_line' id='line_1_75' title="bbox 505 4233 2092 4306; baseline -0.002 -14"><span class='ocrx_word' id='word_1_569' title='bbox 505 4245 584 4292; x_wconf 83' lang='lat' dir='ltr'><strong>est</strong></span> <span class='ocrx_word' id='word_1_570' title='bbox 613 4235 904 4292; x_wconf 83' lang='lat' dir='ltr'><strong>abedientia</strong></span> <span class='ocrx_word' id='word_1_571' title='bbox 927 4252 1086 4306; x_wconf 88' lang='lat' dir='ltr'><strong>quam</strong></span> <span class='ocrx_word' id='word_1_572' title='bbox 1125 4233 1402 4290; x_wconf 86' lang='lat' dir='ltr'><strong>stultorum</strong></span> <span class='ocrx_word' id='word_1_573' title='bbox 1449 4237 1691 4301; x_wconf 66' lang='lat' dir='ltr'><strong>victimae,</strong></span> <span class='ocrx_word' id='word_1_574' title='bbox 1721 4235 1812 4306; x_wconf 86' lang='lat' dir='ltr'><strong>qui</strong></span> <span class='ocrx_word' id='word_1_575' title='bbox 1859 4236 2092 4290; x_wconf 80' lang='lat' dir='ltr'><strong>nesciunt</strong></span> 
     </span>
    </p>
   </div>
   <div class='ocr_carea' id='block_1_76' title="bbox 507 4325 2094 4401">
    <p class='ocr_par' dir='ltr' id='par_1_76' title="bbox 507 4325 2094 4401">
     <span class='ocr_line' id='line_1_76' title="bbox 507 4325 2094 4401; baseline 0.001 -19"><span class='ocrx_word' id='word_1_576' title='bbox 507 4327 638 4401; x_wconf 81' lang='lat' dir='ltr'><strong>quid</strong></span> <span class='ocrx_word' id='word_1_577' title='bbox 665 4327 868 4398; x_wconf 80' lang='lat' dir='ltr'><strong>faciunt</strong></span> <span class='ocrx_word' id='word_1_578' title='bbox 912 4325 1058 4381; x_wconf 85' lang='lat' dir='ltr'><strong>mali.</strong></span> <span class='ocrx_word' id='word_1_579' title='bbox 1105 4326 1382 4396; x_wconf 66' lang='lat' dir='ltr'><strong>Praecepta</strong></span> <span class='ocrx_word' id='word_1_580' title='bbox 1427 4326 1520 4382; x_wconf 90' lang='lat' dir='ltr'><strong>dat</strong></span> <span class='ocrx_word' id='word_1_581' title='bbox 1568 4327 1712 4392; x_wconf 76' lang='lat' dir='ltr'><strong>vitae,</strong></span> <span class='ocrx_word' id='word_1_582' title='bbox 1745 4334 1800 4381; x_wconf 91' lang='lat' dir='ltr'><strong>et</strong></span> <span class='ocrx_word' id='word_1_583' title='bbox 1843 4342 1950 4383; x_wconf 89' lang='lat' dir='ltr'><strong>non</strong></span> <span class='ocrx_word' id='word_1_584' title='bbox 1978 4327 2094 4384; x_wconf 90' lang='lat' dir='ltr'><strong>vult</strong></span> 
     </span>
    </p>
   </div>
   <div class='ocr_carea' id='block_1_77' title="bbox 509 4415 2091 4490">
    <p class='ocr_par' dir='ltr' id='par_1_77' title="bbox 509 4415 2091 4490">
     <span class='ocr_line' id='line_1_77' title="bbox 509 4415 2091 4490; baseline 0 -16"><span class='ocrx_word' id='word_1_585' title='bbox 509 4418 782 4476; x_wconf 81' lang='lat' dir='ltr'><strong>oﬂ&#39;endere</strong></span> <span class='ocrx_word' id='word_1_586' title='bbox 831 4427 1022 4474; x_wconf 86' lang='lat' dir='ltr'><strong>euntes</strong></span> <span class='ocrx_word' id='word_1_587' title='bbox 1061 4419 1130 4474; x_wconf 88' lang='lat' dir='ltr'><strong>ad</strong></span> <span class='ocrx_word' id='word_1_588' title='bbox 1176 4417 1492 4474; x_wconf 88' lang='lat' dir='ltr'><strong>Ecclesiam.</strong></span> <span class='ocrx_word' id='word_1_589' title='bbox 1533 4415 1651 4473; x_wconf 87' lang='lat' dir='ltr'><strong>Non</strong></span> <span class='ocrx_word' id='word_1_590' title='bbox 1687 4419 1833 4473; x_wconf 91' lang='lat' dir='ltr'><strong>enim</strong></span> <span class='ocrx_word' id='word_1_591' title='bbox 1885 4419 2091 4490; x_wconf 85' lang='lat' dir='ltr'><strong>ingredi</strong></span> 
     </span>
    </p>
   </div>
   <div class='ocr_carea' id='block_1_78' title="bbox 2181 3237 3782 3312">
    <p class='ocr_par' dir='ltr' id='par_1_78' title="bbox 2181 3237 3782 3312">
     <span class='ocr_line' id='line_1_78' title="bbox 2181 3237 3782 3312; baseline 0.001 -18"><span class='ocrx_word' id='word_1_592' title='bbox 2181 3237 2292 3294; x_wconf 77' lang='lat' dir='ltr'><strong>Sed</strong></span> <span class='ocrx_word' id='word_1_593' title='bbox 2319 3241 2664 3312; x_wconf 83' lang='lat' dir='ltr'><strong>quodcunque</strong></span> <span class='ocrx_word' id='word_1_594' title='bbox 2699 3241 2916 3305; x_wconf 71' lang='lat' dir='ltr'><strong>noveris,</strong></span> <span class='ocrx_word' id='word_1_595' title='bbox 2958 3241 3134 3295; x_wconf 79' lang='lat' dir='ltr'><strong>redde.</strong></span> <span class='ocrx_word' id='word_1_596' title='bbox 3174 3241 3440 3312; x_wconf 73' lang='lat' dir='ltr'><strong>Multoque</strong></span> <span class='ocrx_word' id='word_1_597' title='bbox 3487 3241 3674 3296; x_wconf 86' lang='lat' dir='ltr'><strong>melius</strong></span> <span class='ocrx_word' id='word_1_598' title='bbox 3703 3255 3782 3296; x_wconf 83' lang='lat' dir='ltr'><strong>est</strong></span> 
     </span>
    </p>
   </div>
   <div class='ocr_carea' id='block_1_79' title="bbox 2186 3332 3782 3403">
    <p class='ocr_par' dir='ltr' id='par_1_79' title="bbox 2186 3332 3782 3403">
     <span class='ocr_line' id='line_1_79' title="bbox 2186 3332 3782 3403; baseline 0.003 -19"><span class='ocrx_word' id='word_1_599' title='bbox 2186 3346 2296 3385; x_wconf 81' lang='lat' dir='ltr'><strong>non</strong></span> <span class='ocrx_word' id='word_1_600' title='bbox 2334 3347 2536 3398; x_wconf 78' lang='lat' dir='ltr'><strong>vovere,</strong></span> <span class='ocrx_word' id='word_1_601' title='bbox 2565 3347 2724 3402; x_wconf 84' lang='lat' dir='ltr'><strong>quam</strong></span> <span class='ocrx_word' id='word_1_602' title='bbox 2762 3340 2875 3402; x_wconf 86' lang='lat' dir='ltr'><strong>post</strong></span> <span class='ocrx_word' id='word_1_603' title='bbox 2903 3339 3080 3386; x_wconf 83' lang='lat' dir='ltr'><strong>votum</strong></span> <span class='ocrx_word' id='word_1_604' title='bbox 3122 3333 3376 3403; x_wconf 85' lang='lat' dir='ltr'><strong>promissa</strong></span> <span class='ocrx_word' id='word_1_605' title='bbox 3403 3348 3506 3386; x_wconf 88' lang='lat' dir='ltr'><strong>non</strong></span> <span class='ocrx_word' id='word_1_606' title='bbox 3534 3332 3782 3389; x_wconf 83' lang='lat' dir='ltr'><strong>reddere.</strong></span> 
     </span>
    </p>
   </div>
   <div class='ocr_carea' id='block_1_80' title="bbox 2191 3419 3780 3494">
    <p class='ocr_par' dir='ltr' id='par_1_80' title="bbox 2191 3419 3780 3494">
     <span class='ocr_line' id='line_1_80' title="bbox 2191 3419 3780 3494; baseline 0.001 -20"><span class='ocrx_word' id='word_1_607' title='bbox 2191 3419 2430 3489; x_wconf 78' lang='lat' dir='ltr'><strong>Simplex</strong></span> <span class='ocrx_word' id='word_1_608' title='bbox 2474 3421 2845 3492; x_wconf 89' lang='lat' dir='ltr'><strong>intelligentia,</strong></span> <span class='ocrx_word' id='word_1_609' title='bbox 2899 3419 3342 3491; x_wconf 85' lang='lat' dir='ltr'><strong>interpretatione</strong></span> <span class='ocrx_word' id='word_1_610' title='bbox 3390 3437 3496 3477; x_wconf 90' lang='lat' dir='ltr'><strong>non</strong></span> <span class='ocrx_word' id='word_1_611' title='bbox 3553 3422 3780 3494; x_wconf 82' lang='lat' dir='ltr'><strong>indiget.</strong></span> 
     </span>
    </p>
   </div>
   <div class='ocr_carea' id='block_1_81' title="bbox 2190 3509 3775 3583">
    <p class='ocr_par' dir='ltr' id='par_1_81' title="bbox 2190 3509 3775 3583">
     <span class='ocr_line' id='line_1_81' title="bbox 2190 3509 3775 3583; baseline 0.004 -19"><span class='ocrx_word' id='word_1_612' title='bbox 2190 3509 2379 3566; x_wconf 86' lang='lat' dir='ltr'><strong>Melius</strong></span> <span class='ocrx_word' id='word_1_613' title='bbox 2401 3519 2486 3567; x_wconf 89' lang='lat' dir='ltr'><strong>est</strong></span> <span class='ocrx_word' id='word_1_614' title='bbox 2505 3527 2610 3567; x_wconf 91' lang='lat' dir='ltr'><strong>non</strong></span> <span class='ocrx_word' id='word_1_615' title='bbox 2634 3512 2952 3582; x_wconf 87' lang='lat' dir='ltr'><strong>promittere</strong></span> <span class='ocrx_word' id='word_1_616' title='bbox 2979 3527 3140 3581; x_wconf 92' lang='lat' dir='ltr'><strong>quam</strong></span> <span class='ocrx_word' id='word_1_617' title='bbox 3159 3513 3421 3583; x_wconf 87' lang='lat' dir='ltr'><strong>promissa</strong></span> <span class='ocrx_word' id='word_1_618' title='bbox 3441 3528 3550 3568; x_wconf 86' lang='lat' dir='ltr'><strong>non</strong></span> <span class='ocrx_word' id='word_1_619' title='bbox 3578 3511 3775 3578; x_wconf 82' lang='lat' dir='ltr'><strong>facere,</strong></span> 
     </span>
    </p>
   </div>
   <div class='ocr_carea' id='block_1_82' title="bbox 2191 3599 3781 3675">
    <p class='ocr_par' dir='ltr' id='par_1_82' title="bbox 2191 3599 3781 3675">
     <span class='ocr_line' id='line_1_82' title="bbox 2191 3599 3781 3675; baseline 0.003 -21"><span class='ocrx_word' id='word_1_620' title='bbox 2191 3601 2317 3670; x_wconf 90' lang='lat' dir='ltr'><strong>quia</strong></span> <span class='ocrx_word' id='word_1_621' title='bbox 2341 3601 2622 3670; x_wconf 89' lang='lat' dir='ltr'><strong>displicent</strong></span> <span class='ocrx_word' id='word_1_622' title='bbox 2647 3599 2802 3672; x_wconf 78' lang='lat' dir='ltr'><strong>[Ms.,</strong></span> <span class='ocrx_word' id='word_1_623' title='bbox 2824 3601 3157 3675; x_wconf 90' lang='lat' dir='ltr'><strong>displiciunt]</strong></span> <span class='ocrx_word' id='word_1_624' title='bbox 3179 3602 3290 3658; x_wconf 90' lang='lat' dir='ltr'><strong>Deo</strong></span> <span class='ocrx_word' id='word_1_625' title='bbox 3311 3613 3433 3658; x_wconf 82' lang='lat' dir='ltr'><strong>vota</strong></span> <span class='ocrx_word' id='word_1_626' title='bbox 3457 3603 3781 3670; x_wconf 70' lang='lat' dir='ltr'><strong>infidelium,</strong></span> 
     </span>
    </p>
   </div>
   <div class='ocr_carea' id='block_1_83' title="bbox 2191 3688 3780 3760">
    <p class='ocr_par' dir='ltr' id='par_1_83' title="bbox 2191 3688 3780 3760">
     <span class='ocr_line' id='line_1_83' title="bbox 2191 3688 3780 3760; baseline 0.004 -17"><span class='ocrx_word' id='word_1_627' title='bbox 2191 3689 2284 3758; x_wconf 91' lang='lat' dir='ltr'><strong>qui</strong></span> <span class='ocrx_word' id='word_1_628' title='bbox 2311 3703 2419 3749; x_wconf 83' lang='lat' dir='ltr'><strong>non</strong></span> <span class='ocrx_word' id='word_1_629' title='bbox 2444 3688 2669 3759; x_wconf 87' lang='lat' dir='ltr'><strong>implent</strong></span> <span class='ocrx_word' id='word_1_630' title='bbox 2697 3705 2818 3760; x_wconf 87' lang='lat' dir='ltr'><strong>quae</strong></span> <span class='ocrx_word' id='word_1_631' title='bbox 2841 3691 3160 3760; x_wconf 89' lang='lat' dir='ltr'><strong>promittunt</strong></span> <span class='ocrx_word' id='word_1_632' title='bbox 3204 3693 3334 3749; x_wconf 88' lang='lat' dir='ltr'><strong>Deo.</strong></span> <span class='ocrx_word' id='word_1_633' title='bbox 3379 3693 3523 3750; x_wconf 90' lang='lat' dir='ltr'><strong>Deus</strong></span> <span class='ocrx_word' id='word_1_634' title='bbox 3553 3696 3659 3752; x_wconf 88' lang='lat' dir='ltr'><strong>nisi</strong></span> <span class='ocrx_word' id='word_1_635' title='bbox 3684 3712 3780 3750; x_wconf 88' lang='lat' dir='ltr'><strong>ve-</strong></span> 
     </span>
    </p>
   </div>
   <div class='ocr_carea' id='block_1_84' title="bbox 2195 3782 3778 3857">
    <p class='ocr_par' dir='ltr' id='par_1_84' title="bbox 2195 3782 3778 3857">
     <span class='ocr_line' id='line_1_84' title="bbox 2195 3782 3778 3857; baseline 0.006 -24"><span class='ocrx_word' id='word_1_636' title='bbox 2195 3793 2290 3834; x_wconf 82' lang='lat' dir='ltr'><strong>rax</strong></span> <span class='ocrx_word' id='word_1_637' title='bbox 2330 3787 2414 3835; x_wconf 88' lang='lat' dir='ltr'><strong>est</strong></span> <span class='ocrx_word' id='word_1_638' title='bbox 2452 3787 2509 3834; x_wconf 90' lang='lat' dir='ltr'><strong>et</strong></span> <span class='ocrx_word' id='word_1_639' title='bbox 2553 3782 2774 3846; x_wconf 89' lang='lat' dir='ltr'><strong>veritas,</strong></span> <span class='ocrx_word' id='word_1_640' title='bbox 2802 3796 3004 3852; x_wconf 86' lang='lat' dir='ltr'><strong>eosque</strong></span> <span class='ocrx_word' id='word_1_641' title='bbox 3031 3791 3178 3838; x_wconf 87' lang='lat' dir='ltr'><strong>amat</strong></span> <span class='ocrx_word' id='word_1_642' title='bbox 3205 3784 3300 3853; x_wconf 88' lang='lat' dir='ltr'><strong>qui</strong></span> <span class='ocrx_word' id='word_1_643' title='bbox 3340 3786 3585 3840; x_wconf 79' lang='lat' dir='ltr'><strong>veritatis</strong></span> <span class='ocrx_word' id='word_1_644' title='bbox 3608 3802 3778 3857; x_wconf 85' lang='lat' dir='ltr'><strong>opera</strong></span> 
     </span>
    </p>
   </div>
   <div class='ocr_carea' id='block_1_85' title="bbox 2192 3869 3787 3951">
    <p class='ocr_par' dir='ltr' id='par_1_85' title="bbox 2192 3869 3787 3951">
     <span class='ocr_line' id='line_1_85' title="bbox 2192 3869 3787 3951; baseline 0.006 -25"><span class='ocrx_word' id='word_1_645' title='bbox 2192 3869 2420 3926; x_wconf 87' lang='lat' dir='ltr'><strong>faciunt.</strong></span> <span class='ocrx_word' id='word_1_646' title='bbox 2449 3871 2768 3928; x_wconf 87' lang='lat' dir='ltr'><strong>Consideret</strong></span> <span class='ocrx_word' id='word_1_647' title='bbox 2804 3874 2964 3930; x_wconf 90' lang='lat' dir='ltr'><strong>homo</strong></span> <span class='ocrx_word' id='word_1_648' title='bbox 2989 3875 3132 3944; x_wconf 85' lang='lat' dir='ltr'><strong>quod</strong></span> <span class='ocrx_word' id='word_1_649' title='bbox 3175 3875 3328 3948; x_wconf 74' lang='lat' dir='ltr'><strong>[Ms.,</strong></span> <span class='ocrx_word' id='word_1_650' title='bbox 3357 3877 3508 3951; x_wconf 87' lang='lat' dir='ltr'><strong>quid]</strong></span> <span class='ocrx_word' id='word_1_651' title='bbox 3549 3880 3662 3935; x_wconf 86' lang='lat' dir='ltr'><strong>Deo</strong></span> <span class='ocrx_word' id='word_1_652' title='bbox 3688 3896 3787 3935; x_wconf 79' lang='lat' dir='ltr'><strong>vo-</strong></span> 
     </span>
    </p>
   </div>
   <div class='ocr_carea' id='block_1_86' title="bbox 2191 3963 3787 4042">
    <p class='ocr_par' dir='ltr' id='par_1_86' title="bbox 2191 3963 3787 4042">
     <span class='ocr_line' id='line_1_86' title="bbox 2191 3963 3787 4042; baseline 0.006 -25"><span class='ocrx_word' id='word_1_653' title='bbox 2191 3970 2336 4027; x_wconf 89' lang='lat' dir='ltr'><strong>veat,</strong></span> <span class='ocrx_word' id='word_1_654' title='bbox 2358 3977 2428 4018; x_wconf 91' lang='lat' dir='ltr'><strong>an</strong></span> <span class='ocrx_word' id='word_1_655' title='bbox 2448 3963 2672 4034; x_wconf 90' lang='lat' dir='ltr'><strong>implere</strong></span> <span class='ocrx_word' id='word_1_656' title='bbox 2689 3964 2860 4033; x_wconf 86' lang='lat' dir='ltr'><strong>possit</strong></span> <span class='ocrx_word' id='word_1_657' title='bbox 2884 3981 3004 4035; x_wconf 76' lang='lat' dir='ltr'><strong>quae</strong></span> <span class='ocrx_word' id='word_1_658' title='bbox 3027 3981 3219 4023; x_wconf 81' lang='lat' dir='ltr'><strong>vovere</strong></span> <span class='ocrx_word' id='word_1_659' title='bbox 3241 3969 3462 4040; x_wconf 87' lang='lat' dir='ltr'><strong>cogitat.</strong></span> <span class='ocrx_word' id='word_1_660' title='bbox 3489 3967 3596 4024; x_wconf 90' lang='lat' dir='ltr'><strong>Sed</strong></span> <span class='ocrx_word' id='word_1_661' title='bbox 3618 3985 3787 4042; x_wconf 83' lang='lat' dir='ltr'><strong>gene-</strong></span> 
     </span>
    </p>
   </div>
   <div class='ocr_carea' id='block_1_87' title="bbox 2191 4051 3788 4130">
    <p class='ocr_par' dir='ltr' id='par_1_87' title="bbox 2191 4051 3788 4130">
     <span class='ocr_line' id='line_1_87' title="bbox 2191 4051 3788 4130; baseline 0.008 -26"><span class='ocrx_word' id='word_1_662' title='bbox 2191 4051 2382 4106; x_wconf 87' lang='lat' dir='ltr'><strong>raliter</strong></span> <span class='ocrx_word' id='word_1_663' title='bbox 2407 4052 2552 4106; x_wconf 90' lang='lat' dir='ltr'><strong>omni</strong></span> <span class='ocrx_word' id='word_1_664' title='bbox 2598 4053 2909 4124; x_wconf 78' lang='lat' dir='ltr'><strong>prtncipitur</strong></span> <span class='ocrx_word' id='word_1_665' title='bbox 2951 4055 3280 4124; x_wconf 87' lang='lat' dir='ltr'><strong>Christiano,</strong></span> <span class='ocrx_word' id='word_1_666' title='bbox 3329 4069 3390 4114; x_wconf 90' lang='lat' dir='ltr'><strong>ut</strong></span> <span class='ocrx_word' id='word_1_667' title='bbox 3417 4058 3575 4114; x_wconf 82' lang='lat' dir='ltr'><strong>fidem</strong></span> <span class='ocrx_word' id='word_1_668' title='bbox 3617 4076 3788 4130; x_wconf 81' lang='lat' dir='ltr'><strong>opere</strong></span> 
     </span>
    </p>
   </div>
   <div class='ocr_carea' id='block_1_88' title="bbox 2191 4143 3787 4220">
    <p class='ocr_par' dir='ltr' id='par_1_88' title="bbox 2191 4143 3787 4220">
     <span class='ocr_line' id='line_1_88' title="bbox 2191 4143 3787 4220; baseline 0.006 -22"><span class='ocrx_word' id='word_1_669' title='bbox 2191 4143 2478 4212; x_wconf 87' lang='lat' dir='ltr'><strong>compleat,</strong></span> <span class='ocrx_word' id='word_1_670' title='bbox 2513 4153 2569 4200; x_wconf 88' lang='lat' dir='ltr'><strong>et</strong></span> <span class='ocrx_word' id='word_1_671' title='bbox 2595 4159 2703 4200; x_wconf 88' lang='lat' dir='ltr'><strong>non</strong></span> <span class='ocrx_word' id='word_1_672' title='bbox 2725 4147 2798 4200; x_wconf 88' lang='lat' dir='ltr'><strong>sit</strong></span> <span class='ocrx_word' id='word_1_673' title='bbox 2823 4147 3016 4204; x_wconf 88' lang='lat' dir='ltr'><strong>similis</strong></span> <span class='ocrx_word' id='word_1_674' title='bbox 3038 4147 3371 4218; x_wconf 65' lang='lat' dir='ltr'><strong>ludaeorum,</strong></span> <span class='ocrx_word' id='word_1_675' title='bbox 3393 4151 3485 4220; x_wconf 89' lang='lat' dir='ltr'><strong>qui</strong></span> <span class='ocrx_word' id='word_1_676' title='bbox 3513 4153 3787 4220; x_wconf 86' lang='lat' dir='ltr'><strong>spondent</strong></span> 
     </span>
    </p>
   </div>
   <div class='ocr_carea' id='block_1_89' title="bbox 2191 4232 3784 4309">
    <p class='ocr_par' dir='ltr' id='par_1_89' title="bbox 2191 4232 3784 4309">
     <span class='ocr_line' id='line_1_89' title="bbox 2191 4232 3784 4309; baseline 0.005 -21"><span class='ocrx_word' id='word_1_677' title='bbox 2191 4247 2253 4289; x_wconf 88' lang='lat' dir='ltr'><strong>se</strong></span> <span class='ocrx_word' id='word_1_678' title='bbox 2275 4234 2457 4289; x_wconf 91' lang='lat' dir='ltr'><strong>omnia</strong></span> <span class='ocrx_word' id='word_1_679' title='bbox 2485 4232 2686 4301; x_wconf 88' lang='lat' dir='ltr'><strong>facere,</strong></span> <span class='ocrx_word' id='word_1_680' title='bbox 2721 4251 2842 4305; x_wconf 77' lang='lat' dir='ltr'><strong>quae</strong></span> <span class='ocrx_word' id='word_1_681' title='bbox 2889 4237 3148 4294; x_wconf 90' lang='lat' dir='ltr'><strong>Dominus</strong></span> <span class='ocrx_word' id='word_1_682' title='bbox 3182 4241 3445 4309; x_wconf 76' lang='lat' dir='ltr'><strong>przecipit,</strong></span> <span class='ocrx_word' id='word_1_683' title='bbox 3493 4239 3738 4296; x_wconf 86' lang='lat' dir='ltr'><strong>dicentes</strong></span> <span class='ocrx_word' id='word_1_684' title='bbox 3767 4257 3784 4296; x_wconf 90' lang='lat'><strong>:</strong></span> 
     </span>
    </p>
   </div>
   <div class='ocr_carea' id='block_1_90' title="bbox 2196 4324 3788 4398">
    <p class='ocr_par' dir='ltr' id='par_1_90' title="bbox 2196 4324 3788 4398">
     <span class='ocr_line' id='line_1_90' title="bbox 2196 4324 3788 4398; baseline 0.001 -18"><span class='ocrx_word' id='word_1_685' title='bbox 2196 4324 2388 4380; x_wconf 84' lang='lat' dir='ltr'><strong>Omnia</strong></span> <span class='ocrx_word' id='word_1_686' title='bbox 2423 4342 2744 4398; x_wconf 62' lang='lat' dir='ltr'><strong>quacunque</strong></span> <span class='ocrx_word' id='word_1_687' title='bbox 2783 4328 3028 4398; x_wconf 71' lang='lat' dir='ltr'><strong>pra&#39;cepit</strong></span> <span class='ocrx_word' id='word_1_688' title='bbox 3061 4327 3210 4383; x_wconf 85' lang='lat' dir='ltr'><strong>nobis</strong></span> <span class='ocrx_word' id='word_1_689' title='bbox 3237 4327 3495 4384; x_wconf 84' lang='lat' dir='ltr'><strong>Dominus</strong></span> <span class='ocrx_word' id='word_1_690' title='bbox 3525 4328 3788 4396; x_wconf 80' lang='lat' dir='ltr'><strong>faciemus</strong></span> 
     </span>
    </p>
   </div>
   <div class='ocr_carea' id='block_1_91' title="bbox 2195 4416 3788 4490">
    <p class='ocr_par' dir='ltr' id='par_1_91' title="bbox 2195 4416 3788 4490">
     <span class='ocr_line' id='line_1_91' title="bbox 2195 4416 3788 4490; baseline -0.001 -13"><span class='ocrx_word' id='word_1_691' title='bbox 2195 4416 2392 4490; x_wconf 74' lang='lat' dir='ltr'><strong>(Exod.</strong></span> <span class='ocrx_word' id='word_1_692' title='bbox 2425 4434 2570 4484; x_wconf 75' lang='lat' dir='ltr'><strong>xnv,</strong></span> <span class='ocrx_word' id='word_1_693' title='bbox 2599 4418 2657 4490; x_wconf 78' lang='grc'><strong>5)</strong></span> <span class='ocrx_word' id='word_1_694' title='bbox 2684 4435 2700 4485; x_wconf 90' lang='lat'><strong>;</strong></span> <span class='ocrx_word' id='word_1_695' title='bbox 2748 4427 2937 4488; x_wconf 89' lang='lat' dir='ltr'><strong>postea</strong></span> <span class='ocrx_word' id='word_1_696' title='bbox 2965 4419 3164 4476; x_wconf 88' lang='lat' dir='ltr'><strong>vitulos</strong></span> <span class='ocrx_word' id='word_1_697' title='bbox 3203 4419 3488 4488; x_wconf 84' lang='lat' dir='ltr'><strong>facientes,</strong></span> <span class='ocrx_word' id='word_1_698' title='bbox 3519 4421 3788 4476; x_wconf 69' lang='lat' dir='ltr'><strong>adorare-</strong></span> 
     </span>
    </p>
   </div>
   <div class='ocr_carea' id='block_1_92' title="bbox 510 4507 2510 4583">
    <p class='ocr_par' dir='ltr' id='par_1_92' title="bbox 510 4507 2510 4583">
     <span class='ocr_line' id='line_1_92' title="bbox 510 4507 2510 4583; baseline -0.001 -19"><span class='ocrx_word' id='word_1_699' title='bbox 510 4509 728 4564; x_wconf 89' lang='lat' dir='ltr'><strong>domum</strong></span> <span class='ocrx_word' id='word_1_700' title='bbox 755 4507 872 4573; x_wconf 88' lang='lat' dir='ltr'><strong>Dei,</strong></span> <span class='ocrx_word' id='word_1_701' title='bbox 919 4508 1015 4564; x_wconf 91' lang='lat' dir='ltr'><strong>sed</strong></span> <span class='ocrx_word' id='word_1_702' title='bbox 1050 4509 1168 4564; x_wconf 89' lang='lat' dir='ltr'><strong>sine</strong></span> <span class='ocrx_word' id='word_1_703' title='bbox 1197 4507 1490 4564; x_wconf 83' lang='lat' dir='ltr'><strong>oll‘ensione</strong></span> <span class='ocrx_word' id='word_1_704' title='bbox 1534 4509 1740 4580; x_wconf 88' lang='lat' dir='ltr'><strong>ingredi</strong></span> <span class='ocrx_word' id='word_1_705' title='bbox 1787 4508 1960 4565; x_wconf 89' lang='lat' dir='ltr'><strong>laudis</strong></span> <span class='ocrx_word' id='word_1_706' title='bbox 1987 4518 2092 4565; x_wconf 90' lang='lat' dir='ltr'><strong>est.</strong></span> <span class='ocrx_word' id='word_1_707' title='bbox 2121 4524 2176 4583; x_wconf 81' lang='grc' dir='ltr'><strong>ι)</strong></span> <span class='ocrx_word' id='word_1_708' title='bbox 2195 4515 2324 4562; x_wconf 90' lang='lat' dir='ltr'><strong>runt</strong></span> <span class='ocrx_word' id='word_1_709' title='bbox 2349 4509 2510 4564; x_wconf 89' lang='lat' dir='ltr'><strong>idola.</strong></span> 
     </span>
    </p>
   </div>
   <div class='ocr_carea' id='block_1_93' title="bbox 507 4602 2094 4672">
    <p class='ocr_par' dir='ltr' id='par_1_93' title="bbox 507 4602 2094 4672">
     <span class='ocr_line' id='line_1_93' title="bbox 507 4602 2094 4672; baseline 0.003 -15"><span class='ocrx_word' id='word_1_710' title='bbox 507 4603 575 4658; x_wconf 84' lang='lat' dir='ltr'><strong>Et</strong></span> <span class='ocrx_word' id='word_1_711' title='bbox 602 4602 648 4657; x_wconf 87' lang='lat' dir='ltr'><strong>si</strong></span> <span class='ocrx_word' id='word_1_712' title='bbox 679 4610 820 4657; x_wconf 87' lang='lat' dir='ltr'><strong>esset</strong></span> <span class='ocrx_word' id='word_1_713' title='bbox 843 4603 1082 4657; x_wconf 88' lang='lat' dir='ltr'><strong>omnium</strong></span> <span class='ocrx_word' id='word_1_714' title='bbox 1105 4602 1197 4672; x_wconf 89' lang='lat' dir='ltr'><strong>qui</strong></span> <span class='ocrx_word' id='word_1_715' title='bbox 1224 4612 1350 4658; x_wconf 89' lang='lat' dir='ltr'><strong>sunt</strong></span> <span class='ocrx_word' id='word_1_716' title='bbox 1393 4604 1447 4658; x_wconf 91' lang='lat' dir='ltr'><strong>in</strong></span> <span class='ocrx_word' id='word_1_717' title='bbox 1481 4603 1720 4659; x_wconf 89' lang='lat' dir='ltr'><strong>Ecclesia</strong></span> <span class='ocrx_word' id='word_1_718' title='bbox 1759 4604 1878 4671; x_wconf 88' lang='lat' dir='ltr'><strong>Dei,</strong></span> <span class='ocrx_word' id='word_1_719' title='bbox 1906 4605 2094 4661; x_wconf 89' lang='lat' dir='ltr'><strong>audire</strong></span> 
     </span>
    </p>
   </div>
   <div class='ocr_carea' id='block_1_94' title="bbox 507 4690 2094 4763">
    <p class='ocr_par' dir='ltr' id='par_1_94' title="bbox 507 4690 2094 4763">
     <span class='ocr_line' id='line_1_94' title="bbox 507 4690 2094 4763; baseline 0.003 -19"><span class='ocrx_word' id='word_1_720' title='bbox 507 4705 812 4746; x_wconf 87' lang='lat' dir='ltr'><strong>sermonem</strong></span> <span class='ocrx_word' id='word_1_721' title='bbox 837 4699 892 4745; x_wconf 92' lang='lat' dir='ltr'><strong>et</strong></span> <span class='ocrx_word' id='word_1_722' title='bbox 930 4690 1109 4744; x_wconf 89' lang='lat' dir='ltr'><strong>divina</strong></span> <span class='ocrx_word' id='word_1_723' title='bbox 1139 4691 1414 4763; x_wconf 81' lang='lat' dir='ltr'><strong>mysteria,</strong></span> <span class='ocrx_word' id='word_1_724' title='bbox 1461 4707 1736 4762; x_wconf 89' lang='lat' dir='ltr'><strong>nunquam</strong></span> <span class='ocrx_word' id='word_1_725' title='bbox 1779 4693 2094 4759; x_wconf 87' lang='lat' dir='ltr'><strong>addidisset,</strong></span> 
     </span>
    </p>
   </div>
   <div class='ocr_carea' id='block_1_95' title="bbox 507 4779 2093 4855">
    <p class='ocr_par' dir='ltr' id='par_1_95' title="bbox 507 4779 2093 4855">
     <span class='ocr_line' id='line_1_95' title="bbox 507 4779 2093 4855; baseline 0.004 -21"><span class='ocrx_word' id='word_1_726' title='bbox 507 4779 878 4852; x_wconf 81' lang='lat' dir='ltr'><strong>Appmpinqua</strong></span> <span class='ocrx_word' id='word_1_727' title='bbox 903 4789 960 4834; x_wconf 87' lang='lat' dir='ltr'><strong>ut</strong></span> <span class='ocrx_word' id='word_1_728' title='bbox 984 4779 1193 4834; x_wconf 87' lang='lat' dir='ltr'><strong>audias.</strong></span> <span class='ocrx_word' id='word_1_729' title='bbox 1243 4781 1480 4850; x_wconf 90' lang='lat' dir='ltr'><strong>Denique</strong></span> <span class='ocrx_word' id='word_1_730' title='bbox 1512 4781 1720 4853; x_wconf 77' lang='lat' dir='ltr'><strong>Moyses</strong></span> <span class='ocrx_word' id='word_1_731' title='bbox 1743 4783 1888 4837; x_wconf 90' lang='lat' dir='ltr'><strong>solus</strong></span> <span class='ocrx_word' id='word_1_732' title='bbox 1926 4799 2093 4855; x_wconf 86' lang='lat' dir='ltr'><strong>prope</strong></span> 
     </span>
    </p>
   </div>
   <div class='ocr_carea' id='block_1_96' title="bbox 509 4870 2091 4929">
    <p class='ocr_par' dir='ltr' id='par_1_96' title="bbox 509 4870 2091 4929">
     <span class='ocr_line' id='line_1_96' title="bbox 509 4870 2091 4929; baseline 0.001 -3"><span class='ocrx_word' id='word_1_733' title='bbox 509 4872 802 4929; x_wconf 88' lang='lat' dir='ltr'><strong>accedebat</strong></span> <span class='ocrx_word' id='word_1_734' title='bbox 823 4870 893 4926; x_wconf 92' lang='lat' dir='ltr'><strong>ad</strong></span> <span class='ocrx_word' id='word_1_735' title='bbox 919 4871 1242 4926; x_wconf 89' lang='lat' dir='ltr'><strong>audiendum</strong></span> <span class='ocrx_word' id='word_1_736' title='bbox 1268 4872 1434 4926; x_wconf 90' lang='lat' dir='ltr'><strong>Deum</strong></span> <span class='ocrx_word' id='word_1_737' title='bbox 1461 4889 1474 4925; x_wconf 90' lang='lat'>:</span> <span class='ocrx_word' id='word_1_738' title='bbox 1499 4871 1680 4926; x_wconf 66' lang='lat' dir='ltr'><strong>caeteri</strong></span> <span class='ocrx_word' id='word_1_739' title='bbox 1705 4871 1964 4927; x_wconf 89' lang='lat' dir='ltr'><strong>accedere</strong></span> <span class='ocrx_word' id='word_1_740' title='bbox 1983 4889 2091 4928; x_wconf 90' lang='lat' dir='ltr'><strong>non</strong></span> 
     </span>
    </p>
   </div>
   <div class='ocr_carea' id='block_1_97' title="bbox 504 4961 2090 5033">
    <p class='ocr_par' dir='ltr' id='par_1_97' title="bbox 504 4961 2090 5033">
     <span class='ocr_line' id='line_1_97' title="bbox 504 4961 2090 5033; baseline -0.001 -13"><span class='ocrx_word' id='word_1_741' title='bbox 504 4962 777 5020; x_wconf 83' lang='lat' dir='ltr'><strong>valebant.</strong></span> <span class='ocrx_word' id='word_1_742' title='bbox 821 4961 974 5029; x_wconf 86' lang='lat' dir='ltr'><strong>Quod</strong></span> <span class='ocrx_word' id='word_1_743' title='bbox 999 4963 1150 5018; x_wconf 89' lang='lat' dir='ltr'><strong>stulti</strong></span> <span class='ocrx_word' id='word_1_744' title='bbox 1176 4965 1476 5018; x_wconf 88' lang='lat' dir='ltr'><strong>nescientes</strong></span> <span class='ocrx_word' id='word_1_745' title='bbox 1509 4961 1806 5016; x_wconf 89' lang='lat' dir='ltr'><strong>remedium</strong></span> <span class='ocrx_word' id='word_1_746' title='bbox 1827 4977 1946 5018; x_wconf 89' lang='lat' dir='ltr'><strong>esse</strong></span> <span class='ocrx_word' id='word_1_747' title='bbox 1969 4979 2090 5033; x_wconf 92' lang='lat' dir='ltr'><strong>pec-</strong></span> 
     </span>
    </p>
   </div>
   <div class='ocr_carea' id='block_1_98' title="bbox 507 5050 2092 5125">
    <p class='ocr_par' dir='ltr' id='par_1_98' title="bbox 507 5050 2092 5125">
     <span class='ocr_line' id='line_1_98' title="bbox 507 5050 2092 5125; baseline 0 -15"><span class='ocrx_word' id='word_1_748' title='bbox 507 5053 637 5119; x_wconf 79' lang='lat' dir='ltr'><strong>cati,</strong></span> <span class='ocrx_word' id='word_1_749' title='bbox 685 5053 1122 5122; x_wconf 85' lang='lat' dir='ltr'><strong>aestimantesque</strong></span> <span class='ocrx_word' id='word_1_750' title='bbox 1156 5067 1256 5122; x_wconf 88' lang='lat' dir='ltr'><strong>pro</strong></span> <span class='ocrx_word' id='word_1_751' title='bbox 1299 5051 1567 5108; x_wconf 89' lang='lat' dir='ltr'><strong>oblatione</strong></span> <span class='ocrx_word' id='word_1_752' title='bbox 1615 5050 1768 5125; x_wconf 78' lang='lat' dir='ltr'><strong>[Ms.,</strong></span> <span class='ocrx_word' id='word_1_753' title='bbox 1809 5067 1906 5122; x_wconf 90' lang='lat' dir='ltr'><strong>per</strong></span> <span class='ocrx_word' id='word_1_754' title='bbox 1943 5053 2092 5110; x_wconf 89' lang='lat' dir='ltr'><strong>obla-</strong></span> 
     </span>
    </p>
   </div>
   <div class='ocr_carea' id='block_1_99' title="bbox 509 5141 2094 5216">
    <p class='ocr_par' dir='ltr' id='par_1_99' title="bbox 509 5141 2094 5216">
     <span class='ocr_line' id='line_1_99' title="bbox 509 5141 2094 5216; baseline -0.001 -16"><span class='ocrx_word' id='word_1_755' title='bbox 509 5143 734 5216; x_wconf 87' lang='lat' dir='ltr'><strong>tionem]</strong></span> <span class='ocrx_word' id='word_1_756' title='bbox 759 5157 1041 5198; x_wconf 90' lang='lat' dir='ltr'><strong>munerum</strong></span> <span class='ocrx_word' id='word_1_757' title='bbox 1065 5141 1178 5198; x_wconf 85' lang='lat' dir='ltr'><strong>Deo</strong></span> <span class='ocrx_word' id='word_1_758' title='bbox 1198 5141 1512 5198; x_wconf 83' lang='lat' dir='ltr'><strong>satisfacere</strong></span> <span class='ocrx_word' id='word_1_759' title='bbox 1533 5157 1592 5197; x_wconf 89' lang='lat' dir='ltr'><strong>se</strong></span> <span class='ocrx_word' id='word_1_760' title='bbox 1613 5157 1792 5212; x_wconf 89' lang='lat' dir='ltr'><strong>posse,</strong></span> <span class='ocrx_word' id='word_1_761' title='bbox 1818 5142 1916 5216; x_wconf 91' lang='lat' dir='ltr'><strong>[et]</strong></span> <span class='ocrx_word' id='word_1_762' title='bbox 1943 5144 2094 5215; x_wconf 90' lang='lat' dir='ltr'><strong>igno-</strong></span> 
     </span>
    </p>
   </div>
   <div class='ocr_carea' id='block_1_100' title="bbox 507 5231 2092 5302">
    <p class='ocr_par' dir='ltr' id='par_1_100' title="bbox 507 5231 2092 5302">
     <span class='ocr_line' id='line_1_100' title="bbox 507 5231 2092 5302; baseline -0.001 -12"><span class='ocrx_word' id='word_1_763' title='bbox 507 5243 630 5291; x_wconf 83' lang='lat' dir='ltr'><strong>rant</strong></span> <span class='ocrx_word' id='word_1_764' title='bbox 655 5235 760 5290; x_wconf 86' lang='lat' dir='ltr'><strong>hoc</strong></span> <span class='ocrx_word' id='word_1_765' title='bbox 782 5231 981 5292; x_wconf 79' lang='lat' dir='ltr'><strong>malum</strong></span> <span class='ocrx_word' id='word_1_766' title='bbox 1005 5247 1124 5288; x_wconf 89' lang='lat' dir='ltr'><strong>esse</strong></span> <span class='ocrx_word' id='word_1_767' title='bbox 1164 5239 1325 5301; x_wconf 89' lang='lat' dir='ltr'><strong>atque</strong></span> <span class='ocrx_word' id='word_1_768' title='bbox 1357 5241 1658 5302; x_wconf 88' lang='lat' dir='ltr'><strong>peccatum,</strong></span> <span class='ocrx_word' id='word_1_769' title='bbox 1690 5249 1798 5290; x_wconf 90' lang='lat' dir='ltr'><strong>non</strong></span> <span class='ocrx_word' id='word_1_770' title='bbox 1840 5234 2092 5290; x_wconf 82' lang='lat' dir='ltr'><strong>obedien-</strong></span> 
     </span>
    </p>
   </div>
   <div class='ocr_carea' id='block_1_101' title="bbox 506 5322 2091 5397">
    <p class='ocr_par' dir='ltr' id='par_1_101' title="bbox 506 5322 2091 5397">
     <span class='ocr_line' id='line_1_101' title="bbox 506 5322 2091 5397; baseline 0 -17"><span class='ocrx_word' id='word_1_771' title='bbox 506 5326 582 5384; x_wconf 82' lang='lat' dir='ltr'><strong>tia</strong></span> <span class='ocrx_word' id='word_1_772' title='bbox 623 5323 814 5397; x_wconf 82' lang='lat' dir='ltr'><strong>[Edit.,</strong></span> <span class='ocrx_word' id='word_1_773' title='bbox 867 5339 974 5380; x_wconf 93' lang='lat' dir='ltr'><strong>non</strong></span> <span class='ocrx_word' id='word_1_774' title='bbox 1020 5323 1090 5380; x_wconf 93' lang='lat' dir='ltr'><strong>ob</strong></span> <span class='ocrx_word' id='word_1_775' title='bbox 1135 5322 1517 5396; x_wconf 88' lang='lat' dir='ltr'><strong>obedientiam]</strong></span> <span class='ocrx_word' id='word_1_776' title='bbox 1561 5333 1952 5394; x_wconf 59' lang='lat' dir='ltr'><strong>princeptornm</strong></span> <span class='ocrx_word' id='word_1_777' title='bbox 1994 5323 2091 5380; x_wconf 91' lang='lat' dir='ltr'><strong>Dei</strong></span> 
     </span>
    </p>
   </div>
   <div class='ocr_carea' id='block_1_102' title="bbox 509 5411 2089 5485">
    <p class='ocr_par' dir='ltr' id='par_1_102' title="bbox 509 5411 2089 5485">
     <span class='ocr_line' id='line_1_102' title="bbox 509 5411 2089 5485; baseline -0.001 -17"><span class='ocrx_word' id='word_1_778' title='bbox 509 5413 607 5485; x_wconf 85' lang='lat' dir='ltr'><strong>[et]</strong></span> <span class='ocrx_word' id='word_1_779' title='bbox 639 5413 792 5474; x_wconf 84' lang='lat' dir='ltr'><strong>Lonis</strong></span> <span class='ocrx_word' id='word_1_780' title='bbox 819 5413 1092 5483; x_wconf 87' lang='lat' dir='ltr'><strong>operibus,</strong></span> <span class='ocrx_word' id='word_1_781' title='bbox 1133 5411 1228 5467; x_wconf 91' lang='lat' dir='ltr'><strong>sed</strong></span> <span class='ocrx_word' id='word_1_782' title='bbox 1255 5411 1410 5467; x_wconf 89' lang='lat' dir='ltr'><strong>donis</strong></span> <span class='ocrx_word' id='word_1_783' title='bbox 1446 5421 1500 5468; x_wconf 89' lang='lat' dir='ltr'><strong>et</strong></span> <span class='ocrx_word' id='word_1_784' title='bbox 1540 5413 1775 5468; x_wconf 86' lang='lat' dir='ltr'><strong>victimis</strong></span> <span class='ocrx_word' id='word_1_785' title='bbox 1801 5413 2089 5468; x_wconf 86' lang='lat' dir='ltr'><strong>emendare</strong></span> 
     </span>
    </p>
   </div>
   <div class='ocr_carea' id='block_1_103' title="bbox 507 5501 2086 5574">
    <p class='ocr_par' dir='ltr' id='par_1_103' title="bbox 507 5501 2086 5574">
     <span class='ocr_line' id='line_1_103' title="bbox 507 5501 2086 5574; baseline 0.003 -21"><span class='ocrx_word' id='word_1_786' title='bbox 507 5504 662 5568; x_wconf 83' lang='lat' dir='ltr'><strong>velle,</strong></span> <span class='ocrx_word' id='word_1_787' title='bbox 685 5519 806 5572; x_wconf 72' lang='lat' dir='ltr'><strong>quze</strong></span> <span class='ocrx_word' id='word_1_788' title='bbox 845 5503 1026 5574; x_wconf 86' lang='lat' dir='ltr'><strong>inique</strong></span> <span class='ocrx_word' id='word_1_789' title='bbox 1050 5501 1296 5556; x_wconf 81' lang='lat' dir='ltr'><strong>fecerint.</strong></span> <span class='ocrx_word' id='word_1_790' title='bbox 1327 5501 1463 5557; x_wconf 83' lang='lat' dir='ltr'><strong>Huic</strong></span> <span class='ocrx_word' id='word_1_791' title='bbox 1491 5504 1738 5574; x_wconf 88' lang='lat' dir='ltr'><strong>congruit</strong></span> <span class='ocrx_word' id='word_1_792' title='bbox 1765 5503 1912 5568; x_wconf 91' lang='lat' dir='ltr'><strong>illud,</strong></span> <span class='ocrx_word' id='word_1_793' title='bbox 1945 5505 2086 5573; x_wconf 90' lang='lat' dir='ltr'><strong>quod</strong></span> 
     </span>
    </p>
   </div>
   <div class='ocr_carea' id='block_1_104' title="bbox 510 5591 2084 5665">
    <p class='ocr_par' dir='ltr' id='par_1_104' title="bbox 510 5591 2084 5665">
     <span class='ocr_line' id='line_1_104' title="bbox 510 5591 2084 5665; baseline 0.002 -22"><span class='ocrx_word' id='word_1_794' title='bbox 510 5591 563 5644; x_wconf 90' lang='lat' dir='ltr'><strong>in</strong></span> <span class='ocrx_word' id='word_1_795' title='bbox 591 5593 878 5661; x_wconf 77' lang='lat' dir='ltr'><strong>Evangelio</strong></span> <span class='ocrx_word' id='word_1_796' title='bbox 921 5595 1034 5663; x_wconf 87' lang='lat' dir='ltr'><strong>ipsa</strong></span> <span class='ocrx_word' id='word_1_797' title='bbox 1076 5593 1290 5648; x_wconf 72' lang='lat' dir='ltr'><strong>Veritas</strong></span> <span class='ocrx_word' id='word_1_798' title='bbox 1317 5593 1429 5648; x_wconf 89' lang='lat' dir='ltr'><strong>ait:</strong></span> <span class='ocrx_word' id='word_1_799' title='bbox 1480 5593 1676 5647; x_wconf 83' lang='lat' dir='ltr'><strong>Discite</strong></span> <span class='ocrx_word' id='word_1_800' title='bbox 1699 5592 1826 5665; x_wconf 84' lang='lat' dir='ltr'><strong>quid</strong></span> <span class='ocrx_word' id='word_1_801' title='bbox 1854 5601 1950 5658; x_wconf 87' lang='lat' dir='ltr'><strong>est,</strong></span> <span class='ocrx_word' id='word_1_802' title='bbox 1981 5595 2084 5646; x_wconf 88' lang='lat' dir='ltr'><strong>mi-</strong></span> 
     </span>
    </p>
   </div>
   <div class='ocr_carea' id='block_1_105' title="bbox 507 5681 2048 5758">
    <p class='ocr_par' dir='ltr' id='par_1_105' title="bbox 507 5681 2048 5758">
     <span class='ocr_line' id='line_1_105' title="bbox 507 5681 2048 5758; baseline 0.004 -23"><span class='ocrx_word' id='word_1_803' title='bbox 507 5681 846 5735; x_wconf 82' lang='lat' dir='ltr'><strong>sericordiam</strong></span> <span class='ocrx_word' id='word_1_804' title='bbox 869 5684 1004 5748; x_wconf 78' lang='lat' dir='ltr'><strong>volo,</strong></span> <span class='ocrx_word' id='word_1_805' title='bbox 1033 5693 1080 5737; x_wconf 87' lang='lat' dir='ltr'><strong>et</strong></span> <span class='ocrx_word' id='word_1_806' title='bbox 1111 5699 1212 5736; x_wconf 84' lang='lat' dir='ltr'><strong>non</strong></span> <span class='ocrx_word' id='word_1_807' title='bbox 1237 5684 1555 5752; x_wconf 80' lang='lat' dir='ltr'><strong>sacriﬁcium</strong></span> <span class='ocrx_word' id='word_1_808' title='bbox 1587 5685 1800 5755; x_wconf 76' lang='lat' dir='ltr'><strong>(Matth.</strong></span> <span class='ocrx_word' id='word_1_809' title='bbox 1832 5700 1904 5749; x_wconf 79' lang='lat' dir='ltr'><strong>ix,</strong></span> <span class='ocrx_word' id='word_1_810' title='bbox 1939 5684 2048 5758; x_wconf 78' lang='grc'><strong>15).</strong></span> 
     </span>
    </p>
   </div>
   <div class='ocr_carea' id='block_1_106' title="bbox 2267 4576 3782 4674">
    <p class='ocr_par' dir='ltr' id='par_1_106' title="bbox 2267 4576 3782 4674">
     <span class='ocr_line' id='line_1_106' title="bbox 2267 4576 3782 4674; baseline 0.003 -22"><span class='ocrx_word' id='word_1_811' title='bbox 2267 4597 2430 4670; x_wconf 71' lang='grc'><strong>425</strong></span> <span class='ocrx_word' id='word_1_812' title='bbox 2468 4599 2630 4655; x_wconf 77' lang='lat' dir='ltr'><strong>Vsus.</strong></span> <span class='ocrx_word' id='word_1_813' title='bbox 2669 4599 2724 4654; x_wconf 82' lang='lat'><strong>5.</strong></span> <span class='ocrx_word' id='word_1_814' title='bbox 2759 4629 2830 4640; x_wconf 86' lang='lat'><strong>~—-</strong></span> <span class='ocrx_word' id='word_1_815' title='bbox 2869 4599 2953 4655; x_wconf 84' lang='lat' dir='ltr'><strong>Ne</strong></span> <span class='ocrx_word' id='word_1_816' title='bbox 2992 4576 3200 4657; x_wconf 81' lang='lat' dir='ltr'><strong>dederis</strong></span> <span class='ocrx_word' id='word_1_817' title='bbox 3243 4619 3303 4658; x_wconf 86' lang='lat' dir='ltr'><strong>os</strong></span> <span class='ocrx_word' id='word_1_818' title='bbox 3347 4613 3517 4668; x_wconf 86' lang='lat' dir='ltr'><strong>tuum,</strong></span> <span class='ocrx_word' id='word_1_819' title='bbox 3563 4613 3618 4657; x_wconf 86' lang='lat' dir='ltr'><strong>ut</strong></span> <span class='ocrx_word' id='word_1_820' title='bbox 3647 4619 3782 4674; x_wconf 82' lang='lat' dir='ltr'><strong>pec-</strong></span> 
     </span>
    </p>
   </div>
   <div class='ocr_carea' id='block_1_107' title="bbox 2198 4687 3788 4764">
    <p class='ocr_par' dir='ltr' id='par_1_107' title="bbox 2198 4687 3788 4764">
     <span class='ocr_line' id='line_1_107' title="bbox 2198 4687 3788 4764; baseline 0.006 -24"><span class='ocrx_word' id='word_1_821' title='bbox 2198 4703 2319 4742; x_wconf 88' lang='lat' dir='ltr'><strong>care</strong></span> <span class='ocrx_word' id='word_1_822' title='bbox 2339 4687 2508 4757; x_wconf 76' lang='lat' dir='ltr'><strong>facias</strong></span> <span class='ocrx_word' id='word_1_823' title='bbox 2533 4704 2742 4743; x_wconf 85' lang='lat' dir='ltr'><strong>carnem</strong></span> <span class='ocrx_word' id='word_1_824' title='bbox 2775 4698 2942 4756; x_wconf 89' lang='lat' dir='ltr'><strong>tuam,</strong></span> <span class='ocrx_word' id='word_1_825' title='bbox 2973 4706 3135 4761; x_wconf 83' lang='lat' dir='ltr'><strong>neque</strong></span> <span class='ocrx_word' id='word_1_826' title='bbox 3164 4692 3311 4747; x_wconf 87' lang='lat' dir='ltr'><strong>dicas</strong></span> <span class='ocrx_word' id='word_1_827' title='bbox 3339 4709 3515 4748; x_wconf 85' lang='lat' dir='ltr'><strong>coram</strong></span> <span class='ocrx_word' id='word_1_828' title='bbox 3547 4691 3738 4764; x_wconf 78' lang='lat' dir='ltr'><strong>angelo</strong></span> <span class='ocrx_word' id='word_1_829' title='bbox 3766 4709 3788 4749; x_wconf 92' lang='lat'><strong><em>:</em></strong></span> 
     </span>
    </p>
   </div>
   <div class='ocr_carea' id='block_1_108' title="bbox 2199 4777 3787 4850">
    <p class='ocr_par' dir='ltr' id='par_1_108' title="bbox 2199 4777 3787 4850">
     <span class='ocr_line' id='line_1_108' title="bbox 2199 4777 3787 4850; baseline 0.003 -19"><span class='ocrx_word' id='word_1_830' title='bbox 2199 4777 2255 4831; x_wconf 86' lang='grc' dir='ltr'><em>Ν</em></span> <span class='ocrx_word' id='word_1_831' title='bbox 2257 4794 2324 4832; x_wconf 87' lang='lat' dir='ltr'><strong>an</strong></span> <span class='ocrx_word' id='word_1_832' title='bbox 2349 4787 2427 4832; x_wconf 86' lang='lat' dir='ltr'><strong>est</strong></span> <span class='ocrx_word' id='word_1_833' title='bbox 2461 4779 2806 4850; x_wconf 83' lang='lat' dir='ltr'><strong>providentia,</strong></span> <span class='ocrx_word' id='word_1_834' title='bbox 2835 4797 2899 4836; x_wconf 89' lang='lat' dir='ltr'><strong>ne</strong></span> <span class='ocrx_word' id='word_1_835' title='bbox 2927 4780 3063 4850; x_wconf 82' lang='lat' dir='ltr'><strong>forte</strong></span> <span class='ocrx_word' id='word_1_836' title='bbox 3095 4783 3265 4836; x_wconf 76' lang='lat' dir='ltr'><strong>iratus</strong></span> <span class='ocrx_word' id='word_1_837' title='bbox 3307 4783 3449 4838; x_wconf 85' lang='lat' dir='ltr'><strong>Deus</strong></span> <span class='ocrx_word' id='word_1_838' title='bbox 3481 4799 3639 4848; x_wconf 82' lang='lat' dir='ltr'><strong>super</strong></span> <span class='ocrx_word' id='word_1_839' title='bbox 3663 4799 3787 4837; x_wconf 87' lang='lat' dir='ltr'><strong>ser-</strong></span> 
     </span>
    </p>
   </div>
   <div class='ocr_carea' id='block_1_109' title="bbox 2196 4870 3787 4942">
    <p class='ocr_par' dir='ltr' id='par_1_109' title="bbox 2196 4870 3787 4942">
     <span class='ocr_line' id='line_1_109' title="bbox 2196 4870 3787 4942; baseline 0.003 -21"><span class='ocrx_word' id='word_1_840' title='bbox 2196 4884 2349 4922; x_wconf 87' lang='lat' dir='ltr'><strong>mone</strong></span> <span class='ocrx_word' id='word_1_841' title='bbox 2376 4878 2487 4934; x_wconf 89' lang='lat' dir='ltr'><strong>tuo,</strong></span> <span class='ocrx_word' id='word_1_842' title='bbox 2541 4870 2754 4940; x_wconf 84' lang='lat' dir='ltr'><strong>dissipet</strong></span> <span class='ocrx_word' id='word_1_843' title='bbox 2807 4880 2997 4924; x_wconf 80' lang='lat' dir='ltr'><strong>cuncta</strong></span> <span class='ocrx_word' id='word_1_844' title='bbox 3041 4888 3199 4942; x_wconf 87' lang='lat' dir='ltr'><strong>opera</strong></span> <span class='ocrx_word' id='word_1_845' title='bbox 3244 4889 3496 4928; x_wconf 87' lang='lat' dir='ltr'><strong>manuum</strong></span> <span class='ocrx_word' id='word_1_846' title='bbox 3539 4883 3787 4931; x_wconf 75' lang='lat' dir='ltr'><strong>tuarum.</strong></span> 
     </span>
    </p>
   </div>
   <div class='ocr_carea' id='block_1_110' title="bbox 2195 4959 3792 5034">
    <p class='ocr_par' dir='ltr' id='par_1_110' title="bbox 2195 4959 3792 5034">
     <span class='ocr_line' id='line_1_110' title="bbox 2195 4959 3792 5034; baseline 0.004 -22"><span class='ocrx_word' id='word_1_847' title='bbox 2195 4959 2406 5016; x_wconf 62' lang='lat' dir='ltr'><strong>Hebraei</strong></span> <span class='ocrx_word' id='word_1_848' title='bbox 2439 4961 2510 5014; x_wconf 87' lang='lat' dir='ltr'><strong>ita</strong></span> <span class='ocrx_word' id='word_1_849' title='bbox 2547 4963 2824 5017; x_wconf 89' lang='lat' dir='ltr'><strong>sentiunt:</strong></span> <span class='ocrx_word' id='word_1_850' title='bbox 2875 4963 3019 5031; x_wconf 91' lang='lat' dir='ltr'><strong>quod</strong></span> <span class='ocrx_word' id='word_1_851' title='bbox 3065 4979 3172 5018; x_wconf 88' lang='lat' dir='ltr'><strong>non</strong></span> <span class='ocrx_word' id='word_1_852' title='bbox 3223 4973 3379 5034; x_wconf 88' lang='lat' dir='ltr'><strong>potes</strong></span> <span class='ocrx_word' id='word_1_853' title='bbox 3419 4964 3619 5029; x_wconf 89' lang='lat' dir='ltr'><strong>facere,</strong></span> <span class='ocrx_word' id='word_1_854' title='bbox 3667 4978 3792 5018; x_wconf 85' lang='lat' dir='ltr'><strong>non</strong></span> 
     </span>
    </p>
   </div>
   <div class='ocr_carea' id='block_1_111' title="bbox 2191 5040 3789 5118">
    <p class='ocr_par' dir='ltr' id='par_1_111' title="bbox 2191 5040 3789 5118">
     <span class='ocr_line' id='line_1_111' title="bbox 2191 5040 3789 5118; baseline 0.003 -16"><span class='ocrx_word' id='word_1_855' title='bbox 2191 5051 2504 5118; x_wconf 89' lang='lat' dir='ltr'><strong>promittas;</strong></span> <span class='ocrx_word' id='word_1_856' title='bbox 2541 5067 2648 5106; x_wconf 92' lang='lat' dir='ltr'><strong>non</strong></span> <span class='ocrx_word' id='word_1_857' title='bbox 2669 5051 2814 5106; x_wconf 89' lang='lat' dir='ltr'><strong>enim</strong></span> <span class='ocrx_word' id='word_1_858' title='bbox 2839 5052 2893 5106; x_wconf 89' lang='lat' dir='ltr'><strong>in</strong></span> <span class='ocrx_word' id='word_1_859' title='bbox 2920 5062 3140 5107; x_wconf 86' lang='lat' dir='ltr'><strong>ventum</strong></span> <span class='ocrx_word' id='word_1_860' title='bbox 3169 5040 3309 5109; x_wconf 87' lang='lat' dir='ltr'><strong>dicta</strong></span> <span class='ocrx_word' id='word_1_861' title='bbox 3338 5061 3638 5118; x_wconf 89' lang='lat' dir='ltr'><strong>transeunt,</strong></span> <span class='ocrx_word' id='word_1_862' title='bbox 3681 5055 3789 5109; x_wconf 80' lang='lat' dir='ltr'><strong>sed</strong></span> 
     </span>
    </p>
   </div>
   <div class='ocr_carea' id='block_1_112' title="bbox 2193 5145 3789 5216">
    <p class='ocr_par' dir='ltr' id='par_1_112' title="bbox 2193 5145 3789 5216">
     <span class='ocr_line' id='line_1_112' title="bbox 2193 5145 3789 5216; baseline 0.003 -20"><span class='ocrx_word' id='word_1_863' title='bbox 2193 5159 2223 5196; x_wconf 91' lang='lat' dir='ltr'><strong>a</strong></span> <span class='ocrx_word' id='word_1_864' title='bbox 2265 5146 2517 5214; x_wconf 67' lang='lat' dir='ltr'><strong>praesenti</strong></span> <span class='ocrx_word' id='word_1_865' title='bbox 2566 5145 2774 5214; x_wconf 82' lang='lat' dir='ltr'><strong>angelo,</strong></span> <span class='ocrx_word' id='word_1_866' title='bbox 2823 5146 2915 5216; x_wconf 90' lang='lat' dir='ltr'><strong>qui</strong></span> <span class='ocrx_word' id='word_1_867' title='bbox 2965 5145 3256 5216; x_wconf 88' lang='lat' dir='ltr'><strong>unicuique</strong></span> <span class='ocrx_word' id='word_1_868' title='bbox 3300 5146 3541 5200; x_wconf 67' lang='lat' dir='ltr'><strong>adhaeret</strong></span> <span class='ocrx_word' id='word_1_869' title='bbox 3571 5160 3789 5208; x_wconf 81' lang='lat' dir='ltr'><strong>comes,</strong></span> 
     </span>
    </p>
   </div>
   <div class='ocr_carea' id='block_1_113' title="bbox 2191 5237 3786 5312">
    <p class='ocr_par' dir='ltr' id='par_1_113' title="bbox 2191 5237 3786 5312">
     <span class='ocr_line' id='line_1_113' title="bbox 2191 5237 3786 5312; baseline -0.001 -18"><span class='ocrx_word' id='word_1_870' title='bbox 2191 5237 2375 5294; x_wconf 88' lang='lat' dir='ltr'><strong>statim</strong></span> <span class='ocrx_word' id='word_1_871' title='bbox 2399 5237 2746 5307; x_wconf 88' lang='lat' dir='ltr'><strong>proferuntur</strong></span> <span class='ocrx_word' id='word_1_872' title='bbox 2773 5237 2950 5310; x_wconf 86' lang='lat' dir='ltr'><strong>[llier.</strong></span> <span class='ocrx_word' id='word_1_873' title='bbox 2973 5237 3341 5312; x_wconf 85' lang='lat' dir='ltr'><strong>perferuntur]</strong></span> <span class='ocrx_word' id='word_1_874' title='bbox 3369 5240 3436 5294; x_wconf 81' lang='lat' dir='ltr'><strong>ad</strong></span> <span class='ocrx_word' id='word_1_875' title='bbox 3465 5239 3786 5294; x_wconf 83' lang='lat' dir='ltr'><strong>Dominum.</strong></span> 
     </span>
    </p>
   </div>
   <div class='ocr_carea' id='block_1_114' title="bbox 2193 5327 3786 5400">
    <p class='ocr_par' dir='ltr' id='par_1_114' title="bbox 2193 5327 3786 5400">
     <span class='ocr_line' id='line_1_114' title="bbox 2193 5327 3786 5400; baseline 0.003 -20"><span class='ocrx_word' id='word_1_876' title='bbox 2193 5327 2260 5388; x_wconf 83' lang='lat' dir='ltr'><strong>Et</strong></span> <span class='ocrx_word' id='word_1_877' title='bbox 2283 5336 2339 5382; x_wconf 94' lang='lat' dir='ltr'><strong>tu</strong></span> <span class='ocrx_word' id='word_1_878' title='bbox 2367 5329 2460 5396; x_wconf 89' lang='lat' dir='ltr'><strong>qui</strong></span> <span class='ocrx_word' id='word_1_879' title='bbox 2500 5336 2658 5395; x_wconf 89' lang='lat' dir='ltr'><strong>putas</strong></span> <span class='ocrx_word' id='word_1_880' title='bbox 2701 5328 2951 5396; x_wconf 84' lang='lat' dir='ltr'><strong>ignorare</strong></span> <span class='ocrx_word' id='word_1_881' title='bbox 2986 5331 3154 5385; x_wconf 90' lang='lat' dir='ltr'><strong>Deum</strong></span> <span class='ocrx_word' id='word_1_882' title='bbox 3187 5331 3331 5400; x_wconf 91' lang='lat' dir='ltr'><strong>quod</strong></span> <span class='ocrx_word' id='word_1_883' title='bbox 3375 5330 3650 5400; x_wconf 80' lang='lat' dir='ltr'><strong>pollicitus</strong></span> <span class='ocrx_word' id='word_1_884' title='bbox 3691 5343 3786 5395; x_wconf 79' lang='lat' dir='ltr'><strong>es,</strong></span> 
     </span>
    </p>
   </div>
   <div class='ocr_carea' id='block_1_115' title="bbox 2193 5420 3789 5493">
    <p class='ocr_par' dir='ltr' id='par_1_115' title="bbox 2193 5420 3789 5493">
     <span class='ocr_line' id='line_1_115' title="bbox 2193 5420 3789 5493; baseline 0.005 -21"><span class='ocrx_word' id='word_1_885' title='bbox 2193 5433 2456 5488; x_wconf 88' lang='lat' dir='ltr'><strong>provocas</strong></span> <span class='ocrx_word' id='word_1_886' title='bbox 2483 5434 2606 5472; x_wconf 84' lang='lat' dir='ltr'><strong>eum</strong></span> <span class='ocrx_word' id='word_1_887' title='bbox 2649 5421 2717 5475; x_wconf 90' lang='lat' dir='ltr'><strong>ad</strong></span> <span class='ocrx_word' id='word_1_888' title='bbox 2764 5420 3119 5489; x_wconf 89' lang='lat' dir='ltr'><strong>iracundiam,</strong></span> <span class='ocrx_word' id='word_1_889' title='bbox 3160 5433 3221 5479; x_wconf 91' lang='lat' dir='ltr'><strong>ut</strong></span> <span class='ocrx_word' id='word_1_890' title='bbox 3247 5425 3428 5479; x_wconf 90' lang='lat' dir='ltr'><strong>omnia</strong></span> <span class='ocrx_word' id='word_1_891' title='bbox 3474 5439 3638 5493; x_wconf 88' lang='lat' dir='ltr'><strong>opera</strong></span> <span class='ocrx_word' id='word_1_892' title='bbox 3679 5432 3789 5480; x_wconf 80' lang='lat' dir='ltr'><strong>tua</strong></span> 
     </span>
    </p>
   </div>
   <div class='ocr_carea' id='block_1_116' title="bbox 2193 5507 3791 5584">
    <p class='ocr_par' dir='ltr' id='par_1_116' title="bbox 2193 5507 3791 5584">
     <span class='ocr_line' id='line_1_116' title="bbox 2193 5507 3791 5584; baseline 0.003 -22"><span class='ocrx_word' id='word_1_893' title='bbox 2193 5507 2538 5576; x_wconf 86' lang='lat' dir='ltr'><strong>dissipentur.</strong></span> <span class='ocrx_word' id='word_1_894' title='bbox 2570 5507 2680 5564; x_wconf 82' lang='lat' dir='ltr'><strong>Nos</strong></span> <span class='ocrx_word' id='word_1_895' title='bbox 2705 5525 2834 5565; x_wconf 85' lang='lat' dir='ltr'><strong>vero</strong></span> <span class='ocrx_word' id='word_1_896' title='bbox 2866 5511 2939 5565; x_wconf 86' lang='lat' dir='ltr'><strong>ita</strong></span> <span class='ocrx_word' id='word_1_897' title='bbox 2972 5511 3341 5584; x_wconf 78' lang='lat' dir='ltr'><strong>intelligimus,</strong></span> <span class='ocrx_word' id='word_1_898' title='bbox 3369 5513 3514 5584; x_wconf 90' lang='lat' dir='ltr'><strong>quod</strong></span> <span class='ocrx_word' id='word_1_899' title='bbox 3541 5511 3629 5567; x_wconf 89' lang='lat' dir='ltr'><strong>his</strong></span> <span class='ocrx_word' id='word_1_900' title='bbox 3653 5526 3791 5568; x_wconf 85' lang='lat' dir='ltr'><strong>ver-</strong></span> 
     </span>
    </p>
   </div>
   <div class='ocr_carea' id='block_1_117' title="bbox 2191 5597 3786 5673">
    <p class='ocr_par' dir='ltr' id='par_1_117' title="bbox 2191 5597 3786 5673">
     <span class='ocr_line' id='line_1_117' title="bbox 2191 5597 3786 5673; baseline 0.003 -21"><span class='ocrx_word' id='word_1_901' title='bbox 2191 5597 2276 5653; x_wconf 89' lang='lat' dir='ltr'><strong>bis</strong></span> <span class='ocrx_word' id='word_1_902' title='bbox 2303 5607 2600 5668; x_wconf 82' lang='lat' dir='ltr'><strong>arguantur</strong></span> <span class='ocrx_word' id='word_1_903' title='bbox 2633 5601 2726 5672; x_wconf 92' lang='lat' dir='ltr'><strong>qui</strong></span> <span class='ocrx_word' id='word_1_904' title='bbox 2759 5602 3083 5660; x_wconf 87' lang='lat' dir='ltr'><strong>necessitate</strong></span> <span class='ocrx_word' id='word_1_905' title='bbox 3094 5605 3274 5660; x_wconf 89' lang='lat' dir='ltr'><strong>carnis</strong></span> <span class='ocrx_word' id='word_1_906' title='bbox 3285 5612 3558 5659; x_wconf 79' lang='lat' dir='ltr'><strong>etnaturze</strong></span> <span class='ocrx_word' id='word_1_907' title='bbox 3573 5620 3632 5658; x_wconf 90' lang='lat' dir='ltr'><strong>se</strong></span> <span class='ocrx_word' id='word_1_908' title='bbox 3642 5617 3786 5673; x_wconf 85' lang='lat' dir='ltr'><strong>pec-</strong></span> 
     </span>
    </p>
   </div>
   <div class='ocr_carea' id='block_1_118' title="bbox 2193 5690 3790 5764">
    <p class='ocr_par' dir='ltr' id='par_1_118' title="bbox 2193 5690 3790 5764">
     <span class='ocr_line' id='line_1_118' title="bbox 2193 5690 3790 5764; baseline 0.001 -19"><span class='ocrx_word' id='word_1_909' title='bbox 2193 5704 2316 5746; x_wconf 87' lang='lat' dir='ltr'><strong>care</strong></span> <span class='ocrx_word' id='word_1_910' title='bbox 2355 5691 2702 5758; x_wconf 82' lang='lat' dir='ltr'><strong>contendunt,</strong></span> <span class='ocrx_word' id='word_1_911' title='bbox 2747 5690 3098 5764; x_wconf 87' lang='lat' dir='ltr'><strong>Creatorique</strong></span> <span class='ocrx_word' id='word_1_912' title='bbox 3153 5695 3478 5760; x_wconf 87' lang='lat' dir='ltr'><strong>inscribunt,</strong></span> <span class='ocrx_word' id='word_1_913' title='bbox 3529 5708 3626 5748; x_wconf 89' lang='lat' dir='ltr'><strong>cur</strong></span> <span class='ocrx_word' id='word_1_914' title='bbox 3677 5705 3790 5747; x_wconf 84' lang='lat' dir='ltr'><strong>eos</strong></span> 
     </span>
    </p>
   </div>
  </div>
