4020 6186
282 335 387 391 689

1048 370 1056 376 ι
1146 336 1557 408 EXEGETICA.
1596 369 1667 380 -—
1711 338 2067 396 CODﬂlENT.
2108 341 2176 395 IN
2216 343 2752 407 ECCLESIASTEN.

3456 367 3560 423 690

279 449 416 505 tales
438 445 746 544 fecerit,_ut
783 447 987 501 carnali
1015 447 1285 544 desiderio
1315 452 1566 544 superati
1605 460 1870 520 cogantur
1897 461 1944 517 Α
1973 462 2182 521 segetes
2213 469 2482 511 messores
2508 461 2696 515 venire
2736 461 2988 529 iussurus
3021 476 3124 534 est,
3173 478 3236 525 ut’
3279 483 3559 544 separetur

277 552 537 610 peccare;
576 544 634 591 et
660 538 763 613 hoc
786 545 885 599 est,
932 538 1075 607 quod
1116 540 1192 593 ait
1219 555 1234 593 :
1276 540 1361 595 Ne
1382 540 1589 596 dederis
1614 559 1672 596 os
1697 551 1864 606 tuum,

277 641 335 683 ut
359 644 576 698 peccare
613 628 783 697 facias
824 645 1034 684 carnem
1079 639 1245 683 tuam.
1292 630 1410 686 Noli
1465 632 1667 701 itaque,
1721 631 1865 705 [ait,]

1970 544 2210 599 triticum
2240 547 2375 601 etin
2422 548 2674 605 horreum
2722 554 2960 611 caelestis
2989 560 3140 629 regni
3167 564 3451 632 condatur,
3478 566 3557 624 lo-

1969 632 2101 687 lium
2135 644 2317 690 autem
2364 647 2571 694 aeterno
2620 641 2864 698 tradatur
2909 646 3187 715 incendio;
3238 654 3360 709 ideo
3415 674 3557 715 nunc

275 735 446 777 vanas
488 718 869 808 excusationes
912 735 1177 788 qumrere,
1238 728 1292 775 et
1341 722 1472 777 dare
1524 723 1866 778 occasionem
1965 736 2242 794 exspectat
2265 737 2320 783 et
2348 728 2529 786 differt
2566 737 3113 803 sententiam,.donec
3143 744 3197 798 in
3229 745 3334 803 ﬁne
3365 753 3553 808 mundi

277 809 428 865 carni
455 817 561 864 tuae
585 807 651 863 ad
676 809 1028 877 peccandum,
1065 819 1121 865 et
1149 811 1329 866 dicere
1356 829 1369 864 :
1400 811 1517 866 Non
1546 827 1648 882 ego
1670 827 1858 882 pecco,

277 903 371 958 sed
412 902 558 971 quod
587 901 794 958 habitat
827 900 883 955 in
920 916 1040 956 mea
1078 918 1242 957 carne
1269 912 1568 972 peccatum.
1598 903 1657 958 Si
1695 905 1862 970 enim,

276 994 470 1062 inquit,
498 993 612 1047 haec
635 992 858 1057 dixeris,
898 993 1065 1047 Deum
1103 1009 1365 1063 provocas
1394 997 1548 1065 quasi
1584 1004 1863 1053 auctorem

273 1084 405 1140 mali
427 1091 586 1153 atque
619 1084 849 1154 peccati,
877 1092 936 1138 ut
964 1085 1135 1139 iratus
1176 1086 1275 1149 sit;
1310 1095 1365 1139 et
1407 1086 1453 1140 si
1503 1087 1633 1156 quid
1659 1087 1863 1143 videris

269 1178 405 1234 boni
430 1177 646 1240 habere,
669 1174 880 1231 auferet
906 1177 971 1231 de
996 1177 1245 1231 manibus
1271 1177 1409 1242 tuis;
1441 1178 1527 1232 vel
1555 1187 1703 1234 certe
1732 1180 1862 1233 talia

269 1269 614 1331 sentientem,
646 1268 823 1322 tradet
852 1276 904 1323 te
927 1268 982 1322 in
1016 1270 1306 1339 reprobum
1336 1284 1577 1338 sensum,
1600 1280 1663 1326 ut
1687 1272 1861 1328 facias

268 1377 334 1416 ea
362 1376 484 1432 qua:
510 1375 617 1415 non
640 1361 987 1416 conveniunt.

346 1450 508 1505 Vens.
547 1448 600 1503 6.
628 1477 701 1489 -—
729 1448 830 1503 Ubi
868 1448 1034 1521 multa
1069 1457 1192 1504 sunt
1217 1452 1448 1517 somnia,
1472 1449 1715 1522 plurimae
1736 1462 1860 1506 sunt

266 1540 525 1595 vanitates
550 1549 600 1594 et
624 1554 885 1593 sermones
922 1540 1204 1595 innumeri.
1248 1538 1327 1593 Tu
1357 1557 1473 1595 vero
1512 1540 1682 1595 Deum
1711 1543 1853 1597 time.

264 1630 340 1684 Et
366 1630 509 1684 hunc
529 1628 707 1683 locum
740 1628 949 1683 Hebraei
975 1627 1050 1682 ita
1078 1628 1385 1684 edisserunt
1413 1647 1426 1682 :
1459 1644 1559 1684 nec
1577 1631 1856 1700 superiora

267 1721 458 1785 facias,
487 1724 555 1776 de
585 1720 781 1791 quibus
800 1719 914 1790 jam
941 1720 1144 1775 dictum
1174 1727 1276 1787 est,
1315 1737 1415 1776 nec
1444 1720 1604 1777 facile
1629 1724 1856 1779 somniis

266 1814 478 1869 credas.
513 1810 648 1868 Cum
692 1812 839 1866 enim
873 1812 1083 1868 diversa
1136 1812 1335 1867 videris
1381 1826 1480 1880 per
1531 1824 1850 1868 nocturnam
1879 1808 1927 1868 Β

265 1904 527 1973 quietem,
554 1911 611 1956 et
638 1902 804 1956 variis
844 1902 1025 1956 anima
1061 1901 1227 1956 fuerit
1253 1902 1521 1973 exagitata
1552 1903 1851 1959 terroribus

267 1995 385 2049 sive
415 1993 639 2048 incitata
684 1991 987 2061 promissis,
1036 1999 1094 2046 tu
1123 2000 1429 2057 contemne,
1469 1991 1596 2061 quia
1642 1993 1851 2047 somnia

266 2095 415 2153 sunt,
438 2094 494 2141 et
535 2084 707 2141 solum
738 2085 906 2141 Deum
933 2086 1096 2152 time;
1123 2086 1218 2155 qui
1244 2085 1388 2140 enim
1419 2087 1644 2143 somniis
1676 2089 1853 2143 credi-

264 2177 425 2242 derit,
456 2176 785 2233 vanitatibus
813 2182 871 2229 et
899 2175 1115 2246 ineptiis
1144 2190 1203 2230 se
1244 2176 1438 2231 tradet.
1474 2176 1648 2231 Aliter
1676 2195 1689 2230 :
1722 2178 1849 2247 quia

263 2265 379 2321 dixi
418 2274 580 2336 atque
612 2265 863 2335 praecepi,
913 2280 1021 2319 non
1069 2265 1166 2320 des
1197 2280 1260 2320 os
1296 2272 1470 2333 tuum,
1521 2273 1581 2321 ut
1621 2282 1851 2338 peccare

262 2355 437 2414 facias
461 2374 677 2414 carnem
708 2366 877 2423 tuam,
913 2366 968 2412 et
1004 2372 1214 2427 quaeras
1239 2374 1408 2414 vanas
1449 2357 1600 2430 [Hs.,
1645 2359 1847 2433 varias]

261 2450 668 2515 excusationes;
699 2450 804 2504 hoc
831 2463 977 2504 nunc
1007 2448 1201 2515 infero,
1234 2450 1377 2519 quod
1411 2450 1468 2504 in
1508 2465 1701 2505 somno
1725 2452 1852 2506 vitae

261 2538 442 2604 istius,
467 2547 524 2594 et
567 2540 624 2595 in
673 2539 905 2611 imagine
951 2540 1162 2595 umbrae
1212 2541 1389 2605 nubis,
1447 2556 1553 2610 qua
1597 2542 1849 2611 vivimus,

263 2629 434 2684 multa
460 2644 747 2699 possumus
787 2630 1033 2685 invenire
1081 2645 1201 2699 quae
1234 2630 1393 2686 nobis
1418 2629 1737 2686 verisimilia
1769 2633 1852 2687 vi-

264 2719 496 2775 deantur
514 2727 572 2775 et
604 2728 791 2776 nostra
827 2735 1090 2779 excusare
1135 2729 1378 2791 peccata.
1416 2721 1711 2792 Propterea
1756 2726 1853 2780 ad-

264 2825 475 2876 moneo,
508 2820 568 2867 ut
592 2810 645 2867 id
683 2811 1008 2868 omnimodis
1036 2827 1248 2878 caveas,
1278 2825 1347 2866 ne
1381 2818 1542 2881 putes
1570 2814 1848 2868 absentem

264 2904 434 2958 Deum
461 2903 530 2958 ab
560 2902 816 2973 cperibus
847 2902 981 2967 tuis,
1011 2903 1121 2957 imo
1155 2909 1211 2956 et
1257 2903 1678 2972 cogitationibus
1718 2918 1847 2974 per—

262 2994 456 3059 versis,
486 2994 581 3049 sed
606 3008 726 3049 cum
758 2994 971 3059 timeas,
1007 3001 1062 3048 et
1091 2993 1233 3049 scias
1259 2993 1316 3048 in
1350 2994 1563 3049 cunctis
1594 2994 1849 3063 operibus

265 3084 373 3139 tuis
405 3083 521 3153 ejus
553 3085 943 3153 providentiam
992 3099 1131 3148 esse,
1182 3094 1344 3155 teque
1390 3085 1565 3141 libero
1616 3087 1846 3143 arbitrio

265 3150 623 3245 [30,“me
651 3174 887 3245 arbitrii]
934 3175 1228 3241 conditum,
1255 3150 1381 3231 —non
1418 3178 1560 3248 cogi,
1592 3176 1686 3232 sed
1715 3176 1843 3251 [Ησ.
1874 3150 1921 3217 c

262 3281 369 3318 om.
403 3263 521 3335 sed]
552 3263 709 3329 velle,
734 3266 879 3334 quod
908 3264 1097 3321 facias.

333 3356 495 3413 Vsus.
528 3356 581 3421 7,
607 3357 661 3411 8.
687 3386 758 3396 —
789 3355 851 3411 Si
895 3356 1085 3411 videris
1131 3356 1425 3411 calumnias
1453 3374 1756 3428 egenorum,
1796 3368 1846 3413 et

257 3446 488 3505 violenta
517 3447 660 3519 [δίδη
693 3448 910 3520 violata]
926 3449 1154 3518 judicia,
1182 3458 1229 3504 et
1253 3450 1481 3503 subverti
1501 3449 1769 3519 justitiam
1789 3452 1846 3506 in

259 3538 545 3609 provincia,
590 3555 695 3593 non
718 3540 925 3594 mireris
948 3556 1103 3611 super
1128 3541 1224 3594 hoc
1248 3541 1475 3610 negotio,
1502 3542 1627 3611 quia
1653 3540 1847 3612 [excel-

262 3626 346 3700 so]
372 3628 623 3684 excelsior
640 3638 715 3684 est
760 3628 920 3694 alius,
966 3639 1013 3684 et
1060 3646 1215 3701 super
1262 3630 1356 3683 hos
1382 3646 1584 3701 quoque
1611 3629 1756 3702 [Ms.,
1796 3642 1847 3686 et

260 3724 361 3777 hoc
378 3723 599 3795 quoque]
619 3724 982 3778 eminentiores
1000 3732 1121 3777 sunt
1143 3722 1256 3789 alii,
1282 3731 1332 3777 et
1355 3723 1569 3793 insuper
1588 3724 1844 3778 universa:

259 3826 415 3869 terrae
440 3831 533 3870 rea:
572 3816 792 3887 imperat
818 3816 1080 3870 servienti.
1118 3815 1293 3871 Unum
1324 3814 1703 3884 disputationis
1730 3830 1845 3869 ser-

259 3918 449 3959 vemus
485 3912 711 3971 textum,
742 3913 797 3959 et
841 3908 1090 3961 eumdem
1136 3921 1353 3961 sensum
1382 3913 1438 3960 et
1473 3906 1716 3961 ordinem
1760 3921 1845 3960 se-

256 4010 509 4064 quamur.
547 3996 722 4065 Supra
748 3997 919 4051 dixit:
953 3996 1036 4052 Ne
1064 3997 1259 4051 dixeris
1289 4012 1467 4050 coram
1502 3994 1708 4066 angelo,
1738 4012 1842 4049 non

252 4093 335 4139 est
358 4085 701 4155 providentia,
729 4103 794 4142 ne
818 4086 951 4156 forte
981 4089 1244 4141 irascatur
1290 4084 1432 4140 Deus
1474 4101 1631 4155 super
1669 4101 1842 4139 vocem

251 4184 404 4229 tuam
432 4184 488 4230 et
515 4177 743 4246 reliqua.
773 4177 1151 4247 Adversasque
1196 4192 1290 4232 eos
1331 4176 1546 4231 locutus
1595 4182 1701 4240 est,
1746 4176 1841 4244 qui

252 4277 525 4339 negarent
547 4283 645 4339 per
683 4270 1070 4340 providentiam
1118 4269 1215 4324 Dei
1266 4282 1354 4323 res
1402 4268 1665 4322 humanas
1702 4267 1837 4336 regi.

254 4357 367 4415 Sed
394 4359 484 4414 hic
538 4359 799 4415 intellexit
845 4360 977 4415 oriri
1022 4374 1181 4430 posse
1226 4356 1536 4427 huiusmodi
1594 4357 1844 4427 quaestio-

255 4464 382 4503 nem
412 4466 425 4501 :
457 4449 504 4504 si
535 4463 566 4502 a
614 4449 725 4505 Deo
759 4457 979 4504 auctore
1023 4463 1112 4502 res
1160 4447 1365 4518 regitur
1398 4447 1632 4501 humana
1682 4444 1837 4517 [Ms.,

256 4554 349 4594 res
381 4546 642 4609 reguntur
681 4535 972 4609 humanae],
1004 4551 1173 4607 quare
1221 4535 1352 4605 justi
1397 4535 1723 4590 calumniam
1751 4550 1841 4604 pa—

256 4629 486 4694 tiuntur,
515 4636 571 4683 et
596 4642 766 4698 quare
792 4628 962 4697 iniqui
1004 4634 1129 4682 sunt
1167 4627 1394 4697 iudices,
1444 4634 1500 4681 et
1551 4642 1657 4681 non
1693 4627 1837 4681 Deus

258 4721 541 4775 ulciscitur
560 4721 615 4775 in
640 4736 734 4776 eos
758 4720 849 4789 qui
873 4720 1056 4790 iniqua
1086 4719 1287 4774 faciunt
1314 4716 1660 4786 etjudicant?
1689 4718 1842 4773 Nunc

259 4807 440 4874 infert,
467 4817 522 4864 et
550 4809 719 4866 solvit
749 4810 1100 4878 qumstionem
1130 4822 1249 4876 qua:
1280 4814 1492 4876 poterat
1518 4808 1734 4877 opponi,
1764 4809 1845 4862 di-

259 4916 427 4957 cens:
460 4901 522 4958 Si
552 4903 742 4958 videris
783 4903 1102 4958 calumniam
1129 4903 1394 4973 pauperis,
1425 4904 1519 4972 qui
1561 4904 1751 4958 beatus
1788 4904 1843 4957 in

255 4992 552 5062 Evangelio
578 4994 922 5063 praedicatur,
952 5000 1008 5048 et
1048 5007 1137 5047 res
1176 4992 1379 5062 vigere,
1428 5006 1536 5046 non
1574 4990 1844 5059 justitiam

258 5082 464 5155 [Hier.,
490 5092 546 5139 et
566 5098 655 5140 res
676 5085 845 5154 vigeri
878 5100 985 5140 non
1006 5083 1263 5156 justitia],
1301 5098 1409 5139 non
1434 5081 1590 5154 [Ms.,
1618 5083 1710 5155 ne]
1739 5085 1846 5138 mi-

257 5173 420 5238 reris,
453 5189 555 5229 nec
577 5174 675 5229 tibi
696 5190 895 5229 novum
928 5176 1130 5247 aliquid
1157 5191 1279 5232 esse
1303 5174 1567 5238 videatur,
1594 5174 1721 5244 quia
1751 5190 1847 5229 ex-

254 5264 405 5320 celso
426 5264 565 5320 alius
587 5265 856 5321 excelsior
884 5275 986 5333 est,
1016 5276 1072 5322 et
1109 5268 1288 5324 omnia
1322 5265 1539 5335 respicit
1560 5264 1724 5329 Deus,
1752 5265 1845 5335 qui

255 5355 482 5424 angelos
505 5372 634 5413 suos
659 5374 823 5429 super
835 5357 1047 5428 judices
1072 5368 1127 5415 et
1157 5375 1312 5430 reges
1341 5367 1502 5414 terrm
1526 5359 1839 5430 praeposuit,

253 5447 350 5515 qui
379 5455 608 5517 possunt
638 5450 826 5518 utique
864 5449 1157 5519 prohibere
1196 5450 1539 5519 injustitiam,
1580 5457 1636 5505 et
1675 5448 1847 5520 magis

256 5536 312 5589 in
344 5544 493 5593 terra
517 5537 698 5594 valere
710 5554 875 5609 quam
897 5539 1102 5608 qumvis
1122 5538 1402 5593 hominum
1426 5547 1666 5610 potestas
1689 5539 1841 5611 [Αἴθη

254 5627 600 5701 potestates].
630 5629 739 5686 Sed
766 5631 1021 5700 queniam
1049 5635 1228 5683 servat
1269 5629 1325 5682 in
1354 5628 1517 5684 tinem
1559 5630 1842 5699 judicium,

254 5734 309 5778 ct
345 5725 401 5779 in
430 5729 954 5785 consummationem
993 5726 1208 5792 mundi,
1257 5723 1473 5793 quando
1503 5725 1556 5779 in
1604 5740 1849 5782 maturas

1869 4505 1919 4564 D

1967 816 2135 884 iniqui
2164 820 2461 886 puniantur
2480 830 2535 877 et
2555 822 2687 891 justi
2719 841 2975 883 coronam
3004 834 3267 902 recipiant
3293 838 3542 907 justitim.

2038 912 2200 967 Vens.
2235 914 2291 978 9,
2317 914 2401 968 10.
2426 918 2723 974 —Avarus
2753 938 2856 976 non
2881 924 3179 995 implebitur
3212 935 3453 1000 pecunia,
3505 944 3554 988 et

1962 1009 2052 1077 qui
2074 1017 2219 1062 amat
2246 1008 2481 1075 divitias,
2525 1012 2730 1080 fructus
2767 1029 2872 1067 non
2915 1016 3080 1084 capiet
3109 1034 3174 1070 ea:
3214 1021 3288 1073 eis
3318 1037 3336 1074 :
3381 1031 3428 1075 et
3459 1024 3555 1078 hoc

1962 1113 2084 1167 ergo
2121 1099 2346 1153 vanitas.
2380 1097 2483 1153 Ubi
2521 1100 2700 1155 multa:
2734 1111 2855 1155 sunt
2903 1118 3045 1172 opes,
3090 1106 3240 1160 multi
3270 1119 3317 1161 et
3345 1111 3434 1180 qui
3463 1129 3553 1166 co-

1962 1187 2175 1242 medunt
2201 1205 2329 1243 eas:
2357 1199 2405 1242 et
2430 1189 2557 1260 quid
2585 1191 2795 1260 prodest
2816 1196 3123 1261 possessori,
3155 1197 3257 1250 nisi
3278 1199 3418 1268 quod
3445 1217 3556 1255 cer-

1961 1277 2037 1329 nit
2065 1277 2275 1332 divitias
2305 1278 2473 1333 oculis
2495 1280 2647 1333 suis?
2695 1280 2796 1335 llic
2824 1297 2954 1337 vero
2981 1298 3176 1339 avarus
3205 1287 3553 1358 describitur,

1960 1369 2051 1438 qui
2082 1384 2356 1438 nunquam
2385 1372 2579 1439 opibus
2603 1372 2882 1441 expletur;
2922 1382 2977 1428 et
3002 1384 3205 1443 quanto
3232 1378 3353 1447 plus
3380 1383 3547 1451 capit,

1960 1467 2110 1514 tanto
2134 1460 2256 1528 plus
2294 1461 2444 1531 cupit
2473 1479 2486 1514 :
2531 1463 2672 1517 sicut
2706 1462 3054 1533 hydropicus,
3087 1476 3287 1534 quanto
3312 1469 3434 1537 plus
3471 1471 3557 1525 bi-

1957 1550 2056 1615 bit,
2088 1559 2297 1604 tantum
2325 1550 2445 1605 sitis
2472 1551 2655 1606 addita
2681 1554 2920 1607 crescit..
2949 1552 3128 1609 Flacci
3147 1571 3361 1626 quoque
3389 1573 3552 1627 super

1957 1639 2061 1694 hoc
2100 1640 2393 1696 concordat
2434 1641 2721 1708 sententia,
2750 1643 2840 1712 qui
2885 1644 2962 1697 ait
3011 1643 3204 1715 (Epist.
3239 1647 3292 1712 1,
3324 1647 3393 1701 ad
3422 1647 3546 1702 Lol-

1956 1727 2106 1800 lium)
2136 1747 2149 1782 :

2354 1820 2567 1883 Semper
2590 1832 2766 1872 avarus
2786 1828 3012 1884 eget.....

1954 1910 2099 1966 Nihil
2129 1912 2331 1968 divitia:
2358 1922 2588 1983 prosunt
2627 1928 2758 1983 ergo
2785 1913 2984 1985 (inquit
3026 1915 3403 1990 Ecclesiastes)
3425 1935 3549 1989 pos—

1953 2004 2171 2071 sidenti,
2211 2006 2316 2061 nisi
2358 2007 2464 2061 hoc
2489 2007 2683 2073 solum,
2717 2015 2777 2061 ut
2800 2008 2982 2063 videat
3010 2010 3156 2079 quod
3185 2008 3351 2083 426
3377 2013 3549 2081 possi-

1952 2096 2061 2150 det.
2087 2095 2298 2161 Quanlo
2325 2098 2473 2152 enim
2499 2097 2674 2166 major
2708 2097 2872 2153 fuerit
2896 2099 3217 2167 substantia,
3252 2106 3401 2159 tanto
3426 2105 3546 2174 plu-

1952 2200 2041 2241 res
2060 2188 2339 2243 ministros
2359 2190 2601 2255 habebit,
2618 2191 2711 2261 qui
2725 2206 2854 2260 opes
2869 2192 3129 2248 devorent
3156 2205 3540 2267 congregatas:

1949 2279 2201 2340 dominus
2240 2287 2423 2334 autem
2450 2296 2638 2336 earum
2667 2282 2850 2336 videat
2914 2290 3123 2338 tantum
3165 2287 3294 2355 quid
3320 2287 3540 2354 habeat,

1951 2380 2006 2428 et
2025 2374 2145 2444 plus
2167 2391 2329 2445 quam
2359 2375 2520 2431 unius
2547 2376 2784 2431 hominis
2802 2375 2981 2431 cibum
3006 2393 3199 2448 capere
3222 2394 3329 2433 non
3351 2381 3540 2449 possit.

2023 2459 2190 2514 Vens.
2224 2460 2311 2514 11.
2342 2489 2418 2500 -—-
2457 2459 2643 2513 Dulcis
2673 2473 2747 2515 est
2788 2477 3004 2516 somnus
3034 2465 3293 2533 aperanti,
3325 2466 3432 2519 sive
3457 2484 3548 2537 pa-

1952 2570 2070 2607 rum
2118 2554 2225 2607 sive
2269 2553 2493 2607 multum
2537 2554 2814 2608 comedat:
2862 2557 3115 2609 saturitas
3146 2568 3321 2612 autem
3364 2560 3542 2616 divitis

1952 2658 2059 2697 non
2087 2643 2211 2697 sinit
2248 2657 2366 2696 eum
2406 2641 2655 2695 dormire.
2702 2642 2896 2697 Adhuc
2943 2644 3010 2698 de
3058 2643 3224 2699 divite
3266 2657 3322 2700 et
3372 2662 3557 2704 avaro‘

1950 2748 2129 2789 sermo
2160 2738 2261 2798 est,
2299 2740 2353 2786 et
2373 2738 2755 2800 comparantur
2776 2733 3043 2800 operanti,
3069 2741 3124 2787 et
3151 2734 3356 2803 absque
3387 2734 3544 2790 solli-

1950 2825 2189 2881 citudine
2218 2823 2526 2887 dormienti,
2561 2823 2674 2877 sive
2708 2837 2899 2893 parum
2936 2822 3051 2877 sive
3097 2823 3324 2877 multum
3353 2839 3538 2880 come~

1951 2920 2110 2986 derit,
2143 2917 2288 2990 quod
2311 2918 2402 2973 ille
2426 2918 2613 2974 labore
2641 2919 2843 2988 operis,
2885 2925 2941 2973 et
2969 2917 3164 2973 sudore
3190 2916 3436 2985 quemvis
3458 2917 3538 2971 ci-

1948 3014 2078 3067 bum
2122 2999 2337 3083 digei'it,
2369 3019 2425 3066 et
2461 3011 2606 3066 dulci
2636 3026 2825 3067 somno
2853 3007 3170 3080 perfruitur.
3216 3007 3376 3062 Dives
3409 3021 3547 3062 vero

1950 3103 2214 3158 distentus
2244 3101 2490 3171 dapibus,
2524 3101 2578 3155 in
2604 3100 2816 3156 diversa
2844 3100 3134 3162 laceratus,
3167 3097 3404 3152 dormire
3430 3113 3538 3153 non

1949 3195 2115 3262 valet,
2163 3194 2500 3250 redundante
2536 3192 2775 3261 crapula,
2807 3200 2861 3246 et
2905 3191 3119 3245 incocto
3162 3190 3284 3244 cibo
3325 3188 3382 3243 in
3428 3196 3540 3244 sto-

1950 3287 2129 3341 machi
2157 3285 2425 3356 angustiis
2449 3290 2732 3338 mstuante.
2761 3281 2931 3335 Porro
2959 3280 3083 3349 quia
3112 3293 3352 3342 somnus,
3391 3292 3544 3332 com-

1947 3374 2126 3429 munis
2161 3374 2225 3429 de
2254 3375 2357 3428 hac
2385 3374 2494 3427 vita
2534 3372 2713 3426 exitus
2755 3370 3073 3440 appellatur,
3103 3369 3296 3424 melior
3322 3369 3428 3422 erit
3453 3382 3544 3424 re-

1946 3464 2101 3534 quies
2126 3462 2244 3531 cjus
2290 3464 2382 3533 qui
2417 3470 2675 3533 operatur
2720 3461 2775 3515 in
2814 3460 3091 3530 praesenti,
3135 3466 3192 3515 et
3240 3457 3537 3515 secundum

1947 3557 2090 3611 vires
2117 3570 2243 3612 suas
2286 3557 2341 3610 in
2366 3556 2524 3611 bouis
2557 3554 2813 3623 operibus
2848 3559 3217 3614 conversatur,
3249 3563 3411 3618 quam
3442 3562 3537 3603 eo-

1945 3663 2066 3702 rum
2095 3647 2298 3702 divitim
2319 3645 2386 3699 de
2415 3645 2609 3713 quibus
2639 3641 2895 3696 scribitur
2920 3658 2934 3692 ε
2978 3638 3069 3693 Vra
3098 3639 3240 3693 vobis
3266 3638 3537 3703 divitibus,

1944 3737 2069 3806 quia
2098 3735 2361 3804 recepistis
2392 3730 2799 3786 consolationem
2827 3738 3049 3783 vestram
3076 3728 3227 3800 (Luc.
3249 3744 3324 3789 γι,
3348 3727 3464 3799 24).

2017 3827 2186 3881 Vens.
2226 3822 2410 3877 12-16.
2444 3851 2516 3862 -α
2563 3820 2658 3874 Est
2701 3830 2751 3874 et
2800 3818 2910 3874 alia
2956 3820 3241 3889 inﬁrmitas
3290 3821 3533 3892 pessima,

1943 3932 2101 3986 quam
2126 3915 2230 3970 vidi
2263 3914 2357 3968 sub
2378 3912 2486 3967 sole
2516 3928 2534 3965 :
2562 3912 2757 3966 divitia:
2784 3920 3100 3966 conservata:
3133 3915 3188 3966 in
3220 3912 3418 3967 malum
3442 3913 3537 3968 do-

1943 4006 2073 4059 mini
2097 4006 2199 4059 sui.
2230 4003 2457 4058 Pereunt
2486 4003 2624 4057 enim
2660 4004 2715 4056 in
2763 4002 3039 4072 afflictione
3082 4003 3332 4070 pessima.
3365 4002 3538 4057 Gene-

1945 4097 2076 4150 ravit
2100 4095 2291 4165 ﬁlium,
2322 4096 2412 4166 qui
2436 4110 2639 4148 summa
2663 4095 2716 4147 in
2736 4100 2961 4163 egestate
2975 4091 3073 4145 erit
3092 4108 3112 4155 ;
3141 4092 3277 4146 sicut
3296 4109 3533 4162 egressus

1943 4197 2018 4242 est
2049 4187 2221 4242 nudus
2270 4186 2334 4241 de
2385 4196 2533 4241 utero
2583 4186 2768 4240 matris
2810 4201 2941 4251 sum,
2991 4184 3067 4238 sic
3123 4193 3421 4249 revertetur,
3478 4193 3528 4238 et

1945 4276 2074 4332 nihil
2112 4277 2314 4347 auferet
2342 4293 2519 4331 secum
2548 4276 2610 4330 de
2654 4275 2831 4330 labore
2872 4291 2989 4328 suo.
3024 4272 3341 4328 Miserabilis
3379 4289 3533 4342 pror-

1941 4385 2032 4423 sus
2077 4368 2403 4437 inﬁrmitas;
2432 4365 2687 4438 quomodo
2735 4365 2895 4429 venit,
2941 4364 3016 4418 sic
3055 4371 3358 4417 revertetur.
3390 4361 3531 4427 Quid

1943 4478 2064 4531 ergo
2087 4461 2295 4531 prodest
2319 4460 2365 4513 ei
2391 4457 2530 4528 quod
2558 4456 2813 4510 laboravit
2840 4456 2895 4508 in
2916 4463 3121 4508 ventum
3138 4454 3163 4506 ?
3188 4450 3400 4505 Cunctis
3421 4451 3530 4505 die-

1944 4551 2038 4605 bus
2063 4551 2180 4605 vita:
2209 4566 2318 4604 sua:
2338 4547 2559 4601 comedit
2581 4548 2637 4599 in
2664 4545 2908 4609 tenebris,
2935 4553 2981 4597 et
3005 4546 3060 4597 in
3082 4545 3221 4597 curis
3252 4542 3453 4609 ntultis,
3483 4551 3535 4597 et

1942 4643 1999 4696 in
2027 4650 2265 4696 aerumna
2293 4648 2448 4709 atque
2467 4639 2703 4693 tristitia.
2738 4638 2871 4693 Cum
2904 4637 3169 4707 superiori
3189 4634 3359 4706 junge
3386 4637 3533 4706 quod

1945 4731 2210 4800 sequitur.
2247 4727 2576 4783 Ecclesiaste
2603 4726 2826 4781 divitem
2857 4726 3211 4789 describente,
3244 4726 3388 4796 quod
3429 4741 3533 4781 nec

1946 4824 2060 4892 ipse
2082 4822 2254 4892 possit
2278 4821 2391 4877 suis
2410 4818 2615 4875 divitiis
2642 4818 2869 4888 perfrui,
2903 4826 2957 4873 et
2978 4819 3171 4874 crebro
3189 4825 3414 4887 propter
3436 4832 3532 4872 eas

1947 4914 2002 4967 in
2034 4913 2322 4969 discrimen
2366 4910 2570 4976 veniat,
2598 4925 2701 4965 nec
2732 4910 2930 4964 haeredi
2972 4909 3117 4979 quod
3161 4907 3531 4977 congregavit,

1949 5004 2240 5073 relinquat,
2272 5003 2368 5058 sed
2400 5010 2455 5058 et
2483 5002 2598 5072 ipse
2637 5008 2692 5056 et
2723 5000 2866 5055 ﬁlius
2910 4992 3061 5066 suus,
3100 5000 3241 5055 sicut
3269 5007 3532 5054 venerunt

1947 5093 2097 5157 nudi,
2126 5094 2199 5147 ita
2225 5094 2351 5147 nudi
2379 5098 2724 5148 revertantur
2753 5091 2809 5145 in
2837 5098 3053 5156 terram,
3084 5100 3137 5146 et
3171 5089 3305 5144 nihil
3333 5103 3426 5144 eos
3451 5087 3534 5141 la-

1946 5185 2140 5239 borum
2170 5199 2392 5238 suorum
2433 5184 2744 5239 comitetur.
2777 5182 2965 5238 Nonne
3009 5185 3151 5237 enim
3194 5183 3419 5252 languor
3451 5187 3536 5236 est

1946 5273 2234 5344 pessimus,
2263 5288 2363 5342 pro
2393 5273 2594 5328 divitiis
2631 5273 2957 5344 cogitatione
3000 5273 3264 5340 torqueri,
3301 5279 3357 5326 et
3383 5272 3535 5341 peri-

1950 5373 2098 5421 turas
2138 5380 2288 5434 opes,
2330 5379 2465 5435 quas
2500 5366 2782 5420 nobiscum
2828 5380 2936 5419 non
2983 5379 3272 5434 possumus
3314 5361 3533 5418 auferre

1950 5456 2265 5520 morientes,
2297 5455 2351 5510 in
2394 5455 2634 5518 tristitia,
2686 5454 2743 5509 in
2784 5454 3009 5525 gemitu,
3045 5453 3102 5508 in
3142 5453 3533 5522 indignatione,

1950 5547 2005 5601 in
2029 5545 2240 5611 litibus,
2282 5560 2438 5601 casso
2479 5544 2662 5601 labore
2705 5545 3049 5616 conquirere.
3083 5545 3378 5600 Possumus
3414 5543 3535 5599 haec

1949 5641 2136 5696 eadem
2163 5640 2325 5695 verba
2354 5640 2420 5695 de
2445 5639 2886 5711 philosophorum
2916 5639 3259 5712 dogmatibus
3298 5639 3384 5696 vel
3414 5639 3535 5697 lue-

1952 5731 2247 5787 reticorum
2274 5730 2719 5801 perversitatibus
2757 5730 3097 5802 intelligere,
3116 5733 3207 5802 qui
3251 5733 3309 5787 in
3330 5729 3534 5786 malum
