4020 6186
522 299 623 359 691

1361 289 1419 344 Β.
1460 289 1521 344 F.
1562 286 1784 343 ALBINI
1821 287 1956 344 SEU
1993 286 2266 344 ALCUINI
2304 287 2584 346 OPERUM
2626 289 2802 345 PARS
2840 290 2901 345 ll.

3657 290 3773 347 692

522 413 606 469 sui
633 407 842 465 divitias
881 404 1212 459 diversorum
1255 407 1583 469 congregant
1624 400 1949 468 dogmatum,
1989 413 2091 452 nec
2119 392 2160 448 Α
2191 407 2246 452 et
2276 399 2625 452 nihilominus
2653 399 2966 454 stultissima
3005 397 3266 469 parcitate
3291 413 3350 455 se
3378 400 3615 467 cruciat,
3645 401 3773 458 aliis

523 505 754 572 aliquam
779 499 834 551 in
857 495 936 550 eis
968 493 1257 548 utilitatem
1304 491 1505 546 habent
1553 489 1704 563 [Ms.,
1759 488 2088 561 habebunt];

523 607 621 646 nec
644 586 999 644 sectatoribus
1023 583 1137 639 suis
1157 581 1389 638 fructum
1417 581 1724 650 relinquunt
1751 588 2090 649 perpetuum,

518 680 614 736 sed
639 686 694 734 et
721 678 841 747 ipsi,
884 683 938 731 et
985 673 1234 744 discipuli
1282 688 1469 728 eorum
1519 672 1667 735 nudi,
1717 673 1920 740 absque
1966 670 2093 726 ullis

519 770 727 826 meritis
768 767 920 842 μὴ,
963 766 1122 821 bonis
1156 763 1384 835 meritis]
1413 771 1752 819 revertentur
1789 763 1843 816 in
1871 771 2090 822 terram,

518 877 624 917 non
647 861 905 918 habentes
929 858 1103 913 lucem
1131 872 1272 912 vera:
1299 856 1594 926 sapientim,
1634 855 1730 908 sed
1774 855 1826 908 in
1858 853 2092 908 tenebris

519 951 852 1023 ignorantiae,
875 951 1096 1019 verique
1122 949 1342 1003 luminis
1371 955 1636 1016 expertes,
1663 962 1852 1002 omnes
1879 947 2091 1002 labores

520 1057 647 1097 suos
672 1042 899 1112 perdent
931 1039 1073 1094 illius
1107 1038 1312 1106 judicio
1337 1038 1427 1107 qui
1475 1038 1588 1090 ait:
1625 1036 1851 1090 Perdam
1886 1038 2091 1106 sapien-

520 1136 648 1188 tiam
667 1132 995 1203 sapientium,
1023 1139 1070 1184 et
1094 1128 1420 1200 prudentiam
1455 1127 1784 1196 prudentium
1811 1127 2090 1196 reprobdbo

525 1226 575 1296 tl
606 1225 728 1279 Cor.
761 1241 811 1289 ι,
853 1221 962 1293 19).

592 1317 751 1370 Vnus.
787 1313 969 1367 1ῗ-19.
997 1343 1065 1352 -
1095 1311 1210 1366 Hoc
1238 1313 1410 1381 itaque
1436 1313 1562 1365 mihi
1582 1313 1750 1366 visum
1777 1322 1851 1366 est
1875 1313 2087 1377 bonum,

521 1417 576 1460 ut
597 1405 828 1460 comedat
851 1404 965 1475 quis
983 1445 998 1469 ,
1031 1413 1080 1458 et
1106 1403 1267 1468 bibat,
1296 1412 1343 1456 et
1384 1403 1598 1472 fruatur
1617 1403 1798 1457 ltetitia
1823 1419 1887 1456 ea:
1915 1402 2091 1457 labore

517 1512 636 1562 suo,
663 1512 766 1566 quo
789 1494 1039 1549 laboravit
1067 1495 1174 1564 ipse
1201 1494 1296 1547 sub
1323 1493 1450 1556 sole,
1481 1510 1698 1547 numero
1735 1493 1938 1546 dierum
1973 1495 2090 1546 vitae

515 1601 648 1649 sum,
675 1600 803 1655 quos
847 1583 987 1638 dedit
1017 1582 1095 1636 illi
1140 1583 1303 1637 Deus.
1337 1583 1401 1636 Et
1441 1582 1552 1636 haec
1577 1593 1651 1636 est
1690 1599 1812 1653 pars
1849 1582 2012 1647 illius,
2042 1592 2089 1636 et

518 1673 661 1728 omni
684 1673 881 1726 homini
922 1673 1007 1725 cui
1049 1672 1191 1725 dedit
1216 1671 1358 1725 Deus
1400 1671 1628 1735 divitias,
1661 1681 1814 1742 atque
1849 1672 2090 1726 substan-

519 1766 667 1831 tiam,
694 1774 1094 1836 potestatemque
1122 1766 1167 1818 ei
1213 1765 1414 1829 tribuit,
1455 1775 1508 1818 ut
1549 1765 1784 1819 comedat
1815 1781 1878 1820 ex
1907 1767 2013 1832 eis;
2041 1777 2087 1818 et

519 1854 732 1920 fruatur
755 1863 904 1924 parte
923 1871 1038 1917 sua,
1081 1864 1128 1908 et
1158 1853 1361 1918 laetetur
1401 1855 1466 1907 de
1508 1853 1684 1908 labore
1720 1871 1837 1919 suo,
1877 1854 1973 1907 hoc
2013 1863 2089 1907 est

515 1945 710 1999 donum
738 1944 857 1998 Dei.
886 1944 1010 1999 Non
1034 1943 1170 1999 enim
1200 1946 1328 1999 satis
1355 1945 1710 1998 recordabitur
1737 1943 1943 1997 dierum
1970 1945 2088 1997 vita:

515 2052 646 2100 sum,
678 2051 738 2089 eo
778 2035 918 2107 quod
944 2034 1086 2089 Deus
1115 2044 1322 2105 occupet
1352 2033 1550 2087 deliciis
1595 2049 1684 2086 cor
1723 2033 1857 2102 ejus.
1885 2032 1985 2098 Qui
2013 2032 2089 2085 la-

515 2124 735 2179 boribus
764 2123 876 2178 suis
912 2123 968 2176 in
1003 2138 1252 2178 curarum
1299 2123 1534 2176 tenebris
1581 2123 1836 2186 vescitur,
1883 2131 2090 2177 etcum

515 2214 706 2282 grandi
729 2213 852 2268 vita:
876 2213 1032 2268 taedio
1058 2212 1300 2281 peritura
1338 2219 1664 2280 comportat,
1693 2211 1972 2266 meliorem
2001 2211 2084 2265 di-

517 2306 591 2359 cit
613 2319 898 2370 cumesse,
923 2304 1015 2372 qui
1055 2303 1410 2372 priesentibus
1448 2304 1646 2357 fruitur
1685 2303 1843 2358 bonis
1869 2303 1922 2356 in
1953 2303 2087 2357 laeti-

518 2395 591 2450 tia
617 2405 672 2449 et
696 2393 1051 2464 iucunditate.
1093 2393 1191 2447 llic
1234 2394 1376 2446 enim
1421 2392 1504 2446 vel
1530 2407 1694 2461 parva
1720 2392 1966 2460 voluptas
1995 2400 2083 2446 est

516 2486 572 2541 in
605 2483 850 2548 fruendo,
892 2485 965 2539 ibi
998 2499 1128 2539 vero
1155 2483 1530 2539 sollicitudinis
1570 2485 1938 2539 tantummodo
1965 2500 2084 2539 ma-

516 2575 758 2647 gnitudo.
803 2575 872 2629 Et
916 2575 1092 2630 reddit
1145 2589 1335 2630 causas
1390 2590 1559 2644 quare
1607 2575 1802 2630 donum
1849 2575 1943 2629 Dei
1992 2575 2081 2640 sit,

511 2665 624 2723 frui
652 2681 811 2736 posse
829 2665 1058 2733 divitiis;
1098 2666 1348 2736 quoniam
1375 2682 1484 2722 non
1517 2667 1742 2722 multum
1770 2666 2082 2723 recordabi-

516 2773 605 2815 tur
645 2759 850 2814 dierum
887 2757 1088 2813 laboris
1135 2758 1240 2822 sui,
1275 2758 1394 2814 ideo
1435 2774 1542 2814 non
1593 2760 1698 2814 erit
1745 2761 1799 2813 in
1840 2759 2079 2823 tristitia,

517 2863 625 2905 non
661 2848 983 2917 cogitatione
1021 2848 1320 2912 vexabitur,
1365 2849 1626 2904 abductus
1658 2847 1844 2903 lzetitia
1889 2857 1944 2902 et
1988 2863 2082 2902 vo-

517 2941 720 3010 luptate
758 2939 1030 3011 praesenti.
1065 2939 1173 2996 Sed
1219 2940 1410 2997 melius
1456 2950 1537 2997 est
1575 2941 1728 3010 juxta
1765 2940 2079 3011 Apostolum

519 3032 571 3104 (ι
602 3032 723 3088 Cor.
753 3049 808 3098 χ,
835 3032 892 3102 5)
927 3033 1220 3105 spiritalem
1259 3048 1437 3089 escam
1466 3041 1522 3088 et
1561 3033 1855 3104 spiritalem
1891 3043 2074 3104 potum
2104 3064 2152 3130 ο

515 3124 916 3194 spiritalemque
939 3125 1178 3180 lxetitiam
1207 3141 1236 3178 a
1269 3126 1378 3180 Deo
1409 3125 1524 3180 dari
1551 3125 1792 3196 intelligi,
1819 3135 1875 3181 et
1901 3127 2082 3182 videre

515 3215 810 3271 bonitatem
850 3215 964 3280 Dei,
1011 3223 1066 3271 et
1101 3214 1487 3284 iucunditatem
1518 3217 1697 3271 cordis
1725 3217 1807 3270 sui
1844 3216 1898 3270 in
1933 3217 2081 3271 omni

519 3307 705 3362 labore
730 3323 852 3374 suo,
883 3323 989 3376 quo
1033 3308 1346 3376 spiritaliter
1373 3309 1426 3362 in
1467 3307 1626 3364 bonis
1667 3310 1877 3364 laborat
1908 3310 2084 3380 operi-

521 3399 640 3464 bus,
681 3413 775 3469 spe
817 3397 1123 3453 consolatus
1169 3397 1361 3453 t'utura:
1397 3398 1768 3453 retributionis
1801 3417 1814 3451 :
1867 3407 1922 3454 et
1967 3400 2084 3454 hzec

445 3547 454 3557 _
515 3497 601 3545 est
626 3504 754 3560 pars
776 3497 981 3554 nostra,
1017 3499 1077 3543 ut
1109 3489 1351 3544 laatemur
1375 3489 1426 3543 in
1463 3491 1640 3545 studio
1665 3491 1929 3545 bonorum
1958 3506 2084 3561 ope-

522 3596 672 3648 rum;
717 3597 836 3652 qua:
863 3582 1069 3648 laztitia,
1104 3581 1230 3637 licet
1261 3580 1400 3637 bona
1439 3582 1529 3646 sit,
1565 3596 1664 3637 nec
1706 3591 1883 3638 tamen
1928 3583 2084 3652 plene

518 3672 659 3727 bona
697 3681 798 3739 est,
849 3675 1018 3729 donec
1061 3671 1434 3728 manifestetur
1473 3671 1735 3737 Christus,
1767 3672 1918 3742 cujus
1947 3674 2082 3730 visio

515 3765 755 3835 perfecta
801 3766 1016 3820 bonitas
1042 3775 1124 3821 est
1151 3775 1207 3821 et
1229 3765 1560 3836 iucunditas.
1604 3765 1908 3822 Notandum
1953 3782 2081 3836 quo-

515 3871 621 3926 que
642 3864 725 3913 est
748 3857 890 3926 quod
932 3859 1211 3928 occupatio
1236 3859 1290 3913 in
1322 3859 1426 3914 hoc
1452 3859 1571 3914 loco
1594 3858 1649 3911 in
1689 3858 1832 3914 bono
1859 3857 2081 3927 intelligi

513 3951 692 4017 debet,
715 3966 815 4020 pro
849 3951 1144 4008 intentione
1165 3951 1390 4020 spiritali
1425 3965 1660 4018 veraque
1684 3950 1888 4014 laetitia,
1918 3963 2081 4019 quam

511 4042 689 4099 divina
706 4043 929 4113 inspirat
941 4044 1111 4115 gratia
1125 4044 1212 4098 hic
1225 4043 1277 4097 in
1291 4044 1571 4112 praeceptis
1582 4043 1950 4098 laborantibus
1966 4041 2078 4097 Dei.

1016 4143 1178 4214 527
1215 4141 1440 4197 CAPUT
1479 4142 1566 4196 Vl.

581 4225 745 4281 Vsus.
773 4221 888 4278 1-6.
903 4253 972 4264 ——
991 4221 1084 4275 Est
1107 4231 1154 4275 et
1174 4220 1320 4274 aliud
1339 4219 1534 4273 malum
1555 4219 1694 4290 quod
1714 4219 1815 4274 vidi
1835 4219 1929 4274 sub
1950 4220 2080 4286 sole,

510 4329 556 4371 ct
584 4317 791 4388 quidem
819 4315 1058 4385 frequens
1085 4313 1226 4383 apud
1249 4313 1501 4366 homines.
1539 4311 1630 4365 Vir
1657 4314 1742 4366 cui
1772 4313 1914 4367 dedit
1937 4313 2080 4368 Deus

510 4407 746 4469 divitias,
781 4415 829 4460 et
876 4404 1250 4469 substantiam,
1283 4412 1332 4456 et
1366 4403 1648 4468 honorem,
1684 4412 1730 4457 et
1765 4403 1896 4456 nihil
1937 4405 2077 4458 deest
2106 4431 2157 4493 Β

511 4499 702 4551 animm
727 4495 841 4564 ejus
869 4511 934 4549 ea:
958 4495 1195 4549 omnibus
1225 4509 1340 4562 quae
1368 4492 1626 4548 desiderat
1651 4509 1670 4557 ;
1702 4509 1792 4547 nec
1822 4494 2000 4547 tribuit
2027 4494 2076 4547 ei

510 4585 651 4640 Deus
668 4594 970 4656 potestatem
991 4595 1045 4638 ut
1065 4584 1298 4638 comedat
1325 4599 1390 4637 ea:
1412 4599 1492 4648 eo,
1515 4585 1604 4637 sed
1627 4585 1778 4637 homo
1798 4593 2074 4638 extraneas

507 4677 704 4731 vorabit
724 4675 875 4730 illud.
905 4675 1016 4729 Hoc
1035 4677 1255 4740 vanitas,
1277 4685 1325 4729 et
1346 4691 1534 4746 magna
1557 4676 1766 4729 miseria
1789 4684 1883 4730 est.
1910 4675 1970 4730 Si
1991 4693 2076 4746 ge-

509 4767 678 4821 nuerit
697 4767 954 4836 quispiam
977 4774 1178 4819 centum
1201 4763 1404 4829 liberos,
1427 4773 1474 4818 et
1487 4765 1668 4818 vixerit
1687 4764 1875 4818 multos
1889 4780 2073 4828 annos,

507 4868 554 4910 et
578 4855 750 4927 plures
778 4856 887 4911 dies
917 4855 1084 4909 (etatis
1109 4855 1374 4917 habuerit,
1398 4862 1444 4906 et
1473 4854 1648 4906 anima
1671 4852 1814 4906 illius
1837 4869 1938 4906 non
1961 4864 2077 4906 uta-

507 4957 595 5000 tur
620 4946 765 5000 bonis
791 4945 1096 4999 substantia:
1117 4960 1226 4998 sua:
1241 4984 1256 5008 ,
1276 4942 1638 5013 sepulturaque
1661 4953 1870 5007 careat,
1897 4943 1961 4996 de
1979 4944 2076 4997 hoc

507 5052 600 5106 ego
627 5035 905 5107 pronuntio
937 5034 1075 5105 quod
1104 5032 1286 5088 melior
1313 5031 1404 5086 illo
1432 5033 1498 5086 sit
1538 5033 1817 5086 abortivus.
1852 5030 2076 5087 Frustra

507 5129 645 5184 enim
669 5127 834 5192 venit,
859 5135 906 5180 et
928 5126 1091 5196 pergit
1116 5125 1183 5179 ad
1206 5125 1460 5190 tenebras,
1481 5133 1528 5178 et
1552 5122 1801 5178 oblivione
1824 5124 2077 5180 delebitur

510 5235 694 5274 nomen
730 5218 863 5288 ejus.
898 5216 1020 5272 Non
1057 5216 1181 5272 vidit
1207 5214 1396 5280 solem,
1431 5230 1589 5285 neque
1616 5217 1847 5284 cognovit
1877 5216 2078 5269 distan-

507 5315 636 5369 tiam
661 5313 781 5368 boni
803 5322 852 5366 et
874 5311 1000 5366 mali
1021 5328 1039 5376 ;
1063 5317 1110 5363 et
1135 5311 1181 5364 si
1207 5308 1406 5364 duobus
1430 5306 1658 5361 millibus
1682 5308 1833 5362 annis
1858 5308 2039 5362 vixerit
2058 5348 2072 5371 ,

510 5415 558 5460 et
589 5422 694 5460 non
719 5405 876 5475 fuerit
901 5403 1187 5473 perfruitus
1215 5402 1360 5456 bonis
1379 5418 1397 5454 :
1421 5417 1590 5455 nonne
1614 5399 1681 5452 ad
1714 5416 1875 5452 unum
1903 5399 2074 5452 locum

512 5505 784 5564 properant
812 5493 1034 5548 omnia?
1061 5492 1325 5548 Describit
1361 5505 1580 5545 avarum
1615 5490 1864 5552 divitem,
1893 5500 1945 5544 et
1975 5490 2076 5543 hoc

514 5587 712 5639 malum
759 5585 1010 5654 frequens
1054 5600 1172 5641 esse
1215 5585 1268 5640 in
1310 5584 1614 5639 hominibus
1660 5582 1888 5644 asserit,
1938 5581 2079 5648 quod

515 5675 646 5733 nihil
675 5689 858 5729 eorum
887 5690 1004 5746 quae
1035 5675 1088 5729 in
1119 5675 1313 5730 mundo
1349 5680 1604 5742 putantur
1643 5675 1781 5729 bona
1823 5673 1876 5727 ci
1913 5673 2074 5736 desit,

2191 491 2568 545 devorantibus
2596 491 2794 562 [Hier.,
2815 491 3138 565 dcvoranda]
3166 508 3513 549 conservans.
3544 494 3770 552 Necnon

2190 589 2244 636 et
2269 581 2397 636 illud
2422 582 2762 652 hyperbolice
2801 584 3032 650 addidit,
3073 585 3218 654 quod
3256 585 3363 640 etsi
3398 585 3600 643 liberos
3636 604 3768 644 cen-

2193 683 2302 730 tum
2331 678 2722 746 procreaverit,
2756 686 2810 733 et
2847 694 2955 733 non
2982 687 3043 734 ut
3067 679 3237 734 Adam
3265 696 3433 752 prope
3459 683 3637 748 mille,
3667 686 3767 739 sed

2191 767 2398 821 duobus
2427 767 2661 823 millibus
2688 769 2882 823 vixerit
2909 770 3094 836 annis,
3123 779 3178 825 et
3202 773 3379 826 anima
3407 770 3524 840 ejus
3551 776 3765 844 cupidi-

2193 863 2302 911 tate
2329 865 2384 911 et
2411 858 2634 912 avaritia
2661 861 3005 915 contabescat
3022 901 3036 926 ,
3069 861 3240 916 multo
3267 862 3552 918 deterioris
3576 865 3766 920 condi-

2190 947 2354 1002 tionis
2387 949 2459 1002 sit
2493 950 2734 1005 abortivo
2765 951 2856 1006 illo
2882 951 2973 1022 qui
3003 953 3190 1007 statim
3223 961 3281 1008 ut
3317 964 3478 1010 natus
3513 964 3596 1010 est
3625 957 3766 1012 inte-

2191 1037 2318 1090 riit:
2350 1037 2438 1092 ille
2466 1039 2610 1092 enim
2645 1055 2744 1095 nee
2781 1042 2919 1095 mala
2959 1042 3092 1097 vidit
3126 1059 3224 1099 nec
3257 1045 3435 1112 bona;
3484 1047 3588 1102 iste
3630 1062 3762 1104 vero

2190 1143 2311 1182 cum
2341 1131 2478 1184 bona
2508 1131 2836 1198 possederit,
2881 1148 3092 1202 semper
3131 1136 3302 1191 tristis
3340 1146 3393 1191 et
3433 1139 3762 1209 cogitatione

2191 1221 2528 1276 excruciatus
2568 1230 2690 1287 est;
2739 1224 3014 1294 magisque
3052 1227 3288 1294 requiem
3337 1228 3556 1284 habebit
3598 1231 3762 1286 abor-

2191 1313 2333 1368 tivus
2369 1328 2529 1382 quam
2566 1329 2759 1369 avarus
2793 1315 2883 1370 ille
2916 1317 3220 1386 longazvus;
3271 1327 3328 1372 et
3374 1328 3550 1375 tamen
3597 1325 3766 1379 ambo

2190 1402 2379 1472 aequali
2406 1403 2510 1457 line
2533 1405 2826 1472 rapientur,
2850 1407 2974 1460 dum
2997 1416 3050 1460 et
3073 1408 3161 1463 hic
3181 1419 3236 1463 ct
3258 1410 3346 1464 ille
3369 1411 3762 1467 subtrahuntur

2191 1491 2352 1546 simili
2384 1500 2573 1547 morte.
2612 1491 2794 1547 Potest
2821 1495 2924 1550 hoc
2953 1494 3050 1566 [et]
3081 1497 3146 1552 de
3177 1497 3341 1553 Israel
3374 1501 3576 1571 accipi,
3615 1505 3771 1572 quod

2191 1579 2399 1635 dederit
2421 1581 2495 1635 illi
2519 1583 2658 1637 Deus
2681 1583 2850 1654 legem
2873 1593 2926 1640 et
2944 1588 3232 1656 prophetas
3249 1631 3262 1654 ,
3295 1597 3678 1647 testamentum
3706 1605 3766 1648 es

2190 1672 2657 1741 repromissionem
2677 1714 2692 1740 ,
2725 1673 3006 1731 Salvatore
3029 1677 3242 1734 dicente
3265 1698 3276 1732 :
3308 1681 3590 1750 Auferetur
3615 1700 3648 1736 a
3680 1701 3764 1738 vo-

2193 1762 2269 1816 bis
2299 1779 2506 1832 regnum
2537 1763 2662 1829 Dei,
2695 1773 2742 1818 et
2771 1765 2981 1819 dabitur
3002 1769 3140 1837 genti
3160 1768 3370 1837 facienti
3396 1771 3622 1839 fructum
3647 1774 3765 1842 ejus

2193 1851 2211 1922 (
2227 1851 2414 1906 Matth.
2442 1869 2530 1908 xxI
2551 1895 2564 1919 ,
2590 1854 2715 1926 45).
2747 1855 2871 1911 Haec
2897 1859 3076 1912 omnia
3102 1860 3168 1914 ad
3194 1859 3425 1916 alienum
3450 1870 3503 1917 et
3526 1864 3766 1934 peregri-

2191 1959 2318 1998 num
2343 1945 2582 2013 gentium
2607 1947 2866 2001 translata
2895 1957 3017 2003 sunt
3041 1951 3292 2019 populum
3312 1993 3326 2016 ,
3356 1962 3414 2006 ut
3439 1953 3655 2009 videant
3682 1955 3762 2009 illi

2192 2035 2331 2089 bona
2361 2051 2487 2099 sua,
2519 2045 2574 2090 et
2597 2051 2702 2091 non
2727 2035 2992 2093 fruantur.
3021 2040 3288 2112 Multoque
3313 2059 3411 2098 nos
3434 2045 3765 2100 conditionis

2189 2141 2308 2182 esse
2341 2127 2606 2193 melioris,
2642 2130 2733 2198 qui
2767 2132 2921 2199 quasi
2955 2133 3183 2187 abortivi
3215 2143 3270 2190 et
3308 2137 3500 2192 novelli
3537 2139 3768 2206 putaba-

2189 2233 2310 2271 mur
2340 2218 2406 2272 ab
2430 2219 2536 2281 eis,
2567 2235 2727 2289 quam
2754 2221 2828 2276 illi
2857 2224 2946 2293 qui
2978 2224 3079 2279 sibi
3111 2226 3163 2279 in
3190 2227 3510 2296 antiquitate
3536 2231 3762 2300 applau-

2188 2308 2413 2374 debant,
2443 2309 2508 2364 de
2533 2311 2776 2378 patrihus
2801 2313 3090 2381 gloriantes
3115 2325 3275 2385 atque
3300 2317 3540 2374 dicentes
3564 2337 3577 2372 :
3609 2319 3768 2374 Pater

2197 2409 2373 2453 noster
2401 2399 2665 2454 Abraham
2695 2401 2874 2472 (Joan.
2901 2419 2998 2458 vni
3016 2444 3031 2469 ,
3057 2405 3168 2476 59).
3201 2406 3268 2461 Et
3297 2415 3476 2463 tamen
3502 2409 3569 2462 ad
3597 2425 3770 2464 unum:

2187 2489 2364 2544 locum
2389 2500 2444 2544 et
2471 2507 2571 2546 nos
2599 2501 2653 2546 et
2681 2493 2801 2549 illos
2832 2511 3152 2565 properare,
3196 2498 3248 2552 id
3287 2506 3372 2554 est
3400 2501 3468 2556 ad
3497 2499 3768 2569 judicium-

2187 2581 2303 2637 Dei.
2329 2580 2483 2648 Quod
2509 2591 2690 2638 autem
2721 2584 2774 2638 in
2803 2587 2979 2642 medio
3005 2587 3080 2641 ait
3106 2606 3120 2642 :
3145 2587 3213 2642 Et
3237 2589 3445 2658 quidem
3472 2590 3772 2660 sepulcrum

2187 2688 2289 2725 non
2313 2671 2415 2741 fuit
2443 2673 2488 2725 ei
2511 2713 2528 2738 ,
2554 2673 2666 2728 sive
2691 2674 2792 2729 hoc
2821 2675 3085 2746 signiﬁcat
3109 2678 3254 2748 quod
3280 2679 3430 2734 dives
3457 2679 3544 2735 ille
3568 2681 3636 2735 dc
3662 2697 3760 2735 sua

2185 2770 2360 2816 morte
2387 2777 2492 2816 non
2520 2763 2746 2833 cogitet,
2777 2773 2831 2818 ct
2857 2781 2978 2819 cum
3007 2768 3185 2822 omnia
3213 2768 3515 2838 possideat,
3548 2767 3770 2841 {etiam}-

2184 2852 2239 2906 in
2268 2853 2631 2909 exstructione
2659 2855 2886 2924 sepulcri
2915 2871 3110 2912 avarus
3137 2857 3212 2914 sit
3237 2875 3251 2923 ;
3284 2859 3399 2913 sive
3437 2860 3581 2928 quod
3617 2874 3762 2928 saepe

2184 2953 2405 3016 propter
2456 2947 2588 3002 istas
2637 2947 2851 3003 divitias
2897 2951 3108 3005 occisus
3159 2949 3406 3016 insidiis,
3461 2951 3760 3020 insepultus

2184 3035 2502 3104 abjiciatur;
2554 3037 2699 3104 sive,
2746 3039 2887 3108 quod
2937 3040 3127 3096 melius
3171 3051 3331 3111 puto,
3383 3041 3514 3096 nihil
3557 3042 3757 3097 bonum

2183 3127 2606 3183 honoriﬁcumve
2628 3126 2779 3199 [Ms.,
2798 3129 2931 3184 nihil
2950 3129 3076 3184 boni
3101 3130 3229 3186 facti
3258 3129 3604 3202 honorisque]
3636 3146 3757 3200 ege-

2182 3217 2274 3283 rit,
2306 3233 2371 3273 ex
2387 3231 2493 3287 quo
2516 3217 2617 3272 sibi
2632 3226 2794 3287 queat
2806 3219 2945 3288 apud
2958 3227 3200 3289 posteros
3214 3219 3516 3274 memoriam
3531 3235 3758 3290 compa-

2183 3321 2333 3371 rare,
2348 3307 2512 3361 vitam
2533 3305 2746 3362 silentio
2768 3307 2909 3362 velut
2921 3323 3084 3378 pecus
3101 3310 3384 3374 transiens,
3411 3323 3531 3362 cum
3545 3309 3755 3365 habue-

2183 3397 2256 3452 rit
2266 3398 2545 3452 materiam
2559 3412 2656 3467 per
2669 3414 2828 3469 quam
2839 3400 3076 3469 potuerit
3097 3414 3353 3469 apparere
3369 3397 3509 3468 quod
3530 3399 3753 3454 vixerit.

2253 3489 2414 3544 Vnus.
2455 3489 2509 3555 7,
2535 3489 2664 3544 8.—
2685 3489 2866 3545 Omnis
2885 3490 3032 3545 labor
3049 3492 3274 3546 hominis
3302 3494 3358 3546 in
3379 3507 3467 3546 ore
3495 3491 3630 3562 ejus,
3661 3493 3754 3546 sed

2185 3582 2362 3636 anima
2390 3582 2505 3651 ejus
2534 3597 2638 3636 non
2666 3581 2962 3652 implebitur
2989 3583 3155 3637 bonis.
3184 3582 3321 3648 Quid
3347 3583 3499 3636 habet
3527 3582 3752 3652 amplius

2183 3671 2391 3741 sapiens
2419 3688 2451 3724 a
2479 3670 2659 3736 stulto,
2681 3672 2872 3742 etquid
2894 3689 3091 3742 pauper
3113 3673 3213 3726 nisi
3235 3683 3288 3726 ut
3309 3681 3489 3743 pergat
3513 3671 3638 3726 illuc
3663 3673 3754 3725 ubi

2182 3770 2256 3814 est
2285 3761 2388 3813 vita
2411 3760 2437 3812 ?
2462 3758 2632 3815 Omne
2657 3760 2802 3830 quod
2827 3759 3072 3815 laborant
3100 3761 3344 3817 homines
3371 3761 3426 3815 in
3461 3762 3564 3816 hoc
3595 3776 3750 3815 mun-

2185 3851 2284 3914 do,
2316 3864 2411 3905 ore
2452 3849 2810 3916 consumitur,
2847 3859 2930 3914 et,
2974 3851 3216 3906 attritum
3253 3850 3528 3914 dentibus,
3577 3851 3749 3904 ventri

2184 3940 2416 3995 traditur
2445 3939 2827 4008 digerendum:
2857 3939 2950 3994 sed
2977 3955 3083 3995 non
3113 3939 3420 4009 implebitur
3443 3939 3622 3994 anima
3652 3954 3748 3993 co-

2185 4030 2448 4086 medentis
2471 4070 2496 4095 ν
2517 4030 2643 4099 quia
2671 4045 2885 4086 rursum
2909 4029 3185 4086 desiderat
3205 4032 3345 4101 quod
3382 4032 3646 4087 comedat.
3685 4031 3756 4086 Et

2185 4133 2305 4172 cum
2337 4126 2445 4172 tam
2471 4118 2688 4188 sapiens
2711 4133 2874 4188 quam
2898 4119 3092 4175 stultus
3116 4121 3319 4190 absque
3342 4120 3462 4176 cibo
3484 4130 3755 4189 nequeant

2183 4208 2395 4272 vivere,
2423 4215 2480 4263 et
2508 4223 2710 4278 pauper
2736 4209 2870 4263 nihil
2908 4209 3052 4265 aliud
3089 4219 3297 4280 quaerat
3337 4211 3442 4266 nisi
3485 4211 3754 4280 quomodo

2182 4301 2354 4371 possit
2381 4313 2644 4370 organum
2674 4301 2756 4356 sui
2781 4301 3086 4370 corpusculi
3111 4309 3442 4365 sustentare,
3478 4302 3599 4357 ideo
3626 4302 3754 4357 illuc

2181 4399 2435 4463 properat
2457 4407 2688 4465 pauper,
2712 4393 2802 4447 ubi
2827 4407 2957 4461 opes
2980 4407 3101 4449 esse
3123 4394 3478 4463 perspexerit.
3509 4393 3612 4448 Sed
3640 4409 3753 4448 me-

2180 4483 2284 4538 lius
2320 4490 2404 4537 est
2442 4483 2544 4536 hoc
2578 4482 2878 4552 intelligere
2902 4484 2968 4538 de
2993 4483 3362 4538 ecclesiastico
3391 4483 3508 4538 viro
3541 4483 3664 4552 qui,
3695 4484 3750 4537 in

2181 4573 2474 4643 Scripturis
2503 4574 2812 4630 caelestibus
2839 4576 3110 4640 eruditus,
3141 4592 3352 4631 omnem
3388 4576 3624 4632 laborem
3655 4577 3752 4631 ba-

2179 4668 2271 4722 bet
2301 4669 2354 4723 in
2385 4684 2480 4724 ore
2508 4685 2604 4724 suo
2623 4711 2637 4735 ,
2663 4670 2717 4724 id
2740 4677 2821 4725 est
2849 4671 2901 4724 in
2932 4671 3176 4726 doctrina
3206 4671 3460 4740 spiritali;
3490 4679 3545 4726 et
3569 4672 3749 4726 anima

2180 4757 2296 4826 ejus
2321 4773 2427 4813 non
2457 4758 2783 4827 implebitur,
2811 4761 2935 4814 dum
2962 4775 3175 4831 semper
3195 4761 3342 4829 cupit
3372 4761 3579 4816 discere
3607 4761 3755 4830 quod

2183 4849 2371 4902 doceat
2395 4865 2409 4912 ;
2439 4857 2492 4902 et
2521 4849 2575 4902 in
2603 4863 2668 4902 eo
2696 4849 2814 4918 plus
2842 4850 3002 4904 habet
3029 4851 3241 4918 sapiens
3267 4865 3426 4918 quam
3457 4851 3715 4919 insipiens
3733 4892 3756 4914 ,

2185 4940 2309 5010 quia
2340 4955 2462 4995 cum
2487 4955 2721 5010 paupere
2749 4940 2839 4995 illo
2865 4941 2956 5009 qui
2992 4941 3046 4994 in
3085 4941 3372 5012 Evangelio
3399 4942 3589 4997 beatus
3621 4941 3762 4997 dici-

2185 5036 2294 5096 tur,
2321 5038 2572 5100 properat
2596 5030 2664 5086 ad
2687 5044 2750 5085 ea
2779 5030 3276 5100 comprehendenda
3305 5045 3424 5100 qua:
3451 5031 3574 5086 vita“:
3600 5041 3748 5096 sunt,

2183 5129 2237 5177 et
2265 5122 2502 5178 ambulat
2533 5129 2736 5177 arctam
2765 5129 2821 5175 et
2858 5128 3139 5192 angustam
3168 5121 3309 5175 viam
3347 5137 3468 5191 qua!
3501 5123 3652 5178 ducit
3687 5122 3756 5178 ad

2182 5213 2366 5268 vitam.
2403 5212 2470 5266 Et
2513 5227 2714 5282 pauper
2739 5221 2822 5267 est
2849 5221 3072 5266 ornatus
3095 5212 3347 5281 operibus
3373 5211 3524 5283 [Ms.,
3548 5222 3603 5268 et
3621 5230 3751 5285 pau-

2175 5317 2275 5372 per
2302 5312 2385 5357 est
2409 5319 2439 5356 a
2464 5303 2618 5357 malis
2641 5304 2932 5376 operibus]
2957 5345 2973 5370 ,
3002 5312 3057 5360 et
3089 5305 3190 5360 scit
3225 5306 3316 5360 ubi
3349 5305 3627 5372 Christus,
3660 5308 3750 5378 qui

2177 5398 2286 5452 vita
2315 5405 2422 5460 est,
2450 5406 2828 5452 commoretur.

2250 5489 2410 5541 Vsus.
2450 5489 2502 5543 9.
2542 5519 2611 5528 —
2643 5488 2831 5544 Melius
2875 5500 2947 5544 est
2980 5491 3148 5544 videre
3174 5491 3314 5560 quod
3342 5492 3521 5560 cupias
3551 5507 3752 5560 ,quam

2181 5579 2474 5634 desiderare
2512 5582 2650 5650 quod
2691 5583 2910 5636 nescias.
2955 5581 3061 5638 Sed
3103 5592 3147 5635 ct
3189 5583 3284 5636 hoc
3324 5584 3524 5637 vanitas
3559 5593 3665 5648 est,
3706 5594 3759 5637 et

2181 5675 2512 5745 prtrsttmptio
2537 5673 2766 5745 spiritus.
2801 5673 2986 5730 Melius
3011 5681 3088 5729 cst
3111 5713 3124 5740 ,
3143 5671 3293 5742 juxta
3321 5689 3536 5730 sensum
3561 5683 3614 5730 et
3637 5689 3754 5744 pro.
