4022 6194
341 302 443 358 6713

1181 311 1591 369 EXEGETICA.
1627 344 1698 354 —
1733 315 2085 372 COMMENT.
2126 317 2192 372 IN
2233 318 2760 379 ECCLESIASTEN.

3490 332 3591 386 694

335 417 630 474 videntiam
659 426 852 475 cuncta
881 436 1070 492 agere,
1101 423 1226 493 quia
1256 438 1449 483 salsus
1471 427 1661 484 oculus
1687 436 1772 484 est
1797 428 1912 484 ani-
1938 431 1989 489 Α
2016 427 2218 485 habere
2244 430 2524 486 videamur
2547 433 2632 488 vel
2662 435 3090 506 compunctionis
3126 437 3181 492 in
3205 438 3366 494 corde
3386 480 3401 504 ,
3434 441 3593 496 amit-

335 522 470 574 ωε,
506 523 674 578 quam
715 509 1045 566 voluntatem
1084 511 1264 569 carnis
1295 513 1482 586 sequi,
1512 531 1633 586 qua:
1672 517 1917 573 nescien-

334 610 446 658 tem
491 603 641 658 ducit
670 603 752 658 'ad
796 603 1171 674 perditionem.
1217 607 1313 662 Vel
1352 616 1499 664 certe
1533 610 1824 680 superbum
1862 615 1918 664 et

333 693 440 752 sibi
478 693 784 765 placentem
823 697 1032 766 arguit,
1062 705 1118 752 et
1160 697 1436 754 meliorem
1473 699 1604 756 dicit
1645 715 1764 756 esse
1790 715 1916 756 eum

335 786 426 857 qui
457 792 652 841 cuncta
679 785 1002 854 providerit,
1032 803 1193 856 quam
1224 789 1373 844 illum
1401 789 1489 846 cui
1529 791 1663 846 nihil
1699 792 1920 861 prodest

336 876 515 951 (Hier.
539 917 555 942 ,
587 876 672 932 cui
701 875 834 930 nihil
860 876 1065 950 placet]
1094 879 1194 933 nisi
1223 880 1368 948 quod
1395 881 1508 950 ipse
1537 879 1759 948 fecerit,
1787 883 1916 952 quia

335 970 453 1023 haec
489 974 574 1022 est
610 966 751 1020 mala
782 968 982 1023 mentis
1007 967 1223 1024 alllietio
1249 1009 1263 1035 ,
1294 977 1350 1025 et
1373 973 1721 1042 praesumptio
1745 973 1917 1042 pessi-

335 1077 421 1116 ma
446 1102 461 1127 ,
513 1076 580 1116 eo
627 1062 770 1131 quod
810 1059 953 1116 Deus
993 1061 1215 1132 dissipat
1251 1061 1427 1135 [δίδη
1453 1063 1752 1138 despiciat]
1791 1081 1913 1122 ossa

339 1151 616 1208 hominum
657 1151 760 1206 sibi
787 1150 1136 1222 placentium.

403 1243 572 1319 528
607 1245 773 1300 Vens.
816 1243 903 1300 i0.
932 1277 1005 1288 —
1033 1244 1139 1312 Qui
1165 1247 1378 1318 futurus
1402 1257 1509 1316 est,
1529 1251 1647 1320 jam
1676 1260 1914 1305 vocatum

333 1345 411 1392 est
450 1352 636 1390 nomen
659 1337 796 1406 ejus,
822 1345 868 1391 et
894 1337 1060 1390 scitur
1084 1338 1223 1408 quod
1247 1339 1317 1392 sit
1344 1339 1518 1405 homo,
1544 1349 1593 1393 et
1623 1356 1726 1394 non
1754 1343 1916 1412 possit

335 1436 519 1483 contra
540 1426 808 1496 fortiorem
827 1443 883 1481 se
897 1426 1103 1497 judicio
1129 1426 1455 1482 contendere.
1483 1426 1683 1497 Aperte
1705 1427 1773 1482 de
1798 1427 1918 1483 Sal-

336 1520 539 1575 vatoris
571 1519 898 1588 praedicatur
923 1519 1153 1575 adventu
1175 1561 1191 1586 ,
1224 1520 1348 1590 quia
1376 1518 1513 1592 [qui]
1563 1519 1774 1576 futurus
1801 1530 1913 1589 est,

335 1618 624 1680 antequam
669 1610 725 1663 in
767 1624 997 1680 corpore
1042 1616 1374 1673 cerneretur,
1414 1609 1529 1678 jam
1570 1619 1818 1665 vocatum
1859 1611 1914 1666 in

337 1699 635 1770 Scripturis
663 1713 860 1756 nomen
901 1699 1056 1771 ejus;
1107 1709 1162 1755 et
1207 1701 1479 1768 cognitum
1519 1710 1602 1756 est
1641 1701 1915 1773 prophetis

333 1801 392 1848 et
419 1792 619 1848 sanctis
644 1791 739 1845 Dei
766 1800 825 1846 ut
848 1791 1011 1846 homo
1037 1793 1141 1856 sit,
1169 1801 1225 1846 et
1248 1792 1400 1862 juxta
1440 1793 1543 1848 hoc
1582 1795 1723 1862 quod
1753 1795 1914 1848 homo

333 1891 447 1948 est,
477 1897 581 1938 non
606 1883 778 1952 possit
807 1896 865 1938 se
892 1882 1141 1938 conferre
1168 1899 1293 1939 cum
1325 1882 1511 1950 Patre,
1543 1892 1602 1939 ut
1641 1886 1696 1940 in
1738 1885 1914 1940 Evan-

335 1976 475 2046 gelia
519 1976 634 2046 ipse
677 1975 790 2028 ait:
841 1973 1004 2029 Pater
1037 1975 1126 2046 qui
1165 1991 1246 2030 me
1291 1975 1462 2041 misit,
1503 1977 1677 2046 major
1716 1993 1796 2031 me
1837 1985 1911 2031 est

335 2068 530 2136 (Joan.
555 2083 676 2130 XIV,
707 2065 776 2120 28
794 2066 834 2137 ).
870 2064 1037 2121 Verba
1065 2077 1186 2122 sunt
1221 2067 1447 2138 plurima
1466 2109 1483 2134 ,
1513 2067 1830 2140 multamque
1857 2069 1914 2123 in

334 2158 650 2231 disputando
680 2159 923 2213 habentia
948 2160 1249 2214 vanitatem.

932 2267 1160 2326 CAPUT
1215 2270 1324 2325 VII.

410 2339 570 2395 Vens.
612 2340 662 2392 l.
705 2363 773 2379 -μ
809 2338 948 2406 Quid
999 2357 1202 2395 necesse
1249 2350 1324 2395 est
1365 2343 1564 2396 homini
1605 2345 1811 2415 majora
1858 2361 1913 2399 se

331 2447 598 2503 quwrere,
628 2447 746 2485 cum
776 2431 974 2502 ignoret
999 2431 1125 2502 quid
1153 2432 1409 2486 conducat
1438 2433 1539 2486 sibi
1567 2436 1622 2487 in
1648 2436 1757 2489 vita
1782 2453 1908 2501 sua,

336 2539 554 2578 numero
584 2523 789 2577 dierum
815 2523 1244 2594 peregrinationis
1271 2541 1382 2579 suae
1405 2565 1420 2589 ,
1451 2534 1496 2579 et
1528 2535 1782 2596 tempore,
1810 2545 1913 2598 quo

337 2625 394 2668 ut
425 2615 609 2669 umbra
637 2616 908 2685 prieteriit.
953 2616 1055 2669 Aut
1081 2615 1199 2686 quis
1225 2615 1274 2670 ei
1297 2618 1485 2685 poterit
1515 2617 1748 2671 indicare
1786 2619 1913 2688 quid

334 2714 451 2773 post
495 2719 614 2758 eum
653 2703 894 2774 futurum
935 2705 1001 2758 sit
1044 2704 1139 2758 sub
1178 2703 1287 2758 sole
1312 2706 1337 2759 ?
1366 2706 1589 2760 Videtur
1631 2707 1808 2762 adhuc
1847 2705 1915 2762 de

346 2795 625 2851 Salvatorc
649 2795 830 2851 dicere
847 2837 862 2861 ,
887 2805 940 2852 et
965 2797 1252 2867 prohibere
1275 2813 1342 2852 ne
1372 2799 1586 2853 curiose
1611 2814 1914 2868 quatramus

337 2887 542 2957 qualis,
570 2887 650 2940 vel
683 2895 958 2956 quantus,
976 2887 1059 2942 vel
1081 2887 1348 2956 quomodo
1377 2888 1644 2951 venisset,
1674 2889 1767 2942 sed
1795 2896 1915 2942 tan-

345 2989 461 3032 tum
499 2978 719 3034 credere
757 2978 898 3048 quod
935 2976 1212 3048 Scriptura
1249 2986 1432 3033 sancta
1465 2979 1531 3033 de
1564 2993 1629 3032 eo
1660 2986 1912 3033 testatur.

343 3070 479 3125 Cum
507 3071 650 3126 enim
679 3071 743 3125 de
770 3077 911 3124 statu
941 3077 1126 3125 nostro
1150 3069 1475 3139 ignoremus,
1507 3077 1562 3123 et
1590 3071 1698 3124 vita
1727 3079 1912 3126 nostra

343 3161 502 3229 quasi
543 3159 731 3214 umbra
777 3167 1150 3230 pertranseat,
1200 3167 1254 3212 et
1295 3157 1474 3212 futura
1516 3158 1722 3214 incerta
1771 3159 1925 3225 sint,

347 3266 452 3306 non
482 3252 634 3307 nobis
659 3251 876 3320 expedit
901 3258 962 3305 ut
985 3248 1190 3319 majora
1217 3265 1378 3320 quam
1416 3266 1702 3320 possumus
1741 3252 1918 3321 inqui-

345 3356 553 3406 ramus,
597 3342 690 3398 sed
725 3339 997 3411 silentiqm
1035 3341 1371 3411 imponamus
1414 3343 1498 3397 ori
1542 3351 1749 3408 nostro,
1800 3359 1920 3399 cre-

339 3433 536 3488 dentes
559 3448 681 3488 eum
711 3400 963 3488 venisse.
951 3434 1040 3502 qui
1073 3433 1362 3502 praedictus
1389 3443 1500 3490 est.

413 3526 576 3580 Vens.
616 3525 668 3579 2.
703 3557 772 3565 -
805 3524 994 3580 Melius
1031 3533 1106 3580 est
1140 3526 1276 3580 enim
1316 3544 1503 3582 nomen
1537 3528 1726 3584 bonum
1758 3547 1916 3600 quam

341 3626 604 3686 unguenta
632 3618 857 3687 pretiosa
877 3657 890 3681 ,
919 3627 966 3670 ct
991 3616 1099 3671 dies
1126 3617 1307 3672 mortis
1335 3617 1420 3671 die
1447 3619 1754 3673 nativitatis.
1779 3619 1917 3675 Con-

344 3705 521 3759 sidera
546 3746 560 3767 ,
604 3707 808 3776 inquit,
845 3721 878 3760 o
911 3706 1102 3769 homo,
1143 3707 1258 3761 dies
1289 3713 1410 3762 tuos
1442 3708 1661 3772 breves,
1699 3715 1754 3761 et
1789 3707 1917 3776 quia

339 3802 450 3855 cito
474 3800 714 3855 sublatus
738 3814 900 3855 carne
925 3800 978 3854 in
1005 3800 1104 3855 hac
1129 3801 1237 3854 vita
1260 3815 1382 3855 esse
1405 3800 1667 3856 cessabis.
1690 3799 1798 3853 Fac
1821 3799 1919 3853 tibi

340 3894 395 3945 in
439 3892 600 3947 bonis
635 3891 890 3959 operibus
935 3890 1133 3944 famam
1175 3891 1508 3961 longiorem,
1550 3897 1610 3942 ut
1649 3888 1920 3957 quomodo

341 3997 503 4036 nares
535 3985 928 4048 unguentorum
959 3980 1122 4033 odore
1151 3980 1504 4044 delectantur,
1541 3979 1622 4033 sic
1655 3978 1722 4032 ad
1761 3987 1913 4033 tuum

341 4084 535 4123 nomen
589 4066 761 4139 [Ms.,
802 4067 1157 4140 vocabulum]
1193 4075 1388 4123 cuneta
1433 4070 1722 4139 posteritas
1772 4069 1918 4124 dele-

340 4169 540 4216 ctetur.
577 4158 644 4213 Et
680 4159 785 4213 hoc
819 4166 904 4214 est
939 4159 1081 4228 quod
1115 4159 1170 4213 in
1204 4158 1513 4214 Proverbiis
1539 4160 1772 4215 dicitur:
1806 4159 1920 4214 Me-

341 4250 510 4304 moria
526 4250 797 4320 justorum
824 4266 944 4303 cum
970 4248 1162 4315 laude,
1205 4265 1391 4305 nomen
1428 4257 1603 4303 autem
1638 4250 1918 4319 impiorum

339 4340 586 4410 putrescit
638 4337 832 4410 (Prov.
860 4355 923 4406 ι,
956 4339 1042 4412 7).
1092 4340 1246 4408 Quod
1292 4347 1472 4394 autem
1521 4338 1638 4392 ait:
1690 4337 1758 4391 Et
1807 4339 1918 4393 dies

341 4431 524 4486 mortis
569 4449 726 4502 super
769 4432 904 4486 diem
956 4432 1240 4487 nativitatis
1290 4431 1436 4502 ejus,
1492 4431 1597 4486 hoc
1640 4431 1909 4494 ostendit,
1947 4453 1996 4513 ο

343 4525 540 4580 melius
572 4540 691 4582 esse
729 4527 808 4582 ire
842 4540 910 4580 ex
943 4525 1048 4582 hoc
1083 4525 1312 4591 saeculo,
1343 4533 1398 4579 et
1425 4540 1610 4580 carere
1639 4524 1916 4580 laboribus

340 4615 500 4685 hujus
539 4616 692 4681 vitm,
721 4631 882 4686 quam
923 4617 992 4670 ad
1028 4616 1401 4671 tribulationes
1438 4615 1760 4685 laboresque
1797 4623 1918 4669 tan-

340 4710 616 4766 tummodo
643 4710 825 4774 nasci,
857 4717 912 4765 et
939 4710 1120 4765 omnia
1150 4708 1305 4782 μὴ,
1327 4717 1382 4764 ει
1404 4709 1517 4764 haec
1537 4708 1718 4765 omnia
1748 4707 1912 4778 mala]

341 4801 606 4856 sustinere
633 4817 753 4872 qua:
782 4801 836 4856 in
865 4801 969 4857 hoc
996 4801 1196 4855 mundo
1222 4799 1531 4855 hominibus
1569 4799 1916 4870 supervenire

341 4890 610 4945 videntur.
643 4891 741 4946 Vel
767 4899 915 4946 certe
953 4891 1080 4961 quia
1127 4891 1182 4944 in
1230 4898 1436 4957 morte,
1483 4890 1668 4960 quales
1709 4889 1911 4955 simus,

340 4989 526 5036 notum
560 4981 670 5046 sit;
703 4982 758 5036 in
792 4981 1014 5038 exordio
1039 4996 1169 5037 vero
1197 4979 1487 5046 nascendi,
1532 4979 1720 5050 quales
1747 4978 1914 5035 futuri

339 5074 511 5129 simus
527 5115 542 5139 ,
575 5075 872 5146 ignoretur.
1739 5136 1748 5142 _

412 5165 575 5220 Vens.
614 5166 668 5221 5.
697 5196 770 5206 -
801 5165 990 5220 Melius
1018 5176 1093 5221 est
1120 5167 1197 5220 ire
1223 5165 1292 5220 ad
1320 5165 1535 5219 domum
1562 5163 1732 5218 luctus
1758 5180 1919 5235 quam

335 5255 406 5308 ad
435 5255 647 5310 domum
673 5257 923 5321 convivii;
948 5256 1002 5309 in
1030 5257 1126 5310 illa
1151 5257 1288 5312 enim
1327 5255 1449 5325 finis
1482 5263 1791 5310 cunctorum
1819 5253 1916 5307 ad-

334 5353 579 5400 monetur
603 5347 872 5401 hominum
891 5387 906 5413 ,
930 5361 978 5401 et
999 5348 1166 5401 vivens
1194 5349 1383 5418 cogitat
1407 5347 1532 5419 quid
1559 5347 1798 5418 futurum
1820 5347 1907 5401 sit.

337 5436 538 5493 Utilius
565 5445 650 5494 est
677 5440 745 5494 ad
773 5438 1058 5508 exsequias
1080 5438 1284 5493 funeris
1312 5440 1393 5494 ire
1416 5455 1578 5510 quam
1601 5441 1669 5496 ad
1696 5439 1912 5496 domum

332 5526 597 5593 convivii,
627 5529 754 5599 quia
784 5529 856 5584 ibi
886 5528 1258 5584 recordatione
1287 5529 1609 5586 conditionis
1637 5538 1836 5587 nostra:
1860 5537 1916 5586 et

331 5615 645 5690 fragilitatis
675 5621 922 5676 humanm
949 5635 1015 5674 ex
1043 5617 1295 5690 praesenti
1325 5619 1583 5675 cadavere
1607 5635 1915 5678 commone—

332 5725 477 5764 mur.
511 5710 568 5765 In
596 5712 858 5768 conviviis
885 5719 1063 5766 autem
1095 5719 1146 5764 et
1175 5708 1388 5773 laetitia,
1420 5710 1520 5764 etsi
1551 5710 1678 5782 quid
1708 5711 1917 5767 timoris

2018 518 2182 573 timus
2203 559 2219 583 ,
2249 527 2304 574 et
2331 521 2459 590 quid
2491 520 2654 576 futuri
2685 523 2855 578 simus
2884 540 2988 580 non
3020 523 3344 596 cogitamus.

2088 608 2250 664 Vens.
2285 608 2340 662 4.
2367 639 2438 650 —
2466 608 2655 665 Melior
2674 623 2746 666 est
2777 613 2858 666 ira
2888 613 2996 668 risu
3017 655 3031 680 ,
3058 615 3182 685 quia
3210 632 3302 686 per
3329 617 3596 672 tristitiam

2017 695 2189 752 vultus
2215 699 2498 768 corrigitur
2523 702 2730 756 animus
2756 703 3124 774 delinquentis.
3163 705 3326 762 Risus
3351 707 3597 762 dissolvit

2017 787 2344 855 sapientem,
2376 791 2454 845 ira
2483 792 2706 862 corripit
2735 803 2788 848 et
2816 796 3066 850 emendat
3102 805 3438 865 peccantem.
3477 797 3591 852 Ira-

2017 892 2234 932 scamur
2259 889 2314 934 et
2342 882 2529 946 nobis,
2560 883 2686 951 quia
2715 886 3096 953 peccavimus;
3130 887 3430 943 irascamur
3465 889 3587 944 aliis

2016 985 2229 1039 quoque
2255 972 2631 1040 peccantibus,
2663 974 2729 1027 ad
2757 973 3188 1032 emendationem
3231 979 3348 1042 sui,
3377 993 3482 1034 non
3527 979 3597 1034 ad

2020 1059 2281 1114 ultionem
2310 1061 2504 1116 nostri.

2087 1153 2249 1207 Vens.
2287 1151 2340 1206 5.
2372 1183 2443 1194 -—-
2479 1150 2586 1207 Cor
2629 1155 2944 1225 sapientium
2989 1155 3078 1209 ubi
3122 1157 3371 1222 tristitia,
3413 1166 3463 1212 et
3507 1173 3602 1212 cos

2014 1245 2296 1300 stultorum
2324 1246 2413 1300 ubi
2442 1246 2648 1302 laetitia.
2692 1248 2874 1314 Beati,
2903 1249 3077 1318 inquit
3115 1248 3382 1315 Salvator,
3414 1249 3599 1319 lugen-

2016 1345 2120 1401 tes,
2147 1336 2402 1406 quoniam
2430 1337 2533 1407 ipsi
2558 1337 2981 1393 consolabuntur
3009 1338 3224 1408 (Matth.
3244 1339 3372 1411 v,5)
3401 1340 3598 1410 :igitur

2016 1427 2232 1497 sapiens
2275 1427 2361 1480 vir
2403 1427 2566 1483 vadat
2611 1428 2680 1483 ad
2719 1429 2935 1484 domum
2976 1428 3236 1500 lugentis,
3265 1439 3321 1485 et
3357 1432 3592 1499 seipsum

2017 1518 2338 1588 corrigentis
2366 1519 2606 1588 aliosque
2631 1520 2986 1588 admonentis,
3015 1530 3074 1576 ut
3096 1522 3351 1594 plangant
3373 1532 3596 1594 peccata

2017 1622 2112 1660 sua
2138 1623 2152 1671 ;
2186 1623 2293 1661 non
2323 1607 2389 1661 ad
2419 1608 2637 1664 domum
2666 1609 2961 1666 adulatoris
2979 1651 2993 1676 ,
3024 1612 3115 1680 qui
3155 1613 3376 1683 plausus
3402 1614 3597 1682 quaerit

2017 1697 2354 1752 audientium
2375 1737 2389 1761 ,
2423 1713 2528 1752 non
2561 1697 2827 1770 lacrymas
2853 1701 3297 1772 delinquentium.
3327 1703 3472 1758 Talis
3502 1703 3596 1759 do-

1944 1763 1990 1823 B
2017 1794 2135 1840 ctor
2169 1786 2441 1856 plangitur
2474 1788 2624 1842 dives
2664 1789 2716 1842 in
2755 1804 3037 1855 sermone,
3072 1808 3178 1846 non
3208 1793 3358 1848 dives
3387 1793 3442 1846 in
3467 1806 3597 1862 ope-

2013 1893 2091 1934 re.
2120 1877 2248 1933 ldeo
2273 1893 2398 1933 mox
2432 1878 2487 1932 in
2517 1879 2761 1947 sequenti
2792 1881 3058 1936 versiculo
3096 1881 3373 1952 adjungit:

2084 1973 2245 2027 Vens.
2281 1972 2344 2033 6.,
2387 1972 2440 2025 7.
2472 2003 2542 2012 —
2571 1971 2763 2028 Melius
2792 1983 2865 2028 est
2893 1992 2925 2028 a
2955 1975 3186 2046 sapiente
3213 1975 3407 2045 corrigi
3431 1991 3592 2046 quam

2011 2063 2290 2118 stultorum
2318 2063 2622 2118 adulatione
2647 2064 2847 2135 decipi,
2874 2066 2998 2136 quia
3024 2066 3158 2119 sicut
3187 2066 3387 2120 sonitus
3411 2065 3591 2136 spina-

2011 2170 2131 2207 rum
2160 2153 2460 2208 ardentium
2487 2153 2582 2208 sub
2614 2153 2752 2219 olla,
2782 2155 2856 2208 sic
2898 2156 3035 2209 risus
3079 2155 3244 2209 stulti.
3277 2153 3379 2209 Sed
3413 2164 3460 2210 et
3494 2155 3592 2208 hoc

2013 2243 2231 2298 vanitas.
2254 2241 2388 2297 Huic
2412 2245 2690 2300 sententiae
2715 2245 2890 2300 simile
2913 2253 2998 2301 est
3021 2245 3150 2301 illud
3175 2261 3190 2300 :
3219 2245 3440 2301 Meliora
3466 2256 3588 2300 sunt

2011 2331 2226 2386 vulnera
2246 2334 2423 2398 amici,
2446 2351 2601 2404 quam
2625 2333 2963 2403 fraudulenta
2987 2335 3163 2391 oscula
3186 2336 3382 2390 inimici
3406 2336 3589 2408 (Prov.

2011 2437 2159 2476 xxvu
2181 2464 2194 2487 ,
2223 2421 2298 2492 6).
2333 2423 2485 2478 Sicut
2509 2425 2652 2480 enim
2686 2427 2894 2481 sonitus
2925 2427 3200 2495 spinarum
3230 2427 3330 2482 sub
3362 2427 3467 2483 olla
3497 2441 3590 2481 ar—

2013 2513 2289 2576 dentium,
2329 2512 2613 2584 strepitum
2650 2515 2879 2569 reddunt
2917 2515 3225 2581 insuavem,
3277 2515 3356 2570 sic
3385 2523 3441 2571 et
3471 2515 3593 2586 pal-

2014 2603 2191 2673 pantis
2217 2603 2461 2672 magistri
2484 2605 2646 2658 verba
2677 2620 2783 2659 non
2812 2605 3090 2673 proderint
3112 2605 3385 2670 audienti,
3413 2605 3498 2660 vel
3527 2607 3595 2661 ad

2016 2710 2178 2749 curas
2214 2694 2395 2749 smculi
2420 2735 2434 2758 ,
2473 2710 2591 2764 qua:
2629 2695 2796 2765 spina:
2830 2695 3274 2764 interpretantur,
3314 2696 3590 2750 auditores

2015 2804 2141 2842 suos
2159 2787 2508 2850 cohortantis,
2533 2788 2619 2842 vel
2641 2787 2818 2842 futuro
2837 2802 2928 2842 eos
2952 2786 3201 2842 incendio
3216 2787 3592 2858 praeparantis.

2089 2877 2250 2932 Vens.
2289 2877 2343 2932 8.
2375 2907 2446 2917 —
2469 2875 2747 2932 Calumnia
2771 2876 3043 2931 conturbat
3069 2877 3352 2948 sapientem
3369 2917 3384 2942 ,
3407 2885 3456 2930 et
3479 2893 3598 2947 per-

2015 2967 2090 3022 dit
2142 2967 2300 3022 robur
2349 2966 2522 3021 cordis
2567 2965 2733 3021 illius.
2787 2965 3016 3024 Utamur
3056 2968 3160 3022 hoc
3200 2967 3500 3031 versiculo,
3543 2967 3588 3020 si

2017 3075 2176 3130 quem
2200 3057 2407 3126 justum
2446 3057 2621 3111 virum
2668 3066 2830 3128 atque
2853 3059 3148 3128 sapientem
3192 3057 3472 3112 videamus
3500 3072 3590 3111 ca-

2021 3149 2256 3206 lumnias
2283 3147 2583 3210 sustinere,
2611 3156 2666 3203 et
2694 3148 2904 3202 turbari
2933 3146 3000 3203 de
3026 3147 3312 3216 iniquitate
3358 3145 3558 3214 judicis
3578 3185 3593 3208 ,

2017 3257 2117 3297 nec
2141 3241 2309 3295 Deum
2336 3237 2566 3311 [statim]
2591 3238 2917 3308 periclitanti
2939 3238 3225 3294 subvenire
3248 3247 3591 3308 prtesentem.

2018 3333 2196 3387 Multae
2226 3330 2602 3386 tribulationes
2629 3337 2754 3386 sunt
2774 3329 3076 3400 iustorum,
3125 3330 3251 3398 quia
3290 3326 3597 3397 refrigescit

2017 3425 2260 3479 eharitas
2289 3423 2614 3487 multorum,
2659 3430 2714 3478 et
2748 3422 2987 3478 abundat
3023 3421 3306 3490 iniquitas,
3348 3435 3448 3491 pro
3487 3431 3595 3488 qua

2017 3515 2429 3571 eonturbabitur
2456 3529 2552 3569 cor
2580 3515 2841 3584 sapientis
2867 3515 3144 3582 Deumque
3173 3512 3433 3568 timentis.

2085 3604 2252 3676 429
2281 3605 2443 3658 Vens.
2475 3603 2529 3656 9.
2569 3632 2639 3640 —
2670 3601 2861 3654 Melior
2883 3609 2956 3653 est
2985 3601 3108 3667 ﬁnis
3147 3600 3400 3653 orationis
3437 3615 3607 3670 quam.

2016 3695 2348 3764 principium.
2400 3691 2646 3744 Meliores
2689 3696 2815 3743 sunt
2843 3688 2898 3742 in
2935 3688 3164 3744 dicendo
3211 3689 3405 3762 epi|0gi
3432 3705 3616 3761 quam.

2017 3785 2256 3847 exordia,
2287 3782 2410 3850 quia
2442 3782 2495 3835 in
2519 3780 2638 3834 istis
2663 3779 2934 3834 inchoatio
2963 3788 3044 3835 est
3070 3779 3374 3845 locutionis,
3406 3781 3461 3836 in
3490 3779 3600 3838 illis

2018 3872 2430 3929 consummatio.
2462 3869 2564 3938 Qui
2587 3870 2656 3925 ad
2691 3878 3079 3940 praeceptorem
3119 3872 3290 3938 vadit,
3317 3871 3512 3928 melius
3539 3871 3615 3927 in.

2020 3963 2127 4017 ﬁne
2160 3962 2312 4016 verbi
2355 3959 2606 4030 intelligit
2634 3974 2756 4030 qua:
2781 3959 3054 4025 dicuntur,
3085 3975 3261 4029 quam.
3287 3961 3342 4016 in
3386 3961 3595 4032 princi-

2019 4053 2151 4122 pio:
2202 4051 2274 4106 ita
2305 4050 2496 4105 melior
2523 4057 2608 4106 est
2635 4057 3006 4105 consummata
3047 4048 3254 4118 iustitia
3297 4065 3462 4119 quam
3506 4049 3596 4106 in-

2020 4143 2246 4208 choata;
2297 4141 2388 4196 illa
2417 4141 2702 4196 victoriam
2731 4148 2971 4210 praestat,
3001 4142 3105 4196 ista
3129 4145 3341 4195 certare
3385 4137 3594 4208 incipit.

2021 4233 2120 4290 Hic
2130 4234 2276 4290 enim
2287 4249 2354 4288 ex
2367 4241 2518 4304 parte
2532 4231 2896 4304 cognoscitur;
2911 4246 3032 4312 cum
3049 4239 3229 4286 autem
3238 4229 3446 4286 venerit
3455 4229 3598 4298 quod

2020 4325 2317 4396 perfectum
2331 4333 2434 4393 est,
2454 4340 2560 4380 non
2577 4324 2684 4380 erit
2699 4338 2918 4379 necesse
2934 4323 3064 4378 illud
3082 4323 3225 4392 quod
3240 4337 3305 4376 ex
3317 4328 3472 4391 parte
3486 4328 3603 4376 est.

2094 4415 2284 4470 Melior
2309 4424 2384 4470 est
2425 4416 2627 4485 patiens
2665 4421 2966 4482 arrogante.
3013 4411 3150 4478 Quia
3178 4411 3428 4480 superius
3455 4409 3597 4464 iram

2018 4512 2384 4570 concesserat,
2406 4504 2616 4569 dicens,
2639 4502 2918 4558 meliorem
2947 4501 3085 4556 iram
3109 4516 3274 4571 quam
3303 4501 3506 4566 risum;
3529 4513 3600 4556 ne

2016 4603 2334 4664 putaremus
2382 4593 2520 4646 iram
2545 4607 2665 4661 qua:
2697 4600 2782 4646 est
2805 4591 2858 4645 in
2887 4590 3136 4661 passione
3163 4591 3410 4656 laudari,
3446 4604 3594 4646 nunc

2016 4687 2260 4758 praecipit
2311 4687 2449 4741 iram
2496 4685 2755 4756 patientia
2797 4699 2918 4740 esse
2973 4683 3284 4740 tollendam.
3323 4682 3410 4739 lbi.
3447 4682 3600 4738 enim

2015 4796 2114 4850 pro
2141 4778 2478 4835 correctione
2510 4777 2562 4831 in
2593 4782 2897 4846 peccantes,
2928 4782 2986 4829 et
3011 4773 3314 4829 eruditione
3344 4773 3400 4828 in
3421 4772 3596 4826 mino-

2017 4885 2104 4925 res
2131 4869 2267 4923 iram
2291 4867 2520 4938 posuisti
2555 4863 2709 4938 μη,
2733 4862 2960 4935 posuit],
2988 4863 3078 4920 hic
3100 4878 3230 4918 vero
3254 4862 3594 4932 patientiam,

2014 4975 2135 5030 qum
2160 4975 2269 5015 non
2295 4957 2469 5014 solum
2498 4957 2554 5012 in
2580 4955 2866 5026 angustiis,
2901 4953 2997 5034 sed
3024 4954 3159 5009 etin
3183 4952 3482 5010 laetioribus
3500 4965 3594 5008 ne-

2014 5051 2250 5106 cessaria
2275 5057 2375 5113 est,
2404 5062 2472 5102 ne
2499 5045 2618 5118 plus
2641 5060 2805 5116 quam
2827 5045 2981 5102 decet
3005 5042 3324 5100 exaltemur.

2088 5161 2250 5215 Vens.
2287 5158 2470 5212 lO.'—-
2491 5157 2574 5212 Ne
2596 5158 2670 5212 sis
2691 5156 2838 5212 velox
2865 5155 2936 5210 ad
2965 5155 3320 5222 irascendum,
3356 5155 3485 5227 quia
3510 5155 3594 5209 ira

2013 5255 2070 5307 in
2096 5253 2215 5306 sinu
2257 5251 2403 5305 stulti
2435 5251 2732 5320 requiescit.
2775 5248 3179 5304 lnconsidet'ate
3212 5247 3375 5304 irasci
3408 5251 3592 5310 vetat,

2019 5344 2144 5414 quia
2175 5341 2488 5413 repentinus
2529 5341 2686 5394 furor»
2705 5339 2988 5396 consilium
3015 5354 3126 5394 non
3152 5339 3337 5405 habet,
3370 5345 3427 5394 et
3456 5335 3594 5394 nihil

2018 5439 2136 5494 viro
2163 5436 2398 5507 sapienti.
2411 5435 2526 5491 sine
2554 5435 2762 5490 ratione
2779 5435 3042 5506 agendum
3071 5443 3174 5491 est.
3203 5435 3410 5492 Idcirco
3429 5433 3597 5493 comi-

2019 5547 2116 5587 cus
2139 5529 2356 5599 quidam
2398 5528 2474 5582 ait
2500 5542 2514 5582 :
2548 5527 2632 5582 Ne
2657 5528 2784 5598 quid
2811 5528 2996 5592 nimis,
3025 5527 3150 5598 quia
3191 5529 3368 5585 omnis
3401 5529 3595 5586 intem.

2020 5619 2260 5689 perantia
2285 5617 2430 5673 cadit
2452 5617 2506 5672 in
2533 5615 2742 5672 vitium.
2776 5615 2869 5671 Ira
2895 5617 2948 5671 in
2977 5617 3098 5670 sinu
3128 5617 3274 5673 stulti
3302 5621 3590 5692 requiescit.

2024 5711 2248 5778 Semper
2278 5707 2556 5764 iracundia
2583 5706 2848 5777 superbiae
2869 5704 3057 5776 juncta
3086 5707 3346 5766 ultionem
3370 5709 3580 5778 qumrit.
